  <div class='ocr_page' id='page_1' title='image "/cluster/home/n/w/nwhite01/storage/ocr_20150623/13/hvd.32044015471295/119.png"; bbox 0 0 3950 6330; ppageno 0'>
   <div class='ocr_carea' id='block_1_1' title="bbox 429 244 536 311">
    <p class='ocr_par' dir='ltr' id='par_1_1' title="bbox 429 244 536 311">
     <span class='ocr_line' id='line_1_1' title="bbox 429 244 536 311; baseline 0 -9"><span class='ocrx_word' id='word_1_1' title='bbox 429 244 536 311; x_wconf 60' lang='lat' dir='ltr'><strong>III</strong></span> 
     </span>
    </p>
   </div>
   <div class='ocr_carea' id='block_1_2' title="bbox 1573 236 2547 304">
    <p class='ocr_par' dir='ltr' id='par_1_2' title="bbox 1573 236 2547 304">
     <span class='ocr_line' id='line_1_2' title="bbox 1573 236 2547 304; baseline 0 -3"><span class='ocrx_word' id='word_1_2' title='bbox 1573 242 1577 247; x_wconf 78' lang='grc'><em>’</em></span> <span class='ocrx_word' id='word_1_3' title='bbox 1635 240 1712 301; x_wconf 76' lang='lat' dir='ltr'><strong>SA</strong></span> <span class='ocrx_word' id='word_1_4' title='bbox 1724 236 1955 304; x_wconf 70' lang='lat' dir='ltr'><strong>NCTUS</strong></span> <span class='ocrx_word' id='word_1_5' title='bbox 1988 240 2313 304; x_wconf 74' lang='grc' dir='ltr'><strong>ωιηειυε</strong></span> <span class='ocrx_word' id='word_1_6' title='bbox 2347 243 2547 303; x_wconf 78' lang='grc' dir='ltr'><strong>ΡΑΡΔ.</strong></span> 
     </span>
    </p>
   </div>
   <div class='ocr_carea' id='block_1_3' title="bbox 431 358 3735 443">
    <p class='ocr_par' dir='ltr' id='par_1_3' title="bbox 431 358 3735 443">
     <span class='ocr_line' id='line_1_3' title="bbox 431 358 3735 443; baseline -0.002 -22"><span class='ocrx_word' id='word_1_7' title='bbox 431 363 818 434; x_wconf 81' lang='lat' dir='ltr'><strong>intelligamus,</strong></span> <span class='ocrx_word' id='word_1_8' title='bbox 864 360 919 419; x_wconf 91' lang='lat' dir='ltr'><strong>in</strong></span> <span class='ocrx_word' id='word_1_9' title='bbox 948 359 1143 432; x_wconf 83' lang='lat' dir='ltr'><strong>quibus</strong></span> <span class='ocrx_word' id='word_1_10' title='bbox 1183 358 1266 417; x_wconf 86' lang='lat' dir='ltr'><strong>illi</strong></span> <span class='ocrx_word' id='word_1_11' title='bbox 1317 358 1559 419; x_wconf 85' lang='lat' dir='ltr'><strong>residere</strong></span> <span class='ocrx_word' id='word_1_12' title='bbox 1608 375 1674 418; x_wconf 87' lang='lat' dir='ltr'><strong>ac</strong></span> <span class='ocrx_word' id='word_1_13' title='bbox 1713 362 1819 443; x_wconf 73' lang='lat' dir='ltr'><strong>jus</strong></span> <span class='ocrx_word' id='word_1_14' title='bbox 1846 361 2033 419; x_wconf 90' lang='lat' dir='ltr'><strong>dicere</strong></span> <span class='ocrx_word' id='word_1_15' title='bbox 2056 374 2112 434; x_wconf 73' lang='grc' dir='ltr'><strong>Α</strong></span> <span class='ocrx_word' id='word_1_16' title='bbox 2134 360 2387 431; x_wconf 86' lang='lat' dir='ltr'><strong>antiquus</strong></span> <span class='ocrx_word' id='word_1_17' title='bbox 2416 358 2629 416; x_wconf 85' lang='lat' dir='ltr'><strong>Damasi</strong></span> <span class='ocrx_word' id='word_1_18' title='bbox 2650 358 3030 425; x_wconf 79' lang='lat' dir='ltr'><strong>calumniator,</strong></span> <span class='ocrx_word' id='word_1_19' title='bbox 3061 358 3255 429; x_wconf 85' lang='lat' dir='ltr'><strong>procul</strong></span> <span class='ocrx_word' id='word_1_20' title='bbox 3279 359 3347 416; x_wconf 90' lang='lat' dir='ltr'><strong>ab</strong></span> <span class='ocrx_word' id='word_1_21' title='bbox 3372 360 3520 417; x_wconf 90' lang='lat' dir='ltr'><strong>Urbe</strong></span> <span class='ocrx_word' id='word_1_22' title='bbox 3549 364 3735 433; x_wconf 91' lang='lat' dir='ltr'><strong>positi,</strong></span> 
     </span>
    </p>
   </div>
   <div class='ocr_carea' id='block_1_4' title="bbox 428 454 1474 515">
    <p class='ocr_par' dir='ltr' id='par_1_4' title="bbox 428 454 1474 515">
     <span class='ocr_line' id='line_1_4' title="bbox 428 454 1474 515; baseline -0.005 0"><span class='ocrx_word' id='word_1_23' title='bbox 428 466 860 515; x_wconf 87' lang='lat' dir='ltr'><strong>consueverant:</strong></span> <span class='ocrx_word' id='word_1_24' title='bbox 890 455 983 512; x_wconf 91' lang='lat' dir='ltr'><strong>sed</strong></span> <span class='ocrx_word' id='word_1_25' title='bbox 1015 456 1210 513; x_wconf 91' lang='lat' dir='ltr'><strong>iterum</strong></span> <span class='ocrx_word' id='word_1_26' title='bbox 1240 454 1309 513; x_wconf 89' lang='lat' dir='ltr'><strong>ad</strong></span> <span class='ocrx_word' id='word_1_27' title='bbox 1335 470 1474 513; x_wconf 89' lang='lat' dir='ltr'><strong>rem.</strong></span> 
     </span>
    </p>
   </div>
   <div class='ocr_carea' id='block_1_5' title="bbox 427 547 2028 615">
    <p class='ocr_par' dir='ltr' id='par_1_5' title="bbox 427 547 2028 615">
     <span class='ocr_line' id='line_1_5' title="bbox 427 547 2028 615; baseline 0.001 -12"><span class='ocrx_word' id='word_1_28' title='bbox 427 566 435 603; x_wconf 86' lang='lat' dir='ltr'><strong>l</strong></span> <span class='ocrx_word' id='word_1_29' title='bbox 501 549 610 604; x_wconf 87' lang='lat' dir='ltr'><strong>Nec</strong></span> <span class='ocrx_word' id='word_1_30' title='bbox 652 548 959 605; x_wconf 74' lang='lat' dir='ltr'><strong>Donatistae</strong></span> <span class='ocrx_word' id='word_1_31' title='bbox 998 555 1199 615; x_wconf 77' lang='lat' dir='ltr'><strong>tamen,</strong></span> <span class='ocrx_word' id='word_1_32' title='bbox 1257 564 1359 607; x_wconf 86' lang='lat' dir='ltr'><strong>nec</strong></span> <span class='ocrx_word' id='word_1_33' title='bbox 1401 547 1721 606; x_wconf 86' lang='lat' dir='ltr'><strong>Ursinianos</strong></span> <span class='ocrx_word' id='word_1_34' title='bbox 1746 547 1813 604; x_wconf 90' lang='lat' dir='ltr'><strong>ad</strong></span> <span class='ocrx_word' id='word_1_35' title='bbox 1842 560 2028 605; x_wconf 81' lang='lat' dir='ltr'><strong>cente-</strong></span> 
     </span>
    </p>
   </div>
   <div class='ocr_carea' id='block_1_6' title="bbox 428 640 2034 713">
    <p class='ocr_par' dir='ltr' id='par_1_6' title="bbox 428 640 2034 713">
     <span class='ocr_line' id='line_1_6' title="bbox 428 640 2034 713; baseline 0.002 -18"><span class='ocrx_word' id='word_1_36' title='bbox 428 640 622 697; x_wconf 89' lang='lat' dir='ltr'><strong>simum</strong></span> <span class='ocrx_word' id='word_1_37' title='bbox 655 640 722 695; x_wconf 91' lang='lat' dir='ltr'><strong>ab</strong></span> <span class='ocrx_word' id='word_1_38' title='bbox 749 640 892 698; x_wconf 85' lang='lat' dir='ltr'><strong>Urbe</strong></span> <span class='ocrx_word' id='word_1_39' title='bbox 920 640 1151 710; x_wconf 74' lang='lat' dir='ltr'><strong>lapidem</strong></span> <span class='ocrx_word' id='word_1_40' title='bbox 1183 642 1400 713; x_wconf 84' lang='lat' dir='ltr'><strong>pulsos,</strong></span> <span class='ocrx_word' id='word_1_41' title='bbox 1435 658 1536 701; x_wconf 89' lang='lat' dir='ltr'><strong>nec</strong></span> <span class='ocrx_word' id='word_1_42' title='bbox 1580 642 1936 699; x_wconf 85' lang='lat' dir='ltr'><strong>Puteolanum</strong></span> <span class='ocrx_word' id='word_1_43' title='bbox 1977 651 2034 699; x_wconf 90' lang='lat' dir='ltr'><strong>et</strong></span> 
     </span>
    </p>
   </div>
   <div class='ocr_carea' id='block_1_7' title="bbox 428 734 2032 806">
    <p class='ocr_par' dir='ltr' id='par_1_7' title="bbox 428 734 2032 806">
     <span class='ocr_line' id='line_1_7' title="bbox 428 734 2032 806; baseline 0.002 -17"><span class='ocrx_word' id='word_1_44' title='bbox 428 734 779 790; x_wconf 82' lang='lat' dir='ltr'><strong>Parmensem</strong></span> <span class='ocrx_word' id='word_1_45' title='bbox 817 736 1102 806; x_wconf 84' lang='lat' dir='ltr'><strong>episcOpos</strong></span> <span class='ocrx_word' id='word_1_46' title='bbox 1131 736 1201 791; x_wconf 91' lang='lat' dir='ltr'><strong>ab</strong></span> <span class='ocrx_word' id='word_1_47' title='bbox 1223 751 1408 792; x_wconf 89' lang='lat' dir='ltr'><strong>earum</strong></span> <span class='ocrx_word' id='word_1_48' title='bbox 1443 736 1805 793; x_wconf 83' lang='lat' dir='ltr'><strong>Ecclesiarum</strong></span> <span class='ocrx_word' id='word_1_49' title='bbox 1836 737 2032 793; x_wconf 87' lang='lat' dir='ltr'><strong>ﬁnibus</strong></span> 
     </span>
    </p>
   </div>
   <div class='ocr_carea' id='block_1_8' title="bbox 430 827 2035 900">
    <p class='ocr_par' dir='ltr' id='par_1_8' title="bbox 430 827 2035 900">
     <span class='ocr_line' id='line_1_8' title="bbox 430 827 2035 900; baseline 0.003 -20"><span class='ocrx_word' id='word_1_50' title='bbox 430 834 607 882; x_wconf 90' lang='lat' dir='ltr'><strong>trusos</strong></span> <span class='ocrx_word' id='word_1_51' title='bbox 648 827 851 883; x_wconf 83' lang='lat' dir='ltr'><strong>scimus</strong></span> <span class='ocrx_word' id='word_1_52' title='bbox 880 845 894 882; x_wconf 87' lang='lat'><strong>:</strong></span> <span class='ocrx_word' id='word_1_53' title='bbox 937 830 1053 885; x_wconf 82' lang='lat' dir='ltr'><strong>sive</strong></span> <span class='ocrx_word' id='word_1_54' title='bbox 1092 829 1215 899; x_wconf 89' lang='lat' dir='ltr'><strong>quia</strong></span> <span class='ocrx_word' id='word_1_55' title='bbox 1245 829 1386 884; x_wconf 90' lang='lat' dir='ltr'><strong>idem</strong></span> <span class='ocrx_word' id='word_1_56' title='bbox 1422 829 1736 899; x_wconf 86' lang='lat' dir='ltr'><strong>Simplicius</strong></span> <span class='ocrx_word' id='word_1_57' title='bbox 1762 829 1880 885; x_wconf 89' lang='lat' dir='ltr'><strong>aliis</strong></span> <span class='ocrx_word' id='word_1_58' title='bbox 1912 846 2035 900; x_wconf 88' lang='lat' dir='ltr'><strong>gra-</strong></span> 
     </span>
    </p>
   </div>
   <div class='ocr_carea' id='block_1_9' title="bbox 426 919 2035 996">
    <p class='ocr_par' dir='ltr' id='par_1_9' title="bbox 426 919 2035 996">
     <span class='ocr_line' id='line_1_9' title="bbox 426 919 2035 996; baseline 0.004 -22"><span class='ocrx_word' id='word_1_59' title='bbox 426 919 664 976; x_wconf 89' lang='lat' dir='ltr'><strong>vioribus</strong></span> <span class='ocrx_word' id='word_1_60' title='bbox 708 931 1032 992; x_wconf 86' lang='lat' dir='ltr'><strong>occupatus,</strong></span> <span class='ocrx_word' id='word_1_61' title='bbox 1080 921 1183 979; x_wconf 85' lang='lat' dir='ltr'><strong>hoc</strong></span> <span class='ocrx_word' id='word_1_62' title='bbox 1226 923 1501 994; x_wconf 88' lang='lat' dir='ltr'><strong>negotium</strong></span> <span class='ocrx_word' id='word_1_63' title='bbox 1544 924 1875 996; x_wconf 72' lang='lat' dir='ltr'><strong>neglexerit,</strong></span> <span class='ocrx_word' id='word_1_64' title='bbox 1919 925 2035 980; x_wconf 82' lang='lat' dir='ltr'><strong>sive</strong></span> 
     </span>
    </p>
   </div>
   <div class='ocr_carea' id='block_1_10' title="bbox 427 1012 2032 1083">
    <p class='ocr_par' dir='ltr' id='par_1_10' title="bbox 427 1012 2032 1083">
     <span class='ocr_line' id='line_1_10' title="bbox 427 1012 2032 1083; baseline 0.005 -19"><span class='ocrx_word' id='word_1_65' title='bbox 427 1012 551 1082; x_wconf 84' lang='lat' dir='ltr'><strong>quia</strong></span> <span class='ocrx_word' id='word_1_66' title='bbox 587 1029 691 1069; x_wconf 91' lang='lat' dir='ltr'><strong>non</strong></span> <span class='ocrx_word' id='word_1_67' title='bbox 728 1014 822 1068; x_wconf 88' lang='lat' dir='ltr'><strong>diu</strong></span> <span class='ocrx_word' id='word_1_68' title='bbox 851 1026 972 1083; x_wconf 90' lang='lat' dir='ltr'><strong>post</strong></span> <span class='ocrx_word' id='word_1_69' title='bbox 1004 1014 1105 1073; x_wconf 87' lang='lat' dir='ltr'><strong>hoc</strong></span> <span class='ocrx_word' id='word_1_70' title='bbox 1133 1016 1445 1071; x_wconf 79' lang='lat' dir='ltr'><strong>mandatum</strong></span> <span class='ocrx_word' id='word_1_71' title='bbox 1466 1058 1482 1081; x_wconf 91' lang='lat'><strong>,</strong></span> <span class='ocrx_word' id='word_1_72' title='bbox 1518 1033 1742 1075; x_wconf 86' lang='lat' dir='ltr'><strong>munere</strong></span> <span class='ocrx_word' id='word_1_73' title='bbox 1768 1018 2032 1083; x_wconf 84' lang='lat' dir='ltr'><strong>abiverit,</strong></span> 
     </span>
    </p>
   </div>
   <div class='ocr_carea' id='block_1_11' title="bbox 426 1104 2036 1182">
    <p class='ocr_par' dir='ltr' id='par_1_11' title="bbox 426 1104 2036 1182">
     <span class='ocr_line' id='line_1_11' title="bbox 426 1104 2036 1182; baseline 0.005 -23"><span class='ocrx_word' id='word_1_74' title='bbox 426 1104 516 1159; x_wconf 93' lang='lat' dir='ltr'><strong>alii</strong></span> <span class='ocrx_word' id='word_1_75' title='bbox 563 1121 713 1172; x_wconf 90' lang='lat' dir='ltr'><strong>vero,</strong></span> <span class='ocrx_word' id='word_1_76' title='bbox 744 1107 839 1180; x_wconf 93' lang='lat' dir='ltr'><strong>qui</strong></span> <span class='ocrx_word' id='word_1_77' title='bbox 867 1107 1067 1165; x_wconf 88' lang='lat' dir='ltr'><strong>deinde</strong></span> <span class='ocrx_word' id='word_1_78' title='bbox 1104 1120 1513 1176; x_wconf 83' lang='lat' dir='ltr'><strong>successerunt,</strong></span> <span class='ocrx_word' id='word_1_79' title='bbox 1541 1120 1598 1166; x_wconf 92' lang='lat' dir='ltr'><strong>ttt</strong></span> <span class='ocrx_word' id='word_1_80' title='bbox 1621 1111 1876 1182; x_wconf 85' lang='lat' dir='ltr'><strong>Aquilino</strong></span> <span class='ocrx_word' id='word_1_81' title='bbox 1903 1127 2036 1167; x_wconf 91' lang='lat' dir='ltr'><strong>con-</strong></span> 
     </span>
    </p>
   </div>
   <div class='ocr_carea' id='block_1_12' title="bbox 429 1200 2039 1273">
    <p class='ocr_par' dir='ltr' id='par_1_12' title="bbox 429 1200 2039 1273">
     <span class='ocr_line' id='line_1_12' title="bbox 429 1200 2039 1273; baseline 0.006 -20"><span class='ocrx_word' id='word_1_82' title='bbox 429 1200 566 1272; x_wconf 85' lang='lat' dir='ltr'><strong>tigit,</strong></span> <span class='ocrx_word' id='word_1_83' title='bbox 599 1203 822 1273; x_wconf 63' lang='lat' dir='ltr'><strong>privatae</strong></span> <span class='ocrx_word' id='word_1_84' title='bbox 849 1202 1059 1273; x_wconf 63' lang='lat' dir='ltr'><strong>gratim,</strong></span> <span class='ocrx_word' id='word_1_85' title='bbox 1098 1212 1157 1259; x_wconf 94' lang='lat' dir='ltr'><strong>ut</strong></span> <span class='ocrx_word' id='word_1_86' title='bbox 1180 1203 1599 1271; x_wconf 85' lang='lat' dir='ltr'><strong>Gratianus&#39;ait,</strong></span> <span class='ocrx_word' id='word_1_87' title='bbox 1623 1206 1909 1273; x_wconf 75' lang='lat' dir='ltr'><strong>imperiale</strong></span> <span class='ocrx_word' id='word_1_88' title='bbox 1932 1205 2039 1262; x_wconf 83' lang='lat' dir='ltr'><strong>hoc</strong></span> 
     </span>
    </p>
   </div>
   <div class='ocr_carea' id='block_1_13' title="bbox 428 1294 2038 1369">
    <p class='ocr_par' dir='ltr' id='par_1_13' title="bbox 428 1294 2038 1369">
     <span class='ocr_line' id='line_1_13' title="bbox 428 1294 2038 1369; baseline 0.003 -21"><span class='ocrx_word' id='word_1_89' title='bbox 428 1302 757 1363; x_wconf 74' lang='lat' dir='ltr'><strong>prteceptmn</strong></span> <span class='ocrx_word' id='word_1_90' title='bbox 789 1294 1240 1352; x_wconf 89' lang='lat' dir='ltr'><strong>condonaverint.</strong></span> <span class='ocrx_word' id='word_1_91' title='bbox 1276 1296 1412 1353; x_wconf 82' lang='lat' dir='ltr'><strong>Hinc</strong></span> <span class='ocrx_word' id='word_1_92' title='bbox 1444 1314 1506 1353; x_wconf 84' lang='lat' dir='ltr'><strong>ea</strong></span> <span class='ocrx_word' id='word_1_93' title='bbox 1538 1299 1776 1369; x_wconf 88' lang='lat' dir='ltr'><strong>judicum</strong></span> <span class='ocrx_word' id='word_1_94' title='bbox 1818 1302 1906 1356; x_wconf 66' lang='lat' dir='ltr'><strong>ac‘</strong></span> <span class='ocrx_word' id='word_1_95' title='bbox 1937 1300 2038 1354; x_wconf 90' lang='lat' dir='ltr'><strong>mi-</strong></span> 
     </span>
    </p>
   </div>
   <div class='ocr_carea' id='block_1_14' title="bbox 426 1386 2037 1463">
    <p class='ocr_par' dir='ltr' id='par_1_14' title="bbox 426 1386 2037 1463">
     <span class='ocr_line' id='line_1_14' title="bbox 426 1386 2037 1463; baseline 0.006 -24"><span class='ocrx_word' id='word_1_96' title='bbox 426 1386 724 1441; x_wconf 86' lang='lat' dir='ltr'><strong>nistrorum</strong></span> <span class='ocrx_word' id='word_1_97' title='bbox 755 1386 1000 1443; x_wconf 89' lang='lat' dir='ltr'><strong>socordia</strong></span> <span class='ocrx_word' id='word_1_98' title='bbox 1034 1388 1188 1453; x_wconf 85' lang='lat' dir='ltr'><strong>freti,</strong></span> <span class='ocrx_word' id='word_1_99' title='bbox 1223 1388 1518 1447; x_wconf 71' lang='lat' dir='ltr'><strong>Donatistae</strong></span> <span class='ocrx_word' id='word_1_100' title='bbox 1557 1394 1647 1463; x_wconf 89' lang='lat' dir='ltr'><strong>qui</strong></span> <span class='ocrx_word' id='word_1_101' title='bbox 1691 1393 1893 1463; x_wconf 81' lang='lat' dir='ltr'><strong>expelli</strong></span> <span class='ocrx_word' id='word_1_102' title='bbox 1941 1394 2037 1449; x_wconf 89' lang='lat' dir='ltr'><strong>de-</strong></span> 
     </span>
    </p>
   </div>
   <div class='ocr_carea' id='block_1_15' title="bbox 428 1476 2037 1545">
    <p class='ocr_par' dir='ltr' id='par_1_15' title="bbox 428 1476 2037 1545">
     <span class='ocr_line' id='line_1_15' title="bbox 428 1476 2037 1545; baseline 0.004 -11"><span class='ocrx_word' id='word_1_103' title='bbox 428 1476 687 1545; x_wconf 79' lang='lat' dir='ltr'><strong>buerant,</strong></span> <span class='ocrx_word' id='word_1_104' title='bbox 729 1478 1080 1535; x_wconf 87' lang='lat' dir='ltr'><strong>Claudianum</strong></span> <span class='ocrx_word' id='word_1_105' title='bbox 1130 1497 1196 1538; x_wconf 86' lang='lat' dir='ltr'><strong>ex</strong></span> <span class='ocrx_word' id='word_1_106' title='bbox 1236 1482 1416 1539; x_wconf 85' lang='lat' dir='ltr'><strong>Africa</strong></span> <span class='ocrx_word' id='word_1_107' title='bbox 1447 1482 1503 1539; x_wconf 93' lang='lat' dir='ltr'><strong>in</strong></span> <span class='ocrx_word' id='word_1_108' title='bbox 1534 1483 1739 1540; x_wconf 82' lang='lat' dir='ltr'><strong>Urbem</strong></span> <span class='ocrx_word' id='word_1_109' title='bbox 1768 1500 2037 1541; x_wconf 86' lang='lat' dir='ltr'><strong>evocave-</strong></span> 
     </span>
    </p>
   </div>
   <div class='ocr_carea' id='block_1_16' title="bbox 428 1570 2037 1648">
    <p class='ocr_par' dir='ltr' id='par_1_16' title="bbox 428 1570 2037 1648">
     <span class='ocr_line' id='line_1_16' title="bbox 428 1570 2037 1648; baseline 0.006 -23"><span class='ocrx_word' id='word_1_110' title='bbox 428 1579 571 1636; x_wconf 89' lang='lat' dir='ltr'><strong>rant,</strong></span> <span class='ocrx_word' id='word_1_111' title='bbox 598 1579 656 1624; x_wconf 93' lang='lat' dir='ltr'><strong>ttt</strong></span> <span class='ocrx_word' id='word_1_112' title='bbox 688 1570 753 1627; x_wconf 90' lang='lat' dir='ltr'><strong>iis</strong></span> <span class='ocrx_word' id='word_1_113' title='bbox 786 1571 905 1628; x_wconf 90' lang='lat' dir='ltr'><strong>loco</strong></span> <span class='ocrx_word' id='word_1_114' title='bbox 930 1574 1167 1646; x_wconf 84' lang='lat' dir='ltr'><strong>episcopi</strong></span> <span class='ocrx_word' id='word_1_115' title='bbox 1197 1584 1476 1643; x_wconf 60' lang='lat' dir='ltr'><strong>praeesset,</strong></span> <span class='ocrx_word' id='word_1_116' title='bbox 1510 1576 1564 1632; x_wconf 92' lang='lat' dir='ltr'><strong>in</strong></span> <span class='ocrx_word' id='word_1_117' title='bbox 1594 1593 1764 1648; x_wconf 79' lang='lat' dir='ltr'><strong>eaque</strong></span> <span class='ocrx_word' id='word_1_118' title='bbox 1786 1578 1877 1633; x_wconf 89' lang='lat' dir='ltr'><strong>ille</strong></span> <span class='ocrx_word' id='word_1_119' title='bbox 1908 1578 2037 1634; x_wconf 86' lang='lat' dir='ltr'><strong>hac-</strong></span> 
     </span>
    </p>
   </div>
   <div class='ocr_carea' id='block_1_17' title="bbox 432 1664 2041 1740">
    <p class='ocr_par' dir='ltr' id='par_1_17' title="bbox 432 1664 2041 1740">
     <span class='ocr_line' id='line_1_17' title="bbox 432 1664 2041 1740; baseline 0.004 -22"><span class='ocrx_word' id='word_1_120' title='bbox 432 1673 588 1719; x_wconf 92' lang='lat' dir='ltr'><strong>tcntts</strong></span> <span class='ocrx_word' id='word_1_121' title='bbox 630 1664 921 1732; x_wconf 90' lang='lat' dir='ltr'><strong>residebat,</strong></span> <span class='ocrx_word' id='word_1_122' title='bbox 953 1668 1151 1737; x_wconf 77' lang='lat' dir='ltr'><strong>spretis</strong></span> <span class='ocrx_word' id='word_1_123' title='bbox 1185 1667 1576 1739; x_wconf 85' lang='lat' dir='ltr'><strong>imperatorum</strong></span> <span class='ocrx_word' id='word_1_124' title='bbox 1607 1671 1851 1740; x_wconf 84' lang='lat' dir='ltr'><strong>legibus;</strong></span> <span class='ocrx_word' id='word_1_125' title='bbox 1889 1669 2041 1727; x_wconf 86' lang='lat' dir='ltr'><strong>Ursi-</strong></span> 
     </span>
    </p>
   </div>
   <div class='ocr_carea' id='block_1_18' title="bbox 2135 452 3739 524">
    <p class='ocr_par' dir='ltr' id='par_1_18' title="bbox 2135 452 3739 524">
     <span class='ocr_line' id='line_1_18' title="bbox 2135 452 3739 524; baseline -0.001 -13"><span class='ocrx_word' id='word_1_126' title='bbox 2135 463 2395 524; x_wconf 89' lang='lat' dir='ltr'><strong>certoque</strong></span> <span class='ocrx_word' id='word_1_127' title='bbox 2423 454 2619 509; x_wconf 82' lang='lat' dir='ltr'><strong>exsilio</strong></span> <span class='ocrx_word' id='word_1_128' title='bbox 2641 452 2885 508; x_wconf 83' lang='lat' dir='ltr'><strong>conclusi</strong></span> <span class='ocrx_word' id='word_1_129' title='bbox 2913 452 3048 507; x_wconf 83' lang='lat' dir='ltr'><strong>nihil</strong></span> <span class='ocrx_word' id='word_1_130' title='bbox 3070 453 3301 522; x_wconf 77' lang='lat' dir='ltr'><strong>amplius</strong></span> <span class='ocrx_word' id='word_1_131' title='bbox 3318 453 3541 509; x_wconf 79' lang='lat' dir='ltr'><strong>efficere</strong></span> <span class='ocrx_word' id='word_1_132' title='bbox 3559 469 3655 522; x_wconf 82' lang='lat' dir='ltr'><strong>per</strong></span> <span class='ocrx_word' id='word_1_133' title='bbox 3682 468 3739 510; x_wconf 89' lang='lat' dir='ltr'><strong>se</strong></span> 
     </span>
    </p>
   </div>
   <div class='ocr_carea' id='block_1_19' title="bbox 2134 545 3737 617">
    <p class='ocr_par' dir='ltr' id='par_1_19' title="bbox 2134 545 3737 617">
     <span class='ocr_line' id='line_1_19' title="bbox 2134 545 3737 617; baseline -0.003 -15"><span class='ocrx_word' id='word_1_134' title='bbox 2134 556 2380 617; x_wconf 81' lang='lat' dir='ltr'><strong>possent,</strong></span> <span class='ocrx_word' id='word_1_135' title='bbox 2404 560 2509 617; x_wconf 94' lang='lat' dir='ltr'><strong>quo</strong></span> <span class='ocrx_word' id='word_1_136' title='bbox 2535 561 2636 616; x_wconf 91' lang='lat' dir='ltr'><strong>pax</strong></span> <span class='ocrx_word' id='word_1_137' title='bbox 2669 545 2925 602; x_wconf 65' lang='lat' dir='ltr'><strong>Ecclesia:</strong></span> <span class='ocrx_word' id='word_1_138' title='bbox 2952 545 3282 608; x_wconf 81' lang='lat' dir='ltr'><strong>turbaretur,</strong></span> <span class='ocrx_word' id='word_1_139' title='bbox 3310 545 3578 613; x_wconf 83' lang='lat' dir='ltr'><strong>reliquum</strong></span> <span class='ocrx_word' id='word_1_140' title='bbox 3601 552 3737 609; x_wconf 88' lang='lat' dir='ltr'><strong>erat,</strong></span> 
     </span>
    </p>
   </div>
   <div class='ocr_carea' id='block_1_20' title="bbox 2135 637 3745 710">
    <p class='ocr_par' dir='ltr' id='par_1_20' title="bbox 2135 637 3745 710">
     <span class='ocr_line' id='line_1_20' title="bbox 2135 637 3745 710; baseline -0.003 -13"><span class='ocrx_word' id='word_1_141' title='bbox 2135 652 2194 697; x_wconf 84' lang='lat' dir='ltr'><strong>ut</strong></span> <span class='ocrx_word' id='word_1_142' title='bbox 2221 642 2380 696; x_wconf 86' lang='lat' dir='ltr'><strong>etiam</strong></span> <span class='ocrx_word' id='word_1_143' title='bbox 2413 641 2479 695; x_wconf 91' lang='lat' dir='ltr'><strong>de</strong></span> <span class='ocrx_word' id='word_1_144' title='bbox 2501 641 2717 696; x_wconf 62' lang='lat' dir='ltr'><strong>caeteris</strong></span> <span class='ocrx_word' id='word_1_145' title='bbox 2743 639 2942 710; x_wconf 74' lang='lat' dir='ltr'><strong>aiiquid</strong></span> <span class='ocrx_word' id='word_1_146' title='bbox 2973 639 3193 709; x_wconf 79' lang='lat' dir='ltr'><strong>gravius</strong></span> <span class='ocrx_word' id='word_1_147' title='bbox 3214 647 3569 694; x_wconf 82' lang='lat' dir='ltr'><strong>statueretur:</strong></span> <span class='ocrx_word' id='word_1_148' title='bbox 3590 637 3745 709; x_wconf 85' lang='lat' dir='ltr'><strong>jubet</strong></span> 
     </span>
    </p>
   </div>
   <div class='ocr_carea' id='block_1_21' title="bbox 2135 726 3801 805">
    <p class='ocr_par' dir='ltr' id='par_1_21' title="bbox 2135 726 3801 805">
     <span class='ocr_line' id='line_1_21' title="bbox 2135 726 3801 805; baseline -0.005 -14"><span class='ocrx_word' id='word_1_149' title='bbox 2135 737 2316 804; x_wconf 87' lang='lat' dir='ltr'><strong>itaque</strong></span> <span class='ocrx_word' id='word_1_150' title='bbox 2346 733 2622 805; x_wconf 79' lang='lat' dir='ltr'><strong>Aquilino,</strong></span> <span class='ocrx_word' id='word_1_151' title='bbox 2657 741 2716 787; x_wconf 88' lang='lat' dir='ltr'><strong>ttt</strong></span> <span class='ocrx_word' id='word_1_152' title='bbox 2738 732 2885 803; x_wconf 89' lang='lat' dir='ltr'><strong>leges</strong></span> <span class='ocrx_word' id='word_1_153' title='bbox 2916 741 3243 803; x_wconf 73' lang='lat' dir='ltr'><strong>exsequatur</strong></span> <span class='ocrx_word' id='word_1_154' title='bbox 3272 731 3325 786; x_wconf 90' lang='lat' dir='ltr'><strong>in</strong></span> <span class='ocrx_word' id='word_1_155' title='bbox 3369 746 3465 786; x_wconf 90' lang='lat' dir='ltr'><strong>eos</strong></span> <span class='ocrx_word' id='word_1_156' title='bbox 3498 745 3637 801; x_wconf 88' lang='lat' dir='ltr'><strong>quos</strong></span> <span class='ocrx_word' id='word_1_157' title='bbox 3662 745 3747 784; x_wconf 87' lang='lat' dir='ltr'><strong>re-</strong></span> <span class='ocrx_word' id='word_1_158' title='bbox 3794 726 3801 729; x_wconf 67' lang='grc'>⁷</span> 
     </span>
    </p>
   </div>
   <div class='ocr_carea' id='block_1_22' title="bbox 2136 824 3748 896">
    <p class='ocr_par' dir='ltr' id='par_1_22' title="bbox 2136 824 3748 896">
     <span class='ocr_line' id='line_1_22' title="bbox 2136 824 3748 896; baseline -0.002 -14"><span class='ocrx_word' id='word_1_159' title='bbox 2136 828 2396 896; x_wconf 88' lang='lat' dir='ltr'><strong>scriptum</strong></span> <span class='ocrx_word' id='word_1_160' title='bbox 2440 826 2759 881; x_wconf 85' lang='lat' dir='ltr'><strong>nominatim</strong></span> <span class='ocrx_word' id='word_1_161' title='bbox 2792 824 3287 895; x_wconf 83' lang='lat' dir='ltr'><strong>complectebatur,</strong></span> <span class='ocrx_word' id='word_1_162' title='bbox 3321 838 3384 879; x_wconf 83' lang='lat' dir='ltr'><strong>ac</strong></span> <span class='ocrx_word' id='word_1_163' title='bbox 3405 824 3748 893; x_wconf 78' lang='lat' dir='ltr'><strong>rebaptizan-</strong></span> 
     </span>
    </p>
   </div>
   <div class='ocr_carea' id='block_1_23' title="bbox 2140 917 3744 988">
    <p class='ocr_par' dir='ltr' id='par_1_23' title="bbox 2140 917 3744 988">
     <span class='ocr_line' id='line_1_23' title="bbox 2140 917 3744 988; baseline -0.001 -13"><span class='ocrx_word' id='word_1_164' title='bbox 2140 930 2250 987; x_wconf 86' lang='lat' dir='ltr'><strong>tcs,</strong></span> <span class='ocrx_word' id='word_1_165' title='bbox 2287 918 2602 975; x_wconf 79' lang='lat' dir='ltr'><strong>Ursinianos</strong></span> <span class='ocrx_word' id='word_1_166' title='bbox 2622 961 2637 985; x_wconf 92' lang='lat'><strong>,</strong></span> <span class='ocrx_word' id='word_1_167' title='bbox 2690 932 2989 988; x_wconf 82' lang='lat' dir='ltr'><strong>omnesque</strong></span> <span class='ocrx_word' id='word_1_168' title='bbox 3010 917 3168 983; x_wconf 87' lang='lat' dir='ltr'><strong>alios,</strong></span> <span class='ocrx_word' id='word_1_169' title='bbox 3199 930 3336 986; x_wconf 84' lang='lat' dir='ltr'><strong>quos</strong></span> <span class='ocrx_word' id='word_1_170' title='bbox 3364 918 3744 988; x_wconf 84' lang='lat' dir='ltr'><strong>episcoporum</strong></span> 
     </span>
    </p>
   </div>
   <div class='ocr_carea' id='block_1_24' title="bbox 2134 1011 3749 1084">
    <p class='ocr_par' dir='ltr' id='par_1_24' title="bbox 2134 1011 3749 1084">
     <span class='ocr_line' id='line_1_24' title="bbox 2134 1011 3749 1084; baseline -0.001 -16"><span class='ocrx_word' id='word_1_171' title='bbox 2134 1011 2363 1084; x_wconf 84' lang='lat' dir='ltr'><strong>judicia,</strong></span> <span class='ocrx_word' id='word_1_172' title='bbox 2397 1012 2707 1083; x_wconf 81' lang='lat' dir='ltr'><strong>Itujusmodi</strong></span> <span class='ocrx_word' id='word_1_173' title='bbox 2732 1011 3013 1069; x_wconf 85' lang='lat' dir='ltr'><strong>turbarum</strong></span> <span class='ocrx_word' id='word_1_174' title='bbox 3037 1025 3161 1066; x_wconf 91' lang='lat' dir='ltr'><strong>reos</strong></span> <span class='ocrx_word' id='word_1_175' title='bbox 3193 1012 3576 1077; x_wconf 87' lang='lat' dir='ltr'><strong>ostenderent,</strong></span> <span class='ocrx_word' id='word_1_176' title='bbox 3608 1012 3749 1067; x_wconf 68' lang='lat' dir='ltr'><strong>ultra</strong></span> 
     </span>
    </p>
   </div>
   <div class='ocr_carea' id='block_1_25' title="bbox 2138 1103 3748 1174">
    <p class='ocr_par' dir='ltr' id='par_1_25' title="bbox 2138 1103 3748 1174">
     <span class='ocr_line' id='line_1_25' title="bbox 2138 1103 3748 1174; baseline -0.002 -12"><span class='ocrx_word' id='word_1_177' title='bbox 2138 1109 2494 1162; x_wconf 80' lang='lat' dir='ltr'><strong>centesimum</strong></span> <span class='ocrx_word' id='word_1_178' title='bbox 2517 1105 2749 1161; x_wconf 80' lang='lat' dir='ltr'><strong>milliare</strong></span> <span class='ocrx_word' id='word_1_179' title='bbox 2767 1106 2838 1157; x_wconf 87' lang='lat' dir='ltr'><strong>ab</strong></span> <span class='ocrx_word' id='word_1_180' title='bbox 2856 1104 2999 1161; x_wconf 81' lang='lat' dir='ltr'><strong>Urbe</strong></span> <span class='ocrx_word' id='word_1_181' title='bbox 3023 1104 3290 1173; x_wconf 84' lang='lat' dir='ltr'><strong>depellat;</strong></span> <span class='ocrx_word' id='word_1_182' title='bbox 3313 1103 3591 1174; x_wconf 69' lang='lat' dir='ltr'><strong>depositus</strong></span> <span class='ocrx_word' id='word_1_183' title='bbox 3616 1118 3748 1159; x_wconf 89' lang='lat' dir='ltr'><strong>vero</strong></span> 
     </span>
    </p>
   </div>
   <div class='ocr_carea' id='block_1_26' title="bbox 2139 1197 3749 1270">
    <p class='ocr_par' dir='ltr' id='par_1_26' title="bbox 2139 1197 3749 1270">
     <span class='ocr_line' id='line_1_26' title="bbox 2139 1197 3749 1270; baseline -0.003 -15"><span class='ocrx_word' id='word_1_184' title='bbox 2139 1199 2426 1270; x_wconf 88' lang='lat' dir='ltr'><strong>episcopos</strong></span> <span class='ocrx_word' id='word_1_185' title='bbox 2445 1200 2512 1255; x_wconf 80' lang='lat' dir='ltr'><strong>ab</strong></span> <span class='ocrx_word' id='word_1_186' title='bbox 2538 1213 2724 1254; x_wconf 88' lang='lat' dir='ltr'><strong>earum</strong></span> <span class='ocrx_word' id='word_1_187' title='bbox 2751 1200 3029 1254; x_wconf 85' lang='lat' dir='ltr'><strong>civitatum</strong></span> <span class='ocrx_word' id='word_1_188' title='bbox 3062 1197 3264 1253; x_wconf 70' lang='lat' dir='ltr'><strong>ﬁnibus</strong></span> <span class='ocrx_word' id='word_1_189' title='bbox 3290 1208 3540 1254; x_wconf 73' lang='lat' dir='ltr'><strong>extorres</strong></span> <span class='ocrx_word' id='word_1_190' title='bbox 3565 1198 3749 1263; x_wconf 77' lang='lat' dir='ltr'><strong>faciat,</strong></span> 
     </span>
    </p>
   </div>
   <div class='ocr_carea' id='block_1_27' title="bbox 2141 1288 3756 1361">
    <p class='ocr_par' dir='ltr' id='par_1_27' title="bbox 2141 1288 3756 1361">
     <span class='ocr_line' id='line_1_27' title="bbox 2141 1288 3756 1361; baseline -0.002 -15"><span class='ocrx_word' id='word_1_191' title='bbox 2141 1307 2370 1361; x_wconf 86' lang='lat' dir='ltr'><strong>quarum</strong></span> <span class='ocrx_word' id='word_1_192' title='bbox 2420 1291 2628 1361; x_wconf 85' lang='lat' dir='ltr'><strong>plebem</strong></span> <span class='ocrx_word' id='word_1_193' title='bbox 2656 1333 2673 1358; x_wconf 91' lang='lat'><strong>,</strong></span> <span class='ocrx_word' id='word_1_194' title='bbox 2719 1292 2807 1347; x_wconf 85' lang='lat' dir='ltr'><strong>vel</strong></span> <span class='ocrx_word' id='word_1_195' title='bbox 2834 1291 3103 1347; x_wconf 83' lang='lat' dir='ltr'><strong>Ecclesias</strong></span> <span class='ocrx_word' id='word_1_196' title='bbox 3141 1288 3261 1345; x_wconf 87' lang='lat' dir='ltr'><strong>sive</strong></span> <span class='ocrx_word' id='word_1_197' title='bbox 3282 1304 3377 1359; x_wconf 88' lang='lat' dir='ltr'><strong>per</strong></span> <span class='ocrx_word' id='word_1_198' title='bbox 3402 1304 3483 1353; x_wconf 84' lang='lat' dir='ltr'><strong>se,</strong></span> <span class='ocrx_word' id='word_1_199' title='bbox 3515 1290 3635 1344; x_wconf 78' lang='lat' dir='ltr'><strong>sive</strong></span> <span class='ocrx_word' id='word_1_200' title='bbox 3661 1304 3756 1359; x_wconf 84' lang='lat' dir='ltr'><strong>per</strong></span> 
     </span>
    </p>
   </div>
   <div class='ocr_carea' id='block_1_28' title="bbox 2142 1382 3753 1453">
    <p class='ocr_par' dir='ltr' id='par_1_28' title="bbox 2142 1382 3753 1453">
     <span class='ocr_line' id='line_1_28' title="bbox 2142 1382 3753 1453; baseline -0.003 -14"><span class='ocrx_word' id='word_1_201' title='bbox 2142 1385 2281 1439; x_wconf 88' lang='lat' dir='ltr'><strong>alios</strong></span> <span class='ocrx_word' id='word_1_202' title='bbox 2311 1384 2395 1438; x_wconf 89' lang='lat' dir='ltr'><strong>sui</strong></span> <span class='ocrx_word' id='word_1_203' title='bbox 2416 1384 2628 1439; x_wconf 85' lang='lat' dir='ltr'><strong>similes</strong></span> <span class='ocrx_word' id='word_1_204' title='bbox 2659 1393 2877 1449; x_wconf 83' lang='lat' dir='ltr'><strong>vexant,</strong></span> <span class='ocrx_word' id='word_1_205' title='bbox 2897 1384 3112 1453; x_wconf 88' lang='lat' dir='ltr'><strong>piaculo</strong></span> <span class='ocrx_word' id='word_1_206' title='bbox 3138 1384 3400 1450; x_wconf 68' lang='lat' dir='ltr'><strong>neglecta:</strong></span> <span class='ocrx_word' id='word_1_207' title='bbox 3428 1382 3753 1447; x_wconf 84' lang='lat' dir='ltr'><strong>sanctiouis,</strong></span> 
     </span>
    </p>
   </div>
   <div class='ocr_carea' id='block_1_29' title="bbox 2144 1475 3757 1549">
    <p class='ocr_par' dir='ltr' id='par_1_29' title="bbox 2144 1475 3757 1549">
     <span class='ocr_line' id='line_1_29' title="bbox 2144 1475 3757 1549; baseline -0.002 -15"><span class='ocrx_word' id='word_1_208' title='bbox 2144 1480 2247 1534; x_wconf 60' lang='lat' dir='ltr'><strong>nisi</strong></span> <span class='ocrx_word' id='word_1_209' title='bbox 2274 1479 2552 1547; x_wconf 87' lang='lat' dir='ltr'><strong>paruerit,</strong></span> <span class='ocrx_word' id='word_1_210' title='bbox 2585 1478 3029 1549; x_wconf 80' lang='lat' dir='ltr'><strong>obstringendos.</strong></span> <span class='ocrx_word' id='word_1_211' title='bbox 3065 1475 3337 1532; x_wconf 67' lang='lat' dir='ltr'><strong>Caeterum</strong></span> <span class='ocrx_word' id='word_1_212' title='bbox 3373 1476 3419 1533; x_wconf 88' lang='lat' dir='ltr'><strong>si</strong></span> <span class='ocrx_word' id='word_1_213' title='bbox 3442 1475 3757 1532; x_wconf 85' lang='lat' dir='ltr'><strong>Parmensis</strong></span> 
     </span>
    </p>
   </div>
   <div class='ocr_carea' id='block_1_30' title="bbox 2144 1569 3756 1644">
    <p class='ocr_par' dir='ltr' id='par_1_30' title="bbox 2144 1569 3756 1644">
     <span class='ocr_line' id='line_1_30' title="bbox 2144 1569 3756 1644; baseline -0.001 -21"><span class='ocrx_word' id='word_1_214' title='bbox 2144 1571 2429 1642; x_wconf 74' lang='lat' dir='ltr'><strong>episcopus</strong></span> <span class='ocrx_word' id='word_1_215' title='bbox 2467 1573 2729 1628; x_wconf 74' lang='lat' dir='ltr'><strong>Romana:</strong></span> <span class='ocrx_word' id='word_1_216' title='bbox 2766 1570 2965 1644; x_wconf 81' lang='lat' dir='ltr'><strong>synodi</strong></span> <span class='ocrx_word' id='word_1_217' title='bbox 2991 1571 3219 1627; x_wconf 84' lang='lat' dir='ltr'><strong>decreto</strong></span> <span class='ocrx_word' id='word_1_218' title='bbox 3243 1570 3531 1625; x_wconf 82' lang='lat' dir='ltr'><strong>damnatus</strong></span> <span class='ocrx_word' id='word_1_219' title='bbox 3558 1569 3756 1631; x_wconf 72' lang='lat' dir='ltr'><strong>fuerat,</strong></span> 
     </span>
    </p>
   </div>
   <div class='ocr_carea' id='block_1_31' title="bbox 2146 1661 3761 1733">
    <p class='ocr_par' dir='ltr' id='par_1_31' title="bbox 2146 1661 3761 1733">
     <span class='ocr_line' id='line_1_31' title="bbox 2146 1661 3761 1733; baseline -0.005 -10"><span class='ocrx_word' id='word_1_220' title='bbox 2146 1669 2191 1723; x_wconf 80' lang='lat' dir='ltr'><strong>si</strong></span> <span class='ocrx_word' id='word_1_221' title='bbox 2230 1682 2294 1721; x_wconf 88' lang='lat' dir='ltr'><strong>ea</strong></span> <span class='ocrx_word' id='word_1_222' title='bbox 2341 1667 2534 1721; x_wconf 85' lang='lat' dir='ltr'><strong>civitas</strong></span> <span class='ocrx_word' id='word_1_223' title='bbox 2554 1666 2756 1721; x_wconf 87' lang='lat' dir='ltr'><strong>vicario</strong></span> <span class='ocrx_word' id='word_1_224' title='bbox 2786 1665 2952 1721; x_wconf 68' lang='lat' dir='ltr'><strong>italia:</strong></span> <span class='ocrx_word' id='word_1_225' title='bbox 2982 1665 3223 1732; x_wconf 82' lang='lat' dir='ltr'><strong>suberat,</strong></span> <span class='ocrx_word' id='word_1_226' title='bbox 3250 1662 3377 1718; x_wconf 81' lang='lat' dir='ltr'><strong>hinc</strong></span> <span class='ocrx_word' id='word_1_227' title='bbox 3399 1663 3575 1733; x_wconf 85' lang='lat' dir='ltr'><strong>primo</strong></span> <span class='ocrx_word' id='word_1_228' title='bbox 3602 1661 3761 1716; x_wconf 86' lang='lat' dir='ltr'><strong>colli-</strong></span> 
     </span>
    </p>
   </div>
   <div class='ocr_carea' id='block_1_32' title="bbox 430 1756 3756 1837">
    <p class='ocr_par' dir='ltr' id='par_1_32' title="bbox 430 1756 3756 1837">
     <span class='ocr_line' id='line_1_32' title="bbox 430 1756 3756 1837; baseline -0 -27"><span class='ocrx_word' id='word_1_229' title='bbox 430 1758 588 1811; x_wconf 88' lang='lat' dir='ltr'><strong>niana</strong></span> <span class='ocrx_word' id='word_1_230' title='bbox 625 1772 756 1813; x_wconf 91' lang='lat' dir='ltr'><strong>vero</strong></span> <span class='ocrx_word' id='word_1_231' title='bbox 795 1757 988 1826; x_wconf 83' lang='lat' dir='ltr'><strong>factio,</strong></span> <span class='ocrx_word' id='word_1_232' title='bbox 1031 1776 1151 1831; x_wconf 60' lang='lat' dir='ltr'><strong>quae</strong></span> <span class='ocrx_word' id='word_1_233' title='bbox 1192 1771 1346 1819; x_wconf 81' lang='lat' dir='ltr'><strong>extra</strong></span> <span class='ocrx_word' id='word_1_234' title='bbox 1394 1764 1749 1820; x_wconf 87' lang='lat' dir='ltr'><strong>centesimum</strong></span> <span class='ocrx_word' id='word_1_235' title='bbox 1773 1764 2043 1820; x_wconf 87' lang='lat' dir='ltr'><strong>trudenda</strong></span> <span class='ocrx_word' id='word_1_236' title='bbox 2070 1776 2120 1837; x_wconf 78' lang='grc' dir='ltr'><strong>Β</strong></span> <span class='ocrx_word' id='word_1_237' title='bbox 2147 1773 2260 1829; x_wconf 81' lang='lat' dir='ltr'><strong>gas.</strong></span> <span class='ocrx_word' id='word_1_238' title='bbox 2296 1757 2491 1814; x_wconf 82' lang='lat' dir='ltr'><strong>frustra</strong></span> <span class='ocrx_word' id='word_1_239' title='bbox 2521 1759 2774 1815; x_wconf 84' lang='lat' dir='ltr'><strong>contendi</strong></span> <span class='ocrx_word' id='word_1_240' title='bbox 2802 1758 3201 1815; x_wconf 83' lang='lat' dir='ltr'><strong>suburbicarias</strong></span> <span class='ocrx_word' id='word_1_241' title='bbox 3226 1756 3497 1812; x_wconf 74' lang='lat' dir='ltr'><strong>Ecclesiae</strong></span> <span class='ocrx_word' id='word_1_242' title='bbox 3518 1771 3612 1810; x_wconf 83' lang='lat' dir='ltr'><strong>eas</strong></span> <span class='ocrx_word' id='word_1_243' title='bbox 3630 1768 3756 1810; x_wconf 87' lang='lat' dir='ltr'><strong>esse</strong></span> 
     </span>
    </p>
   </div>
   <div class='ocr_carea' id='block_1_33' title="bbox 428 1848 2051 1928">
    <p class='ocr_par' dir='ltr' id='par_1_33' title="bbox 428 1848 2051 1928">
     <span class='ocr_line' id='line_1_33' title="bbox 428 1848 2051 1928; baseline 0.007 -25"><span class='ocrx_word' id='word_1_244' title='bbox 428 1848 641 1915; x_wconf 77' lang='lat' dir='ltr'><strong>fuerat,</strong></span> <span class='ocrx_word' id='word_1_245' title='bbox 695 1852 972 1908; x_wconf 83' lang='lat' dir='ltr'><strong>audaciam</strong></span> <span class='ocrx_word' id='word_1_246' title='bbox 1023 1854 1284 1910; x_wconf 80' lang='lat' dir='ltr'><strong>adversus</strong></span> <span class='ocrx_word' id='word_1_247' title='bbox 1316 1857 1601 1913; x_wconf 79' lang='lat' dir='ltr'><strong>Damasum</strong></span> <span class='ocrx_word' id='word_1_248' title='bbox 1634 1869 1946 1928; x_wconf 81' lang='lat' dir='ltr'><strong>receperat,</strong></span> <span class='ocrx_word' id='word_1_249' title='bbox 1976 1874 2051 1914; x_wconf 85' lang='lat' dir='ltr'><strong>ac-</strong></span> 
     </span>
    </p>
   </div>
   <div class='ocr_carea' id='block_1_34' title="bbox 432 1944 2041 2023">
    <p class='ocr_par' dir='ltr' id='par_1_34' title="bbox 432 1944 2041 2023">
     <span class='ocr_line' id='line_1_34' title="bbox 432 1944 2041 2023; baseline 0.006 -26"><span class='ocrx_word' id='word_1_250' title='bbox 432 1944 687 2016; x_wconf 88' lang='lat' dir='ltr'><strong>populum</strong></span> <span class='ocrx_word' id='word_1_251' title='bbox 737 1945 1041 2001; x_wconf 83' lang='lat' dir='ltr'><strong>Romanum</strong></span> <span class='ocrx_word' id='word_1_252' title='bbox 1073 1950 1420 2017; x_wconf 88' lang='lat' dir='ltr'><strong>sollicitabat,</strong></span> <span class='ocrx_word' id='word_1_253' title='bbox 1458 1966 1633 2022; x_wconf 88' lang='lat' dir='ltr'><strong>coque</strong></span> <span class='ocrx_word' id='word_1_254' title='bbox 1651 1952 1901 2023; x_wconf 81' lang='lat' dir='ltr'><strong>exemplo</strong></span> <span class='ocrx_word' id='word_1_255' title='bbox 1926 1951 2041 2022; x_wconf 88' lang='lat' dir='ltr'><strong>epi-</strong></span> 
     </span>
    </p>
   </div>
   <div class='ocr_carea' id='block_1_35' title="bbox 431 2038 2043 2115">
    <p class='ocr_par' dir='ltr' id='par_1_35' title="bbox 431 2038 2043 2115">
     <span class='ocr_line' id='line_1_35' title="bbox 431 2038 2043 2115; baseline 0.006 -24"><span class='ocrx_word' id='word_1_256' title='bbox 431 2039 580 2105; x_wconf 84' lang='lat' dir='ltr'><strong>scopi</strong></span> <span class='ocrx_word' id='word_1_257' title='bbox 607 2038 874 2102; x_wconf 87' lang='lat' dir='ltr'><strong>uonuulli,</strong></span> <span class='ocrx_word' id='word_1_258' title='bbox 899 2041 989 2109; x_wconf 88' lang='lat' dir='ltr'><strong>qui</strong></span> <span class='ocrx_word' id='word_1_259' title='bbox 1021 2050 1114 2095; x_wconf 89' lang='lat' dir='ltr'><strong>aut</strong></span> <span class='ocrx_word' id='word_1_260' title='bbox 1135 2039 1246 2111; x_wconf 87' lang='lat' dir='ltr'><strong>jam</strong></span> <span class='ocrx_word' id='word_1_261' title='bbox 1269 2042 1509 2098; x_wconf 83' lang='lat' dir='ltr'><strong>damnati</strong></span> <span class='ocrx_word' id='word_1_262' title='bbox 1535 2043 1767 2111; x_wconf 83' lang='lat' dir='ltr'><strong>fuerant,</strong></span> <span class='ocrx_word' id='word_1_263' title='bbox 1791 2054 1882 2100; x_wconf 89' lang='lat' dir='ltr'><strong>aut</strong></span> <span class='ocrx_word' id='word_1_264' title='bbox 1902 2060 2043 2115; x_wconf 89' lang='lat' dir='ltr'><strong>quos</strong></span> 
     </span>
    </p>
   </div>
   <div class='ocr_carea' id='block_1_36' title="bbox 430 2126 2040 2209">
    <p class='ocr_par' dir='ltr' id='par_1_36' title="bbox 430 2126 2040 2209">
     <span class='ocr_line' id='line_1_36' title="bbox 430 2126 2040 2209; baseline 0.007 -26"><span class='ocrx_word' id='word_1_265' title='bbox 430 2126 676 2183; x_wconf 80' lang='lat' dir='ltr'><strong>damnari</strong></span> <span class='ocrx_word' id='word_1_266' title='bbox 723 2130 1042 2200; x_wconf 91' lang='lat' dir='ltr'><strong>oportebat,</strong></span> <span class='ocrx_word' id='word_1_267' title='bbox 1088 2134 1332 2204; x_wconf 70' lang='lat' dir='ltr'><strong>ejusdem</strong></span> <span class='ocrx_word' id='word_1_268' title='bbox 1406 2137 1616 2192; x_wconf 82' lang='lat' dir='ltr'><strong>Damasi</strong></span> <span class='ocrx_word' id='word_1_269' title='bbox 1668 2137 2040 2209; x_wconf 64' lang='lat' dir='ltr'><strong>Romanaque</strong></span> 
     </span>
    </p>
   </div>
   <div class='ocr_carea' id='block_1_37' title="bbox 431 2220 2040 2301">
    <p class='ocr_par' dir='ltr' id='par_1_37' title="bbox 431 2220 2040 2301">
     <span class='ocr_line' id='line_1_37' title="bbox 431 2220 2040 2301; baseline 0.006 -26"><span class='ocrx_word' id='word_1_270' title='bbox 431 2220 625 2291; x_wconf 82' lang='lat' dir='ltr'><strong>synodi</strong></span> <span class='ocrx_word' id='word_1_271' title='bbox 658 2221 1004 2280; x_wconf 89' lang='lat' dir='ltr'><strong>deﬁnitiones</strong></span> <span class='ocrx_word' id='word_1_272' title='bbox 1028 2225 1177 2280; x_wconf 85' lang='lat' dir='ltr'><strong>niltili</strong></span> <span class='ocrx_word' id='word_1_273' title='bbox 1208 2225 1533 2296; x_wconf 87' lang='lat' dir='ltr'><strong>pendebant,</strong></span> <span class='ocrx_word' id='word_1_274' title='bbox 1566 2244 1629 2284; x_wconf 86' lang='lat' dir='ltr'><strong>ac</strong></span> <span class='ocrx_word' id='word_1_275' title='bbox 1651 2230 1832 2298; x_wconf 86' lang='lat' dir='ltr'><strong>sedes,</strong></span> <span class='ocrx_word' id='word_1_276' title='bbox 1863 2247 1891 2284; x_wconf 92' lang='lat' dir='ltr'><strong>a</strong></span> <span class='ocrx_word' id='word_1_277' title='bbox 1920 2231 2040 2301; x_wconf 84' lang='lat' dir='ltr'><strong>qui-</strong></span> 
     </span>
    </p>
   </div>
   <div class='ocr_carea' id='block_1_38' title="bbox 430 2311 2041 2395">
    <p class='ocr_par' dir='ltr' id='par_1_38' title="bbox 430 2311 2041 2395">
     <span class='ocr_line' id='line_1_38' title="bbox 430 2311 2041 2395; baseline 0.008 -28"><span class='ocrx_word' id='word_1_278' title='bbox 430 2311 532 2368; x_wconf 88' lang='lat' dir='ltr'><strong>bus</strong></span> <span class='ocrx_word' id='word_1_279' title='bbox 559 2313 793 2384; x_wconf 84' lang='lat' dir='ltr'><strong>depositi</strong></span> <span class='ocrx_word' id='word_1_280' title='bbox 820 2316 1046 2381; x_wconf 90' lang='lat' dir='ltr'><strong>fuerant,</strong></span> <span class='ocrx_word' id='word_1_281' title='bbox 1085 2333 1181 2388; x_wconf 92' lang='lat' dir='ltr'><strong>per</strong></span> <span class='ocrx_word' id='word_1_282' title='bbox 1204 2320 1383 2375; x_wconf 85' lang='lat' dir='ltr'><strong>scelus</strong></span> <span class='ocrx_word' id='word_1_283' title='bbox 1410 2335 1473 2376; x_wconf 91' lang='lat' dir='ltr'><strong>ac</strong></span> <span class='ocrx_word' id='word_1_284' title='bbox 1494 2321 1812 2388; x_wconf 79' lang='lat' dir='ltr'><strong>seditiones,</strong></span> <span class='ocrx_word' id='word_1_285' title='bbox 1862 2332 1918 2379; x_wconf 90' lang='lat' dir='ltr'><strong>et</strong></span> <span class='ocrx_word' id='word_1_286' title='bbox 1945 2339 2041 2395; x_wconf 74' lang='lat' dir='ltr'><strong>po-</strong></span> 
     </span>
    </p>
   </div>
   <div class='ocr_carea' id='block_1_39' title="bbox 431 2408 2044 2484">
    <p class='ocr_par' dir='ltr' id='par_1_39' title="bbox 431 2408 2044 2484">
     <span class='ocr_line' id='line_1_39' title="bbox 431 2408 2044 2484; baseline 0.008 -24"><span class='ocrx_word' id='word_1_287' title='bbox 431 2408 674 2477; x_wconf 86' lang='lat' dir='ltr'><strong>pularem</strong></span> <span class='ocrx_word' id='word_1_288' title='bbox 703 2419 941 2478; x_wconf 86' lang='lat' dir='ltr'><strong>emptam</strong></span> <span class='ocrx_word' id='word_1_289' title='bbox 967 2412 1139 2480; x_wconf 88' lang='lat' dir='ltr'><strong>pretio</strong></span> <span class='ocrx_word' id='word_1_290' title='bbox 1162 2413 1393 2484; x_wconf 75' lang='lat' dir='ltr'><strong>gratiam</strong></span> <span class='ocrx_word' id='word_1_291' title='bbox 1413 2454 1429 2479; x_wconf 93' lang='lat'><strong>,</strong></span> <span class='ocrx_word' id='word_1_292' title='bbox 1457 2422 1549 2469; x_wconf 88' lang='lat' dir='ltr'><strong>aut</strong></span> <span class='ocrx_word' id='word_1_293' title='bbox 1576 2415 1915 2483; x_wconf 81' lang='lat' dir='ltr'><strong>retinebant,</strong></span> <span class='ocrx_word' id='word_1_294' title='bbox 1948 2425 2044 2473; x_wconf 88' lang='lat' dir='ltr'><strong>aut</strong></span> 
     </span>
    </p>
   </div>
   <div class='ocr_carea' id='block_1_40' title="bbox 431 2500 1002 2570">
    <p class='ocr_par' dir='ltr' id='par_1_40' title="bbox 431 2500 1002 2570">
     <span class='ocr_line' id='line_1_40' title="bbox 431 2500 1002 2570; baseline 0.005 -17"><span class='ocrx_word' id='word_1_295' title='bbox 431 2509 680 2570; x_wconf 88' lang='lat' dir='ltr'><strong>repetere</strong></span> <span class='ocrx_word' id='word_1_296' title='bbox 708 2500 1002 2559; x_wconf 86' lang='lat' dir='ltr'><strong>audebant.</strong></span> 
     </span>
    </p>
   </div>
   <div class='ocr_carea' id='block_1_41' title="bbox 508 2592 2039 2672">
    <p class='ocr_par' dir='ltr' id='par_1_41' title="bbox 508 2592 2039 2672">
     <span class='ocr_line' id='line_1_41' title="bbox 508 2592 2039 2672; baseline 0.008 -28"><span class='ocrx_word' id='word_1_297' title='bbox 508 2592 598 2645; x_wconf 90' lang='lat' dir='ltr'><strong>llis</strong></span> <span class='ocrx_word' id='word_1_298' title='bbox 631 2592 788 2663; x_wconf 91' lang='lat' dir='ltr'><strong>igitur</strong></span> <span class='ocrx_word' id='word_1_299' title='bbox 816 2595 1154 2664; x_wconf 80' lang='lat' dir='ltr'><strong>gravissimis</strong></span> <span class='ocrx_word' id='word_1_300' title='bbox 1176 2597 1598 2663; x_wconf 88' lang='lat' dir='ltr'><strong>calamitatibus,</strong></span> <span class='ocrx_word' id='word_1_301' title='bbox 1625 2601 1825 2671; x_wconf 87' lang='lat' dir='ltr'><strong>partim</strong></span> <span class='ocrx_word' id='word_1_302' title='bbox 1852 2616 1912 2657; x_wconf 87' lang='lat' dir='ltr'><strong>se</strong></span> <span class='ocrx_word' id='word_1_303' title='bbox 1927 2602 2039 2672; x_wconf 91' lang='lat' dir='ltr'><strong>jam</strong></span> 
     </span>
    </p>
   </div>
   <div class='ocr_carea' id='block_1_42' title="bbox 434 2687 2043 2761">
    <p class='ocr_par' dir='ltr' id='par_1_42' title="bbox 434 2687 2043 2761">
     <span class='ocr_line' id='line_1_42' title="bbox 434 2687 2043 2761; baseline 0.007 -21"><span class='ocrx_word' id='word_1_304' title='bbox 434 2687 757 2757; x_wconf 78' lang='lat' dir='ltr'><strong>providisse,</strong></span> <span class='ocrx_word' id='word_1_305' title='bbox 777 2690 970 2760; x_wconf 86' lang='lat' dir='ltr'><strong>partim</strong></span> <span class='ocrx_word' id='word_1_306' title='bbox 998 2706 1129 2746; x_wconf 76' lang='lat' dir='ltr'><strong>Vero</strong></span> <span class='ocrx_word' id='word_1_307' title='bbox 1148 2707 1208 2748; x_wconf 90' lang='lat' dir='ltr'><strong>se</strong></span> <span class='ocrx_word' id='word_1_308' title='bbox 1235 2708 1376 2750; x_wconf 90' lang='lat' dir='ltr'><strong>nunc</strong></span> <span class='ocrx_word' id='word_1_309' title='bbox 1398 2709 1709 2761; x_wconf 88' lang='lat' dir='ltr'><strong>occurrere,</strong></span> <span class='ocrx_word' id='word_1_310' title='bbox 1726 2696 1827 2751; x_wconf 82' lang='lat' dir='ltr'><strong>hoc</strong></span> <span class='ocrx_word' id='word_1_311' title='bbox 1848 2696 2043 2751; x_wconf 84' lang='lat' dir='ltr'><strong>rescri-</strong></span> 
     </span>
    </p>
   </div>
   <div class='ocr_carea' id='block_1_43' title="bbox 435 2781 2039 2863">
    <p class='ocr_par' dir='ltr' id='par_1_43' title="bbox 435 2781 2039 2863">
     <span class='ocr_line' id='line_1_43' title="bbox 435 2781 2039 2863; baseline 0.007 -28"><span class='ocrx_word' id='word_1_312' title='bbox 435 2791 528 2852; x_wconf 86' lang='lat' dir='ltr'><strong>pto</strong></span> <span class='ocrx_word' id='word_1_313' title='bbox 559 2781 848 2840; x_wconf 85' lang='lat' dir='ltr'><strong>Gratianus</strong></span> <span class='ocrx_word' id='word_1_314' title='bbox 879 2786 1167 2857; x_wconf 80' lang='lat' dir='ltr'><strong>signiﬁcat.</strong></span> <span class='ocrx_word' id='word_1_315' title='bbox 1194 2788 1331 2845; x_wconf 85' lang='lat' dir='ltr'><strong>Nam</strong></span> <span class='ocrx_word' id='word_1_316' title='bbox 1356 2789 1534 2859; x_wconf 91' lang='lat' dir='ltr'><strong>quoad</strong></span> <span class='ocrx_word' id='word_1_317' title='bbox 1548 2789 1802 2863; x_wconf 86' lang='lat' dir='ltr'><strong>Ursinum</strong></span> <span class='ocrx_word' id='word_1_318' title='bbox 1826 2790 2039 2858; x_wconf 89' lang='lat' dir='ltr'><strong>attinet,</strong></span> 
     </span>
    </p>
   </div>
   <div class='ocr_carea' id='block_1_44' title="bbox 426 2874 2043 2952">
    <p class='ocr_par' dir='ltr' id='par_1_44' title="bbox 426 2874 2043 2952">
     <span class='ocr_line' id='line_1_44' title="bbox 426 2874 2043 2952; baseline 0.009 -27"><span class='ocrx_word' id='word_1_319' title='bbox 426 2874 523 2947; x_wconf 89' lang='lat' dir='ltr'><strong>qui</strong></span> <span class='ocrx_word' id='word_1_320' title='bbox 572 2874 745 2931; x_wconf 86' lang='lat' dir='ltr'><strong>fuerat</strong></span> <span class='ocrx_word' id='word_1_321' title='bbox 784 2878 1119 2946; x_wconf 88' lang='lat' dir='ltr'><strong>potissimum</strong></span> <span class='ocrx_word' id='word_1_322' title='bbox 1170 2880 1222 2936; x_wconf 91' lang='lat' dir='ltr'><strong>in</strong></span> <span class='ocrx_word' id='word_1_323' title='bbox 1268 2897 1432 2937; x_wconf 86' lang='lat' dir='ltr'><strong>causa</strong></span> <span class='ocrx_word' id='word_1_324' title='bbox 1474 2899 1570 2938; x_wconf 91' lang='lat' dir='ltr'><strong>cur</strong></span> <span class='ocrx_word' id='word_1_325' title='bbox 1608 2884 1939 2952; x_wconf 79' lang='lat' dir='ltr'><strong>Romanum,</strong></span> <span class='ocrx_word' id='word_1_326' title='bbox 1986 2893 2043 2941; x_wconf 90' lang='lat' dir='ltr'><strong>et</strong></span> 
     </span>
    </p>
   </div>
   <div class='ocr_carea' id='block_1_45' title="bbox 436 2965 2046 3037">
    <p class='ocr_par' dir='ltr' id='par_1_45' title="bbox 436 2965 2046 3037">
     <span class='ocr_line' id='line_1_45' title="bbox 436 2965 2046 3037; baseline 0.006 -16"><span class='ocrx_word' id='word_1_327' title='bbox 436 2965 786 3037; x_wconf 87' lang='lat' dir='ltr'><strong>Aquileiense</strong></span> <span class='ocrx_word' id='word_1_328' title='bbox 837 2970 1127 3026; x_wconf 84' lang='lat' dir='ltr'><strong>concilium</strong></span> <span class='ocrx_word' id='word_1_329' title='bbox 1174 2973 1239 3028; x_wconf 92' lang='lat' dir='ltr'><strong>ad</strong></span> <span class='ocrx_word' id='word_1_330' title='bbox 1281 2973 1530 3029; x_wconf 87' lang='lat' dir='ltr'><strong>eumdem</strong></span> <span class='ocrx_word' id='word_1_331' title='bbox 1568 2975 1883 3031; x_wconf 87' lang='lat' dir='ltr'><strong>Gratianum</strong></span> <span class='ocrx_word' id='word_1_332' title='bbox 1912 2976 2046 3031; x_wconf 93' lang='lat' dir='ltr'><strong>scri-</strong></span> 
     </span>
    </p>
   </div>
   <div class='ocr_carea' id='block_1_46' title="bbox 436 3057 2044 3136">
    <p class='ocr_par' dir='ltr' id='par_1_46' title="bbox 436 3057 2044 3136">
     <span class='ocr_line' id='line_1_46' title="bbox 436 3057 2044 3136; baseline 0.007 -24"><span class='ocrx_word' id='word_1_333' title='bbox 436 3057 647 3127; x_wconf 85' lang='lat' dir='ltr'><strong>berent,</strong></span> <span class='ocrx_word' id='word_1_334' title='bbox 674 3076 796 3114; x_wconf 92' lang='lat' dir='ltr'><strong>eum</strong></span> <span class='ocrx_word' id='word_1_335' title='bbox 828 3062 1116 3134; x_wconf 77' lang='lat' dir='ltr'><strong>Agrippina</strong></span> <span class='ocrx_word' id='word_1_336' title='bbox 1136 3066 1422 3121; x_wconf 79' lang='lat' dir='ltr'><strong>secessione</strong></span> <span class='ocrx_word' id='word_1_337' title='bbox 1442 3079 1561 3121; x_wconf 84' lang='lat' dir='ltr'><strong>tunc</strong></span> <span class='ocrx_word' id='word_1_338' title='bbox 1590 3068 1819 3123; x_wconf 76' lang='lat' dir='ltr'><strong>cohiberi</strong></span> <span class='ocrx_word' id='word_1_339' title='bbox 1846 3069 1939 3136; x_wconf 89' lang='lat' dir='ltr'><strong>ait,</strong></span> <span class='ocrx_word' id='word_1_340' title='bbox 1975 3084 2044 3124; x_wconf 90' lang='lat' dir='ltr'><strong>ne</strong></span> 
     </span>
    </p>
   </div>
   <div class='ocr_carea' id='block_1_47' title="bbox 2142 1848 3749 1923">
    <p class='ocr_par' dir='ltr' id='par_1_47' title="bbox 2142 1848 3749 1923">
     <span class='ocr_line' id='line_1_47' title="bbox 2142 1848 3749 1923; baseline -0.006 -13"><span class='ocrx_word' id='word_1_341' title='bbox 2142 1855 2444 1919; x_wconf 72' lang='lat' dir='ltr'><strong>dumtaxat,</strong></span> <span class='ocrx_word' id='word_1_342' title='bbox 2472 1868 2593 1923; x_wconf 60' lang='lat' dir='ltr'><strong>quas</strong></span> <span class='ocrx_word' id='word_1_343' title='bbox 2635 1851 3022 1909; x_wconf 82' lang='lat' dir='ltr'><strong>suburbiceriis</strong></span> <span class='ocrx_word' id='word_1_344' title='bbox 3050 1850 3342 1921; x_wconf 84' lang='lat' dir='ltr'><strong>provinciis</strong></span> <span class='ocrx_word' id='word_1_345' title='bbox 3370 1848 3749 1904; x_wconf 86' lang='lat' dir='ltr'><strong>includuntur.</strong></span> 
     </span>
    </p>
   </div>
   <div class='ocr_carea' id='block_1_48' title="bbox 2146 1940 3752 2017">
    <p class='ocr_par' dir='ltr' id='par_1_48' title="bbox 2146 1940 3752 2017">
     <span class='ocr_line' id='line_1_48' title="bbox 2146 1940 3752 2017; baseline -0.006 -13"><span class='ocrx_word' id='word_1_346' title='bbox 2146 1947 2347 2004; x_wconf 84' lang='lat' dir='ltr'><strong>Deinde</strong></span> <span class='ocrx_word' id='word_1_347' title='bbox 2385 1946 2535 2001; x_wconf 89' lang='lat' dir='ltr'><strong>vides</strong></span> <span class='ocrx_word' id='word_1_348' title='bbox 2564 1956 2825 2017; x_wconf 86' lang='lat' dir='ltr'><strong>quantum</strong></span> <span class='ocrx_word' id='word_1_349' title='bbox 2859 1961 2924 2001; x_wconf 89' lang='lat' dir='ltr'><strong>ex</strong></span> <span class='ocrx_word' id='word_1_350' title='bbox 2964 1960 3030 1999; x_wconf 91' lang='lat' dir='ltr'><strong>eo</strong></span> <span class='ocrx_word' id='word_1_351' title='bbox 3061 1943 3204 1999; x_wconf 81' lang='lat' dir='ltr'><strong>facto</strong></span> <span class='ocrx_word' id='word_1_352' title='bbox 3231 1942 3489 1997; x_wconf 85' lang='lat' dir='ltr'><strong>momenti</strong></span> <span class='ocrx_word' id='word_1_353' title='bbox 3520 1940 3752 1996; x_wconf 80' lang='lat' dir='ltr'><strong>accedat</strong></span> 
     </span>
    </p>
   </div>
   <div class='ocr_carea' id='block_1_49' title="bbox 2143 2031 3749 2110">
    <p class='ocr_par' dir='ltr' id='par_1_49' title="bbox 2143 2031 3749 2110">
     <span class='ocr_line' id='line_1_49' title="bbox 2143 2031 3749 2110; baseline -0.005 -16"><span class='ocrx_word' id='word_1_354' title='bbox 2143 2039 2478 2110; x_wconf 85' lang='lat' dir='ltr'><strong>eonjecturis</strong></span> <span class='ocrx_word' id='word_1_355' title='bbox 2518 2039 2656 2107; x_wconf 87' lang='lat' dir='ltr'><strong>illis,</strong></span> <span class='ocrx_word' id='word_1_356' title='bbox 2691 2053 2756 2093; x_wconf 92' lang='lat' dir='ltr'><strong>ac</strong></span> <span class='ocrx_word' id='word_1_357' title='bbox 2802 2037 3136 2101; x_wconf 84' lang='lat' dir='ltr'><strong>rationibus,</strong></span> <span class='ocrx_word' id='word_1_358' title='bbox 3167 2035 3366 2105; x_wconf 86' lang='lat' dir='ltr'><strong>quibus</strong></span> <span class='ocrx_word' id='word_1_359' title='bbox 3394 2031 3749 2098; x_wconf 81' lang='lat' dir='ltr'><strong>Baccbinius,</strong></span> 
     </span>
    </p>
   </div>
   <div class='ocr_carea' id='block_1_50' title="bbox 2144 2124 3759 2201">
    <p class='ocr_par' dir='ltr' id='par_1_50' title="bbox 2144 2124 3759 2201">
     <span class='ocr_line' id='line_1_50' title="bbox 2144 2124 3759 2201; baseline -0.006 -13"><span class='ocrx_word' id='word_1_360' title='bbox 2144 2134 2319 2188; x_wconf 83' lang='lat' dir='ltr'><strong>serius</strong></span> <span class='ocrx_word' id='word_1_361' title='bbox 2372 2145 2437 2187; x_wconf 90' lang='lat' dir='ltr'><strong>ac</strong></span> <span class='ocrx_word' id='word_1_362' title='bbox 2471 2130 2563 2186; x_wconf 87' lang='lat' dir='ltr'><strong>alii</strong></span> <span class='ocrx_word' id='word_1_363' title='bbox 2603 2137 2821 2201; x_wconf 81' lang='lat' dir='ltr'><strong>putant,</strong></span> <span class='ocrx_word' id='word_1_364' title='bbox 2860 2136 3035 2184; x_wconf 83' lang='lat' dir='ltr'><strong>ortam</strong></span> <span class='ocrx_word' id='word_1_365' title='bbox 3076 2127 3289 2183; x_wconf 83' lang='lat' dir='ltr'><strong>censuit</strong></span> <span class='ocrx_word' id='word_1_366' title='bbox 3336 2124 3759 2181; x_wconf 71' lang='lat' dir='ltr'><strong>Mediolanettsis</strong></span> 
     </span>
    </p>
   </div>
   <div class='ocr_carea' id='block_1_51' title="bbox 2143 2219 3751 2297">
    <p class='ocr_par' dir='ltr' id='par_1_51' title="bbox 2143 2219 3751 2297">
     <span class='ocr_line' id='line_1_51' title="bbox 2143 2219 3751 2297; baseline -0.006 -12"><span class='ocrx_word' id='word_1_367' title='bbox 2143 2228 2384 2297; x_wconf 84' lang='lat' dir='ltr'><strong>episcopi</strong></span> <span class='ocrx_word' id='word_1_368' title='bbox 2419 2242 2512 2296; x_wconf 83' lang='lat' dir='ltr'><strong>per</strong></span> <span class='ocrx_word' id='word_1_369' title='bbox 2540 2224 2777 2297; x_wconf 85' lang='lat' dir='ltr'><strong>reliquas</strong></span> <span class='ocrx_word' id='word_1_370' title='bbox 2804 2224 3098 2281; x_wconf 87' lang='lat' dir='ltr'><strong>vicariatus</strong></span> <span class='ocrx_word' id='word_1_371' title='bbox 3122 2222 3294 2278; x_wconf 69' lang='lat' dir='ltr'><strong>Italia:</strong></span> <span class='ocrx_word' id='word_1_372' title='bbox 3323 2221 3630 2292; x_wconf 88' lang='lat' dir='ltr'><strong>provincias</strong></span> <span class='ocrx_word' id='word_1_373' title='bbox 3657 2219 3751 2291; x_wconf 84' lang='lat' dir='ltr'><strong>ju-</strong></span> 
     </span>
    </p>
   </div>
   <div class='ocr_carea' id='block_1_52' title="bbox 2144 2304 2831 2378">
    <p class='ocr_par' dir='ltr' id='par_1_52' title="bbox 2144 2304 2831 2378">
     <span class='ocr_line' id='line_1_52' title="bbox 2144 2304 2831 2378; baseline -0.01 -2"><span class='ocrx_word' id='word_1_374' title='bbox 2144 2320 2539 2378; x_wconf 84' lang='lat' dir='ltr'><strong>risdictionem.</strong></span> <span class='ocrx_word' id='word_1_375' title='bbox 2830 2304 2831 2307; x_wconf 2' lang='lat' dir='ltr'><strong>U</strong></span> 
     </span>
    </p>
   </div>
   <div class='ocr_carea' id='block_1_53' title="bbox 2219 2410 3753 2484">
    <p class='ocr_par' dir='ltr' id='par_1_53' title="bbox 2219 2410 3753 2484">
     <span class='ocr_line' id='line_1_53' title="bbox 2219 2410 3753 2484; baseline -0.006 -12"><span class='ocrx_word' id='word_1_376' title='bbox 2219 2415 2290 2472; x_wconf 88' lang='lat' dir='ltr'><strong>Ut</strong></span> <span class='ocrx_word' id='word_1_377' title='bbox 2330 2429 2456 2469; x_wconf 81' lang='lat' dir='ltr'><strong>vero</strong></span> <span class='ocrx_word' id='word_1_378' title='bbox 2497 2411 2741 2484; x_wconf 80' lang='lat' dir='ltr'><strong>ejusdem</strong></span> <span class='ocrx_word' id='word_1_379' title='bbox 2778 2412 2994 2467; x_wconf 88' lang='lat' dir='ltr'><strong>Damasi</strong></span> <span class='ocrx_word' id='word_1_380' title='bbox 3036 2411 3310 2467; x_wconf 81' lang='lat' dir='ltr'><strong>securitati</strong></span> <span class='ocrx_word' id='word_1_381' title='bbox 3337 2410 3508 2481; x_wconf 82' lang='lat' dir='ltr'><strong>magis</strong></span> <span class='ocrx_word' id='word_1_382' title='bbox 3551 2424 3753 2466; x_wconf 83' lang='lat' dir='ltr'><strong>consu-</strong></span> 
     </span>
    </p>
   </div>
   <div class='ocr_carea' id='block_1_54' title="bbox 2145 2504 3754 2576">
    <p class='ocr_par' dir='ltr' id='par_1_54' title="bbox 2145 2504 3754 2576">
     <span class='ocr_line' id='line_1_54' title="bbox 2145 2504 3754 2576; baseline -0.003 -14"><span class='ocrx_word' id='word_1_383' title='bbox 2145 2505 2306 2573; x_wconf 87' lang='lat' dir='ltr'><strong>leret,</strong></span> <span class='ocrx_word' id='word_1_384' title='bbox 2332 2522 2394 2561; x_wconf 87' lang='lat' dir='ltr'><strong>ac</strong></span> <span class='ocrx_word' id='word_1_385' title='bbox 2423 2505 2608 2561; x_wconf 75' lang='lat' dir='ltr'><strong>cteteri</strong></span> <span class='ocrx_word' id='word_1_386' title='bbox 2637 2507 2689 2560; x_wconf 92' lang='lat' dir='ltr'><strong>in</strong></span> <span class='ocrx_word' id='word_1_387' title='bbox 2718 2520 2804 2570; x_wconf 90' lang='lat' dir='ltr'><strong>eo,</strong></span> <span class='ocrx_word' id='word_1_388' title='bbox 2835 2520 2943 2576; x_wconf 90' lang='lat' dir='ltr'><strong>quo</strong></span> <span class='ocrx_word' id='word_1_389' title='bbox 2970 2520 3065 2576; x_wconf 85' lang='lat' dir='ltr'><strong>par</strong></span> <span class='ocrx_word' id='word_1_390' title='bbox 3091 2516 3229 2569; x_wconf 87' lang='lat' dir='ltr'><strong>erat,</strong></span> <span class='ocrx_word' id='word_1_391' title='bbox 3247 2520 3373 2575; x_wconf 88' lang='lat' dir='ltr'><strong>erga</strong></span> <span class='ocrx_word' id='word_1_392' title='bbox 3395 2504 3754 2575; x_wconf 87' lang='lat' dir='ltr'><strong>apostolicam</strong></span> 
     </span>
    </p>
   </div>
   <div class='ocr_carea' id='block_1_55' title="bbox 2146 2599 3757 2670">
    <p class='ocr_par' dir='ltr' id='par_1_55' title="bbox 2146 2599 3757 2670">
     <span class='ocr_line' id='line_1_55' title="bbox 2146 2599 3757 2670; baseline -0.001 -14"><span class='ocrx_word' id='word_1_393' title='bbox 2146 2601 2331 2656; x_wconf 89' lang='lat' dir='ltr'><strong>sedem</strong></span> <span class='ocrx_word' id='word_1_394' title='bbox 2359 2599 2541 2656; x_wconf 76' lang='lat' dir='ltr'><strong>ofﬁcio</strong></span> <span class='ocrx_word' id='word_1_395' title='bbox 2570 2600 2999 2666; x_wconf 89' lang='lat' dir='ltr'><strong>continerentur,</strong></span> <span class='ocrx_word' id='word_1_396' title='bbox 3033 2600 3140 2655; x_wconf 93' lang='lat' dir='ltr'><strong>duo</strong></span> <span class='ocrx_word' id='word_1_397' title='bbox 3167 2609 3426 2670; x_wconf 62' lang='lat' dir='ltr'><strong>praeterea</strong></span> <span class='ocrx_word' id='word_1_398' title='bbox 3445 2601 3635 2655; x_wconf 84' lang='lat' dir='ltr'><strong>statuit</strong></span> <span class='ocrx_word' id='word_1_399' title='bbox 3657 2601 3757 2655; x_wconf 55' lang='lat' dir='ltr'><strong>in»</strong></span> 
     </span>
    </p>
   </div>
   <div class='ocr_carea' id='block_1_56' title="bbox 2146 2692 3759 2765">
    <p class='ocr_par' dir='ltr' id='par_1_56' title="bbox 2146 2692 3759 2765">
     <span class='ocr_line' id='line_1_56' title="bbox 2146 2692 3759 2765; baseline -0.001 -16"><span class='ocrx_word' id='word_1_400' title='bbox 2146 2704 2367 2765; x_wconf 86' lang='lat' dir='ltr'><strong>perator</strong></span> <span class='ocrx_word' id='word_1_401' title='bbox 2400 2711 2413 2747; x_wconf 91' lang='lat'><strong>:</strong></span> <span class='ocrx_word' id='word_1_402' title='bbox 2448 2694 2624 2763; x_wconf 88' lang='lat' dir='ltr'><strong>primo</strong></span> <span class='ocrx_word' id='word_1_403' title='bbox 2664 2708 2733 2749; x_wconf 90' lang='lat' dir='ltr'><strong>ne</strong></span> <span class='ocrx_word' id='word_1_404' title='bbox 2776 2693 2897 2763; x_wconf 90' lang='lat' dir='ltr'><strong>quis</strong></span> <span class='ocrx_word' id='word_1_405' title='bbox 2936 2692 3145 2748; x_wconf 88' lang='lat' dir='ltr'><strong>scilicet</strong></span> <span class='ocrx_word' id='word_1_406' title='bbox 3177 2694 3294 2748; x_wconf 91' lang='lat' dir='ltr'><strong>sive</strong></span> <span class='ocrx_word' id='word_1_407' title='bbox 3339 2693 3411 2748; x_wconf 92' lang='lat' dir='ltr'><strong>ob</strong></span> <span class='ocrx_word' id='word_1_408' title='bbox 3435 2693 3759 2763; x_wconf 78' lang='lat' dir='ltr'><strong>pravitatem</strong></span> 
     </span>
    </p>
   </div>
   <div class='ocr_carea' id='block_1_57' title="bbox 2147 2785 3762 2857">
    <p class='ocr_par' dir='ltr' id='par_1_57' title="bbox 2147 2785 3762 2857">
     <span class='ocr_line' id='line_1_57' title="bbox 2147 2785 3762 2857; baseline -0.001 -15"><span class='ocrx_word' id='word_1_409' title='bbox 2147 2802 2383 2853; x_wconf 90' lang='lat' dir='ltr'><strong>morum,</strong></span> <span class='ocrx_word' id='word_1_410' title='bbox 2412 2785 2527 2842; x_wconf 84' lang='lat' dir='ltr'><strong>sive</strong></span> <span class='ocrx_word' id='word_1_411' title='bbox 2553 2787 2622 2841; x_wconf 93' lang='lat' dir='ltr'><strong>ob</strong></span> <span class='ocrx_word' id='word_1_412' title='bbox 2640 2785 2925 2841; x_wconf 63' lang='lat' dir='ltr'><strong>calumniae</strong></span> <span class='ocrx_word' id='word_1_413' title='bbox 2945 2787 3155 2841; x_wconf 84' lang='lat' dir='ltr'><strong>crimen</strong></span> <span class='ocrx_word' id='word_1_414' title='bbox 3176 2786 3412 2851; x_wconf 79' lang='lat' dir='ltr'><strong>infamis,</strong></span> <span class='ocrx_word' id='word_1_415' title='bbox 3433 2794 3526 2841; x_wconf 86' lang='lat' dir='ltr'><strong>aut</strong></span> <span class='ocrx_word' id='word_1_416' title='bbox 3547 2787 3762 2857; x_wconf 85' lang='lat' dir='ltr'><strong>episco-</strong></span> 
     </span>
    </p>
   </div>
   <div class='ocr_carea' id='block_1_58' title="bbox 2147 2878 3762 2950">
    <p class='ocr_par' dir='ltr' id='par_1_58' title="bbox 2147 2878 3762 2950">
     <span class='ocr_line' id='line_1_58' title="bbox 2147 2878 3762 2950; baseline 0.001 -16"><span class='ocrx_word' id='word_1_417' title='bbox 2147 2894 2247 2950; x_wconf 89' lang='lat' dir='ltr'><strong>pos</strong></span> <span class='ocrx_word' id='word_1_418' title='bbox 2285 2895 2568 2945; x_wconf 88' lang='lat' dir='ltr'><strong>accusare,</strong></span> <span class='ocrx_word' id='word_1_419' title='bbox 2601 2888 2694 2934; x_wconf 86' lang='lat' dir='ltr'><strong>attt</strong></span> <span class='ocrx_word' id='word_1_420' title='bbox 2738 2880 2893 2935; x_wconf 89' lang='lat' dir='ltr'><strong>testis</strong></span> <span class='ocrx_word' id='word_1_421' title='bbox 2919 2890 3109 2935; x_wconf 87' lang='lat' dir='ltr'><strong>contra</strong></span> <span class='ocrx_word' id='word_1_422' title='bbox 3138 2878 3265 2935; x_wconf 69' lang='lat' dir='ltr'><strong>illos</strong></span> <span class='ocrx_word' id='word_1_423' title='bbox 3291 2895 3413 2936; x_wconf 84' lang='lat' dir='ltr'><strong>esse</strong></span> <span class='ocrx_word' id='word_1_424' title='bbox 3442 2881 3643 2950; x_wconf 86' lang='lat' dir='ltr'><strong>possit;</strong></span> <span class='ocrx_word' id='word_1_425' title='bbox 3674 2895 3762 2935; x_wconf 88' lang='lat' dir='ltr'><strong>se-</strong></span> 
     </span>
    </p>
   </div>
   <div class='ocr_carea' id='block_1_59' title="bbox 2147 2971 3761 3043">
    <p class='ocr_par' dir='ltr' id='par_1_59' title="bbox 2147 2971 3761 3043">
     <span class='ocr_line' id='line_1_59' title="bbox 2147 2971 3761 3043; baseline -0.001 -15"><span class='ocrx_word' id='word_1_426' title='bbox 2147 2972 2328 3029; x_wconf 87' lang='lat' dir='ltr'><strong>cundo</strong></span> <span class='ocrx_word' id='word_1_427' title='bbox 2369 2983 2423 3027; x_wconf 90' lang='lat' dir='ltr'><strong>ut</strong></span> <span class='ocrx_word' id='word_1_428' title='bbox 2462 2972 2553 3043; x_wconf 90' lang='lat' dir='ltr'><strong>qtti</strong></span> <span class='ocrx_word' id='word_1_429' title='bbox 2586 2972 2799 3026; x_wconf 82' lang='lat' dir='ltr'><strong>Damasi</strong></span> <span class='ocrx_word' id='word_1_430' title='bbox 2839 2972 3043 3042; x_wconf 83' lang='lat' dir='ltr'><strong>judicio</strong></span> <span class='ocrx_word' id='word_1_431' title='bbox 3068 2971 3261 3029; x_wconf 86' lang='lat' dir='ltr'><strong>sistere</strong></span> <span class='ocrx_word' id='word_1_432' title='bbox 3280 2987 3349 3027; x_wconf 91' lang='lat' dir='ltr'><strong>se</strong></span> <span class='ocrx_word' id='word_1_433' title='bbox 3372 2972 3662 3037; x_wconf 88' lang='lat' dir='ltr'><strong>noluisset,</strong></span> <span class='ocrx_word' id='word_1_434' title='bbox 3694 2986 3761 3027; x_wconf 89' lang='lat' dir='ltr'><strong>ac</strong></span> 
     </span>
    </p>
   </div>
   <div class='ocr_carea' id='block_1_60' title="bbox 2149 3050 3759 3137">
    <p class='ocr_par' dir='ltr' id='par_1_60' title="bbox 2149 3050 3759 3137">
     <span class='ocr_line' id='line_1_60' title="bbox 2149 3050 3759 3137; baseline -0.001 -13"><span class='ocrx_word' id='word_1_435' title='bbox 2149 3078 2441 3124; x_wconf 87' lang='lat' dir='ltr'><strong>contumax</strong></span> <span class='ocrx_word' id='word_1_436' title='bbox 2476 3065 2685 3133; x_wconf 85' lang='lat' dir='ltr'><strong>fuisset,</strong></span> <span class='ocrx_word' id='word_1_437' title='bbox 2715 3050 2842 3123; x_wconf 82' lang='lat' dir='ltr'><strong>cum</strong></span> <span class='ocrx_word' id='word_1_438' title='bbox 2872 3067 3162 3122; x_wconf 79' lang='lat' dir='ltr'><strong>damnatus</strong></span> <span class='ocrx_word' id='word_1_439' title='bbox 3182 3067 3250 3121; x_wconf 84' lang='lat' dir='ltr'><strong>ab</strong></span> <span class='ocrx_word' id='word_1_440' title='bbox 3277 3082 3364 3133; x_wconf 88' lang='lat' dir='ltr'><strong>eo,</strong></span> <span class='ocrx_word' id='word_1_441' title='bbox 3396 3067 3637 3137; x_wconf 86' lang='lat' dir='ltr'><strong>quinque</strong></span> <span class='ocrx_word' id='word_1_442' title='bbox 3663 3075 3759 3122; x_wconf 87' lang='lat' dir='ltr'><strong>aut</strong></span> 
     </span>
    </p>
   </div>
   <div class='ocr_carea' id='block_1_61' title="bbox 437 3148 3764 3231">
    <p class='ocr_par' dir='ltr' id='par_1_61' title="bbox 437 3148 3764 3231">
     <span class='ocr_line' id='line_1_61' title="bbox 437 3148 3764 3231; baseline 0.003 -27"><span class='ocrx_word' id='word_1_443' title='bbox 437 3160 604 3205; x_wconf 86' lang='lat' dir='ltr'><strong>motus</strong></span> <span class='ocrx_word' id='word_1_444' title='bbox 628 3152 828 3218; x_wconf 83' lang='lat' dir='ltr'><strong>aliquos</strong></span> <span class='ocrx_word' id='word_1_445' title='bbox 858 3154 1111 3225; x_wconf 84' lang='lat' dir='ltr'><strong>inquietos</strong></span> <span class='ocrx_word' id='word_1_446' title='bbox 1144 3168 1396 3213; x_wconf 71' lang='lat' dir='ltr'><strong>exerceat.</strong></span> <span class='ocrx_word' id='word_1_447' title='bbox 1425 3156 1561 3215; x_wconf 89' lang='lat' dir='ltr'><strong>Cum</strong></span> <span class='ocrx_word' id='word_1_448' title='bbox 1592 3176 1722 3215; x_wconf 91' lang='lat' dir='ltr'><strong>vero</strong></span> <span class='ocrx_word' id='word_1_449' title='bbox 1750 3162 2047 3231; x_wconf 89' lang='lat' dir='ltr'><strong>imperator</strong></span> <span class='ocrx_word' id='word_1_450' title='bbox 2074 3148 2121 3212; x_wconf 85' lang='lat' dir='ltr'><strong>C</strong></span> <span class='ocrx_word' id='word_1_451' title='bbox 2152 3171 2358 3228; x_wconf 89' lang='lat' dir='ltr'><strong>septem</strong></span> <span class='ocrx_word' id='word_1_452' title='bbox 2390 3161 2766 3229; x_wconf 90' lang='lat' dir='ltr'><strong>episcoporum</strong></span> <span class='ocrx_word' id='word_1_453' title='bbox 2800 3159 2986 3214; x_wconf 87' lang='lat' dir='ltr'><strong>habito</strong></span> <span class='ocrx_word' id='word_1_454' title='bbox 3016 3160 3246 3214; x_wconf 88' lang='lat' dir='ltr'><strong>consilio</strong></span> <span class='ocrx_word' id='word_1_455' title='bbox 3266 3159 3657 3229; x_wconf 86' lang='lat' dir='ltr'><strong>depositusque</strong></span> <span class='ocrx_word' id='word_1_456' title='bbox 3675 3176 3764 3215; x_wconf 89' lang='lat' dir='ltr'><strong>es-</strong></span> 
     </span>
    </p>
   </div>
   <div class='ocr_carea' id='block_1_62' title="bbox 437 3244 2040 3323">
    <p class='ocr_par' dir='ltr' id='par_1_62' title="bbox 437 3244 2040 3323">
     <span class='ocr_line' id='line_1_62' title="bbox 437 3244 2040 3323; baseline 0.006 -26"><span class='ocrx_word' id='word_1_457' title='bbox 437 3256 560 3298; x_wconf 82' lang='lat' dir='ltr'><strong>sese</strong></span> <span class='ocrx_word' id='word_1_458' title='bbox 582 3244 979 3314; x_wconf 83' lang='lat' dir='ltr'><strong>quodammodo</strong></span> <span class='ocrx_word' id='word_1_459' title='bbox 1006 3262 1233 3318; x_wconf 81' lang='lat' dir='ltr'><strong>purgare</strong></span> <span class='ocrx_word' id='word_1_460' title='bbox 1265 3249 1537 3316; x_wconf 88' lang='lat' dir='ltr'><strong>videatur,</strong></span> <span class='ocrx_word' id='word_1_461' title='bbox 1562 3251 1707 3321; x_wconf 88' lang='lat' dir='ltr'><strong>quod</strong></span> <span class='ocrx_word' id='word_1_462' title='bbox 1736 3252 2040 3323; x_wconf 91' lang='lat' dir='ltr'><strong>inquietum</strong></span> 
     </span>
    </p>
   </div>
   <div class='ocr_carea' id='block_1_63' title="bbox 439 3336 2040 3418">
    <p class='ocr_par' dir='ltr' id='par_1_63' title="bbox 439 3336 2040 3418">
     <span class='ocr_line' id='line_1_63' title="bbox 439 3336 2040 3418; baseline 0.006 -27"><span class='ocrx_word' id='word_1_463' title='bbox 439 3336 590 3393; x_wconf 88' lang='lat' dir='ltr'><strong>illum</strong></span> <span class='ocrx_word' id='word_1_464' title='bbox 634 3336 929 3406; x_wconf 86' lang='lat' dir='ltr'><strong>hominem,</strong></span> <span class='ocrx_word' id='word_1_465' title='bbox 962 3357 1053 3411; x_wconf 87' lang='lat' dir='ltr'><strong>per</strong></span> <span class='ocrx_word' id='word_1_466' title='bbox 1083 3353 1407 3398; x_wconf 76' lang='lat' dir='ltr'><strong>occursantes</strong></span> <span class='ocrx_word' id='word_1_467' title='bbox 1435 3343 1797 3400; x_wconf 78' lang='lat' dir='ltr'><strong>obtundentem</strong></span> <span class='ocrx_word' id='word_1_468' title='bbox 1821 3346 2040 3418; x_wconf 56' lang='lat' dir='ltr'><strong>sacpius,</strong></span> 
     </span>
    </p>
   </div>
   <div class='ocr_carea' id='block_1_64' title="bbox 438 3436 2045 3502">
    <p class='ocr_par' dir='ltr' id='par_1_64' title="bbox 438 3436 2045 3502">
     <span class='ocr_line' id='line_1_64' title="bbox 438 3436 2045 3502; baseline 0.012 -22"><span class='ocrx_word' id='word_1_469' title='bbox 438 3447 592 3502; x_wconf 82' lang='lat' dir='ltr'><strong>quam</strong></span> <span class='ocrx_word' id='word_1_470' title='bbox 622 3444 912 3489; x_wconf 86' lang='lat' dir='ltr'><strong>monentem</strong></span> <span class='ocrx_word' id='word_1_471' title='bbox 935 3436 1233 3502; x_wconf 87' lang='lat' dir='ltr'><strong>audiverit,</strong></span> <span class='ocrx_word' id='word_1_472' title='bbox 1274 3438 1325 3493; x_wconf 90' lang='lat' dir='ltr'><strong>id</strong></span> <span class='ocrx_word' id='word_1_473' title='bbox 1352 3439 1559 3495; x_wconf 90' lang='lat' dir='ltr'><strong>scilicet</strong></span> <span class='ocrx_word' id='word_1_474' title='bbox 1579 3456 1646 3496; x_wconf 91' lang='lat' dir='ltr'><strong>eo</strong></span> <span class='ocrx_word' id='word_1_475' title='bbox 1667 3442 1898 3497; x_wconf 89' lang='lat' dir='ltr'><strong>consilio</strong></span> <span class='ocrx_word' id='word_1_476' title='bbox 1927 3459 1956 3495; x_wconf 87' lang='lat' dir='ltr'><strong>a</strong></span> <span class='ocrx_word' id='word_1_477' title='bbox 1983 3458 2045 3499; x_wconf 86' lang='lat' dir='ltr'><strong>se</strong></span> 
     </span>
    </p>
   </div>
   <div class='ocr_carea' id='block_1_65' title="bbox 439 3522 2044 3602">
    <p class='ocr_par' dir='ltr' id='par_1_65' title="bbox 439 3522 2044 3602">
     <span class='ocr_line' id='line_1_65' title="bbox 439 3522 2044 3602; baseline 0.008 -26"><span class='ocrx_word' id='word_1_478' title='bbox 439 3522 639 3580; x_wconf 87' lang='lat' dir='ltr'><strong>factum</strong></span> <span class='ocrx_word' id='word_1_479' title='bbox 666 3541 939 3594; x_wconf 81' lang='lat' dir='ltr'><strong>asserens,</strong></span> <span class='ocrx_word' id='word_1_480' title='bbox 963 3540 1017 3582; x_wconf 92' lang='lat' dir='ltr'><strong>ut</strong></span> <span class='ocrx_word' id='word_1_481' title='bbox 1039 3529 1104 3583; x_wconf 88' lang='lat' dir='ltr'><strong>ad</strong></span> <span class='ocrx_word' id='word_1_482' title='bbox 1127 3533 1341 3586; x_wconf 81' lang='lat' dir='ltr'><strong>saniora</strong></span> <span class='ocrx_word' id='word_1_483' title='bbox 1373 3535 1735 3602; x_wconf 75' lang='lat' dir='ltr'><strong>pertraheret,</strong></span> <span class='ocrx_word' id='word_1_484' title='bbox 1762 3535 2044 3590; x_wconf 49' lang='lat' dir='ltr'><strong>suaderet»</strong></span> 
     </span>
    </p>
   </div>
   <div class='ocr_carea' id='block_1_66' title="bbox 441 3623 2039 3698">
    <p class='ocr_par' dir='ltr' id='par_1_66' title="bbox 441 3623 2039 3698">
     <span class='ocr_line' id='line_1_66' title="bbox 441 3623 2039 3698; baseline 0.009 -31"><span class='ocrx_word' id='word_1_485' title='bbox 441 3631 546 3688; x_wconf 86' lang='lat' dir='ltr'><strong>que</strong></span> <span class='ocrx_word' id='word_1_486' title='bbox 593 3625 651 3672; x_wconf 92' lang='lat' dir='ltr'><strong>ut</strong></span> <span class='ocrx_word' id='word_1_487' title='bbox 702 3630 977 3675; x_wconf 79' lang='lat' dir='ltr'><strong>sectatores</strong></span> <span class='ocrx_word' id='word_1_488' title='bbox 998 3623 1259 3693; x_wconf 79' lang='lat' dir='ltr'><strong>abjiceret,</strong></span> <span class='ocrx_word' id='word_1_489' title='bbox 1291 3624 1398 3679; x_wconf 92' lang='lat' dir='ltr'><strong>dtto</strong></span> <span class='ocrx_word' id='word_1_490' title='bbox 1428 3627 1555 3682; x_wconf 89' lang='lat' dir='ltr'><strong>hinc</strong></span> <span class='ocrx_word' id='word_1_491' title='bbox 1583 3628 1764 3698; x_wconf 78' lang='lat' dir='ltr'><strong>colligi</strong></span> <span class='ocrx_word' id='word_1_492' title='bbox 1797 3637 2039 3697; x_wconf 86' lang='lat' dir='ltr'><strong>possunt.</strong></span> 
     </span>
    </p>
   </div>
   <div class='ocr_carea' id='block_1_67' title="bbox 444 3708 2048 3790">
    <p class='ocr_par' dir='ltr' id='par_1_67' title="bbox 444 3708 2048 3790">
     <span class='ocr_line' id='line_1_67' title="bbox 444 3708 2048 3790; baseline 0.006 -26"><span class='ocrx_word' id='word_1_493' title='bbox 444 3708 627 3764; x_wconf 89' lang='lat' dir='ltr'><strong>Primo</strong></span> <span class='ocrx_word' id='word_1_494' title='bbox 672 3709 773 3766; x_wconf 89' lang='lat' dir='ltr'><strong>hoc</strong></span> <span class='ocrx_word' id='word_1_495' title='bbox 815 3713 1139 3783; x_wconf 89' lang='lat' dir='ltr'><strong>rescriptum</strong></span> <span class='ocrx_word' id='word_1_496' title='bbox 1171 3716 1340 3772; x_wconf 89' lang='lat' dir='ltr'><strong>videri</strong></span> <span class='ocrx_word' id='word_1_497' title='bbox 1372 3717 1554 3773; x_wconf 84' lang='lat' dir='ltr'><strong>datum</strong></span> <span class='ocrx_word' id='word_1_498' title='bbox 1587 3730 1709 3790; x_wconf 90' lang='lat' dir='ltr'><strong>post</strong></span> <span class='ocrx_word' id='word_1_499' title='bbox 1736 3720 2048 3789; x_wconf 83' lang='lat' dir='ltr'><strong>Aquileien-</strong></span> 
     </span>
    </p>
   </div>
   <div class='ocr_carea' id='block_1_68' title="bbox 438 3802 2046 3878">
    <p class='ocr_par' dir='ltr' id='par_1_68' title="bbox 438 3802 2046 3878">
     <span class='ocr_line' id='line_1_68' title="bbox 438 3802 2046 3878; baseline 0.006 -22"><span class='ocrx_word' id='word_1_500' title='bbox 438 3802 517 3857; x_wconf 90' lang='lat' dir='ltr'><strong>sis</strong></span> <span class='ocrx_word' id='word_1_501' title='bbox 542 3804 754 3858; x_wconf 88' lang='lat' dir='ltr'><strong>concilii</strong></span> <span class='ocrx_word' id='word_1_502' title='bbox 777 3803 1002 3869; x_wconf 88' lang='lat' dir='ltr'><strong>litteras,</strong></span> <span class='ocrx_word' id='word_1_503' title='bbox 1031 3807 1228 3878; x_wconf 85' lang='lat' dir='ltr'><strong>quibus</strong></span> <span class='ocrx_word' id='word_1_504' title='bbox 1254 3809 1323 3865; x_wconf 94' lang='lat' dir='ltr'><strong>ob</strong></span> <span class='ocrx_word' id='word_1_505' title='bbox 1344 3826 1463 3867; x_wconf 85' lang='lat' dir='ltr'><strong>eam</strong></span> <span class='ocrx_word' id='word_1_506' title='bbox 1486 3826 1704 3867; x_wconf 85' lang='lat' dir='ltr'><strong>causam</strong></span> <span class='ocrx_word' id='word_1_507' title='bbox 1732 3811 2046 3869; x_wconf 81' lang='lat' dir='ltr'><strong>facilitatem</strong></span> 
     </span>
    </p>
   </div>
   <div class='ocr_carea' id='block_1_69' title="bbox 440 3900 2051 3975">
    <p class='ocr_par' dir='ltr' id='par_1_69' title="bbox 440 3900 2051 3975">
     <span class='ocr_line' id='line_1_69' title="bbox 440 3900 2051 3975; baseline 0.007 -26"><span class='ocrx_word' id='word_1_508' title='bbox 440 3909 639 3966; x_wconf 87' lang='lat' dir='ltr'><strong>nempe</strong></span> <span class='ocrx_word' id='word_1_509' title='bbox 664 3912 838 3963; x_wconf 91' lang='lat' dir='ltr'><strong>suam,</strong></span> <span class='ocrx_word' id='word_1_510' title='bbox 868 3900 1186 3970; x_wconf 90' lang='lat' dir='ltr'><strong>perstrictus</strong></span> <span class='ocrx_word' id='word_1_511' title='bbox 1214 3902 1407 3968; x_wconf 86' lang='lat' dir='ltr'><strong>fuerat,</strong></span> <span class='ocrx_word' id='word_1_512' title='bbox 1440 3912 1601 3974; x_wconf 85' lang='lat' dir='ltr'><strong>atque</strong></span> <span class='ocrx_word' id='word_1_513' title='bbox 1628 3905 1751 3960; x_wconf 89' lang='lat' dir='ltr'><strong>ideo</strong></span> <span class='ocrx_word' id='word_1_514' title='bbox 1784 3904 1905 3959; x_wconf 89' lang='lat' dir='ltr'><strong>huic</strong></span> <span class='ocrx_word' id='word_1_515' title='bbox 1933 3907 2051 3975; x_wconf 86' lang='lat' dir='ltr'><strong>ipso</strong></span> 
     </span>
    </p>
   </div>
   <div class='ocr_carea' id='block_1_70' title="bbox 441 3990 2047 4062">
    <p class='ocr_par' dir='ltr' id='par_1_70' title="bbox 441 3990 2047 4062">
     <span class='ocr_line' id='line_1_70' title="bbox 441 3990 2047 4062; baseline 0.007 -22"><span class='ocrx_word' id='word_1_516' title='bbox 441 4001 606 4055; x_wconf 89' lang='lat' dir='ltr'><strong>anno,</strong></span> <span class='ocrx_word' id='word_1_517' title='bbox 634 4004 743 4060; x_wconf 88' lang='lat' dir='ltr'><strong>quo</strong></span> <span class='ocrx_word' id='word_1_518' title='bbox 770 3990 1031 4047; x_wconf 88' lang='lat' dir='ltr'><strong>Barouius</strong></span> <span class='ocrx_word' id='word_1_519' title='bbox 1061 3991 1193 4048; x_wconf 89' lang='lat' dir='ltr'><strong>illud</strong></span> <span class='ocrx_word' id='word_1_520' title='bbox 1224 3994 1482 4062; x_wconf 86' lang='lat' dir='ltr'><strong>collocat,</strong></span> <span class='ocrx_word' id='word_1_521' title='bbox 1519 4010 1676 4051; x_wconf 83' lang='lat' dir='ltr'><strong>secus</strong></span> <span class='ocrx_word' id='word_1_522' title='bbox 1705 4010 1777 4050; x_wconf 87' lang='lat' dir='ltr'><strong>ac&#39;</strong></span> <span class='ocrx_word' id='word_1_523' title='bbox 1795 3996 1885 4052; x_wconf 87' lang='lat' dir='ltr'><strong>alii</strong></span> <span class='ocrx_word' id='word_1_524' title='bbox 1915 4013 2047 4053; x_wconf 86' lang='lat' dir='ltr'><strong>cett-</strong></span> 
     </span>
    </p>
   </div>
   <div class='ocr_carea' id='block_1_71' title="bbox 442 4084 2048 4161">
    <p class='ocr_par' dir='ltr' id='par_1_71' title="bbox 442 4084 2048 4161">
     <span class='ocr_line' id='line_1_71' title="bbox 442 4084 2048 4161; baseline 0.007 -25"><span class='ocrx_word' id='word_1_525' title='bbox 442 4091 567 4136; x_wconf 88' lang='lat' dir='ltr'><strong>sent</strong></span> <span class='ocrx_word' id='word_1_526' title='bbox 613 4084 833 4138; x_wconf 90' lang='lat' dir='ltr'><strong>omnino</strong></span> <span class='ocrx_word' id='word_1_527' title='bbox 870 4084 1219 4157; x_wconf 83' lang='lat' dir='ltr'><strong>alligandum.</strong></span> <span class='ocrx_word' id='word_1_528' title='bbox 1254 4087 1505 4146; x_wconf 90' lang='lat' dir='ltr'><strong>Secundo</strong></span> <span class='ocrx_word' id='word_1_529' title='bbox 1537 4089 1795 4147; x_wconf 86' lang='lat' dir='ltr'><strong>Ursinum</strong></span> <span class='ocrx_word' id='word_1_530' title='bbox 1830 4091 2008 4161; x_wconf 88' lang='lat' dir='ltr'><strong>ipsum</strong></span> <span class='ocrx_word' id='word_1_531' title='bbox 2031 4135 2048 4159; x_wconf 93' lang='lat'><strong>,</strong></span> 
     </span>
    </p>
   </div>
   <div class='ocr_carea' id='block_1_72' title="bbox 442 4175 2053 4245">
    <p class='ocr_par' dir='ltr' id='par_1_72' title="bbox 442 4175 2053 4245">
     <span class='ocr_line' id='line_1_72' title="bbox 442 4175 2053 4245; baseline 0.012 -16"><span class='ocrx_word' id='word_1_532' title='bbox 442 4175 536 4245; x_wconf 90' lang='lat' dir='ltr'><strong>qui</strong></span> <span class='ocrx_word' id='word_1_533' title='bbox 575 4190 719 4231; x_wconf 90' lang='lat' dir='ltr'><strong>anno</strong></span> <span class='ocrx_word' id='word_1_534' title='bbox 749 4178 853 4234; x_wconf 79' lang='lat'><strong>57‘.)</strong></span> <span class='ocrx_word' id='word_1_535' title='bbox 882 4193 1008 4234; x_wconf 83' lang='lat' dir='ltr'><strong>snas</strong></span> <span class='ocrx_word' id='word_1_536' title='bbox 1036 4196 1157 4237; x_wconf 90' lang='lat' dir='ltr'><strong>cum</strong></span> <span class='ocrx_word' id='word_1_537' title='bbox 1182 4180 1397 4240; x_wconf 76' lang='lat' dir='ltr'><strong>Iuliano</strong></span> <span class='ocrx_word' id='word_1_538' title='bbox 1436 4182 1665 4245; x_wconf 78' lang='lat' dir='ltr'><strong>Valente</strong></span> <span class='ocrx_word' id='word_1_539' title='bbox 1695 4186 2053 4243; x_wconf 67' lang='lat' dir='ltr'><strong>Virescmdm</strong></span> 
     </span>
    </p>
   </div>
   <div class='ocr_carea' id='block_1_73' title="bbox 444 4268 2047 4349">
    <p class='ocr_par' dir='ltr' id='par_1_73' title="bbox 444 4268 2047 4349">
     <span class='ocr_line' id='line_1_73' title="bbox 444 4268 2047 4349; baseline 0.007 -24"><span class='ocrx_word' id='word_1_540' title='bbox 444 4268 742 4327; x_wconf 84' lang='lat' dir='ltr'><strong>Ecclesiam</strong></span> <span class='ocrx_word' id='word_1_541' title='bbox 782 4272 1066 4330; x_wconf 82' lang='lat' dir='ltr'><strong>Mediolani</strong></span> <span class='ocrx_word' id='word_1_542' title='bbox 1097 4275 1373 4347; x_wconf 85' lang='lat' dir='ltr'><strong>junxerat.</strong></span> <span class='ocrx_word' id='word_1_543' title='bbox 1403 4287 1555 4335; x_wconf 86' lang='lat' dir='ltr'><strong>extra</strong></span> <span class='ocrx_word' id='word_1_544' title='bbox 1588 4277 1794 4334; x_wconf 84' lang='lat' dir='ltr'><strong>Italiam</strong></span> <span class='ocrx_word' id='word_1_545' title='bbox 1820 4292 2047 4349; x_wconf 90' lang='lat' dir='ltr'><strong>trusum,</strong></span> 
     </span>
    </p>
   </div>
   <div class='ocr_carea' id='block_1_74' title="bbox 443 4368 2055 4444">
    <p class='ocr_par' dir='ltr' id='par_1_74' title="bbox 443 4368 2055 4444">
     <span class='ocr_line' id='line_1_74' title="bbox 443 4368 2055 4444; baseline 0.009 -29"><span class='ocrx_word' id='word_1_546' title='bbox 443 4376 508 4419; x_wconf 91' lang='lat' dir='ltr'><strong>ac</strong></span> <span class='ocrx_word' id='word_1_547' title='bbox 536 4368 701 4423; x_wconf 88' lang='lat' dir='ltr'><strong>certis</strong></span> <span class='ocrx_word' id='word_1_548' title='bbox 721 4368 895 4421; x_wconf 83' lang='lat' dir='ltr'><strong>exsilii</strong></span> <span class='ocrx_word' id='word_1_549' title='bbox 928 4368 1126 4424; x_wconf 87' lang='lat' dir='ltr'><strong>ﬁnibus</strong></span> <span class='ocrx_word' id='word_1_550' title='bbox 1153 4371 1468 4427; x_wconf 87' lang='lat' dir='ltr'><strong>conclusum</strong></span> <span class='ocrx_word' id='word_1_551' title='bbox 1492 4371 1657 4429; x_wconf 79' lang='lat' dir='ltr'><strong>fuiSse</strong></span> <span class='ocrx_word' id='word_1_552' title='bbox 1684 4388 1769 4439; x_wconf 87' lang='lat' dir='ltr'><strong>eo,</strong></span> <span class='ocrx_word' id='word_1_553' title='bbox 1797 4373 1938 4444; x_wconf 84' lang='lat' dir='ltr'><strong>quod</strong></span> <span class='ocrx_word' id='word_1_554' title='bbox 1972 4374 2055 4429; x_wconf 87' lang='lat' dir='ltr'><strong>in-</strong></span> 
     </span>
    </p>
   </div>
   <div class='ocr_carea' id='block_1_75' title="bbox 444 4462 2051 4538">
    <p class='ocr_par' dir='ltr' id='par_1_75' title="bbox 444 4462 2051 4538">
     <span class='ocr_line' id='line_1_75' title="bbox 444 4462 2051 4538; baseline 0.011 -31"><span class='ocrx_word' id='word_1_555' title='bbox 444 4463 527 4509; x_wconf 93' lang='lat' dir='ltr'><strong>ter</strong></span> <span class='ocrx_word' id='word_1_556' title='bbox 571 4472 769 4513; x_wconf 91' lang='lat' dir='ltr'><strong>annum</strong></span> <span class='ocrx_word' id='word_1_557' title='bbox 808 4462 911 4517; x_wconf 78' lang='lat'><strong>579</strong></span> <span class='ocrx_word' id='word_1_558' title='bbox 957 4477 1019 4517; x_wconf 80' lang='lat' dir='ltr'><strong>ac</strong></span> <span class='ocrx_word' id='word_1_559' title='bbox 1059 4463 1157 4519; x_wconf 80' lang='grc'><strong>581</strong></span> <span class='ocrx_word' id='word_1_560' title='bbox 1207 4465 1523 4534; x_wconf 82' lang='lat' dir='ltr'><strong>interjacet,</strong></span> <span class='ocrx_word' id='word_1_561' title='bbox 1570 4469 1833 4538; x_wconf 85' lang='lat' dir='ltr'><strong>temporis</strong></span> <span class='ocrx_word' id='word_1_562' title='bbox 1856 4470 2051 4537; x_wconf 88' lang='lat' dir='ltr'><strong>spatio.</strong></span> 
     </span>
    </p>
   </div>
   <div class='ocr_carea' id='block_1_76' title="bbox 2147 3250 3765 3323">
    <p class='ocr_par' dir='ltr' id='par_1_76' title="bbox 2147 3250 3765 3323">
     <span class='ocr_line' id='line_1_76' title="bbox 2147 3250 3765 3323; baseline 0 -16"><span class='ocrx_word' id='word_1_563' title='bbox 2147 3262 2252 3317; x_wconf 90' lang='lat' dir='ltr'><strong>set,</strong></span> <span class='ocrx_word' id='word_1_564' title='bbox 2276 3252 2319 3305; x_wconf 92' lang='lat' dir='ltr'><strong>si</strong></span> <span class='ocrx_word' id='word_1_565' title='bbox 2350 3250 2675 3318; x_wconf 82' lang='lat' dir='ltr'><strong>Ecclesium,</strong></span> <span class='ocrx_word' id='word_1_566' title='bbox 2705 3267 2736 3306; x_wconf 85' lang='lat' dir='ltr'><strong>a</strong></span> <span class='ocrx_word' id='word_1_567' title='bbox 2766 3266 2872 3323; x_wconf 88' lang='lat' dir='ltr'><strong>qna</strong></span> <span class='ocrx_word' id='word_1_568' title='bbox 2889 3250 3137 3320; x_wconf 89' lang='lat' dir='ltr'><strong>dejectus</strong></span> <span class='ocrx_word' id='word_1_569' title='bbox 3156 3251 3351 3316; x_wconf 79' lang='lat' dir='ltr'><strong>fuerat,</strong></span> <span class='ocrx_word' id='word_1_570' title='bbox 3372 3254 3610 3307; x_wconf 90' lang='lat' dir='ltr'><strong>retinere</strong></span> <span class='ocrx_word' id='word_1_571' title='bbox 3636 3267 3765 3322; x_wconf 84' lang='lat' dir='ltr'><strong>per-</strong></span> 
     </span>
    </p>
   </div>
   <div class='ocr_carea' id='block_1_77' title="bbox 2147 3343 3765 3416">
    <p class='ocr_par' dir='ltr' id='par_1_77' title="bbox 2147 3343 3765 3416">
     <span class='ocr_line' id='line_1_77' title="bbox 2147 3343 3765 3416; baseline -0.002 -15"><span class='ocrx_word' id='word_1_572' title='bbox 2147 3354 2332 3416; x_wconf 88' lang='lat' dir='ltr'><strong>geret,</strong></span> <span class='ocrx_word' id='word_1_573' title='bbox 2366 3346 2431 3399; x_wconf 89' lang='lat' dir='ltr'><strong>ad</strong></span> <span class='ocrx_word' id='word_1_574' title='bbox 2461 3346 2646 3400; x_wconf 89' lang='lat' dir='ltr'><strong>urbem</strong></span> <span class='ocrx_word' id='word_1_575' title='bbox 2669 3345 2896 3400; x_wconf 85' lang='lat' dir='ltr'><strong>Romam</strong></span> <span class='ocrx_word' id='word_1_576' title='bbox 2921 3343 3016 3398; x_wconf 82' lang='lat' dir='ltr'><strong>sub</strong></span> <span class='ocrx_word' id='word_1_577' title='bbox 3034 3345 3406 3413; x_wconf 75' lang='lat' dir='ltr'><strong>prosecutione,</strong></span> <span class='ocrx_word' id='word_1_578' title='bbox 3426 3345 3527 3399; x_wconf 85' lang='lat' dir='ltr'><strong>lida</strong></span> <span class='ocrx_word' id='word_1_579' title='bbox 3551 3344 3765 3399; x_wconf 80' lang='lat' dir='ltr'><strong>scilicet</strong></span> 
     </span>
    </p>
   </div>
   <div class='ocr_carea' id='block_1_78' title="bbox 2130 3428 3765 3512">
    <p class='ocr_par' dir='ltr' id='par_1_78' title="bbox 2130 3428 3765 3512">
     <span class='ocr_line' id='line_1_78' title="bbox 2130 3428 3765 3512; baseline 0.001 -20"><span class='ocrx_word' id='word_1_580' title='bbox 2130 3442 2310 3509; x_wconf 83' lang='lat' dir='ltr'><strong>’atque</strong></span> <span class='ocrx_word' id='word_1_581' title='bbox 2326 3439 2521 3496; x_wconf 91' lang='lat' dir='ltr'><strong>idonea</strong></span> <span class='ocrx_word' id='word_1_582' title='bbox 2542 3440 2807 3502; x_wconf 89' lang='lat' dir='ltr'><strong>custodia,</strong></span> <span class='ocrx_word' id='word_1_583' title='bbox 2825 3456 2916 3509; x_wconf 85' lang='lat' dir='ltr'><strong>per</strong></span> <span class='ocrx_word' id='word_1_584' title='bbox 2927 3440 3196 3512; x_wconf 69' lang='lat' dir='ltr'><strong>prafectos</strong></span> <span class='ocrx_word' id='word_1_585' title='bbox 3213 3428 3454 3509; x_wconf 66' lang='lat' dir='ltr'><strong>printer-io</strong></span> <span class='ocrx_word' id='word_1_586' title='bbox 3480 3438 3692 3505; x_wconf 55' lang='lat' dir='ltr'><strong>Gallias,</strong></span> <span class='ocrx_word' id='word_1_587' title='bbox 3714 3449 3765 3493; x_wconf 81' lang='lat' dir='ltr'><strong>et</strong></span> 
     </span>
    </p>
   </div>
   <div class='ocr_carea' id='block_1_79' title="bbox 2151 3530 3761 3601">
    <p class='ocr_par' dir='ltr' id='par_1_79' title="bbox 2151 3530 3761 3601">
     <span class='ocr_line' id='line_1_79' title="bbox 2151 3530 3761 3601; baseline 0.001 -14"><span class='ocrx_word' id='word_1_588' title='bbox 2151 3531 2345 3596; x_wconf 75' lang='lat' dir='ltr'><strong>Italite,</strong></span> <span class='ocrx_word' id='word_1_589' title='bbox 2376 3531 2717 3587; x_wconf 77' lang='lat' dir='ltr'><strong>Proconsules</strong></span> <span class='ocrx_word' id='word_1_590' title='bbox 2760 3542 2806 3585; x_wconf 87' lang='lat' dir='ltr'><strong>et</strong></span> <span class='ocrx_word' id='word_1_591' title='bbox 2844 3530 3079 3586; x_wconf 81' lang='lat' dir='ltr'><strong>Vicarios</strong></span> <span class='ocrx_word' id='word_1_592' title='bbox 3100 3534 3581 3587; x_wconf 88' lang='lat' dir='ltr'><strong>transmitteretur.</strong></span> <span class='ocrx_word' id='word_1_593' title='bbox 3605 3533 3761 3601; x_wconf 81' lang='lat' dir='ltr'><strong>Quod</strong></span> 
     </span>
    </p>
   </div>
   <div class='ocr_carea' id='block_1_80' title="bbox 2152 3624 3767 3695">
    <p class='ocr_par' dir='ltr' id='par_1_80' title="bbox 2152 3624 3767 3695">
     <span class='ocr_line' id='line_1_80' title="bbox 2152 3624 3767 3695; baseline 0 -16"><span class='ocrx_word' id='word_1_594' title='bbox 2152 3626 2197 3679; x_wconf 89' lang='lat' dir='ltr'><strong>si</strong></span> <span class='ocrx_word' id='word_1_595' title='bbox 2226 3625 2347 3695; x_wconf 88' lang='lat' dir='ltr'><strong>quis</strong></span> <span class='ocrx_word' id='word_1_596' title='bbox 2377 3626 2503 3680; x_wconf 89' lang='lat' dir='ltr'><strong>item</strong></span> <span class='ocrx_word' id='word_1_597' title='bbox 2533 3637 2827 3680; x_wconf 79' lang='lat' dir='ltr'><strong>contumax</strong></span> <span class='ocrx_word' id='word_1_598' title='bbox 2844 3624 3226 3694; x_wconf 90' lang='lat' dir='ltr'><strong>episcoporum</strong></span> <span class='ocrx_word' id='word_1_599' title='bbox 3246 3624 3513 3694; x_wconf 88' lang='lat' dir='ltr'><strong>judicium</strong></span> <span class='ocrx_word' id='word_1_600' title='bbox 3540 3639 3767 3694; x_wconf 84' lang='lat' dir='ltr'><strong>spreve-</strong></span> 
     </span>
    </p>
   </div>
   <div class='ocr_carea' id='block_1_81' title="bbox 2153 3719 3761 3791">
    <p class='ocr_par' dir='ltr' id='par_1_81' title="bbox 2153 3719 3761 3791">
     <span class='ocr_line' id='line_1_81' title="bbox 2153 3719 3761 3791; baseline 0 -17"><span class='ocrx_word' id='word_1_601' title='bbox 2153 3719 2226 3774; x_wconf 88' lang='lat' dir='ltr'><strong>rit</strong></span> <span class='ocrx_word' id='word_1_602' title='bbox 2276 3719 2682 3791; x_wconf 83' lang='lat' dir='ltr'><strong>diﬁ‘ugeritque,</strong></span> <span class='ocrx_word' id='word_1_603' title='bbox 2708 3721 2896 3775; x_wconf 86' lang='lat' dir='ltr'><strong>eadem</strong></span> <span class='ocrx_word' id='word_1_604' title='bbox 2930 3719 3140 3789; x_wconf 83' lang='lat' dir='ltr'><strong>publica</strong></span> <span class='ocrx_word' id='word_1_605' title='bbox 3172 3722 3497 3774; x_wconf 86' lang='lat' dir='ltr'><strong>auctoritate</strong></span> <span class='ocrx_word' id='word_1_606' title='bbox 3517 3719 3583 3773; x_wconf 91' lang='lat' dir='ltr'><strong>ad</strong></span> <span class='ocrx_word' id='word_1_607' title='bbox 3618 3719 3761 3774; x_wconf 91' lang='lat' dir='ltr'><strong>idem</strong></span> 
     </span>
    </p>
   </div>
   <div class='ocr_carea' id='block_1_82' title="bbox 2152 3811 3763 3883">
    <p class='ocr_par' dir='ltr' id='par_1_82' title="bbox 2152 3811 3763 3883">
     <span class='ocr_line' id='line_1_82' title="bbox 2152 3811 3763 3883; baseline -0.002 -14"><span class='ocrx_word' id='word_1_608' title='bbox 2152 3813 2464 3883; x_wconf 82' lang='lat' dir='ltr'><strong>episcopale</strong></span> <span class='ocrx_word' id='word_1_609' title='bbox 2508 3813 2767 3883; x_wconf 84' lang='lat' dir='ltr'><strong>judicium</strong></span> <span class='ocrx_word' id='word_1_610' title='bbox 2811 3813 3198 3868; x_wconf 88' lang='lat' dir='ltr'><strong>remitteretur.</strong></span> <span class='ocrx_word' id='word_1_611' title='bbox 3233 3813 3461 3867; x_wconf 83' lang='lat' dir='ltr'><strong>Constat</strong></span> <span class='ocrx_word' id='word_1_612' title='bbox 3506 3812 3667 3882; x_wconf 84' lang='lat' dir='ltr'><strong>igitur</strong></span> <span class='ocrx_word' id='word_1_613' title='bbox 3696 3811 3763 3865; x_wconf 83' lang='lat' dir='ltr'><strong>li-</strong></span> 
     </span>
    </p>
   </div>
   <div class='ocr_carea' id='block_1_83' title="bbox 2154 3900 3762 3975">
    <p class='ocr_par' dir='ltr' id='par_1_83' title="bbox 2154 3900 3762 3975">
     <span class='ocr_line' id='line_1_83' title="bbox 2154 3900 3762 3975; baseline 0 -16"><span class='ocrx_word' id='word_1_614' title='bbox 2154 3908 2337 3962; x_wconf 89' lang='lat' dir='ltr'><strong>cuisse</strong></span> <span class='ocrx_word' id='word_1_615' title='bbox 2382 3900 2627 3960; x_wconf 80' lang='lat' dir='ltr'><strong>Romano</strong></span> <span class='ocrx_word' id='word_1_616' title='bbox 2658 3906 2895 3973; x_wconf 88' lang='lat' dir='ltr'><strong>pontiﬁci</strong></span> <span class='ocrx_word' id='word_1_617' title='bbox 2925 3905 3307 3975; x_wconf 90' lang='lat' dir='ltr'><strong>episcoporum</strong></span> <span class='ocrx_word' id='word_1_618' title='bbox 3335 3919 3527 3959; x_wconf 85' lang='lat' dir='ltr'><strong>causas</strong></span> <span class='ocrx_word' id='word_1_619' title='bbox 3557 3907 3610 3959; x_wconf 90' lang='lat' dir='ltr'><strong>in</strong></span> <span class='ocrx_word' id='word_1_620' title='bbox 3648 3906 3762 3974; x_wconf 90' lang='lat' dir='ltr'><strong>pri-</strong></span> 
     </span>
    </p>
   </div>
   <div class='ocr_carea' id='block_1_84' title="bbox 2156 3997 3765 4069">
    <p class='ocr_par' dir='ltr' id='par_1_84' title="bbox 2156 3997 3765 4069">
     <span class='ocr_line' id='line_1_84' title="bbox 2156 3997 3765 4069; baseline -0.001 -16"><span class='ocrx_word' id='word_1_621' title='bbox 2156 4014 2241 4053; x_wconf 87' lang='lat' dir='ltr'><strong>ma</strong></span> <span class='ocrx_word' id='word_1_622' title='bbox 2266 3999 2450 4063; x_wconf 90' lang='lat' dir='ltr'><strong>etiam,</strong></span> <span class='ocrx_word' id='word_1_623' title='bbox 2477 4008 2533 4053; x_wconf 92' lang='lat' dir='ltr'><strong>ut</strong></span> <span class='ocrx_word' id='word_1_624' title='bbox 2556 4000 2726 4064; x_wconf 89' lang='lat' dir='ltr'><strong>aiunt,</strong></span> <span class='ocrx_word' id='word_1_625' title='bbox 2753 3999 3009 4053; x_wconf 89' lang='lat' dir='ltr'><strong>instantia</strong></span> <span class='ocrx_word' id='word_1_626' title='bbox 3036 4012 3365 4069; x_wconf 84' lang='lat' dir='ltr'><strong>cognoscere</strong></span> <span class='ocrx_word' id='word_1_627' title='bbox 3392 4009 3544 4053; x_wconf 82' lang='lat' dir='ltr'><strong>extra</strong></span> <span class='ocrx_word' id='word_1_628' title='bbox 3571 3997 3765 4053; x_wconf 90' lang='lat' dir='ltr'><strong>subur-</strong></span> 
     </span>
    </p>
   </div>
   <div class='ocr_carea' id='block_1_85' title="bbox 2159 4090 3764 4162">
    <p class='ocr_par' dir='ltr' id='par_1_85' title="bbox 2159 4090 3764 4162">
     <span class='ocr_line' id='line_1_85' title="bbox 2159 4090 3764 4162; baseline 0 -17"><span class='ocrx_word' id='word_1_629' title='bbox 2159 4092 2391 4147; x_wconf 86' lang='lat' dir='ltr'><strong>bicarias</strong></span> <span class='ocrx_word' id='word_1_630' title='bbox 2435 4093 2774 4161; x_wconf 87' lang='lat' dir='ltr'><strong>provincias,</strong></span> <span class='ocrx_word' id='word_1_631' title='bbox 2821 4107 2919 4162; x_wconf 89' lang='lat' dir='ltr'><strong>per</strong></span> <span class='ocrx_word' id='word_1_632' title='bbox 2961 4091 3162 4149; x_wconf 84' lang='lat' dir='ltr'><strong>Gallias</strong></span> <span class='ocrx_word' id='word_1_633' title='bbox 3221 4091 3429 4147; x_wconf 80' lang='lat' dir='ltr'><strong>scilicet</strong></span> <span class='ocrx_word' id='word_1_634' title='bbox 3464 4102 3519 4147; x_wconf 91' lang='lat' dir='ltr'><strong>et</strong></span> <span class='ocrx_word' id='word_1_635' title='bbox 3552 4090 3764 4146; x_wconf 86' lang='lat' dir='ltr'><strong>Italiam</strong></span> 
     </span>
    </p>
   </div>
   <div class='ocr_carea' id='block_1_86' title="bbox 2158 4185 3764 4256">
    <p class='ocr_par' dir='ltr' id='par_1_86' title="bbox 2158 4185 3764 4256">
     <span class='ocr_line' id='line_1_86' title="bbox 2158 4185 3764 4256; baseline -0.001 -17"><span class='ocrx_word' id='word_1_636' title='bbox 2158 4193 2359 4248; x_wconf 89' lang='lat' dir='ltr'><strong>totam,</strong></span> <span class='ocrx_word' id='word_1_637' title='bbox 2390 4185 2619 4256; x_wconf 88' lang='lat' dir='ltr'><strong>ejusque</strong></span> <span class='ocrx_word' id='word_1_638' title='bbox 2660 4187 2763 4241; x_wconf 87' lang='lat' dir='ltr'><strong>hoc</strong></span> <span class='ocrx_word' id='word_1_639' title='bbox 2786 4186 2875 4254; x_wconf 87' lang='lat' dir='ltr'><strong>jus</strong></span> <span class='ocrx_word' id='word_1_640' title='bbox 2900 4185 2969 4240; x_wconf 84' lang='lat' dir='ltr'><strong>ab</strong></span> <span class='ocrx_word' id='word_1_641' title='bbox 2993 4186 3319 4254; x_wconf 89' lang='lat' dir='ltr'><strong>imperatore</strong></span> <span class='ocrx_word' id='word_1_642' title='bbox 3346 4185 3463 4253; x_wconf 84' lang='lat' dir='ltr'><strong>ipso</strong></span> <span class='ocrx_word' id='word_1_643' title='bbox 3494 4194 3764 4239; x_wconf 86' lang='lat' dir='ltr'><strong>assertum</strong></span> 
     </span>
    </p>
   </div>
   <div class='ocr_carea' id='block_1_87' title="bbox 2159 4278 3767 4350">
    <p class='ocr_par' dir='ltr' id='par_1_87' title="bbox 2159 4278 3767 4350">
     <span class='ocr_line' id='line_1_87' title="bbox 2159 4278 3767 4350; baseline -0.004 -15"><span class='ocrx_word' id='word_1_644' title='bbox 2159 4279 2655 4350; x_wconf 85' lang='lat' dir='ltr'><strong>conﬁrmatumque</strong></span> <span class='ocrx_word' id='word_1_645' title='bbox 2679 4278 2866 4344; x_wconf 77' lang='lat' dir='ltr'><strong>fuisse,</strong></span> <span class='ocrx_word' id='word_1_646' title='bbox 2890 4278 2991 4334; x_wconf 82' lang='lat' dir='ltr'><strong>nisi</strong></span> <span class='ocrx_word' id='word_1_647' title='bbox 3016 4278 3123 4332; x_wconf 66' lang='lat' dir='ltr'><strong>illm</strong></span> <span class='ocrx_word' id='word_1_648' title='bbox 3143 4278 3209 4332; x_wconf 88' lang='lat' dir='ltr'><strong>ad</strong></span> <span class='ocrx_word' id='word_1_649' title='bbox 3234 4279 3614 4347; x_wconf 87' lang='lat' dir='ltr'><strong>episcoporum</strong></span> <span class='ocrx_word' id='word_1_650' title='bbox 3642 4293 3767 4347; x_wconf 88' lang='lat' dir='ltr'><strong>pro-</strong></span> 
     </span>
    </p>
   </div>
   <div class='ocr_carea' id='block_1_88' title="bbox 2161 4370 3764 4446">
    <p class='ocr_par' dir='ltr' id='par_1_88' title="bbox 2161 4370 3764 4446">
     <span class='ocr_line' id='line_1_88' title="bbox 2161 4370 3764 4446; baseline -0.002 -20"><span class='ocrx_word' id='word_1_651' title='bbox 2161 4372 2355 4427; x_wconf 67' lang='lat' dir='ltr'><strong>vinciat</strong></span> <span class='ocrx_word' id='word_1_652' title='bbox 2382 4372 2649 4446; x_wconf 84' lang='lat' dir='ltr'><strong>synodum</strong></span> <span class='ocrx_word' id='word_1_653' title='bbox 2684 4371 2876 4426; x_wconf 64' lang='lat' dir='ltr'><strong>delatae</strong></span> <span class='ocrx_word' id='word_1_654' title='bbox 2906 4380 3061 4426; x_wconf 82' lang='lat' dir='ltr'><strong>antea</strong></span> <span class='ocrx_word' id='word_1_655' title='bbox 3095 4370 3344 4426; x_wconf 81' lang='lat' dir='ltr'><strong>fuissent.</strong></span> <span class='ocrx_word' id='word_1_656' title='bbox 3374 4370 3596 4425; x_wconf 84' lang='lat' dir='ltr'><strong>Minime</strong></span> <span class='ocrx_word' id='word_1_657' title='bbox 3620 4370 3764 4424; x_wconf 81' lang='lat' dir='ltr'><strong>difﬁ-</strong></span> 
     </span>
    </p>
   </div>
   <div class='ocr_carea' id='block_1_89' title="bbox 2161 4463 3759 4536">
    <p class='ocr_par' dir='ltr' id='par_1_89' title="bbox 2161 4463 3759 4536">
     <span class='ocr_line' id='line_1_89' title="bbox 2161 4463 3759 4536; baseline -0.003 -15"><span class='ocrx_word' id='word_1_658' title='bbox 2161 4476 2280 4522; x_wconf 90' lang='lat' dir='ltr'><strong>teor</strong></span> <span class='ocrx_word' id='word_1_659' title='bbox 2303 4477 2503 4531; x_wconf 88' lang='lat' dir='ltr'><strong>tamen,</strong></span> <span class='ocrx_word' id='word_1_660' title='bbox 2532 4465 2658 4536; x_wconf 90' lang='lat' dir='ltr'><strong>quin</strong></span> <span class='ocrx_word' id='word_1_661' title='bbox 2679 4466 2782 4520; x_wconf 88' lang='lat' dir='ltr'><strong>boc</strong></span> <span class='ocrx_word' id='word_1_662' title='bbox 2801 4465 2993 4520; x_wconf 87' lang='lat' dir='ltr'><strong>eodem</strong></span> <span class='ocrx_word' id='word_1_663' title='bbox 3022 4464 3288 4535; x_wconf 88' lang='lat' dir='ltr'><strong>rescripto</strong></span> <span class='ocrx_word' id='word_1_664' title='bbox 3307 4463 3467 4518; x_wconf 89' lang='lat' dir='ltr'><strong>statui</strong></span> <span class='ocrx_word' id='word_1_665' title='bbox 3493 4463 3759 4529; x_wconf 85' lang='lat' dir='ltr'><strong>videatur,</strong></span> 
     </span>
    </p>
   </div>
   <div class='ocr_carea' id='block_1_90' title="bbox 444 4543 3764 4630">
    <p class='ocr_par' dir='ltr' id='par_1_90' title="bbox 444 4543 3764 4630">
     <span class='ocr_line' id='line_1_90' title="bbox 444 4543 3764 4630; baseline 0.003 -31"><span class='ocrx_word' id='word_1_666' title='bbox 444 4543 579 4600; x_wconf 89' lang='lat' dir='ltr'><strong>Cum</strong></span> <span class='ocrx_word' id='word_1_667' title='bbox 605 4563 735 4605; x_wconf 89' lang='lat' dir='ltr'><strong>vero</strong></span> <span class='ocrx_word' id='word_1_668' title='bbox 758 4552 930 4621; x_wconf 90' lang='lat' dir='ltr'><strong>illum,</strong></span> <span class='ocrx_word' id='word_1_669' title='bbox 951 4554 1175 4627; x_wconf 87' lang='lat' dir='ltr'><strong>ejusque</strong></span> <span class='ocrx_word' id='word_1_670' title='bbox 1198 4558 1401 4614; x_wconf 88' lang='lat' dir='ltr'><strong>amicos</strong></span> <span class='ocrx_word' id='word_1_671' title='bbox 1426 4560 1529 4617; x_wconf 88' lang='lat' dir='ltr'><strong>sibi</strong></span> <span class='ocrx_word' id='word_1_672' title='bbox 1548 4570 1898 4617; x_wconf 83' lang='lat' dir='ltr'><strong>occursantes</strong></span> <span class='ocrx_word' id='word_1_673' title='bbox 1911 4561 2046 4617; x_wconf 88' lang='lat' dir='ltr'><strong>Gra-</strong></span> <span class='ocrx_word' id='word_1_674' title='bbox 2072 4550 2127 4611; x_wconf 89' lang='lat' dir='ltr'><strong>D</strong></span> <span class='ocrx_word' id='word_1_675' title='bbox 2150 4575 2248 4616; x_wconf 86' lang='lat' dir='ltr'><strong>eas</strong></span> <span class='ocrx_word' id='word_1_676' title='bbox 2271 4575 2391 4630; x_wconf 76' lang='lat' dir='ltr'><strong>quze</strong></span> <span class='ocrx_word' id='word_1_677' title='bbox 2419 4560 2473 4613; x_wconf 89' lang='lat' dir='ltr'><strong>in</strong></span> <span class='ocrx_word' id='word_1_678' title='bbox 2499 4558 2937 4630; x_wconf 76' lang='lat' dir='ltr'><strong>longinquioribus</strong></span> <span class='ocrx_word' id='word_1_679' title='bbox 2961 4558 3189 4627; x_wconf 79' lang='lat' dir='ltr'><strong>partibus</strong></span> <span class='ocrx_word' id='word_1_680' title='bbox 3211 4560 3571 4628; x_wconf 84' lang='lat' dir='ltr'><strong>emergerem,</strong></span> <span class='ocrx_word' id='word_1_681' title='bbox 3598 4571 3631 4609; x_wconf 87' lang='lat' dir='ltr'><strong>a</strong></span> <span class='ocrx_word' id='word_1_682' title='bbox 3652 4572 3764 4612; x_wconf 84' lang='lat' dir='ltr'><strong>me-</strong></span> 
     </span>
    </p>
   </div>
   <div class='ocr_carea' id='block_1_91' title="bbox 446 4639 2052 4723">
    <p class='ocr_par' dir='ltr' id='par_1_91' title="bbox 446 4639 2052 4723">
     <span class='ocr_line' id='line_1_91' title="bbox 446 4639 2052 4723; baseline 0.009 -31"><span class='ocrx_word' id='word_1_683' title='bbox 446 4639 626 4694; x_wconf 86' lang='lat' dir='ltr'><strong>tiautts</strong></span> <span class='ocrx_word' id='word_1_684' title='bbox 655 4641 711 4699; x_wconf 88' lang='lat' dir='ltr'><strong>in</strong></span> <span class='ocrx_word' id='word_1_685' title='bbox 733 4641 919 4697; x_wconf 88' lang='lat' dir='ltr'><strong>Galliis</strong></span> <span class='ocrx_word' id='word_1_686' title='bbox 946 4659 976 4699; x_wconf 90' lang='lat' dir='ltr'><strong>a</strong></span> <span class='ocrx_word' id='word_1_687' title='bbox 1006 4661 1065 4702; x_wconf 92' lang='lat' dir='ltr'><strong>se</strong></span> <span class='ocrx_word' id='word_1_688' title='bbox 1095 4649 1308 4706; x_wconf 84' lang='lat' dir='ltr'><strong>auditos</strong></span> <span class='ocrx_word' id='word_1_689' title='bbox 1337 4651 1563 4717; x_wconf 82' lang='lat' dir='ltr'><strong>scribat,</strong></span> <span class='ocrx_word' id='word_1_690' title='bbox 1595 4650 1759 4708; x_wconf 74' lang='lat' dir='ltr'><strong>facile</strong></span> <span class='ocrx_word' id='word_1_691' title='bbox 1795 4652 2052 4723; x_wconf 82' lang='lat' dir='ltr'><strong>intelligi-</strong></span> 
     </span>
    </p>
   </div>
   <div class='ocr_carea' id='block_1_92' title="bbox 445 4731 2051 4812">
    <p class='ocr_par' dir='ltr' id='par_1_92' title="bbox 445 4731 2051 4812">
     <span class='ocr_line' id='line_1_92' title="bbox 445 4731 2051 4812; baseline 0.009 -25"><span class='ocrx_word' id='word_1_692' title='bbox 445 4747 567 4787; x_wconf 89' lang='lat' dir='ltr'><strong>mus</strong></span> <span class='ocrx_word' id='word_1_693' title='bbox 601 4731 701 4789; x_wconf 88' lang='lat' dir='ltr'><strong>hoc</strong></span> <span class='ocrx_word' id='word_1_694' title='bbox 730 4736 1021 4808; x_wconf 85' lang='lat' dir='ltr'><strong>contigisse</strong></span> <span class='ocrx_word' id='word_1_695' title='bbox 1048 4754 1189 4795; x_wconf 89' lang='lat' dir='ltr'><strong>anno</strong></span> <span class='ocrx_word' id='word_1_696' title='bbox 1217 4741 1321 4797; x_wconf 77' lang='lat'><strong>380</strong></span> <span class='ocrx_word' id='word_1_697' title='bbox 1348 4742 1458 4811; x_wconf 92' lang='lat' dir='ltr'><strong>jatn</strong></span> <span class='ocrx_word' id='word_1_698' title='bbox 1490 4753 1764 4812; x_wconf 81' lang='lat' dir='ltr'><strong>provecto.</strong></span> <span class='ocrx_word' id='word_1_699' title='bbox 1797 4760 1919 4801; x_wconf 88' lang='lat' dir='ltr'><strong>cum</strong></span> <span class='ocrx_word' id='word_1_700' title='bbox 1946 4746 2051 4801; x_wconf 89' lang='lat' dir='ltr'><strong>sci-</strong></span> 
     </span>
    </p>
   </div>
   <div class='ocr_carea' id='block_1_93' title="bbox 445 4824 2055 4903">
    <p class='ocr_par' dir='ltr' id='par_1_93' title="bbox 445 4824 2055 4903">
     <span class='ocr_line' id='line_1_93' title="bbox 445 4824 2055 4903; baseline 0.008 -23"><span class='ocrx_word' id='word_1_701' title='bbox 445 4824 573 4881; x_wconf 89' lang='lat' dir='ltr'><strong>licet</strong></span> <span class='ocrx_word' id='word_1_702' title='bbox 615 4825 814 4884; x_wconf 89' lang='lat' dir='ltr'><strong>Sirtnio</strong></span> <span class='ocrx_word' id='word_1_703' title='bbox 844 4830 1012 4887; x_wconf 81' lang='lat' dir='ltr'><strong>redux</strong></span> <span class='ocrx_word' id='word_1_704' title='bbox 1034 4846 1101 4889; x_wconf 91' lang='lat' dir='ltr'><strong>eo</strong></span> <span class='ocrx_word' id='word_1_705' title='bbox 1123 4832 1397 4903; x_wconf 83' lang='lat' dir='ltr'><strong>profectus</strong></span> <span class='ocrx_word' id='word_1_706' title='bbox 1420 4846 1525 4902; x_wconf 89' lang='lat' dir='ltr'><strong>cst,</strong></span> <span class='ocrx_word' id='word_1_707' title='bbox 1556 4844 1614 4891; x_wconf 92' lang='lat' dir='ltr'><strong>ut</strong></span> <span class='ocrx_word' id='word_1_708' title='bbox 1642 4836 1783 4895; x_wconf 85' lang='lat' dir='ltr'><strong>bello</strong></span> <span class='ocrx_word' id='word_1_709' title='bbox 1806 4838 2055 4893; x_wconf 84' lang='lat' dir='ltr'><strong>Alaman-</strong></span> 
     </span>
    </p>
   </div>
   <div class='ocr_carea' id='block_1_94' title="bbox 446 4920 2055 4996">
    <p class='ocr_par' dir='ltr' id='par_1_94' title="bbox 446 4920 2055 4996">
     <span class='ocr_line' id='line_1_94' title="bbox 446 4920 2055 4996; baseline 0.008 -22"><span class='ocrx_word' id='word_1_710' title='bbox 446 4920 571 4974; x_wconf 87' lang='lat' dir='ltr'><strong>nico</strong></span> <span class='ocrx_word' id='word_1_711' title='bbox 611 4930 827 4977; x_wconf 83' lang='lat' dir='ltr'><strong>vacaret</strong></span> <span class='ocrx_word' id='word_1_712' title='bbox 866 4922 977 4994; x_wconf 84' lang='lat' dir='ltr'><strong>(a),</strong></span> <span class='ocrx_word' id='word_1_713' title='bbox 1020 4939 1191 4996; x_wconf 88' lang='lat' dir='ltr'><strong>eaque</strong></span> <span class='ocrx_word' id='word_1_714' title='bbox 1240 4939 1323 4985; x_wconf 85' lang='lat' dir='ltr'><strong>eSt</strong></span> <span class='ocrx_word' id='word_1_715' title='bbox 1351 4930 1487 4983; x_wconf 89' lang='lat' dir='ltr'><strong>ratio</strong></span> <span class='ocrx_word' id='word_1_716' title='bbox 1508 4945 1605 4986; x_wconf 88' lang='lat' dir='ltr'><strong>cur</strong></span> <span class='ocrx_word' id='word_1_717' title='bbox 1635 4931 1952 4987; x_wconf 70' lang='lat' dir='ltr'><strong>Ambrosius</strong></span> <span class='ocrx_word' id='word_1_718' title='bbox 1978 4932 2055 4987; x_wconf 89' lang='lat' dir='ltr'><strong>ait</strong></span> 
     </span>
    </p>
   </div>
   <div class='ocr_carea' id='block_1_95' title="bbox 444 5014 2058 5089">
    <p class='ocr_par' dir='ltr' id='par_1_95' title="bbox 444 5014 2058 5089">
     <span class='ocr_line' id='line_1_95' title="bbox 444 5014 2058 5089; baseline 0.008 -20"><span class='ocrx_word' id='word_1_719' title='bbox 444 5014 809 5085; x_wconf 82' lang='lat' dir='ltr'><strong>Aquileiensis</strong></span> <span class='ocrx_word' id='word_1_720' title='bbox 852 5019 1068 5075; x_wconf 88' lang='lat' dir='ltr'><strong>concilii</strong></span> <span class='ocrx_word' id='word_1_721' title='bbox 1116 5022 1367 5089; x_wconf 88' lang='lat' dir='ltr'><strong>nomine,</strong></span> <span class='ocrx_word' id='word_1_722' title='bbox 1409 5024 1543 5080; x_wconf 87' lang='lat' dir='ltr'><strong>inter</strong></span> <span class='ocrx_word' id='word_1_723' title='bbox 1585 5024 1794 5081; x_wconf 81' lang='lat' dir='ltr'><strong>bellicas</strong></span> <span class='ocrx_word' id='word_1_724' title='bbox 1836 5029 2058 5082; x_wconf 81' lang='lat' dir='ltr'><strong>necessi-</strong></span> 
     </span>
    </p>
   </div>
   <div class='ocr_carea' id='block_1_96' title="bbox 446 5110 2057 5181">
    <p class='ocr_par' dir='ltr' id='par_1_96' title="bbox 446 5110 2057 5181">
     <span class='ocr_line' id='line_1_96' title="bbox 446 5110 2057 5181; baseline 0.009 -19"><span class='ocrx_word' id='word_1_725' title='bbox 446 5116 573 5163; x_wconf 81' lang='lat' dir='ltr'><strong>tates</strong></span> <span class='ocrx_word' id='word_1_726' title='bbox 594 5110 942 5181; x_wconf 84' lang='lat' dir='ltr'><strong>obreptionem</strong></span> <span class='ocrx_word' id='word_1_727' title='bbox 963 5113 1312 5179; x_wconf 82' lang='lat' dir='ltr'><strong>importunam</strong></span> <span class='ocrx_word' id='word_1_728' title='bbox 1333 5119 1541 5173; x_wconf 78' lang='lat' dir='ltr'><strong>tentari.</strong></span> <span class='ocrx_word' id='word_1_729' title='bbox 1571 5118 1922 5175; x_wconf 74' lang='lat' dir='ltr'><strong>Verissimuut</strong></span> <span class='ocrx_word' id='word_1_730' title='bbox 1952 5122 2057 5175; x_wconf 85' lang='lat' dir='ltr'><strong>ita-</strong></span> 
     </span>
    </p>
   </div>
   <div class='ocr_carea' id='block_1_97' title="bbox 445 5203 2055 5281">
    <p class='ocr_par' dir='ltr' id='par_1_97' title="bbox 445 5203 2055 5281">
     <span class='ocr_line' id='line_1_97' title="bbox 445 5203 2055 5281; baseline 0.008 -27"><span class='ocrx_word' id='word_1_731' title='bbox 445 5216 551 5271; x_wconf 87' lang='lat' dir='ltr'><strong>que</strong></span> <span class='ocrx_word' id='word_1_732' title='bbox 594 5210 679 5257; x_wconf 91' lang='lat' dir='ltr'><strong>est</strong></span> <span class='ocrx_word' id='word_1_733' title='bbox 720 5203 860 5273; x_wconf 89' lang='lat' dir='ltr'><strong>quod</strong></span> <span class='ocrx_word' id='word_1_734' title='bbox 901 5205 970 5260; x_wconf 88' lang='lat' dir='ltr'><strong>cl.</strong></span> <span class='ocrx_word' id='word_1_735' title='bbox 1005 5204 1330 5263; x_wconf 82' lang='lat' dir='ltr'><strong>Muratorius</strong></span> <span class='ocrx_word' id='word_1_736' title='bbox 1367 5209 1485 5267; x_wconf 88' lang='lat' dir='ltr'><strong>ait:</strong></span> <span class='ocrx_word' id='word_1_737' title='bbox 1529 5210 1604 5281; x_wconf 68' lang='grc' dir='ltr'><strong>(ὁ)</strong></span> <span class='ocrx_word' id='word_1_738' title='bbox 1631 5210 1885 5269; x_wconf 88' lang='lat' dir='ltr'><strong>Ursinum</strong></span> <span class='ocrx_word' id='word_1_739' title='bbox 1927 5226 2055 5269; x_wconf 88' lang='lat' dir='ltr'><strong>sero</strong></span> 
     </span>
    </p>
   </div>
   <div class='ocr_carea' id='block_1_98' title="bbox 445 5294 2054 5374">
    <p class='ocr_par' dir='ltr' id='par_1_98' title="bbox 445 5294 2054 5374">
     <span class='ocr_line' id='line_1_98' title="bbox 445 5294 2054 5374; baseline 0.008 -28"><span class='ocrx_word' id='word_1_740' title='bbox 445 5294 736 5349; x_wconf 86' lang='lat' dir='ltr'><strong>admodum</strong></span> <span class='ocrx_word' id='word_1_741' title='bbox 771 5296 821 5349; x_wconf 89' lang='lat' dir='ltr'><strong>itt</strong></span> <span class='ocrx_word' id='word_1_742' title='bbox 845 5296 1034 5353; x_wconf 83' lang='lat' dir='ltr'><strong>Galliis</strong></span> <span class='ocrx_word' id='word_1_743' title='bbox 1064 5301 1379 5368; x_wconf 81' lang='lat' dir='ltr'><strong>exsulasse;</strong></span> <span class='ocrx_word' id='word_1_744' title='bbox 1398 5317 1726 5374; x_wconf 83' lang='lat' dir='ltr'><strong>quamquam</strong></span> <span class='ocrx_word' id='word_1_745' title='bbox 1750 5304 1891 5359; x_wconf 88' lang='lat' dir='ltr'><strong>haud</strong></span> <span class='ocrx_word' id='word_1_746' title='bbox 1919 5307 2054 5361; x_wconf 88' lang='lat' dir='ltr'><strong>satis</strong></span> 
     </span>
    </p>
   </div>
   <div class='ocr_carea' id='block_1_99' title="bbox 443 5385 2052 5467">
    <p class='ocr_par' dir='ltr' id='par_1_99' title="bbox 443 5385 2052 5467">
     <span class='ocr_line' id='line_1_99' title="bbox 443 5385 2052 5467; baseline 0.008 -26"><span class='ocrx_word' id='word_1_747' title='bbox 443 5385 705 5457; x_wconf 77' lang='lat' dir='ltr'><strong>feliciter,</strong></span> <span class='ocrx_word' id='word_1_748' title='bbox 732 5398 791 5446; x_wconf 88' lang='lat' dir='ltr'><strong>ut</strong></span> <span class='ocrx_word' id='word_1_749' title='bbox 816 5390 921 5445; x_wconf 85' lang='lat' dir='ltr'><strong>alio</strong></span> <span class='ocrx_word' id='word_1_750' title='bbox 944 5392 1062 5448; x_wconf 89' lang='lat' dir='ltr'><strong>loco</strong></span> <span class='ocrx_word' id='word_1_751' title='bbox 1088 5392 1222 5462; x_wconf 80' lang='lat' dir='ltr'><strong>dixi,</strong></span> <span class='ocrx_word' id='word_1_752' title='bbox 1254 5394 1378 5453; x_wconf 87' lang='lat' dir='ltr'><strong>hinc</strong></span> <span class='ocrx_word' id='word_1_753' title='bbox 1411 5397 1691 5467; x_wconf 84' lang='lat' dir='ltr'><strong>conjiciat,</strong></span> <span class='ocrx_word' id='word_1_754' title='bbox 1720 5413 1845 5454; x_wconf 85' lang='lat' dir='ltr'><strong>euut</strong></span> <span class='ocrx_word' id='word_1_755' title='bbox 1874 5399 1928 5453; x_wconf 89' lang='lat' dir='ltr'><strong>itt</strong></span> <span class='ocrx_word' id='word_1_756' title='bbox 1960 5413 2052 5453; x_wconf 81' lang='lat' dir='ltr'><strong>ca-</strong></span> 
     </span>
    </p>
   </div>
   <div class='ocr_carea' id='block_1_100' title="bbox 445 5478 2049 5560">
    <p class='ocr_par' dir='ltr' id='par_1_100' title="bbox 445 5478 2049 5560">
     <span class='ocr_line' id='line_1_100' title="bbox 445 5478 2049 5560; baseline 0.007 -27"><span class='ocrx_word' id='word_1_757' title='bbox 445 5478 637 5536; x_wconf 88' lang='lat' dir='ltr'><strong>thedra</strong></span> <span class='ocrx_word' id='word_1_758' title='bbox 676 5482 1025 5553; x_wconf 87' lang='lat' dir='ltr'><strong>Neapolitana</strong></span> <span class='ocrx_word' id='word_1_759' title='bbox 1071 5485 1265 5545; x_wconf 83' lang='lat' dir='ltr'><strong>sedere</strong></span> <span class='ocrx_word' id='word_1_760' title='bbox 1312 5488 1561 5560; x_wconf 83' lang='lat' dir='ltr'><strong>potuisse</strong></span> <span class='ocrx_word' id='word_1_761' title='bbox 1599 5498 1725 5548; x_wconf 88' lang='lat' dir='ltr'><strong>ante</strong></span> <span class='ocrx_word' id='word_1_762' title='bbox 1760 5490 2049 5547; x_wconf 87' lang='lat' dir='ltr'><strong>Severum.</strong></span> 
     </span>
    </p>
   </div>
   <div class='ocr_carea' id='block_1_101' title="bbox 445 5569 2049 5654">
    <p class='ocr_par' dir='ltr' id='par_1_101' title="bbox 445 5569 2049 5654">
     <span class='ocr_line' id='line_1_101' title="bbox 445 5569 2049 5654; baseline 0.009 -27"><span class='ocrx_word' id='word_1_763' title='bbox 445 5569 577 5629; x_wconf 87' lang='lat' dir='ltr'><strong>Cum</strong></span> <span class='ocrx_word' id='word_1_764' title='bbox 620 5575 782 5651; x_wconf 86' lang='lat' dir='ltr'><strong>igitur</strong></span> <span class='ocrx_word' id='word_1_765' title='bbox 824 5576 1054 5639; x_wconf 85' lang='lat' dir='ltr'><strong>Ursinus</strong></span> <span class='ocrx_word' id='word_1_766' title='bbox 1092 5578 1393 5643; x_wconf 75' lang='lat' dir='ltr'><strong>factionum</strong></span> <span class='ocrx_word' id='word_1_767' title='bbox 1424 5581 1565 5650; x_wconf 82' lang='lat' dir='ltr'><strong>dux,</strong></span> <span class='ocrx_word' id='word_1_768' title='bbox 1604 5582 1754 5645; x_wconf 75' lang='lat' dir='ltr'><strong>Isaac</strong></span> <span class='ocrx_word' id='word_1_769' title='bbox 1779 5591 2049 5654; x_wconf 78' lang='lat' dir='ltr'><strong>praeterea</strong></span> 
     </span>
    </p>
   </div>
   <div class='ocr_carea' id='block_1_102' title="bbox 518 5735 1396 5819">
    <p class='ocr_par' dir='ltr' id='par_1_102' title="bbox 518 5735 1396 5819">
     <span class='ocr_line' id='line_1_102' title="bbox 518 5735 1396 5819; baseline 0.016 -30"><span class='ocrx_word' id='word_1_770' title='bbox 518 5735 597 5810; x_wconf 89' lang='lat' dir='ltr'><strong>(a)</strong></span> <span class='ocrx_word' id='word_1_771' title='bbox 634 5737 850 5799; x_wconf 76' lang='lat' dir='ltr'><strong>Sozom.</strong></span> <span class='ocrx_word' id='word_1_772' title='bbox 868 5740 1113 5816; x_wconf 60' lang='lat' dir='ltr'><strong>,|lib.;vn</strong></span> <span class='ocrx_word' id='word_1_773' title='bbox 1129 5784 1145 5817; x_wconf 88' lang='lat'><strong>,</strong></span> <span class='ocrx_word' id='word_1_774' title='bbox 1169 5746 1396 5819; x_wconf 48' lang='grc' dir='ltr'><strong>θερέω</strong></span> 
     </span>
    </p>
   </div>
   <div class='ocr_carea' id='block_1_103' title="bbox 2157 4649 3763 4723">
    <p class='ocr_par' dir='ltr' id='par_1_103' title="bbox 2157 4649 3763 4723">
     <span class='ocr_line' id='line_1_103' title="bbox 2157 4649 3763 4723; baseline -0.002 -16"><span class='ocrx_word' id='word_1_775' title='bbox 2157 4654 2501 4723; x_wconf 82' lang='lat' dir='ltr'><strong>tropolitauis</strong></span> <span class='ocrx_word' id='word_1_776' title='bbox 2540 4652 2944 4721; x_wconf 84' lang='lat' dir='ltr'><strong>cognoscendas</strong></span> <span class='ocrx_word' id='word_1_777' title='bbox 2981 4665 3125 4718; x_wconf 87' lang='lat' dir='ltr'><strong>esse,</strong></span> <span class='ocrx_word' id='word_1_778' title='bbox 3163 4650 3267 4706; x_wconf 88' lang='lat' dir='ltr'><strong>nisi</strong></span> <span class='ocrx_word' id='word_1_779' title='bbox 3308 4649 3763 4720; x_wconf 83' lang='lat' dir='ltr'><strong>metropolitantts</strong></span> 
     </span>
    </p>
   </div>
   <div class='ocr_carea' id='block_1_104' title="bbox 2162 4742 3761 4815">
    <p class='ocr_par' dir='ltr' id='par_1_104' title="bbox 2162 4742 3761 4815">
     <span class='ocr_line' id='line_1_104' title="bbox 2162 4742 3761 4815; baseline 0 -18"><span class='ocrx_word' id='word_1_780' title='bbox 2162 4746 2281 4815; x_wconf 90' lang='lat' dir='ltr'><strong>ipse</strong></span> <span class='ocrx_word' id='word_1_781' title='bbox 2321 4753 2603 4814; x_wconf 85' lang='lat' dir='ltr'><strong>suspectus</strong></span> <span class='ocrx_word' id='word_1_782' title='bbox 2635 4750 2798 4799; x_wconf 79' lang='lat' dir='ltr'><strong>esset.</strong></span> <span class='ocrx_word' id='word_1_783' title='bbox 2834 4744 2904 4797; x_wconf 81' lang='lat' dir='ltr'><strong>At</strong></span> <span class='ocrx_word' id='word_1_784' title='bbox 2932 4758 3053 4812; x_wconf 70' lang='lat' dir='ltr'><strong>quat:</strong></span> <span class='ocrx_word' id='word_1_785' title='bbox 3080 4744 3190 4798; x_wconf 91' lang='lat' dir='ltr'><strong>sint</strong></span> <span class='ocrx_word' id='word_1_786' title='bbox 3218 4742 3624 4814; x_wconf 87' lang='lat' dir='ltr'><strong>longinquiores</strong></span> <span class='ocrx_word' id='word_1_787' title='bbox 3656 4743 3761 4797; x_wconf 64' lang='lat' dir='ltr'><strong>illa:</strong></span> 
     </span>
    </p>
   </div>
   <div class='ocr_carea' id='block_1_105' title="bbox 2162 4835 3761 4910">
    <p class='ocr_par' dir='ltr' id='par_1_105' title="bbox 2162 4835 3761 4910">
     <span class='ocr_line' id='line_1_105' title="bbox 2162 4835 3761 4910; baseline -0.003 -18"><span class='ocrx_word' id='word_1_788' title='bbox 2162 4848 2346 4910; x_wconf 87' lang='lat' dir='ltr'><strong>partes</strong></span> <span class='ocrx_word' id='word_1_789' title='bbox 2366 4880 2381 4903; x_wconf 95' lang='lat'><strong>,</strong></span> <span class='ocrx_word' id='word_1_790' title='bbox 2431 4848 2525 4892; x_wconf 90' lang='lat' dir='ltr'><strong>aut</strong></span> <span class='ocrx_word' id='word_1_791' title='bbox 2550 4847 2703 4892; x_wconf 87' lang='lat' dir='ltr'><strong>certo</strong></span> <span class='ocrx_word' id='word_1_792' title='bbox 2736 4836 2965 4893; x_wconf 85' lang='lat' dir='ltr'><strong>deﬁnire</strong></span> <span class='ocrx_word' id='word_1_793' title='bbox 2995 4851 3157 4893; x_wconf 90' lang='lat' dir='ltr'><strong>nemo</strong></span> <span class='ocrx_word' id='word_1_794' title='bbox 3185 4838 3417 4905; x_wconf 79' lang='lat' dir='ltr'><strong>poterit,</strong></span> <span class='ocrx_word' id='word_1_795' title='bbox 3447 4845 3541 4889; x_wconf 87' lang='lat' dir='ltr'><strong>aut</strong></span> <span class='ocrx_word' id='word_1_796' title='bbox 3568 4835 3761 4890; x_wconf 89' lang='lat' dir='ltr'><strong>saltem</strong></span> 
     </span>
    </p>
   </div>
   <div class='ocr_carea' id='block_1_106' title="bbox 2162 4928 3764 5001">
    <p class='ocr_par' dir='ltr' id='par_1_106' title="bbox 2162 4928 3764 5001">
     <span class='ocr_line' id='line_1_106' title="bbox 2162 4928 3764 5001; baseline -0.003 -14"><span class='ocrx_word' id='word_1_797' title='bbox 2162 4941 2396 4998; x_wconf 88' lang='lat' dir='ltr'><strong>constat,</strong></span> <span class='ocrx_word' id='word_1_798' title='bbox 2420 4931 2635 4996; x_wconf 86' lang='lat' dir='ltr'><strong>nullam,</strong></span> <span class='ocrx_word' id='word_1_799' title='bbox 2659 4932 2712 4989; x_wconf 89' lang='lat' dir='ltr'><strong>in</strong></span> <span class='ocrx_word' id='word_1_800' title='bbox 2739 4948 2801 4987; x_wconf 88' lang='lat' dir='ltr'><strong>re</strong></span> <span class='ocrx_word' id='word_1_801' title='bbox 2826 4931 2895 4986; x_wconf 91' lang='lat' dir='ltr'><strong>de</strong></span> <span class='ocrx_word' id='word_1_802' title='bbox 2922 4942 3026 5001; x_wconf 87' lang='lat' dir='ltr'><strong>qua</strong></span> <span class='ocrx_word' id='word_1_803' title='bbox 3055 4933 3251 5000; x_wconf 88' lang='lat' dir='ltr'><strong>agitur,</strong></span> <span class='ocrx_word' id='word_1_804' title='bbox 3277 4930 3423 4985; x_wconf 59' lang='lat' dir='ltr'><strong>intra</strong></span> <span class='ocrx_word' id='word_1_805' title='bbox 3471 4928 3764 4985; x_wconf 81' lang='lat' dir='ltr'><strong>Galliarum</strong></span> 
     </span>
    </p>
   </div>
   <div class='ocr_carea' id='block_1_107' title="bbox 2160 5022 3766 5093">
    <p class='ocr_par' dir='ltr' id='par_1_107' title="bbox 2160 5022 3766 5093">
     <span class='ocr_line' id='line_1_107' title="bbox 2160 5022 3766 5093; baseline -0.005 -12"><span class='ocrx_word' id='word_1_806' title='bbox 2160 5033 2220 5081; x_wconf 88' lang='lat' dir='ltr'><strong>et</strong></span> <span class='ocrx_word' id='word_1_807' title='bbox 2243 5023 2407 5079; x_wconf 76' lang='lat' dir='ltr'><strong>ltalize</strong></span> <span class='ocrx_word' id='word_1_808' title='bbox 2438 5022 2786 5093; x_wconf 67' lang='lat' dir='ltr'><strong>praefecturas</strong></span> <span class='ocrx_word' id='word_1_809' title='bbox 2812 5023 3145 5093; x_wconf 85' lang='lat' dir='ltr'><strong>provinciam</strong></span> <span class='ocrx_word' id='word_1_810' title='bbox 3164 5054 3181 5089; x_wconf 77' lang='lat'><strong>,</strong></span> <span class='ocrx_word' id='word_1_811' title='bbox 3215 5023 3266 5077; x_wconf 89' lang='lat' dir='ltr'><strong>in</strong></span> <span class='ocrx_word' id='word_1_812' title='bbox 3296 5022 3766 5091; x_wconf 59' lang='lat' dir='ltr'><strong>longinquioribus</strong></span> 
     </span>
    </p>
   </div>
   <div class='ocr_carea' id='block_1_108' title="bbox 2167 5113 3767 5189">
    <p class='ocr_par' dir='ltr' id='par_1_108' title="bbox 2167 5113 3767 5189">
     <span class='ocr_line' id='line_1_108' title="bbox 2167 5113 3767 5189; baseline -0.005 -16"><span class='ocrx_word' id='word_1_813' title='bbox 2167 5117 2410 5189; x_wconf 86' lang='lat' dir='ltr'><strong>partibus</strong></span> <span class='ocrx_word' id='word_1_814' title='bbox 2438 5116 2664 5185; x_wconf 88' lang='lat' dir='ltr'><strong>positam</strong></span> <span class='ocrx_word' id='word_1_815' title='bbox 2691 5114 2796 5171; x_wconf 90' lang='lat' dir='ltr'><strong>dici</strong></span> <span class='ocrx_word' id='word_1_816' title='bbox 2828 5129 3020 5184; x_wconf 87' lang='lat' dir='ltr'><strong>posse;</strong></span> <span class='ocrx_word' id='word_1_817' title='bbox 3050 5114 3318 5184; x_wconf 87' lang='lat' dir='ltr'><strong>siquidem</strong></span> <span class='ocrx_word' id='word_1_818' title='bbox 3350 5113 3647 5169; x_wconf 79' lang='lat' dir='ltr'><strong>Gratianus</strong></span> <span class='ocrx_word' id='word_1_819' title='bbox 3675 5126 3767 5168; x_wconf 86' lang='lat' dir='ltr'><strong>ea-</strong></span> 
     </span>
    </p>
   </div>
   <div class='ocr_carea' id='block_1_109' title="bbox 2159 5205 3769 5279">
    <p class='ocr_par' dir='ltr' id='par_1_109' title="bbox 2159 5205 3769 5279">
     <span class='ocr_line' id='line_1_109' title="bbox 2159 5205 3769 5279; baseline -0.004 -14"><span class='ocrx_word' id='word_1_820' title='bbox 2159 5226 2281 5266; x_wconf 86' lang='lat' dir='ltr'><strong>rum</strong></span> <span class='ocrx_word' id='word_1_821' title='bbox 2318 5208 2585 5279; x_wconf 67' lang='lat' dir='ltr'><strong>pra&#39;iectis</strong></span> <span class='ocrx_word' id='word_1_822' title='bbox 2615 5218 2802 5279; x_wconf 85' lang='lat' dir='ltr'><strong>aperte</strong></span> <span class='ocrx_word' id='word_1_823' title='bbox 2829 5207 3080 5276; x_wconf 85' lang='lat' dir='ltr'><strong>imperat,</strong></span> <span class='ocrx_word' id='word_1_824' title='bbox 3110 5216 3169 5262; x_wconf 93' lang='lat' dir='ltr'><strong>ut</strong></span> <span class='ocrx_word' id='word_1_825' title='bbox 3192 5208 3512 5278; x_wconf 84' lang='lat' dir='ltr'><strong>episcopos,</strong></span> <span class='ocrx_word' id='word_1_826' title='bbox 3538 5207 3629 5276; x_wconf 91' lang='lat' dir='ltr'><strong>qui</strong></span> <span class='ocrx_word' id='word_1_827' title='bbox 3660 5205 3769 5260; x_wconf 84' lang='lat' dir='ltr'><strong>Ro-</strong></span> 
     </span>
    </p>
   </div>
   <div class='ocr_carea' id='block_1_110' title="bbox 2160 5297 3763 5372">
    <p class='ocr_par' dir='ltr' id='par_1_110' title="bbox 2160 5297 3763 5372">
     <span class='ocr_line' id='line_1_110' title="bbox 2160 5297 3763 5372; baseline -0.005 -15"><span class='ocrx_word' id='word_1_828' title='bbox 2160 5319 2324 5357; x_wconf 88' lang='lat' dir='ltr'><strong>mano</strong></span> <span class='ocrx_word' id='word_1_829' title='bbox 2374 5301 2610 5372; x_wconf 87' lang='lat' dir='ltr'><strong>pontiﬁci</strong></span> <span class='ocrx_word' id='word_1_830' title='bbox 2639 5310 2732 5354; x_wconf 89' lang='lat' dir='ltr'><strong>aut</strong></span> <span class='ocrx_word' id='word_1_831' title='bbox 2761 5315 2866 5355; x_wconf 86' lang='lat' dir='ltr'><strong>non</strong></span> <span class='ocrx_word' id='word_1_832' title='bbox 2906 5300 3208 5370; x_wconf 76' lang='lat' dir='ltr'><strong>paruerint,</strong></span> <span class='ocrx_word' id='word_1_833' title='bbox 3236 5308 3335 5353; x_wconf 88' lang='lat' dir='ltr'><strong>aut</strong></span> <span class='ocrx_word' id='word_1_834' title='bbox 3357 5298 3477 5368; x_wconf 85' lang='lat' dir='ltr'><strong>ejus</strong></span> <span class='ocrx_word' id='word_1_835' title='bbox 3499 5297 3763 5369; x_wconf 89' lang='lat' dir='ltr'><strong>judicium</strong></span> 
     </span>
    </p>
   </div>
   <div class='ocr_carea' id='block_1_111' title="bbox 2155 5392 3765 5475">
    <p class='ocr_par' dir='ltr' id='par_1_111' title="bbox 2155 5392 3765 5475">
     <span class='ocr_line' id='line_1_111' title="bbox 2155 5392 3765 5475; baseline -0.004 -22"><span class='ocrx_word' id='word_1_836' title='bbox 2155 5397 2472 5469; x_wconf 83' lang='lat' dir='ltr'><strong>dill‘ugerint</strong></span> <span class='ocrx_word' id='word_1_837' title='bbox 2492 5438 2509 5462; x_wconf 94' lang='lat'><strong>,</strong></span> <span class='ocrx_word' id='word_1_838' title='bbox 2553 5396 2620 5451; x_wconf 89' lang='lat' dir='ltr'><strong>ad</strong></span> <span class='ocrx_word' id='word_1_839' title='bbox 2658 5395 2850 5450; x_wconf 87' lang='lat' dir='ltr'><strong>urbem</strong></span> <span class='ocrx_word' id='word_1_840' title='bbox 2880 5392 3109 5475; x_wconf 83' lang='lat' dir='ltr'><strong>Romam</strong></span> <span class='ocrx_word' id='word_1_841' title='bbox 3138 5393 3297 5449; x_wconf 86' lang='lat' dir='ltr'><strong>etiam</strong></span> <span class='ocrx_word' id='word_1_842' title='bbox 3330 5394 3531 5448; x_wconf 84' lang='lat' dir='ltr'><strong>invitos</strong></span> <span class='ocrx_word' id='word_1_843' title='bbox 3558 5401 3765 5462; x_wconf 82' lang='lat' dir='ltr'><strong>pertra-</strong></span> 
     </span>
    </p>
   </div>
   <div class='ocr_carea' id='block_1_112' title="bbox 2157 5484 3761 5553">
    <p class='ocr_par' dir='ltr' id='par_1_112' title="bbox 2157 5484 3761 5553">
     <span class='ocr_line' id='line_1_112' title="bbox 2157 5484 3761 5553; baseline -0.004 -6"><span class='ocrx_word' id='word_1_844' title='bbox 2157 5490 2310 5547; x_wconf 87' lang='lat' dir='ltr'><strong>hant.</strong></span> <span class='ocrx_word' id='word_1_845' title='bbox 2351 5490 2459 5547; x_wconf 89' lang='lat' dir='ltr'><strong>Sed</strong></span> <span class='ocrx_word' id='word_1_846' title='bbox 2494 5488 2614 5545; x_wconf 76' lang='lat' dir='ltr'><strong>inec</strong></span> <span class='ocrx_word' id='word_1_847' title='bbox 2643 5504 2768 5545; x_wconf 85' lang='lat' dir='ltr'><strong>cum</strong></span> <span class='ocrx_word' id='word_1_848' title='bbox 2796 5502 2828 5544; x_wconf 87' lang='lat' dir='ltr'><strong>a</strong></span> <span class='ocrx_word' id='word_1_849' title='bbox 2856 5502 2981 5545; x_wconf 86' lang='lat' dir='ltr'><strong>meo</strong></span> <span class='ocrx_word' id='word_1_850' title='bbox 3011 5487 3262 5545; x_wconf 79' lang='lat' dir='ltr'><strong>instituto</strong></span> <span class='ocrx_word' id='word_1_851' title='bbox 3279 5486 3456 5544; x_wconf 86' lang='lat' dir='ltr'><strong>aliena</strong></span> <span class='ocrx_word' id='word_1_852' title='bbox 3480 5486 3613 5553; x_wconf 81' lang='lat' dir='ltr'><strong>sint,</strong></span> <span class='ocrx_word' id='word_1_853' title='bbox 3639 5484 3761 5541; x_wconf 78' lang='lat' dir='ltr'><strong>atti-</strong></span> 
     </span>
    </p>
   </div>
   <div class='ocr_carea' id='block_1_113' title="bbox 2155 5583 2581 5655">
    <p class='ocr_par' dir='ltr' id='par_1_113' title="bbox 2155 5583 2581 5655">
     <span class='ocr_line' id='line_1_113' title="bbox 2155 5583 2581 5655; baseline 0.002 -16"><span class='ocrx_word' id='word_1_854' title='bbox 2155 5584 2304 5655; x_wconf 89' lang='lat' dir='ltr'><strong>gisse</strong></span> <span class='ocrx_word' id='word_1_855' title='bbox 2332 5583 2465 5639; x_wconf 90' lang='lat' dir='ltr'><strong>satis</strong></span> <span class='ocrx_word' id='word_1_856' title='bbox 2491 5584 2581 5640; x_wconf 87' lang='lat' dir='ltr'><strong>sit.</strong></span> 
     </span>
    </p>
   </div>
   <div class='ocr_carea' id='block_1_114' title="bbox 2229 5737 3469 5818">
    <p class='ocr_par' dir='ltr' id='par_1_114' title="bbox 2229 5737 3469 5818">
     <span class='ocr_line' id='line_1_114' title="bbox 2229 5737 3469 5818; baseline -0.004 -19"><span class='ocrx_word' id='word_1_857' title='bbox 2229 5742 2307 5818; x_wconf 83' lang='lat' dir='ltr'><strong>(b)</strong></span> <span class='ocrx_word' id='word_1_858' title='bbox 2343 5744 2466 5804; x_wconf 89' lang='lat' dir='ltr'><strong>Not.</strong></span> <span class='ocrx_word' id='word_1_859' title='bbox 2490 5743 2561 5802; x_wconf 90' lang='lat' dir='ltr'><strong>ad</strong></span> <span class='ocrx_word' id='word_1_860' title='bbox 2588 5741 2784 5803; x_wconf 81' lang='lat' dir='ltr'><strong>Joann.</strong></span> <span class='ocrx_word' id='word_1_861' title='bbox 2813 5737 2965 5799; x_wconf 82' lang='lat' dir='ltr'><strong>Diae.</strong></span> <span class='ocrx_word' id='word_1_862' title='bbox 2991 5737 3084 5803; x_wconf 88' lang='lat' dir='ltr'><strong>Sc.</strong></span> <span class='ocrx_word' id='word_1_863' title='bbox 3117 5739 3233 5805; x_wconf 83' lang='lat' dir='ltr'><strong>ltal.</strong></span> <span class='ocrx_word' id='word_1_864' title='bbox 3268 5749 3398 5799; x_wconf 87' lang='lat' dir='ltr'><strong>tom.</strong></span> <span class='ocrx_word' id='word_1_865' title='bbox 3428 5739 3469 5797; x_wconf 86' lang='lat' dir='ltr'><strong>l.</strong></span> 
     </span>
    </p>
   </div>
  </div>
