3950 6330
1557 209 2089 272 Ριιοιιῑοοιιιςιυι.

3377 212 3483 272 150

241 328 566 386 Newtonius
598 327 674 402 (α)
709 327 837 385 huic
859 327 1104 390 Gratiani
1155 329 1424 401 rescripto
1472 329 1614 386 Petri
1647 345 1772 386 suc-
1800 340 1847 400 Α
1875 327 2246 384 dissensiones
2285 325 2389 382 illa:
2435 327 2570 382 inter
2607 325 2747 397 ipsos
2795 324 3075 381 catholicos
3125 323 3326 382 fuerint
3347 367 3362 391 ,
3397 341 3490 382 eas

177 437 458 480 cessurum
510 422 564 478 in
615 429 724 478 tota
756 422 998 477 Ecclesia
1039 422 1305 492 primatus
1329 422 1592 494 originem
1629 424 1787 478 attri-

178 518 288 575 bnit
317 535 332 574 :
361 526 528 588 atque
567 517 694 574 hinc
737 516 1047 576 Romanum
1081 516 1392 586 pontiﬁcem
1423 525 1781 587 repraesenta-

179 619 287 666 tum
314 610 513 666 scribit
541 609 642 666 sub
683 607 978 664 undecimo
1005 623 1179 664 cornu
1212 608 1448 664 Danielis
1492 623 1614 679 cap.
1642 623 1738 664 vm
1764 648 1780 676 ,

178 703 332 774 cujus
357 702 561 758 deinde
589 701 860 757 durationi
908 703 1077 782 annis
1112 702 1296 758 nescio
1338 709 1472 772 quot
1511 701 1788 772 primitu—

182 799 266 861 lis,
295 797 567 866 judicium
595 807 930 868 postremum
974 796 1212 852 futurum
1247 796 1439 866 inquit.
1471 799 1540 852 At
1575 797 1622 853 si
1669 795 1788 854 haec

181 891 324 948 serio
363 891 629 962 scripsit,
660 889 806 946 aliud
853 888 990 945 nihil
1019 901 1352 958 consecutus
1393 898 1480 946 est
1526 905 1686 957 quam
1729 898 1788 946 ut

183 998 438 1054 magnam
470 996 580 1040 tum
611 983 808 1049 civilis,
842 995 956 1039 tum
984 984 1368 1040 ecclesiastica:
1400 983 1646 1040 historias
1699 987 1786 1040 in-

182 1079 398 1134 scitiam
421 1076 707 1147 proderet,
730 1085 1061 1150 augeretque
1084 1093 1369 1134 numerum
1400 1077 1784 1148 prepbetarum

181 1186 247 1226 ex
289 1184 464 1241 grege
501 1169 896 1238 sectariorum,
932 1169 988 1226 in
1038 1185 1268 1240 quorum
1319 1185 1418 1226 ore
1463 1170 1611 1224 dedit
1647 1171 1789 1228 Deus

184 1262 438 1332 spiritum
487 1261 776 1318 mendacii.
817 1262 1134 1334 Anonymus
1159 1277 1292 1316 vero
1318 1261 1560 1320 historiae
1589 1261 1791 1318 Roma-

188 1373 382 1416 norum
427 1356 744 1427 pontiﬁcum
791 1356 1201 1414 consarcinator
1225 1397 1238 1421 ,
1268 1353 1586 1412 Gratianum
1611 1357 1788 1427 ipsum

188 1451 460 1513 vecordiae
491 1452 720 1517 incusat,
749 1449 898 1522 quod
918 1465 979 1506 ea
1010 1449 1130 1521 lege
1149 1449 1348 1506 nedum
1370 1450 1646 1506 Romanos
1667 1464 1796 1506 eos-

187 1543 306 1600 dem
333 1543 622 1614 pontifices
647 1558 677 1601 a
701 1558 799 1599 sua
835 1557 901 1602 ac
927 1551 1254 1600 cancrorum
1282 1543 1670 1614 imperatorum
1697 1542 1790 1614 juo

187 1635 510 1692 risdictione
539 1635 893 1702 subtraxerit,
912 1651 1102 1692 verum
1117 1637 1280 1694 etiam
1298 1636 1574 1707 illam,qua
1591 1635 1792 1692 deinde

1886 421 1988 477 hoc
2015 421 2137 476 loco
2162 433 2450 489 expressas
2498 419 2812 476 existimare
2867 418 3128 475 debemus
3151 461 3164 483 ,
3198 432 3333 490 quas
3369 423 3495 488 post

1888 515 2086 571 Meletii
2128 513 2334 569 obitum
2366 521 2517 568 ortas
2562 512 2728 568 fuisse
2779 511 3050 578 diximus,
3093 526 3157 569 ac
3202 511 3496 582 Gregorius

1887 606 2256 663 Nazianzenus
2288 606 2352 661 iis
2394 605 2653 678 lacrymis
2681 605 2872 676 dignas
2903 607 2978 661 ait
3014 605 3223 676 quales,
3254 621 3344 659 nec
3374 605 3498 660 olim

1886 721 1978 759 nec
1997 721 2173 760 recens
2199 705 2470 778 quisquam
2495 705 2660 761 edidit
2677 706 2864 771 adhuc,
2896 707 2957 760 ob
2984 706 3119 761 ullos
3139 707 3294 761 sortis
3313 706 3498 760 adrer-

1887 813 1959 854 ιω
2005 799 2249 870 impetus.
2289 798 2496 854 Etenim
2537 799 2770 872 magistri
2830 799 2991 866 plebis
3015 840 3031 865 ,
3059 809 3210 869 atque
3247 797 3500 854 antistites

1887 893 2054 946 sancti
2073 893 2278 948 datores
2307 892 2542 963 Spiritus
2564 932 2580 959 ,
2611 901 2660 946 et
2691 891 2782 962 qui
2809 892 3008 947 tltronis
3040 892 3265 962 fundunt
3290 890 3351 945 ab
3380 891 3500 946 altis

1888 985 2038 1040 verba
2056 1026 2071 1053 ,
2102 987 2246 1051 queis
2274 986 2476 1057 paritur
2504 983 2646 1041 salus
2667 1027 2682 1054 ,
2711 994 2856 1040 tanto
2886 989 3066 1056 furore
3094 1001 3148 1039 se
3180 995 3354 1054 petunt
3399 983 3500 1057 ipsi

1887 1077 2102 1133 invicem
2124 1120 2140 1147 ,
2171 1079 2538 1134 tumultuando
2563 1120 2578 1141 ,
2612 1080 2960 1134 contrahendo
2991 1079 3166 1151 capias
3190 1120 3204 1144 ,
3239 1078 3500 1151 carpendo

1888 1187 1998 1226 sese
2029 1183 2204 1227 mutuo
2235 1174 2430 1247 linguis
2452 1217 2466 1242 ,
2499 1172 2656 1241 elfere
2688 1173 2923 1228 saliendo
2947 1213 2963 1240 ,
2999 1174 3182 1228 mentis
3217 1184 3273 1227 ut
3309 1173 3496 1241 solent,

1889 1284 2030 1324 sanie
2053 1268 2292 1338 impotes,
2326 1266 2612 1335 prtcdando
2634 1282 2762 1337 quos
2803 1266 2918 1336 quis
2945 1273 3063 1319 ante
3091 1265 3318 1337 prazdari
3347 1272 3502 1335 queat

1890 1362 2072 1416 rabida
2099 1361 2387 1433 imperandi
2413 1361 2534 1414 dum
2558 1369 2689 1414 tenet
2715 1370 2907 1414 mentes
2929 1342 3044 1414 sitis
3091 1358 3265 1414 orbem
3287 1359 3502 1414 univer-

1890 1471 2006 1510 sum
2036 1470 2268 1524 prorsus,
2296 1462 2351 1508 nt
2373 1453 2697 1509 divulserint.

1963 1547 2091 1604 Haec
2132 1547 2511 1618 igitur'omnia
2535 1587 2549 1612 ,
2579 1560 2700 1617 qute
2733 1545 2804 1601 oh
2849 1561 3010 1600 unam
3061 1543 3310 1600 Flaviani
3349 1545 3498 1602 ordi-

1893 1639 2168 1693 nationem
2196 1637 2495 1708 contigisse
2522 1637 2817 1707 Gregorius
2839 1644 2953 1692 tum
2983 1636 3088 1693 hoc
3113 1637 3233 1693 loco
3262 1637 3358 1702 ait,
3386 1647 3498 1692 tum

186 1731 542 1788 abuterentur
567 1772 582 1798 ,
609 1731 664 1786 in
701 1745 797 1788 eos
829 1731 1187 1788 transtulerit.
1237 1731 1293 1786 Si
1324 1731 1470 1786 enim
1495 1730 1786 1800 transfugas
1815 1744 1866 1805 Β
1892 1747 2078 1788 rursus
2125 1733 2176 1788 in
2228 1733 2476 1788 oratione
2527 1732 2596 1787 ad
2653 1731 2759 1787 l50
2805 1731 2992 1787 Patres
3017 1774 3032 1801 ,
3066 1747 3187 1786 cum
3213 1738 3500 1803 perspecta

195 1821 318 1879 huic
345 1821 509 1882 ﬁdem
544 1823 711 1884 habes
735 1865 751 1890 ,
779 1839 904 1882 cum
960 1823 1235 1880 Romanus
1264 1824 1554 1894 episcopus
1593 1823 1662 1880 ad
1711 1821 1792 1878 l‘o-

184 1931 304 1972 ru
333 1917 604 1974 saeculare
625 1924 755 1976 tunc
785 1917 923 1976 trahi
951 1927 1156 1988 posset,
1195 1917 1432 1974 nondum
1460 1915 1639 1973 fuerat
1666 1923 1794 1972 ante

183 2009 290 2066 hoc
319 2022 538 2081 tempus.
577 2027 868 2085 supremus
903 2012 1160 2070 Ecclesia:
1184 2012 1350 2083 judex
1385 2030 1398 2067 :
1431 2011 1537 2068 hoc
1577 2012 1792 2070 Damasi

182 2107 440 2179 exemplo
471 2107 756 2178 probatum
793 2115 984 2177 putat,
1025 2123 1186 2178 quem
1243 2108 1476 2178 primum
1529 2105 1798 2178 synodalc

180 2202 450 2272 judicium
489 2203 558 2260 ab
593 2203 922 2272 imperatore
953 2202 1262 2273 postulasse
1288 2202 1492 2272 inquit,
1535 2209 1594 2256 ut
1619 2215 1794 2256 Siccu-

185 2295 384 2356 larium
413 2296 825 2366 magistratuum
853 2295 936 2352 sui
965 2294 1216 2352 conscius
1246 2294 1592 2352 severitatem
1631 2302 1798 2362 atque

187 2390 562 2460 integritatem
587 2390 909 2454 declinaret,
942 2404 1268 2460 quamquam
1299 2387 1518 2449 deinde.
1548 2403 1671 2442 cum
1697 2401 1796 2441 ne.

185 2501 299 2556 que
327 2484 470 2553 apud
499 2484 764 2556 synodum
783 2525 802 2550 ,
827 2498 1001 2554 neque
1029 2481 1170 2552 apud
1203 2480 1396 2538 civiles
1425 2481 1574 2550 ipsos
1602 2479 1799 2548 magis-'-

190 2590 370 2638 tratus
401 2594 632 2650 purgare
659 2593 721 2636 se
743 2591 903 2648 posse
932 2575 1266 2644 confideret,
1295 2575 1363 2630 ad
1396 2575 1570 2645 ipsum
1595 2571 1796 2644 princiv

189 2673 282 2744 pis
304 2672 690 2730 consistorium
712 2671 860 2727 velut
883 2670 951 2726 ad
969 2670 1205 2742 asylum,
1237 2667 1584 2736 confugiendi
1619 2666 1796 2723 consi.

190 2765 334 2822 lium
387 2773 665 2836 postremo
701 2763 922 2833 ceperit
979 2759 1234 2818 Profecto
1292 2761 1338 2822 si
1399 2759 1644 2829 putidum
1697 2759 1802 2814 hoc

192 2857 508 2926 bibliOpolae
553 2856 881 2926 mancipium
925 2854 998 2914 ob
1041 2853 1252 2923 singula
1304 2851 1588 2908 mendacia
1623 2849 1802 2906 notari

191 2949 426 3006 deberet
449 2991 466 3015 ,
498 2949 678 3005 nullus
703 2960 850 3008 esset
887 2947 1120 3004 orationi
1161 2947 1322 3012 linis;
1358 2962 1481 3002 nam
1511 2951 1648 3016 quot
1693 2961 1804 3000 uno

191 3041 304 3102 hoc
333 3043 392 3096 in
418 3042 540 3098 loco
565 3041 721 3100 dolos
749 3050 999 3107 consuat,
1033 3041 1380 3112 fallaciasque
1407 3049 1606 3103 nectat,
1643 3039 1802 3095 facile

1894 1824 2154 1880 haberent
2187 1823 2379 1879 Patres
2405 1823 2626 1880 concilii
2664 1824 3064 1894 Aquileiensis,
3094 1824 3367 1893 simulque
3415 1823 3499 1878 in-

1894 1917 2273 1985 tellexissent,
2324 1931 2431 1973 non
2480 1917 2654 1974 levem
2707 1917 2936 1972 Paulino
2983 1917 3237 1988 injuriam
3267 1916 3497 1986 factam,

1892 2010 2043 2065 aiunt
2069 2024 2192 2066 sese
2219 2025 2323 2066 n0n
2351 2010 2700 2066 mediocriter
2724 2021 3050 2076 commotos,
3069 2012 3212 2083 quod
3241 2012 3502 2084 pleraque

1893 2103 2136 2157 innovate
2184 2114 2588 2173 compererant,
2620 2105 2871 2175 quodque
2901 2105 2936 2159 ii
2966 2105 3329 2176 gravabantur,
3360 2119 3503 2177 quos

1895 2195 1968 2250 ob
2006 2203 2270 2266 perpetuo
2299 2205 2569 2252 servatam
2600 2212 2722 2252 cum
2755 2197 3202 2254 Occidentalibus
3256 2215 3504 2256 commu-

1898 2286 2114 2342 nionem
2130 2289 2372 2362 adjuvari
2396 2293 2580 2358 potius
2597 2291 2907 2360 Oportebat,
2937 2289 3282 2348 Timotheum
3305 2307 3502 2362 nempe

1898 2381 2330 2436 Alexandrinum
2363 2390 2418 2438 et
2457 2381 2740 2438 Paulinum
2775 2385 3195 2440 Antiochenutn.
3224 2385 3334 2441 Hos
3352 2386 3500 2441 enim

1898 2484 2202 2542 queruntur
2225 2490 2406 2528 eorum
2433 2475 2834 2532 dissensionibus
2865 2479 3078 2549 urgeri,
3112 2494 3340 2549 quorum
3367 2478 3503 2536 fides

1899 2568 2270 2638 superioribus
2303 2571 2639 2641 temporibus
2670 2571 2953 2627 hmsitabat
2974 2615 2990 2641 ,
3037 2589 3226 2629 eorum
3258 2574 3502 2646 scilicet,

1899 2674 2037 2730 quos
2089 2661 2230 2716 idem
2273 2662 2570 2735 Gregorius
2607 2663 2938 2741 ἁμφιδόξους,
2989 2675 3044 2722 et
3088 2668 3279 2740 μέσους
3321 2676 3501 2738 vocat,

1899 2770 1959 2808 ac
1987 2755 2076 2823 qui
2122 2765 2357 2824 tuentur,
2401 2775 2556 2829 quam
2582 2761 2822 2833 princeps
2869 2769 3034 2829 tenet,
3069 2762 3246 2831 ﬁdem.
3287 2762 3344 2818 Si
3373 2777 3506 2818 vero

1902 2847 2221 2905 Timotheus
2273 2862 2391 2920 post
2433 2853 2778 2923 turpissimos
2827 2853 2944 2909 illas
2981 2855 3244 2910 excitatas
3272 2899 3287 2925 ,
3341 2865 3505 2927 atque

1899 2941 2130 3010 agitatas
2164 2943 2544 2999 contentiones
2564 2986 2578 3008 ,
2607 2959 2729 3000 cum
2761 2946 2876 3001 suis
2905 2948 3174 3018 episcopis
3197 2946 3506 3004 Constanti-

1905 3032 2143 3101 nopolim
2161 3035 2328 3101 venit,
2344 3045 2404 3089 ut
2419 3036 2698 3090 sanciendo
2714 3037 2894 3106 {lederi
2918 3037 3285 3105 adlaboraret,
3304 3040 3348 3095 si
3372 3039 3508 3095 nihi-

191 3147 494 3207 aperteque
519 3135 922 3205 deprehendet,
945 3137 1035 3206 qui
1060 3134 1293 3192 Romani
1313 3135 1532 3190 concilii
1558 3142 1613 3190 et
1637 3133 1802 3198 Aqui-
1825 3130 1870 3195 C
1907 3123 2135 3181 lominus
2189 3142 2376 3183 eorum
2401 3127 2682 3185 hominum
2716 3132 2996 3186 molestias
3039 3147 3104 3188 ac
3139 3131 3510 3188 dissensiones

194 3230 420 3286 leiensis
463 3229 671 3284 litteras
703 3270 717 3294 ,
767 3243 830 3284 ac
879 3226 1125 3286 Gratiani
1165 3229 1335 3298 ipsius
1378 3229 1704 3299 rescriptum
1730 3230 1799 3286 ad

193 3321 534 3392 Aquilinum,
553 3338 674 3378 cum
698 3321 784 3378 his.
805 3321 1046 3392 ejusdem
1068 3323 1324 3394 attouymi
1347 3321 1510 3378 dictis
1529 3321 1796 3378 conferat.

195 3415 498 3484 Caeterum,
526 3415 673 3488 quod
699 3416 766 3472 ad
800 3417 1039 3482 divinam
1061 3416 1432 3476 Romanorum
1461 3416 1795 3487 pontiﬁcum,

197 3511 611 3582 episcoporum,
639 3525 704 3566 ac
733 3510 1077 3566 sacerdotum
1096 3553 1111 3575 ,
1138 3525 1530 3578 sacrorumque
1557 3509 1800 3565 omnium

200 3603 573 3663 ministrorum
603 3603 1003 3672 exemptionem
1034 3603 1266 3672 attinet,
1295 3619 1413 3658 eam
1447 3611 1557 3660 tam
1587 3600 1797 3670 solidis,

201 3692 527 3768 invictisque
555 3695 858 3750 rationibus
885 3703 1236 3752 asseruerunt
1265 3694 1578 3762 complures
1626 3695 1800 3763 scrip.

203 3798 350 3844 tores
375 3788 628 3846 catholici
671 3799 796 3845 ante
819 3805 943 3858 me,
974 3797 1036 3844 ut
1060 3790 1148 3856 iis,
1177 3804 1297 3860 qum
1329 3799 1435 3844 tam
1472 3805 1619 3861 sa-pe
1659 3789 1802 3846 dicta

205 3891 368 3947 sunt,
403 3882 604 3938 iterum
628 3881 896 3950 dicendis,
930 3889 1144 3951 tempus
1181 3881 1378 3938 frustra
1410 3889 1702 3940 tereretur.

274 3973 362 4032 lli.
404 3975 611 4032 Praeter
648 3975 789 4034 hanc
831 3977 1118 4046 epistolam
1148 4016 1162 4038 ,
1203 3991 1325 4046 quae
1364 3976 1434 4032 ad
1476 3993 1642 4032 unum
1667 3975 1802 4033 Gra-

207 4066 408 4122 tianum
458 4076 718 4139 spectat,
774 4069 933 4139 eique
987 4067 1262 4127 reddenda
1321 4067 1538 4136 fuerat,
1577 4067 1801 4124 alteram

207 4161 422 4231 scripsit
446 4161 798 4232 Aquileieuse
822 4162 1110 4218 concilium
1135 4201 1150 4227 ,
1189 4177 1310 4232 qua:
1335 4161 1406 4218 ad
1434 4178 1595 4217 unum
1624 4161 1805 4217 Theo-

207 4253 416 4310 dosium
445 4264 504 4312 et
545 4255 616 4318 ad
647 4254 954 4314 Orientales
979 4256 1264 4326 episcopos
1292 4256 1544 4325 pertinet,
1573 4268 1810 4325 quisque

209 4363 308 4420 per
335 4349 536 4421 legatos
561 4349 631 4410 ab
669 4363 736 4406 eo
771 4349 1008 4406 concilio
1037 4348 1234 4410 missos
1261 4347 1424 4406 allata
1449 4389 1463 4414 ,
1495 4362 1560 4404 ac
1595 4346 1806 4403 reddita

211 4443 523 4512 imperatori
558 4443 677 4510 luit,
701 4459 765 4500 ac
801 4445 955 4514 plura
1001 4442 1412 4512 complectitur,
1443 4457 1564 4512 quae
1601 4440 1668 4496 ad
1688 4439 1806 4509 ejus

1903 3216 2050 3273 ferre
2070 3229 2291 3276 coactus
2319 3230 2424 3288 est,
2453 3223 2670 3292 planum
2722 3236 3174 3294 perspectumque
3202 3235 3308 3289 est,
3342 3225 3504 3280 aliam

1905 3329 2012 3368 non
2041 3328 2200 3384 posse
2225 3315 2526 3386 excogitari
2558 3331 2799 3383 causam,
2841 3332 3006 3388 quam
3038 3332 3197 3373 unam
3239 3327 3508 3374 retentam

1902 3423 2026 3463 cum
2067 3409 2290 3462 Paulino
2316 3450 2330 3475 ,
2383 3409 2752 3482 rejectamque
2797 3426 2919 3467 cum
2952 3411 3210 3477 Flaviano
3257 3415 3510 3470 ordinato

1899 3504 2010 3573 jam
2040 3505 2295 3574 episcopo
2323 3507 2758 3562 communionem
2781 3550 2795 3574 ,
2823 3523 2885 3562 ac
2913 3509 3140 3579 proinde
3163 3511 3510 3566 manifestum

1904 3608 2005 3664 est,
2037 3597 2390 3669 Aquileiense
2417 3601 2710 3656 concilium
2730 3643 2744 3667 ,
2773 3601 3034 3674 quidquid
3068 3603 3420 3660 Tillcmontio
3446 3618 3510 3661 ac

1903 3689 2126 3746 Florido
2158 3693 2328 3748 visum
2369 3694 2472 3760 sit,
2505 3695 2636 3750 nihil
2670 3694 2894 3751 latuisse
2936 3712 3126 3752 eorum
3148 3738 3165 3766 ,
3219 3713 3342 3770 qua:
3372 3713 3511 3756 con-

1903 3785 2254 3854 stautinopoli
2295 3785 2514 3842 decreta
2537 3829 2552 3854 ,
2603 3801 2668 3843 ac
2707 3788 2952 3845 coniecta
2979 3792 3092 3860 jam
3125 3789 3376 3859 fuerant,
3409 3793 3514 3848 hoc

1905 3887 2086 3932 autem
2119 3878 2163 3932 si
2191 3887 2425 3943 constat,
2458 3889 2650 3935 contra
2673 3896 2803 3937 vero
2823 3883 2868 3936 si
2901 3883 3032 3937 nihil
3065 3883 3132 3940 de
3159 3883 3378 3941 Maximi
3406 3885 3514 3959 Cy-

1905 3972 2012 4028 nici
2057 3975 2508 4031 ex-auctoratione
2531 4015 2545 4038 .
2575 3975 2710 4030 side
2733 3977 2980 4048 Gregorii
3013 3977 3471 4036 inthronizatione
3491 4022 3510 4052 ,

1906 4067 1952 4121 si
1979 4065 2049 4126 de
2087 4065 2322 4124 Nectarii
2367 4068 2716 4124 ordinatione
2744 4070 2878 4124 nihil
2911 4085 3134 4140 prorsus
3163 4072 3213 4126 in
3249 4075 3396 4127 hisce
3420 4073 3512 4127 lit-

1907 4159 2044 4214 teris
2062 4158 2295 4215 all‘eruut
2314 4200 2329 4224 ,
2356 4159 2655 4232 dijudicare
2681 4161 2796 4230 ipse
2813 4167 2989 4230 potes,
3013 4161 3144 4233 quid
3169 4161 3510 4232 Ambrosius,

1907 4254 2202 4324 caeterique
2233 4253 2476 4324 ejusdem
2503 4255 2722 4311 concilii
2752 4255 2940 4312 Patres
2973 4256 3036 4312 iis
3070 4257 3138 4312 de
3179 4257 3344 4312 rebus
3383 4273 3515 4314 cen-

1908 4347 2138 4402 suerint.
2171 4349 2276 4407 Sed
2309 4358 2368 4403 ut
2391 4364 2456 4404 eo
2480 4359 2726 4406 revertar
2750 4392 2766 4418 ,
2798 4352 2944 4407 unde
2973 4352 3210 4409 breviter
3235 4354 3516 4426 digressus

1909 4454 2051 4505 sum,
2076 4439 2178 4498 hos
2218 4441 2390 4496 dubita
2416 4441 2538 4512 ﬁdei
2566 4442 2874 4499 Orientales
2896 4447 3182 4518 episcopos
3211 4458 3362 4519 Oplal
3383 4448 3520 4504 Ant-

214 4539 467 4607 temporis
521 4539 898 4594 illustrandam
945 4537 1228 4594 historiam
1280 4536 1521 4595 iaciunt.
1563 4535 1612 4590 si
1661 4535 1888 4596 recte!)
1916 4535 2129 4591 brosius
2171 4549 2317 4600 suae,
2348 4545 2511 4608 atque
2549 4538 2779 4594 aliorum
2811 4538 3237 4598 Occidentalium
3271 4559 3518 4599 commu-

214 4630 575 4686 advertantur.
605 4631 787 4687 Primo
815 4631 997 4702 itaque
1019 4632 1376 4698 imperatores
1400 4627 1640 4694 laudant,
1664 4625 1807 4696 quod

217 4738 396 4780 eorum
438 4726 639 4796 pietate
676 4724 879 4780 factum
924 4726 1023 4794 sit,
1068 4731 1128 4779 ut
1175 4725 1226 4779 in
1268 4723 1562 4780 Occidente
1582 4723 1672 4778 vix
1700 4721 1811 4778 duo

217 4814 450 4876 bzeretici
509 4818 712 4888 reperti
751 4817 948 4874 fuerint
992 4837 1004 4873 ε
1054 4818 1108 4874 in
1153 4817 1376 4874 Oriente
1431 4832 1560 4872 vero
1601 4815 1812 4872 Asianis

218 4911 574 4984 ejectis,un
615 4928 789 4968 omnes
832 4913 1062 4970 ecclesiae
1111 4911 1210 4968 Dei
1249 4912 1522 4970 catholicis
1557 4912 1812 4968 restituta

221 5002 350 5070 sint,
376 5017 524 5078 atque
555 5006 664 5064 illa!
688 5021 784 5079 per
813 5009 952 5062 solos
980 5006 1262 5062 catholicos
1290 5010 1676 5080 frequentantur
1697 5023 1716 5060 :
1743 5022 1808 5062 ex

223 5113 326 5168 quo
347 5111 486 5169 patet
514 5102 802 5173 episcopos
823 5102 1086 5173 Aquileia:
1122 5108 1484 5172 congregatos
1504 5101 1571 5157 de
1604 5101 1812 5171 legibus

222 5203 263 5243 ει
301 5191 602 5258 Theodosio
638 5195 728 5252 die
754 5195 824 5253 10
851 5194 1095 5259 Januarii
1119 5237 1136 5263 ,
1166 5203 1223 5251 et
1251 5195 1324 5250 30
1349 5194 1480 5250 Julii
1506 5195 1564 5249 in
1591 5209 1718 5251 eum
1744 5194 1811 5249 li-

225 5297 344 5340 nem
371 5286 530 5353 latis,
568 5288 834 5346 certiores
881 5287 1052 5344 iactos
1076 5327 1096 5355 ,
1124 5301 1252 5343 cum
1295 5286 1616 5342 scriberent.
1674 5285 1812 5341 Tum

227 5374 404 5436 dolent
425 5421 442 5446 ,
473 5380 680 5438 crebras
717 5382 851 5435 inter
905 5379 1048 5449 ipsos
1104 5378 1384 5438 catholicos
1436 5379 1818 5445 dissensiones,

225 5467 620 5546 impacataqu
645 5471 962 5540 discordiam
980 5515 1000 5542 ,
1023 5473 1082 5532 in.
1117 5486 1280 5530 eausa
1325 5487 1484 5541 esse,
1527 5472 1822 5544 qmmiuus

233 5559 317 5616 bis
350 5565 618 5624 beneﬁciis
663 5568 872 5640 integre
915 5565 1154 5642 gaudere
1182 5568 1412 5640 possint.
1459 5564 1594 5624 Cum
1639 5569 1819 5642 itaque

231 5747 266 5818 ἱ
313 5750 374 5822 (α)
409 5751 467 5810 In
497 5751 708 5809 Daniel.
734 5751 931 5826 proph.
966 5766 1217 5825 cap._vm
1245 5760 1300 5810 et
1328 5751 1382 5810 in
1413 5750 1584 5824 Apoc.
1607 5766 1658 5810 c.
1695 5766 1773 5808 ut.
1802 5789 1816 5823 ,

1915 4629 2064 4684 nioni
2109 4629 2328 4702 adjungi
2355 4672 2370 4697 ,
2421 4630 2716 4687 dummodo
2747 4631 2977 4705 integras
3016 4636 3358 4708 sincerzrque
3391 4639 3520 4695 ﬁdei

1914 4721 1988 4776 illi
2017 4723 2151 4788 sint,
2179 4739 2243 4776 ac
2273 4733 2482 4779 vetustte
2507 4726 2884 4781 communionis
2908 4728 3082 4795 sociis,
3116 4729 3343 4788 Paulino
3371 4734 3519 4789 scili-

1912 4826 2000 4873 cet
2031 4832 2095 4873 ac
2141 4817 2455 4886 Timotheo,
2483 4818 2674 4875 eadem
2723 4825 3065 4895 ρτωνοθιιιὶυα
3090 4837 3350 4895 servetur,
3381 4844 3519 4899 quos

1912 4911 2153 4981 ejusdem
2181 4911 2322 4982 juris
2350 4912 2643 4984 participes
2676 4929 2798 4972 esse
2821 4917 3044 4985 volunt,
3073 4920 3188 4976 sive
3214 4923 3340 4992 quia
3377 4939 3517 4976 com-

1913 5004 2083 5057 munis
2103 5005 2318 5058 societas
2343 5005 2539 5060 nullam
2563 5007 2752 5062 habere
2771 5009 2916 5064 debet
2942 5011 3223 5081 offensam,
3257 5016 3372 5069 sive
3395 5016 3519 5084 quia

1911 5109 2035 5152 cum
2057 5095 2439 5152 Occidentales
2467 5099 2734 5171 utriusque
2755 5103 2942 5171 partis,
2962 5101 3261 5160 Meletianae
3282 5105 3514 5174 scilicet,

1912 5191 1990 5260 eti
2014 5189 2364 5258 Pauliniame,
2392 5191 2592 5248 litteras
2647 5193 2848 5249 dudum
2894 5199 3241 5270 accepissent,
3297 5202 3514 5272 utrique

1914 5285 2484 5348 communicaverant.
2518 5287 2775 5360 nullaque
2819 5297 2941 5345 erat
2986 5305 3151 5346 causa
3177 5335 3192 5358 ,
3223 5308 3320 5348 cur
3355 5308 3522 5351 unam

1917 5378 2080 5434 modo
2129 5394 2239 5450 pra:
2281 5379 2380 5435 alia
2417 5377 2702 5452 eligerent.
2733 5381 2805 5440 Ut
2831 5383 2976 5439 illam
3004 5385 3204 5455 igitur,
3257 5401 3380 5458 qua.
3413 5387 3521 5460 ipsi

1916 5485 2040 5529 cum
2086 5473 2337 5530 omnibus
2381 5473 2708 5545 utebantur,
2742 5476 2886 5532 inter
2922 5477 3202 5550 utriusque
3228 5479 3398 5545 partis
3425 5495 3522 5537 ca-

1921 5566 2154 5626 tholicos
2182 5581 2369 5640 pacem
2422 5569 2812 5642 conciliarent,
2850 5570 3064 5642 pridem
3090 5586 3152 5638 se
3189 5571 3525 5638 deliberasse
