3950 6330
483 222 586 280 251

1677 223 1992 285 SANCTUS
2035 223 2268 282 DAMAS
2279 224 2362 283 US
2399 225 2575 283 PAPA
2590 265 2602 282 .

3632 237 3720 294 252

483 339 712 408 addunt,
744 338 813 397 de
852 338 1134 398 mittendis
1157 353 1224 396 ex
1252 353 1352 397 suo
1390 353 1623 412 corpore
1653 341 1844 415 legatis
1872 345 2084 414 episco—
2110 351 2161 413 Α
2191 342 2337 413 ipsos
2364 341 2576 398 dissidii
2605 339 2762 412 culpa
2791 329 3049 413 deinceps
3072 342 3346 400 transferri
3368 356 3560 416 posset,
3588 362 3720 424 atque

483 434 634 504 eopis
672 435 723 489 in
766 436 1039 491 Orientem
1073 454 1085 488 :
1115 444 1172 490 at
1219 450 1340 490 cum
1397 435 1499 492 hoc
1529 446 1744 507 captum
1792 438 2078 492 consilium

483 523 777 581 hostilibus
806 526 1003 582 deinde
1030 525 1422 598 irruptionibus
1443 570 1458 595 ,
1511 529 1848 601 publicisque
1880 531 2081 585 tumul-

482 616 628 673 tibus
677 617 1006 674 retardatum
1059 620 1487 692 impeditumque
1532 621 1771 689 fuisset,
1807 623 2080 693 negotium

480 710 613 766 illud
665 726 763 782 per
785 713 994 768 litteras
1015 714 1284 785 agendqu
1310 725 1660 784 censuerant,
1684 717 1881 787 quibus
1905 717 2084 774 Theo-

479 804 692 860 ddsiutn
740 816 1094 878 rogaveram,
1148 816 1207 864 ut
1251 818 1497 878 pactum,
1532 825 1640 880 quo
1681 811 2078 866 Antioclieuum

479 903 714 960 scliisma
771 904 1132 974 compositura
1163 906 1518 977 sedatumque
1557 905 1752 972 fuerat,
1785 917 1961 962 ratum
1993 907 2082 963 lir-

477 1007 794 1069 matumque
834 1013 956 1056 esse
994 999 1193 1068 vellet,
1226 1015 1364 1056 neve
1397 1009 1673 1070 pateretur
1697 1000 2084 1056 subordinatio-

479 1107 594 1148 nem
624 1093 850 1165 aliquam
889 1096 1160 1159 attentari,
1200 1109 1304 1165 qua
1332 1095 1576 1164 profecto
1605 1095 1899 1151 timendum
1931 1104 2080 1159 erat,

477 1203 548 1245 ne
569 1189 702 1244 illud
725 1189 969 1260 asperius
998 1187 1428 1246 recrudesceret.
1455 1189 1561 1245 Sed
1583 1205 1679 1245 eos
1705 1189 1897 1246 audire
1946 1205 2085 1259 prte-

478 1293 586 1340 stat
614 1301 627 1336 :
660 1283 766 1340 Sed
797 1285 918 1354 quia
942 1284 1115 1338 studia
1145 1293 1321 1338 nostra
1348 1292 1467 1338 tunc
1499 1283 1742 1354 temporis
1781 1282 1966 1337 habere
2006 1285 2085 1354 ef-

477 1382 669 1450 fectum
698 1395 788 1450 per
813 1379 1063 1433 tumultus
1093 1378 1322 1448 publicos
1349 1380 1700 1450 nequiverunt,
1733 1379 1930 1432 oblatas
1976 1378 2084 1448 pie-

478 1476 574 1530 tati
588 1484 769 1530 υεειτω
787 1475 1057 1548 Opinamur
1074 1490 1246 1544 preces
1261 1483 1482 1542 nostras,
1498 1473 1680 1546 quibus
1691 1476 1848 1546 juxta
1859 1473 2083 1543 partium

477 1568 698 1626 Psc'ruu
727 1582 1044 1625 POPOSCIIUS
1074 1610 1090 1635 ,
1121 1568 1378 1623 ut-altero
1408 1566 1699 1633 decedente,
1726 1583 1878 1637 penes
1901 1582 2084 1638 super-

477 1663 646 1718 stitem
678 1659 926 1717 Ecclesia:
958 1669 1308 1730 permanerent
1361 1677 1453 1714 nec
1491 1659 1669 1732 aliqua
1706 1659 2080 1731 superordina-

2184 434 2249 489 iis
2282 435 2474 491 iterum
2516 435 3046 507 exprobrari,.quod
3083 436 3378 495 Orientales
3414 443 3720 513 negligerent.

2184 528 2453 585 Videntur
2481 539 2663 586 tamen
2707 531 2763 585 in
2810 545 2907 600 spe
2953 531 3154 602 optima
3183 531 3428 604 justaque
3455 538 3596 606 positi
3623 554 3722 594 cum

2185 623 2513 689 scriberent,
2547 638 2636 680 res
2663 622 3036 682 Antiochenas
3061 624 3350 681 feliciorem
3376 627 3426 682 in
3457 629 3726 684 Alexandri-

2185 732 2256 772 no
2285 717 2380 773 illo
2408 719 2664 785 concilio,
2696 732 2854 773 secus
2873 732 2936 773 ac
2959 718 3010 772 in
3033 717 3603 789 Constantinopolitano
3621 734 3726 775 con-

2185 813 2336 884 tigit,
2363 813 2567 869 exitum
2612 795 2912 869 habituras;
2947 813 3083 868 Hinc
3128 813 3306 880 aiunt,
3334 813 3387 867 id
3415 813 3725 882 obsecramus,

2184 917 2240 962 ut
2267 925 2386 962 cum
2411 909 2543 962 inter
2563 924 2616 962 se
2646 917 2776 962 ('qu
2804 908 3033 979 pleniore
3053 908 3377 962 tractaverint
3401 948 3417 974 ,
3444 912 3582 962 etiam
3602 909 3728 963 auai-

2185 1000 2258 1055 lia
2287 1001 2502 1056 decretis
2547 1000 2957 1057 sacerdotalibus
2988 1009 3165 1056 vestra:
3186 1001 3384 1070 pietatis
3410 1000 3615 1071 aspirent
3637 1041 3651 1066 ,
3693 1009 3731 1055 et

2186 1095 2332 1149 nobis
2361 1095 2553 1165 deferri
2581 1097 2634 1149 in
2657 1095 2895 1149 notitiam
2916 1095 3188 1158 censeatis,
3211 1110 3274 1148 ne
3295 1093 3518 1147 titubanti
3539 1103 3732 1147 nutemus

2185 1193 2403 1262 affectu,
2433 1192 2524 1246 sed
2547 1191 2653 1245 laeti
2676 1203 2829 1261 atque
2869 1192 3037 1246 securi
3059 1191 3237 1261 pietati
3259 1201 3434 1246 uestrae
3451 1189 3580 1258 apud
3599 1187 3733 1243 Deum

2186 1287 2324 1339 omni
2330 1295 2580 1353 potentem
2605 1287 2802 1360 gratias
2823 1303 3038 1360 agamus
3061 1327 3076 1353 ,
3105 1304 3205 1341 non
3227 1286 3391 1341 solum
3415 1284 3529 1358 quia
3564 1285 3735 1338 exclusa

2187 1381 2407 1451 perﬁdia
2432 1391 2508 1436 est
2533 1423 2548 1448 ,
2578 1381 2668 1436 sed
2703 1382 2829 1453 quia
2856 1382 3124 1436 catholicis
3151 1380 3280 1452 ﬁdes
3319 1390 3362 1436 et
3393 1379 3646 1434 concordia
3677 1385 3736 1439 est

2185 1477 2440 1529 restituta.
2470 1474 2597 1530 Hinc
2628 1484 2808 1530 tamen
2837 1476 2915 1530 sic
2941 1474 3258 1546 accipienda
3287 1483 3446 1540 sunt,
3475 1473 3516 1527 si
3544 1470 3737 1526 Romani

2185 1567 2382 1625 deinde
2427 1572 2667 1640 episcopi
2726 1574 3026 1627 auctoritas
3081 1571 3387 1628 accederet.
3445 1569 3572 1624 Hinc
3623 1566 3738 1622 idem

2185 1664 2503 1719 Ambrosius
2535 1665 2586 1718 in
2619 1663 2717 1720 hac
2746 1664 2990 1720 Flaviani
3033 1681 3195 1720 causa
3219 1661 3514 1733 TheOphilo
3542 1646 3739 1717 Alexan-

478 1755 552 1809 tio
574 1763 929 1809 attentaretur.
961 1751 1059 1808 llic
1083 1752 1248 1824 liquet
1268 1751 1451 1823 igitur,
1479 1753 1656 1820 primo
1679 1751 1794 1806 illas
1816 1749 2082 1806 Occiden-
2107 1747 2156 1808 B
2183 1754 2344 1811 drino
2363 1772 2485 1812 cum
2515 1759 2628 1812 suis
2658 1759 2952 1830 episcopis,
2974 1774 3004 1814 a
3030 1759 3282 1830 Capuana
3316 1757 3543 1828 plenaria
3565 1752 3740 1827 synodo

480 1849 667 1904 talium
691 1863 883 1921 preces
902 1847 1113 1904 oblatas
1142 1845 1460 1917 imperatori
1490 1845 1680 1912 fuisse,
1703 1843 1826 1916 quia
1855 1843 2080 1900 hostiles

479 1941 812 2014 irruptiones
840 1955 905 1997 ac
938 1940 1140 2011 publici
1167 1939 1432 1995 tumultus
1489 1939 1605 1993 vias
1636 1938 2076 2008 interceperant,

480 2053 551 2093 ne
572 2037 730 2108 legati
754 2036 1117 2100 mitterentur;
1143 2033 1380 2088 secundo
1401 2043 1685 2104 postquam
1710 2030 1901 2086 iisdem
1926 2031 2082 2085 inuo-

480 2139 663 2186 tuerat
701 2127 1098 2184 Antioclienum
1132 2125 1263 2181 illud
1297 2136 1513 2195 pactum
1542 2167 1556 2190 ,
1595 2123 1740 2196 quod
1768 2123 1946 2178 medio
1971 2123 2078 2178 cir-

480 2224 619 2280 citer
657 2238 801 2279 anno
828 2221 934 2277 379
954 2219 1306 2292 jurejurando
1325 2219 1591 2274 firmatum
1609 2217 1661 2273 in
1686 2232 1747 2272 ea
1771 2217 1900 2272 urbe
1914 2215 2081 2271 fuisse

479 2317 738 2386 diximus,
773 2331 997 2372 necesse
1019 2317 1201 2385 itaque
1222 2323 1334 2380 est,
1359 2323 1417 2369 ut
1445 2327 1633 2383 preces
1664 2313 1805 2384 ipsas
1827 2310 2080 2366 Theodo-

479 2411 563 2468 sio
591 2410 798 2467 oblatas
829 2408 996 2466 fuisse
1029 2409 1274 2464 dicamus
1300 2422 1443 2461 anno
1465 2407 1652 2472 elapso
1675 2447 1692 2474 ,
1724 2404 1869 2460 bello
1899 2412 2078 2458 tamen

480 2504 712 2564 Gothico
764 2503 1002 2559 nondum
1057 2501 1306 2558 confecto
1343 2515 1429 2565 ac,
1477 2509 1534 2554 ut
1564 2499 1706 2564 dixi,
1738 2499 1859 2568 ejus
1887 2495 2083 2569 synodi

481 2597 742 2653 Romanae
767 2595 1012 2663 nomine,
1044 2594 1130 2650 cui
1157 2591 1390 2648 Aeacius
1421 2591 1622 2648 Meletii
1655 2590 1864 2660 legatus
1889 2587 2080 2644 adfuit.

484 2687 592 2748 Sed
637 2704 759 2745 cum
801 2688 1057 2758 deinceps
1105 2701 1279 2757 neque
1307 2684 1425 2754 ejus
1452 2683 1625 2755 pacti,
1669 2696 1846 2752 neque
1893 2695 2080 2735 earum

484 2799 706 2856 precum
775 2780 1084 2838 Theodosio
1154 2779 1457 2834 oblatarum
1505 2774 1791 2856 rationem
1845 2773 2082 2828 habitam

483 2854 655 2933 l‘uisse
681 2875 919 2946 aliquam
963 2870 1204 2944 episcopi
1249 2854 1510 2941 Aquileiae
1539 2867 1852 2940 congregati
1886 2879 2086 2936 cogno-

483 2971 714 3036 vissent,
732 2985 797 3026 ac
813 2969 904 3025 vix
923 2969 1224 3024 restitutam
1239 2963 1607 3029 concordiam,
1631 2973 1844 3033 ruptam
1867 2963 2083 3028 iterum,

491 3064 947 3136 dissociatamque
965 3063 1018 3118 in
1043 3060 1647 3131 Constantinopolitana
1667 3058 1900 3132 synodo,
1927 3057 2086 3128 hujus

2183 1849 2432 1920 delegato
2457 1849 2623 1921 judici
2674 1852 2892 1916 scribit,
2935 1869 3060 1906 sane
3104 1850 3431 1922 referendum
3473 1847 3742 1903 arbitramur

2183 1947 2252 2000 ad
2280 1957 2512 2001 sanctum
2556 1949 2768 2018 fratrem
2795 1959 3030 2004 nostrum
3060 1949 3314 2005 Romana:
3339 1948 3633 2003 sacerdotem
3656 1942 3739 1997 Ec.

2185 2040 2370 2106 clesite,
2405 2041 2649 2112 quoniam
2689 2045 3048 2112 praesumimus
3075 2060 3133 2098 ea
3173 2053 3223 2097 te
3237 2043 3616 2116 judicaturum,
3652 2051 3743 2107 qua?

2183 2136 2334 2190 etiam
2360 2136 2440 2190 illi
2468 2136 2746 2208 displicere
2769 2148 3024 2208 nequeant
3049 2155 3067 2192 :
3089 2138 3160 2192 ita
3192 2138 3328 2193 enim
3357 2138 3450 2192 erit
3489 2131 3742 2188 consultum

2184 2232 2467 2296 sententiae,
2503 2231 2575 2284 ita
2603 2233 2775 2301 pacis,
2822 2244 2869 2286 et
2907 2233 3096 2302 quietis
3145 2231 3428 2297 securitas,
3459 2229 3502 2283 si
3535 2227 3585 2282 id
3611 2233 3743 2280 oestro

2184 2334 2444 2379 statuatur
2483 2327 2700 2381 consilio
2723 2368 2738 2393 ,
2800 2326 2940 2397 quod
2981 2327 3334 2382 communioni
3358 2333 3561 2379 nostra
3585 2321 3745 2375 dissert.

2188 2416 2381 2471 sionem
2412 2433 2514 2471 non
2546 2419 2740 2490 afferat
2767 2418 2870 2491 (ὁ).

2206 2519 2218 2532 ‘
2261 2511 2350 2567 ιν.
2391 2512 2630 2570 Severus
2657 2512 2928 2584 Sulpicius
2955 2513 3142 2570 scribit
3181 2513 3509 2570 Justantium
3533 2551 3548 2577 ,
3577 2506 3749 2564 Salvia-

2189 2620 2316 2659 num
2346 2647 2360 2672 ,
2415 2620 2478 2660 ae
2527 2605 2926 2661 Priscillianum
2981 2622 3011 2662 a
3051 2606 3533 2677 Caesaraugustam
3574 2596 3750 2673 synodo

2188 2696 2474 2753 damnatos
2495 2739 2510 2760 ,
2541 2713 2604 2753 ac
2632 2699 2858 2754 Romam
2905 2699 3206 2770 profectos,
3253 2709 3314 2755 ut
3342 2697 3481 2770 apud
3509 2694 3752 2749 Damasum

2188 2793 2386 2862 objecta
2415 2801 2709 2863 purgarent,
2739 2809 2806 2848 ne
2835 2793 2886 2847 in
2913 2803 3271 2863 conspectum
3309 2791 3521 2863 quidem
3551 2787 3657 2859 ejus
3680 2781 3756 2838 ad-

2188 2887 2383 2942 missos
2409 2902 2530 2944 esse
2561 2888 2668 2959 (c);
2699 2889 2844 2960 quod
2874 2888 3118 2958 profecto
3162 2904 3330 2946 nemo
3374 2895 3490 2952 est,
3533 2881 3616 2954 qui
3667 2892 3754 2932 non

2188 2977 2369 3034 videat
2391 2979 2482 3033 uni
2511 2990 2718 3035 tantum
2749 2979 3000 3036 relationi
3026 2980 3094 3036 ad
3122 2979 3480 3050 apostolicam
3520 2972 3688 3029 sedem
3705 2967 3759 3021 de

2190 3088 2342 3128 more
2371 3073 2438 3127 ab
2464 3088 2526 3128 ea
2555 3073 2764 3145 synodo
2795 3083 3006 3130 mature
3043 3075 3385 3129 transmissa:
3428 3064 3755 3125 tribuendum.

486 3159 716 3230 proinde
754 3158 971 3215 decreta
1020 3155 1468 3229 parvifacientes,
1504 3154 1753 3226 petimus,
1784 3153 1974 3218 aiunt,
2002 3167 2084 3206 vos

2195 3164 2323 3221 Hac
2364 3165 2558 3222 eruditi
2595 3168 2694 3222 viri
2726 3167 2793 3222 ad
2826 3167 2968 3222 hunc
3014 3183 3224 3224 annum
3279 3166 3475 3222 merito
3513 3163 3758 3220 referunt;

487 3251 869 3309 clementissimi
903 3259 953 3306 et
993 3249 1264 3305 christiani
1284 3248 1543 3321 principes
1569 3290 1584 3314 ,
1609 3257 1663 3301 ut
1683 3256 1729 3301 et
1755 3245 2085 3302 Alexandria:

485 3347 856 3404 catholicorum
894 3345 1122 3401 omnium
1151 3344 1476 3400 sacerdotum
1505 3343 1783 3398 concilium
1818 3343 1932 3412 ﬁeri
1963 3358 2082 3396 cen-

487 3443 643 3496 seatis
662 3482 678 3508 ,
709 3441 797 3512 qui
848 3440 982 3494 inter
1026 3455 1080 3493 se
1131 3437 1332 3509 plenius
1361 3444 1598 3504 tractent,
1626 3446 1780 3506 atque
1809 3433 2082 3505 deﬁniant,

487 3533 672 3603 quibus
717 3530 1060 3604 impertienda
1106 3529 1436 3594 communio,
1483 3527 1664 3600 quibus
1695 3527 1946 3582 seruanda
1994 3526 2082 3580 sit.

487 3630 756 3686 Caeterum
819 3628 1197 3700 Aquileienses
1240 3627 1434 3682 Patres
1486 3640 1594 3679 non
1636 3624 1690 3677 in
1747 3637 1870 3677 eum
1924 3620 2084 3674 linem

488 3723 764 3782 Orientale
790 3723 1091 3795 plenarium
1113 3721 1402 3778 concilium
1426 3716 1769 3776 Alexandriae
1791 3715 2088 3772 convocari

489 3823 704 3889 petunt,
737 3823 797 3872 ut
818 3816 940 3884 ejus
969 3813 1072 3885 ipsi
1097 3812 1468 3870 deﬁnitionem
1491 3811 1546 3868 in
1573 3828 1635 3867 ea
1659 3824 1818 3866 causa
1849 3824 2085 3880 sequan-

490 3918 599 3967 tur.
626 3907 758 3964 Nam
782 3906 925 3979 quod
953 3905 1021 3962 ad
1043 3921 1101 3962 se
1121 3907 1314 3962 attinet
1334 3913 1521 3974 aperte
1546 3912 1817 3968 asserunt,
1839 3919 2088 3974 perman-

487 4017 648 4060 suros
681 4017 743 4058 se
793 4002 848 4057 in
877 4000 1258 4056 communione
1305 3997 1577 4055 Timothei
1623 4008 1678 4054 et
1710 3996 2088 4054 Alexandrina:

489 4093 785 4164 Ecclesim,
818 4111 995 4167 neque
1041 4111 1074 4151 a
1119 4103 1316 4166 pacto,
1367 4092 1510 4165 quod
1538 4091 1840 4148 Antiochiae
1883 4091 2089 4162 jureju-

488 4191 660 4247 rando
686 4188 901 4261 adjecto
929 4187 1122 4244 initum
1165 4185 1362 4252 fuerat,
1391 4200 1514 4242 sese
1539 4201 1756 4256 quoquo
1782 4184 1944 4240 modo
1973 4184 2087 4240 dis-

491 4301 766 4353 cessuros,
817 4295 979 4356 atque
1009 4283 1131 4340 ideo
1158 4282 1440 4338 Paulinum
1472 4295 1572 4353 pro
1597 4279 1942 4337 Antiocheno
1972 4281 2088 4350 epi-

489 4394 656 4450 sCOpo
681 4387 940 4450 perpetuo
977 4379 1293 4444 habituros;
1329 4378 1380 4432 in
1406 4391 1515 4448 quo
1556 4375 1708 4432 vides
1731 4417 1747 4441 ,
1775 4375 1904 4447 quid
1929 4373 2088 4430 Occi-

492 4472 736 4529 dentales
765 4474 866 4544 ipsi
897 4473 965 4529 de
1009 4473 1230 4545 propria
1275 4471 1536 4542 dignitate
1589 4486 1653 4527 ac
1681 4471 1919 4542 sullragii
1945 4484 2088 4542 prae-

2185 3257 2664 3332 Caasaraugnsmna
2730 3263 2874 3316 enim
2929 3261 3173 3334 synodus
3246 3261 3430 3318 habita
3507 3257 3599 3312 iuit
3643 3263 3761 3307 anno

2187 3353 2374 3424 elapso
2399 3355 2544 3410 circa
2569 3354 2946 3423 Septembrem
2991 3372 3264 3412 mensem.
3295 3350 3654 3410 Priscillianus
3677 3359 3760 3397 au-

2189 3453 2296 3501 tem
2348 3460 2524 3515 neque
2575 3449 2756 3500 statim
2789 3446 2959 3502 movit
3006 3447 3076 3503 ab
3126 3445 3426 3518 lliSpaniis,
3478 3454 3640 3512 neque
3679 3435 3763 3490 iter

2187 3529 2382 3594 deinde
2431 3550 2666 3607 emptum
2701 3548 3021 3610 prosecutus
3071 3551 3154 3596 est
3183 3540 3498 3611 diligenter,
3533 3534 3620 3590 sed
3653 3527 3763 3584 sub-

2187 3633 2324 3688 stitit
2353 3633 2404 3687 in
2451 3634 2762 3705 Aquitania,
2788 3636 3108 3706 Spargentlis
3135 3635 3384 3706 perfidia:
3407 3628 3687 3688 seminibus
3711 3635 3763 3676 ac

2188 3727 2610 3798 corrumpendis
2647 3727 2893 3783 moribus
2919 3741 3234 3800 occupatus.
3290 3727 3502 3784 Damasi
3541 3725 3763 3797 pietatem

2188 3836 2252 3876 ac
2283 3821 2596 3892 religionem
2647 3822 2871 3877 laudant
2916 3823 3018 3879 hoc
3063 3825 3186 3881 loco
3237 3823 3329 3896 qni
3387 3820 3620 3891 sapiunt,
3666 3809 3765 3866 ani.

2190 3928 2444 3984 mumque
2485 3924 2680 3984 gerunt
2711 3913 3044 3984 pracjudiciis
3069 3931 3298 3970 vacuum
3332 3933 3344 3968 :
3374 3924 3429 3969 at
3455 3913 3542 3982 qui
3571 3906 3647 3963 vel
3675 3903 3767 3957 ha:-

2188 4005 2295 4060 resi
2327 4004 2680 4074 patrocinium
2711 4014 2980 4076 quaerunt,
3026 4007 3115 4062 vel
3159 4007 3289 4063 odio
3321 4007 3375 4062 in
3425 4007 3762 4062 transvorsum

2189 4106 2441 4168 aguntur,
2489 4099 2817 4167 Quesnellus
2848 4115 3066 4171 nempe,
3101 4115 3164 4156 ac
3197 4101 3463 4171 Dupinins
3493 4095 3574 4166 (d)
3602 4093 3692 4147 IlOC
3712 4084 3767 4140 ab

2189 4191 2383 4248 eodem
2433 4191 2631 4248 factum
2678 4203 2930 4250 asserunt
2979 4203 3125 4250 metu
3168 4184 3764 4252 excommunicatiouis,

2189 4301 2296 4358 qua
2323 4285 2511 4342 eadem
2551 4286 2796 4358 synodus
2822 4302 2919 4343 eos
2953 4287 3353 4354 obstrinxerat,
3385 4286 3478 4357 qui
3517 4284 3769 4340 damnatos

2189 4377 2311 4434 illos
2351 4378 2640 4436 lmreticos
2669 4380 2721 4436 in
2770 4381 3212 4436 communionem
3244 4379 3573 4451 reciperent.
3611 4373 3769 4440 Apage

2191 4471 2384 4529 deliria
2419 4492 2432 4528 :
2464 4490 2530 4530 an
2573 4491 2703 4531 vero
2747 4475 2856 4530 duo
2883 4475 2956 4532 illi
2991 4477 3233 4547 episcopi
3265 4486 3419 4533 recto
3460 4473 3645 4530 itinere
3681 4466 3770 4522 Βοο

491 4564 733 4635 rogativa
777 4565 1060 4620 sentirent.
1109 4565 1216 4620 Cur
1265 4565 1444 4636 itaque
1473 4563 1759 4619 concilium
1790 4561 1924 4618 illud
1955 4550 2163 4618 eon-D
2189 4583 2329 4624 mam
2362 4585 2421 4625 se
2463 4569 2824 4626 contulissent
2861 4584 2928 4625 eo
2975 4571 3233 4638 consilio,
3289 4579 3352 4626 ut
3399 4568 3608 4639 objecta
3650 4555 3772 4632 apud

491 4658 676 4714 vocari
725 4658 958 4730 petunt?
984 4657 1143 4712 Ratio
1191 4657 1245 4712 in
1280 4658 1470 4712 iisdem
1526 4657 1719 4712 litteris
1744 4698 1758 4723 ,
1792 4666 1951 4728 atque
2001 4655 2085 4711 his

492 4749 675 4807 verbis
695 4749 1037 4820 exprimitur,
1054 4765 1118 4805 ne
1138 4758 1228 4803 aut
1248 4749 1407 4819 aliqui
1426 4749 1695 4803 videantur
1720 4765 1829 4804 esse
1872 4750 2085 4820 postha-

494 4843 607 4911 biti,
635 4842 719 4912 qui
745 4852 794 4897 et
814 4851 984 4912 pacto,
1007 4840 1160 4910 Quo»
1179 4856 1350 4896 suae
1374 4854 1640 4908 vowuus,
1681 4841 2090 4895 communionem

495 4945 726 4993 nostram
749 4944 1023 5008 ragarunt,
1046 4945 1133 4990 aut
1156 4935 1312 4990 ullius
1339 4935 1481 5007 pacis
1510 4945 1557 4989 et
1584 4935 1838 4990 societatis
1863 4935 2092 5006 neglecta

496 5029 822 5100 compendia.
847 5027 1047 5098 Duplex
1064 5028 1225 5098 igitur
1241 5026 1401 5098 hujus
1421 5027 1634 5082 concilii
1660 5025 1874 5097 petendi
1894 5030 1952 5084 ea
1962 5042 2086 5083 usa:

496 5123 689 5188 altera,
725 5129 784 5176 ut
809 5135 875 5176 eo
897 5129 1054 5192 pacto
1083 5135 1290 5186 eorum,
1325 5121 1419 5192 qui
1447 5120 1514 5175 ad
1548 5121 1834 5176 Paulinum
1863 5132 1917 5178 et
1938 5122 2094 5178 Occi-

496 5215 794 5273 dentalium
821 5213 1256 5270 communionem
1305 5223 1554 5270 recenter
1591 5222 1938 5270 accesserant
1965 5256 1980 5281 ,
2009 5231 2096 5270 ra-

498 5308 700 5366 tionem
743 5307 997 5362 habuisse
1031 5304 1378 5361 viderentur:
1405 5305 1588 5376 plures
1603 5311 1746 5360 enim
1772 5307 1863 5377 qui
1895 5307 2094 5364 Meletii

500 5412 683 5475 partes
705 5403 874 5458 secuti
893 5399 1126 5466 fuerant,
1143 5400 1212 5455 ab
1234 5399 1494 5455 Flaviano
1511 5400 1580 5455 ob
1601 5401 1855 5456 violatum
1880 5414 2089 5472 pactum

499 5477 697 5550 deinde
743 5499 1080 5548 recesserant
1117 5489 1197 5563 (α)
1241 5507 1254 5543 :
1285 5493 1486 5557 altera,
1518 5507 1584 5548 ue
1633 5491 1687 5546 in
1717 5491 2093 5552 Occidentales

601 5635 656 5718 ᾳ)
690 5632 1025 5718 Spem-lib.
1067 5645 1322 5718 v11,”c_ap.
1347 5631 1438 5687 ll.

601 5635 656 5704 a)
690 5633 905 5690 Sozam.
929 5633 1025 5689 lib.
1067 5645 1322 5718 vu,.cap.
1347 5633 1438 5687 Η.

705 5703 1330 5846 itii-1.5330,
1355 5773 1520 5849 Oper.
1556 5773 1751 5847 Sigon.
1787 5784 1919 5834 tom.
1946 5774 2038 5833 Ν.

2193 4665 2478 4720 Damasum
2516 4675 2834 4737 purgarent,
2865 4665 2911 4720 si
2950 4681 3058 4720 non
3089 4666 3319 4722 fuissent
3363 4664 3586 4721 omnino
3628 4652 3770 4716 certi.

2193 4757 2296 4813 hoc
2317 4758 2616 4812 Romanum
2653 4757 2964 4828 pontiﬁcem
3003 4756 3128 4828 jure
3171 4758 3268 4824 uti,
3321 4751 3381 4813 ut
3420 4763 3697 4827 supremus
3715 4744 3774 4801 sit

2192 4847 2432 4905 omnium
2463 4851 2629 4920 judex
2657 4851 2709 4905 in
2733 4850 2858 4911 lidei
2889 4849 3117 4906 causis?
3145 4852 3228 4906 An
3253 4866 3385 4906 vero
3415 4848 3608 4907 Hosius
3625 4841 3777 4900 Nisa:-

2196 4957 2386 4998 norum
2429 4958 2490 4998 ac
2517 4944 2916 4999 Sardicensium
2955 4959 3224 5000 canonum
3251 4953 3446 5000 auctor
3474 4940 3774 5014 praecipuus,

2196 5049 2259 5088 ac
2285 5043 2580 5104 promotor,
2631 5035 2896 5107 lliSpanos
2927 5050 3058 5091 suos
3088 5039 3342 5108 ignorare
3371 5049 3564 5105 passus
3601 5033 3774 5088 fuerat.

2197 5122 2335 5179 hanc
2381 5125 2448 5180 iis
2503 5127 2556 5180 in
2598 5126 2846 5182 conciliis
2893 5126 3267 5182 confirmatam
3320 5127 3492 5184 divini
3541 5122 3778 5196 primatus

2197 5219 2652 5290 praerogativam?
2680 5219 2736 5275 id
2775 5234 2876 5292 ego
2921 5219 3053 5274 mihi
3084 5219 3402 5290 persuaderi
3447 5233 3556 5275 non
3605 5212 3775 5287 patiar-

2196 5311 2464 5368 Cazterum
2507 5323 2563 5368 ut
2596 5327 2700 5370 non
2729 5329 2794 5369 ex
2823 5313 3154 5384 conjecturis
3202 5323 3435 5380 tantum,
3481 5309 3575 5366 sed
3601 5323 3662 5364 ex
3690 5304 3777 5364 iis.

2196 5426 2315 5482 quae
2337 5411 2513 5467 adhuc
2533 5423 2821 5482 supersunt
2838 5413 3200 5470 monumentis
3220 5425 3546 5484 cognoscas,
3572 5404 3782 5474 benigne

2195 5503 2392 5573 lector,
2414 5520 2536 5576 qua:
2563 5503 2725 5560 fuerit
2746 5521 2871 5576 erga
2894 5504 3245 5563 Sardicenses
3273 5519 3518 5561 canones
3549 5501 3780 5569 llispanm

2274 5640 2378 5718 (d)_
2406 5642 2608 5718 Quesn.
2647 5643 2868 5718 dissert.
2899 5641 2965 5711 5,
3009 5644 3242 5718 cap.16;
3290 5644 3492 5716 Dupin.
3565 5640 3691 5698 diss.
3719 5633 3779 5700 9,

2201 5713 2406 5787 οειρζῖ,
2435 5713 2463 5787 5
2489 5714 2558 5781 2,
2591 5729 2710 5789 pag.
2742 5715 2866 5772 tot.
