3950 6330
171 275 263 332 ’255

1492 265 2017 325 PROLEGOMENA.

3346 250 3454 333 est

169 388 405 448 Ecclesiae
436 386 775 443 observantia
801 396 996 459 quarto
1025 385 1128 442 hoc
1167 385 1366 442 sacculo
1389 427 1403 452 ,
1431 384 1595 441 adisis
1635 384 1736 440 vir.
1767 388 1817 448 Α
1845 394 1893 440 et
1936 383 2279 438 auersantium
2317 384 2429 441 licet
2471 402 2594 453 ora,
2617 388 2839 444 excitata
2874 390 3007 460 [ocis
3050 391 3227 447 vestris
3275 397 3456 466 favilla

166 483 277 540 clar.
307 480 625 553 Cajetanum
669 479 935 537 Cennium
977 482 1030 536 in
1067 480 1293 536 eruditis
1323 480 1440 551 ejus
1484 478 1743 534 Ecclesiae

164 573 553 645 antiquitatibus
590 571 691 646 (α),
720 572 811 643 qui
842 572 998 629 nobis
1038 572 1207 628 otium
1248 571 1353 628 hoc
1378 588 1409 628 a
1451 571 1637 628 labore
1667 568 1745 625 fe-

162 669 239 724 cit.
292 664 429 723 Cum
484 681 617 724 vero
665 666 951 723 haereticos
1001 666 1121 722 illos
1154 666 1323 721 Roma
1363 666 1572 737 pulsos,
1622 678 1743 719 cum

160 757 501 816 Mediolanum
515 759 889 824 accessissent,
908 758 978 815 ab
994 759 1249 831 episcopo
1271 756 1560 813 Ambrosio
1576 754 1748 825 Sulpi-

160 854 259 909 cius
288 852 493 924 pariter
524 851 757 923 rejectos
780 851 975 919 addat,
1006 852 1132 909 hinc
1156 851 1378 923 colligas
1404 866 1526 907 cum
1552 849 1745 907 eodem

158 946 450 1005 clarissimo
470 956 728 1015 auctore,
781 962 1032 1019 magnam
1065 946 1352 1002 Damasum
1403 944 1545 1002 inter
1586 954 1747 1016 alque

156 1041 319 1113 ipsum
348 1038 694 1096 Ambrosium
717 1081 734 1109 ,
771 1040 1078 1097 animorum
1118 1039 1577 1111 consiliorumque
1618 1053 1751 1094 con-

151 1135 477 1206 junctionem
525 1135 712 1204 fuisse,
745 1150 809 1191 ac
854 1134 1315 1191 Mediolanensem
1347 1134 1598 1190 eximiam
1636 1133 1748 1205 jam

155 1228 466 1295 Ecclesiam,
497 1229 753 1285 Romanae
777 1230 1021 1301 inprimis
1047 1228 1433 1298 obsequentem
1455 1227 1746 1283 exstitisse.

152 1320 327 1394 Neque
364 1322 509 1379 enim
542 1332 672 1393 puto
712 1322 855 1378 inter
892 1322 1221 1389 Catholicos,
1254 1323 1384 1393 quin
1413 1335 1547 1378 vero
1578 1335 1751 1392 neque

151 1412 282 1470 inter
309 1414 504 1471 doctos
527 1431 556 1470 a
588 1414 852 1471 catholica
886 1415 1147 1487 religione
1175 1415 1383 1471 alienos
1415 1428 1538 1471 esse
1566 1429 1749 1484 posse,

148 1511 221 1582 qui
245 1525 403 1566 nunc
429 1519 709 1578 asserant,
742 1508 1033 1567 Gnosticos
1062 1508 1235 1566 Roma
1279 1507 1465 1580 pulsos
1494 1507 1754 1564 Mediola-

149 1619 260 1660 num
295 1602 627 1675 confugisse,
658 1606 798 1673 quod
826 1604 1140 1675 episcopum
1197 1602 1348 1658 illum
1381 1602 1630 1657 Romano
1680 1617 1752 1657 tE-

148 1699 386 1771 qualem,
435 1707 528 1753 aut
571 1696 733 1753 etiam
782 1698 1117 1769 superiorem
1167 1694 1581 1753 existimarent:
1634 1693 1751 1750 haec

147 1808 268 1851 vero
299 1793 584 1864 utriusque
614 1791 894 1856 Ecclesiae,
939 1806 1062 1864 quae
1101 1791 1204 1847 sub
1251 1790 1487 1845 Damaso
1531 1788 1752 1860 potissi-
1778 1816 1828 1879 Β

148 1903 281 1944 ιηιιιη
313 1896 368 1943 et
394 1885 683 1943 Ambrosio
710 1884 997 1957 conspicua
1027 1894 1163 1949 erat,
1196 1884 1456 1953 prmclara
1485 1880 1748 1953 conjunc-

147 1982 241 2048 tio;
276 1996 410 2038 cum
436 1989 591 2036 aucta
620 1979 841 2045 deinde,
874 1987 1037 2050 atque
1080 1976 1145 2033 ad
1178 1977 1433 2034 Siricium
1462 2018 1477 2045 ,
1511 1976 1746 2031 Anasta-

148 2077 298 2143 sium,
332 2074 767 2148 Simplicianum.
800 2083 857 2132 et
884 2073 1177 2130 Venerium
1209 2081 1502 2145 propagata
1533 2071 1746 2137 fuisset,

148 2169 341 2235 eliecit,
390 2178 449 2223 ut
495 2166 757 2233 Africani,
805 2165 1141 2237 Hispanique
1188 2165 1450 2237 praesules
1496 2162 1753 2219 Mediola-

150 2280 367 2323 nensem
395 2261 711 2335 episcopum
736 2259 1026 2333 aliquando
1050 2259 1424 2323 consulerent,
1452 2272 1613 2329 quem
1642 2271 1750 2312 non

150 2357 466 2429 ignorabant
520 2355 781 2410 Romanae
829 2351 1090 2410 Ecclesiae
1148 2352 1455 2408 arctissimo
1503 2349 1751 2422 junctum

151 2448 371 2511 laedere.
397 2463 465 2504 ac
485 2446 818 2521 dogmatum,
847 2446 1261 2513 sententiarum,
1288 2443 1755 2514 consiliorumque

152 2542 630 2602 instructissimum
661 2551 717 2598 et
747 2539 1177 2599 tenacissimum.

755 2674 983 2734 CAPUT
1023 2671 1157 2729 XX.

304 2774 440 2842 352,
468 2773 672 2829 DAIASI
696 2771 787 2839 17,
815 2771 1046 2828 δυσκιο
1072 2783 1143 2825 ιτ
1175 2768 1417 2824 Auroato
1445 2780 1591 2824 coss.

155 2888 193 2944 l.
228 2887 497 2944 Damasus
540 2886 860 2942 ethnicorum
912 2893 1205 2939 senatorum
1245 2884 1309 2938 de
1356 2882 1464 2937 Ara
1520 2879 1761 2936 Victoria

216 2979 543 3037 restituenda
580 2978 852 3034 consilium
878 2975 1164 3043 disturbat,
1194 2975 1400 3046 scriptis
1434 2974 1502 3029 ad
1539 2973 1761 3029 Ambro-

219 3075 359 3129 sium
390 3072 596 3129 litteris.
628 3071 692 3127 ll.
731 3069 937 3127 Celebre
962 3069 1028 3125 ab
1052 3085 1106 3125 se
1138 3086 1276 3124 anno
1304 3070 1479 3141 elapso
1516 3083 1765 3124 conuoca-

222 3176 329 3222 tum
358 3165 637 3221 concilium
660 3165 840 3220 Roma:
872 3164 1041 3218 habet.
1072 3162 1162 3219 Ill.
1192 3161 1484 3233 Prtecipute
1509 3164 1619 3234 ejus
1638 3178 1765 3216 con-

222 3259 446 3315 vocandi
484 3274 676 3315 cum.
722 3256 812 3313 IV.
845 3255 1139 3313 Orientales
1171 3272 1227 3311 se
1271 3263 1533 3319 excusant,
1566 3254 1765 3325 quomi-

224 3369 323 3408 nus
350 3351 421 3406 ad
444 3350 578 3406 illud
603 3350 925 3417 accederent,
951 3364 1227 3418 eorumque
1257 3348 1442 3403 littera:
1458 3363 1522 3402 ea;
1543 3347 1618 3402 rei
1644 3355 1765 3401 tunc

227 3457 389 3522 gesta
407 3447 540 3503 serie
563 3446 943 3519 expenduntur,
972 3462 1033 3499 ac
1056 3444 1209 3518 plura
1233 3444 1547 3499 observanda
1577 3459 1766 3516 propo-

228 3550 446 3597 nuntur.
497 3539 565 3595 ν.
596 3538 703 3595 Cur
729 3540 793 3595 de
819 3538 1016 3611 Cyrillo
1048 3537 1545 3611 Hierosolymitano,
1577 3554 1668 3592 cur
1704 3536 1769 3593 de

232 3634 473 3692 Nectarii
516 3634 769 3690 electione
809 3632 966 3688 iidem
1022 3630 1091 3686 ad
1134 3628 1422 3685 Damasum
1471 3628 1764 3685 retulerim.

233 3730 324 3786 Vl.
359 3728 591 3796 Quinam
618 3726 739 3783 huic
764 3725 981 3783 concilio
1008 3723 1318 3795 adfuerint?
1348 3722 1597 3795 Basnagii
1631 3737 1773 3777 erro-

234 3839 335 3878 nea
361 3821 635 3879 sententia.

235 3941 282 3998 l.
321 3940 518 3997 Primis
548 3938 709 4012 hujus
751 3937 882 3995 anni
919 3936 1195 3994 mensibus
1224 3950 1323 4007 per
1361 3942 1644 3991 senatores
1673 3930 1778 3989 Ur-

173 4032 253 4090 bis
290 4032 556 4090 idolorum
580 4031 845 4097 cultores,
878 4039 1056 4086 actum
1085 4038 1169 4085 est
1196 4027 1266 4085 de
1295 4025 1628 4084 restituenda
1669 4036 1780 4081 sta-

174 4135 289 4193 tua,
316 4133 476 4197 atque
499 4141 594 4182 ara
610 4123 885 4193 Victoriae,
917 4124 1149 4192 dataque
1177 4131 1261 4178 est
1301 4121 1630 4195 Symmacho
1649 4135 1778 4177 cura

176 4221 458 4295 legationis
484 4223 541 4278 in
562 4237 685 4279 eum
708 4220 871 4276 linem
903 4217 1150 4290 petenda:
1175 4218 1242 4274 ad
1262 4216 1577 4273 Gratianum
1607 4216 1779 4285 impe-

176 4325 436 4372 ratorem.
468 4314 711 4372 Statuam
740 4313 883 4369 illam
914 4312 1152 4369 Tarento
1184 4310 1391 4382 pridem
1427 4310 1654 4365 Romam
1687 4306 1785 4361 ad-

178 4419 408 4476 vectam,
427 4407 697 4482 Egyptiis
722 4406 918 4463 deinde
942 4406 1128 4478 spoliis
1153 4405 1487 4471 decoratam,
1510 4405 1784 4473 Augustus

181 4502 236 4559 in
266 4502 441 4559 media
469 4503 647 4559 Curia:
675 4501 957 4558 latitudine
982 4501 1364 4568 collocaverat,
1396 4513 1501 4571 qua
1524 4505 1677 4568 parte
1704 4495 1786 4550 in-

1845 479 2152 550 respergat?
2180 476 2302 534 Non
2334 479 2440 536 illis
2474 482 2600 537 satis
2628 491 2747 537 sunt
2781 483 2989 541 lavacra
3008 528 3022 553 ,
3054 503 3155 542 non
3184 490 3411 561 porticus
3437 532 3456 555 ,

1849 586 1951 625 non
1984 570 2166 641 platea:
2192 582 2458 644 occupata:
2484 574 2816 631 simulacris?
2842 575 3079 633 Etiamne
3106 580 3158 633 in
3197 585 3456 639 communi

1848 665 2063 720 consilio
2102 682 2204 721 non
2234 667 2332 722 erit
2373 668 2657 724 communis
2684 669 2911 725 conditio
2930 672 2956 726 Ρ
2980 671 3339 746 Obsltingetur
3370 676 3458 745 pia

1847 770 2052 815 senatus
2077 761 2245 833 portio
2266 760 2627 818 obtestantiunt
2654 762 2880 829 vocibus,
2904 764 2973 818 ad
2968 768 3263 839 jurantium
3283 784 3461 824 sacra-

1850 854 2270 910 mentis?Aram
2317 856 2478 927 igitur
2514 856 2661 913 illam
2708 872 2739 913 a
2778 856 3072 915 Constante
3112 860 3344 917 dirutam
3370 904 3385 929 ,
3425 878 3457 919 a

1851 945 2158 1018 Magnentio
2187 948 2515 1012 restitutam.
2542 967 2571 1006 a
2599 950 2919 1008 Constantio
2944 955 3134 1010 iterum
3164 972 3413 1014 eversam
3441 1001 3456 1025 ,

1852 1055 1916 1097 ac
1951 1058 2138 1099 rursus
2165 1043 2267 1098 sub
2290 1041 2506 1099 Juliano
2550 1046 2921 1117 superstitioni
2966 1060 3409 1119 reprmseutatam
3440 1094 3456 1118 ,

1852 1133 2127 1191 Gracchus
2152 1177 2166 1203 ,
2206 1144 2265 1192 ut
2310 1136 2578 1204 creditur,
2607 1152 2727 1193 cum
2782 1137 3055 1195 Urbanum
3085 1143 3458 1212 praefecturam

1852 1237 2106 1298 gereret,
2149 1229 2283 1301 legis
2320 1230 2389 1285 ab
2429 1229 2619 1286 eodem
2665 1229 2923 1287 Gratiano
2970 1233 3092 1288 latm
3139 1236 3465 1294 auctoritate

1855 1318 2020 1376 fultus
2067 1320 2459 1397 destruxerat,
2479 1324 2621 1395 quod
2664 1326 2938 1395 egregium
2972 1324 3183 1383 facinus
3220 1328 3464 1387 Pruden-

1857 1415 1961 1470 tius
1990 1413 2073 1470 Iiis
2095 1416 2338 1473 versibus
2363 1426 2552 1473 contra
2578 1418 2963 1491 Symmachum
2993 1419 3195 1477 iudicat
3224 1440 3238 1477 :

1950 1531 2060 1599 lam
2074 1534 2193 1597 quid
2207 1532 2486 1599 Publicolas
2512 1548 2797 1599 percurram
2821 1538 3040 1588 carmine
3065 1538 3313 1591 Gracchos

1949 1594 1980 1658 ε]
1984 1608 2074 1645 ure
2093 1594 2359 1658 potestatis
2379 1594 2531 1648 fultos
2559 1606 2612 1648 et
2637 1599 2684 1648 in
2711 1613 2827 1649 arce
2850 1608 3054 1650 Senatus

1950 1656 2546 1725 Braecipuos,_simul_aera_
2564 1661 2722 1725 Deum
2744 1663 2948 1721 iussisse
2974 1662 3182 1725 revelli,

1952 1717 2173 1787 Quinque
2196 1722 2510 1787 suispariter
2532 1717 2805 1774 lectoribus
2824 1726 3151 1787 omnipotenti

1948 1780 2248 1845 Suppliciter
2269 1780 2463 1835 Christo
2483 1798 2543 1835 se
2566 1799 2900 1849 congregasse
2925 1780 3218 1851 regendos?

1858 1883 1932 1941 At
1965 1895 2248 1944 senatores
2293 1887 2403 1954 illi,
2437 1889 2527 1960 qui
2558 1888 2882 1945 Christiana:
2922 1890 3045 1947 fidei
3078 1908 3273 1949 nomen
3305 1894 3473 1955 dedee

1852 1989 1997 2045 rant,
2031 1989 2090 2035 ut
2115 1981 2340 2037 alterius
2374 1983 2541 2052 partis
2570 1983 2750 2039 studia
2777 1982 3191 2052 frustrarentur,
3224 2002 3472 2045 commu-

1855 2073 2048 2130 nieatis
2079 2090 2203 2131 cum
2238 2076 2470 2132 Damaso
2510 2078 2753 2135 consiliis
2779 2078 3017 2134 libellum
3055 2081 3220 2138 alium
3248 2098 3473 2155 compo—

1853 2178 2105 2235 suerunt,
2138 2184 2245 2239 quo
2289 2169 2697 2226 obtesmbantur
2750 2171 2887 2226 falso
2912 2172 3132 2229 obtendi
3157 2190 3185 2228 a
3214 2175 3471 2248 Symma-

1854 2261 1957 2317 cho
2013 2271 2235 2317 senatus
2289 2277 2533 2330 nomen;
2568 2265 2695 2333 quin
2743 2280 2902 2331 vero,
2954 2280 3017 2321 se
3072 2281 3177 2321 non
3230 2268 3475 2323 adituros

1854 2356 2085 2427 amplius
2123 2355 2362 2424 curiam,
2398 2357 2443 2411 si
2488 2372 2579 2412 res
2622 2372 2685 2412 ea
2726 2358 3026 2427 juberetur.
3090 2358 3223 2413 Eum
3278 2359 3475 2417 deinde

1858 2446 2103 2506 libellum
2159 2449 2419 2505 Damasus
2465 2451 2754 2507 Ambrosio
2803 2451 2986 2519 misit,
3029 2451 3365 2524 injunxitque
3414 2462 3472 2507 ut

1857 2543 2011 2601 daret
2045 2560 2266 2616 operam
2297 2560 2461 2616 penes
2492 2543 2845 2612 Gratianum,
2873 2546 2963 2615 qui
2994 2561 3194 2601 annum
3227 2545 3344 2602 fere
3386 2549 3470 2601 in-

1858 2645 2067 2709 tegrum
2101 2637 2157 2693 in
2182 2635 2333 2693 Italia
2364 2637 2648 2708 transegit,
2682 2653 2750 2693 ne
2774 2637 2904 2707 quid
2932 2639 3138 2694 interea
3164 2638 3477 2695 Christiana

1859 2730 2051 2801 religio
2084 2728 2399 2787 detrimenti
2444 2739 2684 2800 caperet.
2715 2729 2915 2786 Eorum
2936 2772 2951 2796 ,
2985 2731 3073 2801 qui
3118 2730 3304 2786 libello
3344 2733 3481 2799 scri-s

1859 2823 2040 2880 bendo
2064 2822 2357 2881 adfuerunt
2379 2825 2596 2880 nomina
2643 2839 2764 2879 cum
2798 2824 3013 2879 Damasi
3044 2824 3109 2880 ad
3131 2824 3480 2881 Ambrosium

1860 2914 2059 2971 litteris
2099 2917 2412 2988 perierunt,
2440 2932 2576 2987 quos
2613 2926 2790 2972 tamen
2818 2917 3137 2973 Ambrosius
3166 2918 3281 2989 ipse
3326 2919 3482 2973 innue

1861 3023 2028 3063 meros
2056 3008 2225 3065 fuisse
2255 3009 2363 3074 ait,
2396 3017 2559 3080 atque
2587 3008 2639 3064 id
2674 3008 3004 3064 Prudentius
3031 3010 3321 3066 conﬁrmat
3341 3053 3356 3078 ,
3385 3012 3483 3066 ali-

1864 3108 1998 3170 quot
2048 3100 2311 3156 indicans.
2340 3098 2630 3157 Gratianus
2676 3102 2886 3172 itaque,
2919 3102 3007 3156 cui
3056 3101 3478 3159 Mediolanensis

1792 3215 1839 3280 ρ
1870 3193 2067 3263 praesul
2095 3192 2238 3248 baud
2278 3193 2501 3264 imparis
2535 3194 2763 3250 Damaso
2802 3210 2929 3266 erga
2966 3194 3285 3267 religionem
3315 3195 3485 3255 studii

1868 3303 1992 3345 eum
2020 3286 2263 3342 libellum
2287 3289 2531 3358 miserat,
2554 3304 2675 3344 cum
2695 3289 3053 3347 intellexisset
3078 3305 3192 3345 rem
3213 3290 3481 3362 iniquam,

1868 3380 1953 3436 cui
2004 3389 2267 3451 prieterea
2339 3382 2785 3451 gravissimorum
2854 3392 3169 3439 senatorum
3222 3398 3484 3443 numerus

1871 3473 2014 3530 haud
2036 3476 2264 3547 exiguus
2291 3485 2656 3547 repugnaret,
2686 3491 2715 3529 a
2747 3490 2807 3532 se
2840 3477 3124 3547 postulari,
3159 3476 3484 3548 legationem

1873 3583 1982 3623 non
2011 3568 2287 3626 concessit
2313 3582 2328 3635 ;
2360 3580 2523 3640 atque
2556 3570 2628 3625 ita
2660 3569 2873 3624 Damasi
2903 3569 3247 3639 providentia
3270 3612 3285 3637 ,
3321 3583 3483 3641 atque

1872 3661 2147 3720 Ambrosii
2172 3678 2336 3735 opera
2359 3663 2566 3730 evenit,
2589 3672 2649 3717 ut
2672 3662 2982 3734 Symmachi
3024 3663 3363 3735 aliorumque
3392 3679 3486 3720 co-

1877 3764 2034 3810 natus
2075 3755 2217 3810 male
2259 3762 2385 3811 tunc
2412 3761 2711 3810 verterent.
2746 3755 2879 3823 Qua:
2921 3754 3024 3811 sub
3054 3756 3314 3812 Gratiano
3342 3755 3487 3813 haud

1875 3848 2016 3905 bene
2050 3857 2307 3917 cesserat,
2352 3862 2442 3905 res
2483 3848 2677 3904 iterum
2715 3856 2919 3903 tentata
2950 3856 3034 3904 est
3071 3863 3137 3905 eo
3187 3848 3441 3905 defuncto
3469 3891 3486 3919 ,

1881 3941 2024 4013 apud
2057 3941 2494 3997 Valentinianum
2537 3957 2763 4013 puerum
2795 3941 2864 3997 ab
2895 3940 3086 3997 eodem
3116 3940 3442 4015 Symmacho
3468 3982 3488 4012 ,

1882 4034 2036 4105 cujus
2064 4034 2254 4091 relatio
2284 4034 2448 4090 etiam
2474 4050 2618 4090 nunc
2646 4043 2895 4105 superest
2926 4035 3067 4090 inter
3087 4038 3206 4102 ejus
3230 4035 3489 4105 epistolas

1883 4126 1980 4184 lib.
2024 4144 2095 4194 χ,
2122 4143 2209 4198 ep.
2253 4127 2344 4183 54.
2374 4127 2577 4184 Verum
2627 4127 2751 4183 buic
2796 4126 2957 4183 etiam
3005 4127 3252 4197 petitioni
3294 4142 3487 4198 magna

1884 4220 2049 4277 animi
2071 4220 2122 4276 vi
2171 4221 2479 4277 intercessit
2513 4219 2867 4285 Ambrosius,
2908 4235 3103 4274 memor
3141 4220 3410 4290 legationis
3457 4236 3488 4275 τι

1888 4313 2119 4370 Damaso
2166 4322 2434 4385 acceptas,
2500 4311 2787 4383 ell‘ecitque
2843 4309 3156 4381 gravissima
3204 4324 3268 4366 ac
3324 4311 3491 4367 veliee

1886 4405 2221 4463 meritissima
2252 4406 2479 4477 epistola
2501 4447 2517 4474 ,
2550 4420 2614 4461 ac
2638 4405 2884 4461 oratione
2906 4445 2923 4473 ,
2953 4414 3010 4460 ut
3051 4406 3488 4463 adversariorum

1889 4514 2015 4571 spes
2054 4500 2247 4554 iterum
2286 4498 2661 4556 frustraretur.
2704 4498 2853 4555 Hanc
2882 4500 3102 4555 alteram
3136 4509 3315 4557 autem
3345 4501 3492 4573 lega-

186 4599 372 4654 troitus
416 4607 533 4653 erat
570 4595 819 4652 Patribus
855 4594 924 4651 ad
964 4604 1213 4652 senatum
1256 4609 1353 4666 pro
1394 4591 1786 4649 deliberatione
1810 4620 1867 4683 Β
1891 4593 2090 4649 tionem
2122 4607 2242 4648 cum
2261 4591 2618 4665 Symmachus
2635 4591 2832 4649 obierit
2855 4591 2966 4663 jam
2997 4586 3279 4665 Praefectus
3306 4592 3490 4662 Urbis,

186 4688 432 4745 euntibus
453 4732 468 4755 ,
499 4703 758 4760 aramque
787 4685 1148 4744 dedicaverat.
1184 4685 1263 4741 Ad
1287 4701 1407 4741 eam
1434 4683 1665 4739 Romani
1687 4682 1788 4739 du-

188 4781 494 4847 ces,rebus
537 4780 769 4836 feliciter
810 4780 1011 4852 gestis,
1050 4778 1314 4849 bellisque
1352 4776 1619 4847 perfuncti
1662 4790 1786 4831 cum

189 4873 571 4939 sacriﬁcarent,
591 4884 949 4945 acccptasque
974 4887 1043 4929 ex
1074 4871 1320 4927 hostibus
1339 4870 1594 4927 victorias
1622 4868 1791 4926 refer-

194 4976 313 5019 rent
333 5006 347 5032 ,
375 4965 732 5039 Symmachus
764 4964 887 5021 inde
913 4969 1123 5034 copiam
1160 4962 1375 5031 hausit,
1407 4979 1511 5033 qua
1547 4962 1788 5018 lutulen-

197 5057 304 5115 tior
331 5061 381 5116 in
409 5061 508 5117 hac
535 5076 699 5117 causa
726 5059 919 5117 ﬂueret
950 5060 1004 5114 in
1032 5058 1222 5114 litteris
1244 5057 1309 5113 ad
1329 5056 1788 5124 Valentinianum,

197 5168 318 5224 qua:
345 5155 497 5211 etiam
528 5171 656 5211 num
684 5163 919 5212 exstant.
952 5152 1069 5221 Quo
1099 5150 1319 5217 factum,
1344 5160 1404 5207 ut
1438 5149 1584 5207 idolo
1615 5150 1739 5205 huic
1758 5163 1791 5205 a

200 5250 533 5306 senatoribus
574 5248 780 5305 curiam
822 5264 918 5320 pro
945 5246 1175 5303 consilio
1206 5246 1565 5317 ingressuris,
1598 5259 1747 5300 mero
1773 5284 1790 5314 ,

203 5350 264 5397 et
292 5344 436 5401 thure
468 5341 791 5409 sacriﬁcari,
822 5357 887 5399 ac
922 5343 1287 5413 juramentum
1325 5338 1431 5395 dici
1458 5336 1742 5409 oportebat
1775 5354 1791 5393 :

206 5434 341 5492 Hinc
365 5438 679 5495 Ambrosius
706 5436 780 5510 (b)
806 5453 820 5490 :
882 5434 1244 5492 Ferendumne
1267 5434 1408 5489 istud
1436 5442 1531 5500 est,
1563 5441 1619 5486 ut
1654 5429 1795 5486 Gen-

209 5528 318 5583 tilis
334 5533 573 5604 sacriﬁcet
600 5541 649 5587 et
672 5528 995 5587 Christianus
1020 5529 1223 5585 intersit
1246 5544 1260 5595 ;
1303 5527 1546 5582 hauriant
1581 5543 1753 5583 omnes
1779 5566 1796 5592 ,

212 5619 442 5679 hauriant
468 5626 547 5681 uel
573 5625 721 5680 inuiti
749 5627 949 5695 funium
963 5622 1148 5691 oculis,
1171 5621 1529 5694 symphoniam
1551 5621 1792 5691 auribus,

299 5759 360 5837 (α)
409 5765 633 5823 Dissert.
663 5768 720 5831 2,
752 5783 872 5839 cap.
908 5768 964 5824 4.

489 5861 768 5926 Panos"
826 5861 1007 5925 XIII.

1893 4685 2165 4743 Urbanam
2192 4701 2322 4742 vero
2356 4684 2732 4758 praefecturam
2756 4700 2879 4742 cum
2910 4684 3289 4743 administrare
3314 4702 3497 4760 cmpe-

1891 4780 1962 4837 rit
1989 4781 2174 4852 elapso
2195 4780 2307 4851 jam
2340 4780 2519 4836 medio
2545 4796 2689 4836 anno
2715 4781 2845 4848 584,
2876 4779 3079 4850 liquido
3105 4790 3320 4837 constat
3350 4782 3498 4851 prio-

1894 4890 2009 4931 rem
2039 4874 2309 4930 removeri
2338 4890 2445 4929 non
2478 4890 2637 4945 posse
2667 4890 2698 4929 a
2730 4874 2916 4944 primis
2949 4875 3106 4946 hujus
3135 4877 3259 4931 anni
3290 4877 3496 4933 mensi-

1894 4966 2030 5034 bus,
2054 4981 2117 5022 ac
2165 4981 2279 5022 rem
2320 4966 2467 5022 illam
2507 4966 2810 5025 confectam
2850 4976 3137 5038 antequam
3178 4968 3499 5037 Ambrosius

1895 5075 1995 5132 pro
2035 5058 2274 5132 synodo,
2306 5059 2374 5115 de
2431 5075 2536 5131 qua
2584 5073 2709 5114 mox
2752 5058 2960 5126 dicam,
2997 5059 3219 5115 Romam
3273 5060 3501 5117 accedes-

1896 5162 2003 5219 ret,
2027 5152 2293 5224 siquidem
2326 5152 2420 5209 ille
2459 5152 2578 5208 b.rc
2607 5152 2822 5208 scribit:
2859 5151 2999 5207 Nam
3025 5162 3072 5206 et
3092 5161 3211 5207 ante
3239 5153 3499 5209 biennium

1897 5246 2058 5318 ferme
2079 5287 2095 5315 ,
2127 5262 2242 5300 cum
2287 5246 2382 5301 hoc
2409 5255 2575 5315 petere
2602 5255 2872 5312 tentarent,
2902 5245 3038 5300 misit
3067 5245 3135 5300 ad
3173 5262 3252 5300 me
3296 5255 3505 5303 sanctus

1900 5336 2163 5396 Damasus
2189 5338 2437 5394 Romana:
2467 5338 2713 5403 Ecclesia!
2752 5337 2991 5393 sacerdos
3011 5337 3215 5407 judicio
3246 5336 3343 5391 Dei
3368 5339 3505 5392 elec-

1904 5444 1986 5488 tus
2007 5474 2022 5498 ,
2055 5431 2303 5499 libellum,
2333 5448 2482 5505 quem
2518 5431 2787 5488 christiani
2832 5438 3087 5485 senatores
3131 5430 3410 5498 dederant,
3460 5437 3509 5485 et

1905 5525 2111 5598 quidem
2154 5526 2445 5593 innumeri,
2474 5524 2789 5598 postulantes
2829 5520 2961 5575 nihil
3002 5537 3058 5577 se
3086 5521 3188 5575 tale
3212 5520 3508 5588 mandasse,

1907 5636 2010 5676 non
2056 5635 2335 5692 congruere
2373 5618 2639 5691 gentilium
2684 5613 2978 5670 istiusmodi
3023 5613 3352 5685 petitionibus
3406 5627 3513 5667 non

1985 5767 2063 5841 (b)
2094 5766 2195 5839 Ep.
2230 5766 2318 5835 l7,
2351 5780 2418 5824 ex
2439 5762 2545 5821 BB.
2579 5762 2710 5821 edit.

2954 5857 2997 5921 8
