3950 6330
481 230 609 292 255
1674 224 1988 283 SANCTUS
2015 225 2098 283 DA

2206 225 2338 304 sus
2376 226 2584 286 PAPA.
3651 243 3739 302 ,κ

496 351 722 425 prtebere
752 335 1262 418 consensumzquesti
1284 346 1436 401 etiam
1493 345 1692 415 publice
1732 346 2102 416 privatimque,
2133 352 2188 413 Α
2210 357 2327 413 est,
2357 356 2417 404 ut
2443 349 2731 405 concilium
2775 349 2961 404 Roma:
3005 349 3214 420 potius,
3246 362 3399 420 quam
3441 351 3740 416 Alexandria:

495 461 553 502 se
581 460 682 498 non
704 449 1038 497 conventuros
1061 441 1115 494 in
1134 440 1352 504 curiam,
1381 439 1426 493 si
1459 438 1559 492 tale
1578 437 1778 507 aliquid
1799 436 2100 493 decernere-

497 545 730 592 tur......
781 531 932 588 Hunc
969 530 1198 588 libellum
1253 546 1345 604 ego
1389 530 1542 604 fratri
1591 529 1883 585 Clementia:
1925 540 2104 584 vestrm

503 629 690 685 direxi.
1451 615 1457 624 ’

572 719 637 776 ll.
661 720 734 776 De
760 717 968 792 synodo
994 717 1194 788 itaque,
1226 732 1345 787 qua:
1365 714 1471 773 hoc
1491 732 1633 772 anno
1659 715 1846 772 Romae
1874 731 2099 788 congre—

496 823 619 886 gata
648 821 760 877 est,
795 825 938 866 nunc
965 808 1159 882 agendi
1194 810 1362 866 locus.
1396 808 1666 877 Qtimritur
1704 815 1886 864 autem
1927 809 2104 880 primo

497 905 621 962 loco
662 904 784 976 quis
825 918 946 960 eam
995 902 1414 969 convocaverit,
1441 917 1503 956 ac
1530 917 1691 973 quam
1733 901 1803 956 ob
1840 916 2100 957 causam:

492 1007 610 1056 tum
655 997 852 1054 deinde
883 1011 990 1068 quo
1037 1004 1280 1066 tempore
1306 1006 1624 1060 convocata,
1653 1009 1717 1050 ac
1751 993 1915 1050 etiam
1955 993 2102 1050 cele-

496 1089 677 1156 brata,
709 1088 905 1160 quidve
931 1096 1110 1143 actum
1133 1129 1148 1153 ,
1173 1085 1567 1158 deﬁnitumque
1593 1086 1645 1140 in
1673 1101 1735 1140 ea
1762 1085 1942 1140 fuerit.

568 1181 948 1238 Theodoretus
1000 1180 1146 1236 illam
1203 1195 1233 1233 a
1284 1179 1515 1234 Damaso
1569 1187 1919 1234 convocatam
1968 1177 2105 1234 scri-

495 1271 666 1345 bit(a)
699 1272 784 1327 his
809 1272 989 1328 verbis
1015 1290 1028 1326 :
1059 1269 1304 1339 Sequenti
1333 1285 1449 1324 vero
1471 1279 1667 1336 aestate,
1693 1270 1759 1325 ab
1781 1285 1843 1325 ea
1864 1269 2102 1336 scilicet,

491 1383 598 1440 qua
640 1366 1296 1437 Constantiuopolitauum
1328 1363 1582 1437 generale
1634 1364 1922 1419 concilium
1965 1377 2100 1419 con-

494 1457 697 1518 fectum
724 1469 830 1528 est,
857 1475 973 1514 cum
1016 1459 1248 1530 plerique
1279 1474 1456 1513 eorum
1481 1457 1859 1528 episcoporum
1883 1497 1898 1523 ,
1929 1457 2019 1528 qui
2051 1457 2099 1512 ei

493 1557 812 1621 adfuerant,
864 1555 932 1610 ad
977 1557 1206 1610 eamdem
1251 1555 1426 1610 urbem
1465 1555 1746 1619 venissent,
1774 1565 2103 1608 OCCIDEN'I'A-

494 1664 624 1706 must
682 1649 1037 1719 episcoporum
1085 1646 1357 1720 epistolam
1405 1653 1744 1715 acceperunt,
1797 1659 1912 1712 quc
1960 1643 2101 1713 ipsos

2207 442 2557 511 indiceretur,
2591 445 2842 516 misitque
2872 447 2926 500 in
2952 461 3077 500 eum
3105 444 3260 500 ﬁnem
3289 450 3602 505 evocatorias
3625 452 3742 509 litte-

2205 548 2316 602 ras,
2336 551 2456 607 quae
2469 536 2615 602 ideo,
2632 547 2807 593 testate
2817 538 2931 612 jam
2947 537 3108 608 facta,
3123 538 3383 607 episcopis
3398 539 3496 594 illis
3515 537 3744 601 Constan-

2208 625 2491 698 tin0polim
2511 628 2662 700 juxta
2691 629 2902 685 litteras
2930 627 3290 700 Aquileiensis
3313 630 3516 686 concilii
3543 646 3570 686 a
3593 633 3743 692 Theo-

2205 717 2363 775 dosio
2385 722 2730 786 convocatis,
2762 722 3172 777 communicatae
3218 729 3360 776 sunt.
3394 721 3665 796 Utramque
3686 725 3743 782 si-

2205 812 2422 886 quidem
2448 814 2585 870 hanc
2627 814 2936 886 epistolam,
2979 829 3010 870 a
3049 814 3282 870 Damaso
3323 814 3505 884 aliam,
3532 816 3748 874 aliamab

2205 905 2642 977 Aquileiensibus
2691 905 2940 963 Patribus
2966 947 2981 974 ,
3025 905 3330 962 Orientales
3366 918 3749 964 commemorant

2205 1007 2393 1072 aperte
2447 1015 2512 1055 ac
2556 998 2938 1070 distinguunt;
2983 1014 3048 1056 ac
3099 998 3241 1070 quod
3286 999 3350 1053 ad
3396 999 3749 1070 Aquileiensem

2205 1092 2428 1159 attinet,
2455 1091 2522 1146 ad
2557 1094 2756 1163 regiam
2785 1092 2975 1150 urbem
3003 1107 3064 1148 se
3094 1092 3307 1148 venisse
3340 1091 3486 1146 aiunt
3511 1092 3751 1148 secundum

2206 1185 2405 1240 litteras
2450 1201 2586 1240 anno
2627 1186 2883 1257 superiori
2929 1194 3042 1259 post
3074 1185 3393 1257 Aquileiense
3431 1187 3678 1240 concilium
3698 1187 3754 1240 ad

2204 1277 2570 1348 imperatorem
2599 1276 2949 1334 Theodosium
2975 1279 3182 1346 missas;
3200 1294 3320 1334 cum
3350 1293 3478 1334 vero
3496 1277 3561 1335 de
3582 1280 3752 1334 recenti

2205 1384 2238 1425 a
2257 1369 2489 1426 Damaso
2516 1372 2714 1441 scripta
2727 1380 2916 1442 agunt,
2947 1373 3318 1442 inexSpectato
3339 1370 3541 1436 nuntio,
3565 1371 3754 1440 sequasi

2206 1463 2576 1534 deprehensos
2601 1464 2820 1536 dolent,
2852 1479 2916 1522 ac
2945 1463 3192 1521 Romano
3215 1463 3290 1520 illi
3321 1462 3497 1519 itineri
3523 1477 3578 1520 se
3607 1463 3752 1534 impa-

2205 1565 2358 1612 ratos
2387 1566 2661 1613 asserunt.
2693 1557 2965 1612 Caeterum
3000 1554 3230 1612 Romam
3270 1554 3429 1626 hujus
3472 1554 3666 1610 concilii
3691 1557 3757 1612 in-

2205 1647 2374 1705 dictio
2403 1650 2680 1707 minimea
2709 1649 2942 1707 Damaso
2982 1650 3121 1707 facta
3163 1659 3249 1707 est
3287 1651 3609 1720 inexplorata
3646 1649 3758 1705 Gra-

496 1741 818 1807 hartabatur,
845 1751 900 1795 ut
933 1739 1152 1796 Romam
1191 1735 1260 1794 ad
1293 1740 1571 1794 maximam
1595 1736 1871 1810 synodum,
1894 1749 2010 1807 qua!
2033 1735 2100 1789 il-
2129 1750 2176 1810 Β
2205 1739 2336 1796 tiaui
2367 1741 2710 1812 imperatoris
2737 1743 3034 1810 sententia,
3065 1759 3224 1815 quem
3258 1743 3378 1797 ideo
3403 1756 3523 1796 suas
3549 1740 3757 1812 ejusdem

493 1838 580 1894 luc
611 1836 890 1907 parabatur
910 1879 925 1904 ,
953 1853 1007 1892 se
1042 1835 1542 1906 conferrent.Nemo
1568 1835 1712 1891 enim
1729 1835 1923 1898 nescit,
1946 1831 2105 1888 Occi-

493 1929 792 1987 dentalium
827 1928 1090 1986 vocabulo
1130 1928 1433 1983 Romanum
1477 1927 1798 1998 episcopum
1838 1924 2103 1996 imprimis

491 2024 743 2095 intelligi,
793 2039 981 2081 eorum
1033 2023 1238 2078 scilicet
1289 2021 1658 2092 coryphaeum.
1709 2019 1848 2076 Hinc
1894 2019 2103 2074 litteras

490 2117 880 2188 Lampsacenus
907 2115 1120 2187 synodi,
1146 2129 1470 2186 quamquam
1514 2112 1723 2168 Liberio
1753 2121 1800 2167 et
1847 2111 2102 2167 Occiden-

494 2214 682 2269 talibus
705 2212 1011 2280 iuscriptas,
1046 2209 1137 2264 uni
1165 2207 1383 2263 Liberio
1411 2205 1634 2262 traditas
1685 2221 1754 2261 ex
1784 2206 2009 2260 Socrate
2046 2213 2102 2259 et

491 2302 798 2362 Sozomeno
825 2302 1025 2359 scimus
1057 2297 1156 2373 (b).
1191 2299 1326 2354 liinc
1353 2313 1568 2368 quoque
1600 2297 1964 2368 Hieronymus
1986 2295 2096 2362 ait,

491 2395 813 2454 Haereticum
866 2411 946 2450 me
987 2409 1102 2448 cum
1156 2389 1452 2455 Occidente,
1505 2388 1801 2444 hwreticum
1851 2403 1934 2442 me
1984 2399 2101 2440 cum

493 2488 754 2564 Egypto,
770 2489 866 2543 hoc
887 2497 959 2542 est
975 2502 1090 2541 cum
1109 2481 1356 2548 Damaso,
1379 2479 1632 2551 Petroque
1651 2477 2098 2549 condemnent(c).

494 2585 697 2642 Errant
740 2583 904 2654 igitur
929 2621 943 2645 ,
975 2589 1032 2634 ut
1060 2578 1236 2634 obiter
1269 2576 1445 2631 dicam
1465 2615 1479 2637 ,
1511 2573 1600 2644 qui
1639 2572 1742 2627 hoc
1771 2569 2101 2626 Theodoreti

491 2678 618 2736 loco
640 2720 655 2745 ,
699 2675 1103 2732 Occidentalium
1139 2685 1276 2726 voce
1303 2712 1318 2737 ,
1345 2667 1517 2724 ltaiici
1565 2665 1844 2738 cujusdam
1883 2663 2102 2720 concilii

492 2775 778 2844 episcopos
817 2769 1129 2840 designatos
1174 2771 1400 2835 putant,
1423 2778 1655 2834 quorum
1686 2759 1970 2830 epistolam
2003 2774 2102 2814 ex-

490 2875 638 2922 stare
668 2864 820 2918 aiunt
856 2876 884 2915 a
908 2857 1198 2917 Sirmondo
1219 2856 1488 2927 vulgatam
1523 2854 1625 2926 (tl).
1659 2853 1810 2908 Hanc
1840 2852 1984 2907 enim
2016 2850 2103 2906 in-

490 2956 937 3028 terpretationem
957 2994 971 3019 ,
1001 2965 1062 3006 ac
1105 2949 1490 3005 divinationem
1517 2989 1530 3011 ,
1560 2962 1627 3002 ne
1655 2946 1766 3001 alio
1805 2945 1928 3001 loco
1955 2943 2098 3000 dicta

491 3062 770 3119 repetam,
815 3051 1015 3118 praeter
1069 3043 1474 3100 Theodoretum
1502 3084 1517 3107 ,
1549 3041 1887 3098 Sozomenus
1935 3039 2097 3094 etiam

2209 1832 2418 1889 Damasi
2450 1833 2645 1891 litteris
2665 1834 2979 1907 adjunxisse
3001 1851 3066 1894 ex
3091 1836 3395 1894 Sozomeno
3417 1836 3604 1906 liquet:
3626 1845 3760 1906 atque

2204 1926 2321 1982 haec
2351 1939 2435 1983 est
2465 1929 2603 1985 ratio
2628 1945 2727 1985 cur
2769 1931 3128 2004 Hieronymus
3163 1931 3396 1986 Orientis
3439 1939 3484 1984 et
3539 1927 3758 1984 Occiden-

2203 2021 2266 2076 tis
2294 2023 2557 2096 episcopos
2598 2023 2952 2096 imperialibus
2989 2025 3176 2081 litteris
3218 2024 3446 2080 Ruinam
3489 2029 3760 2080 contractos

2202 2118 2483 2188 scripserit
2506 2116 2601 2192 (e),
2628 2128 2682 2173 et
2709 2132 2816 2175 cur
2839 2130 3099 2189 praeterea
3118 2119 3428 2177 Orientales
3454 2118 3552 2189 ipsi
3579 2117 3760 2190 piissimi

2202 2209 2531 2282 imperatoris
2588 2209 2861 2267 Theodosii
2919 2203 3104 2268 litteris
3154 2212 3224 2268 ad
3283 2212 3576 2270 Romanum
3621 2207 3764 2266 conci-

2203 2300 2334 2357 lium
2385 2318 2445 2358 se
2491 2315 2746 2361 evocatos
2799 2305 3010 2372 dicant;
3058 2305 3330 2378 siquidem
3379 2306 3534 2360 unius
3572 2305 3764 2374 impera-

2202 2397 2337 2450 toris
2366 2395 2589 2464 litterae,
2621 2396 2846 2454 alterius
2866 2399 3030 2454 etiam
3063 2415 3264 2456 nomen
3307 2414 3419 2472 prae
3459 2413 3517 2454 se
3541 2396 3669 2454 ferre
3689 2393 3765 2452 de-

2203 2485 2454 2544 buerant.

2277 2579 2364 2633 Ill.
2393 2580 2546 2647 Quod
2570 2581 2635 2636 ad
2659 2597 2874 2639 causam
2913 2583 3141 2656 cogendi
3165 2584 3290 2656 ejus
3316 2583 3527 2641 concilii
3564 2591 3764 2653 spectat,

2204 2669 2343 2726 hanc
2381 2675 2719 2742 potissimam
2773 2676 2956 2731 fuisse
2981 2675 3328 2732 Sozomenus
3371 2691 3467 2731 nos
3503 2675 3583 2730 bis
3617 2671 3765 2729 verbis

2203 2762 2360 2820 docet
2379 2783 2394 2819 :
2413 2765 2665 2822 ‘Heletius
2709 2769 3030 2839 sepulturam
3051 2781 3126 2826 est
3147 2782 3456 2827 conuentus
3481 2812 3496 2838 ,
3521 2768 3767 2824 Flavianus

2202 2871 2322 2912 uero
2342 2862 2453 2932 ejus
2474 2860 2588 2916 loco
2608 2861 2882 2918 ordinatus
2901 2873 3082 2919 contra
3099 2866 3462 2938 jurisjurandi
3487 2863 3632 2933 [idem
3648 2879 3664 2916 :
3683 2873 3770 2930 qua

2203 2965 2267 3004 ex
2286 2967 2342 3005 re
2359 2951 2537 3023 ingens
2555 2953 2871 3025 perturbatio
2890 2955 3297 3014 Antioclrensem
3321 2955 3598 3014 Ecclesiam
3615 2955 3769 3009 item»

2203 3047 2466 3116 occupauit
2489 3063 2508 3101 :
2535 3058 2583 3102 et
2613 3049 2826 3118 plurimi
2867 3067 2921 3106 se
2954 3067 2989 3106 ι
3027 3053 3398 3108 communione
3445 3048 3674 3106 Flaviani
3706 3061 3771 3102 se-

491 3141 784 3200 manifeste
811 3139 1046 3203 refellit,
1073 3138 1320 3207 inquiens
1346 3133 1635 3190 Romanum
1663 3134 1958 3207 episcopum
1987 3173 2003 3199 ,
2033 3147 2095 3186 ac

2206 3141 2497 3206 iunxerant,
2515 3158 2575 3196 ac
2595 3143 2808 3198 seorsim
2823 3145 2919 3200 sub
2937 3143 3161 3199 Paulino
3181 3145 3436 3202 collectas
3447 3139 3772 3200 celebrabant:

490 3237 718 3306 reliquos
743 3231 1158 3289 Occidentalium
1187 3230 1411 3301 partium
1440 3227 1726 3282 sacerdotes
1764 3226 1824 3282 ob
1859 3225 2100 3280 Flaviani

495 3329 870 3384 ordinationem
901 3344 1004 3381 non
1038 3323 1358 3380 mediocriter
1378 3323 1675 3392 indignatos
1703 3321 1772 3374 ad
1810 3319 2099 3375 Orientales

493 3422 782 3492 scripsisse,
812 3429 988 3474 utens
1013 3418 1068 3472 in
1099 3415 1426 3471 Occidentem
1448 3423 1804 3469 convocarent.

567 3514 702 3570 Cum
725 3525 902 3569 autem
928 3511 1232 3568 Orientales
1259 3509 1487 3564 Romani
1517 3506 1784 3578 pontiﬁcis
1811 3505 2096 3575 epistolam

494 3608 773 3676 accepisse
809 3620 870 3662 se
907 3605 1110 3669 dicant,
1145 3610 1320 3658 testate
1349 3604 1464 3674 jam
1504 3605 1660 3671 facta,
1704 3614 1767 3655 ac
1817 3607 2098 3669 postquam

495 3701 645 3774 juxta
687 3700 894 3755 litteras
961 3695 1324 3767 Aquileiensis
1352 3691 1570 3748 concilii
1632 3707 1774 3746 anno
1831 3690 2100 3761 superiori

495 3793 746 3862 scriptas,
771 3806 802 3846 a
827 3789 1135 3849 Theodosio
1176 3787 1334 3844 acciti
1371 3784 1898 3855 Constantinopolim
1938 3798 2101 3840 vene-

490 3895 660 3952 rant,
711 3897 878 3954 seque
932 3881 1021 3936 vix
1076 3893 1184 3934 non
1239 3875 1606 3947 deprehensos
1662 3883 1789 3929 tunc
1831 3873 2094 3944 doleant,

495 3980 694 4036 merito
714 3975 942 4048 colligas
965 3974 1167 4046 primo,
1187 3971 1290 4026 hoc
1313 3969 1600 4026 concilium
1653 3967 1819 4024 fuisse
1853 3966 2101 4024 conlecto

440 4085 442 4088 '
493 4074 604 4147 jam
622 4069 954 4144 Aquileiensi
997 4073 1372 4128 convocatum,
1395 4062 1593 4119 deinde
1615 4061 1921 4118 tractorium
1951 4062 2098 4118 illam

495 4163 716 4222 Damasi
747 4161 1032 4235 epistolam
1061 4161 1250 4231 primis
1275 4157 1437 4228 hujus
1463 4157 1586 4212 anni
1619 4155 1896 4211 mensibus
1927 4166 2101 4210 trans-

492 4261 749 4324 missam;
773 4268 936 4328 atque
967 4253 1110 4310 hanc
1133 4263 1280 4319 esse,
1296 4249 1351 4306 ni
1387 4249 1564 4316 fallor,
1587 4249 1668 4305 rei
1687 4259 1855 4321 gestas
1876 4249 2094 4305 seriem.

489 4352 738 4408 Diximus
764 4351 909 4406 enim
940 4363 1086 4404 anno
1123 4346 1309 4416 elapso
1350 4343 1698 4416 Aquileiense
1735 4343 2024 4398 concilium
2066 4357 2096 4398 a

497 4441 805 4498 Theodosio
832 4441 1158 4511 postulasse,
1183 4448 1240 4492 ut
1259 4437 1326 4492 ad
1349 4435 1646 4492 sedandum
1667 4450 1734 4491 ex
1753 4435 2096 4491 ordinatione

2203 3230 2294 3285 sed
2319 3241 2366 3286 et
2395 3231 2685 3288 sacerdotes
2733 3234 2836 3305 ipsi
2867 3234 3026 3308 hujus
3065 3239 3141 3292 rei
3165 3254 3334 3296 causa
3351 3238 3487 3294 inter
3513 3252 3565 3290 se
3583 3230 3772 3290 disside'

2204 3324 2346 3378 bant.
2385 3324 2575 3381 Verum
2603 3327 2874 3399 episcopus
2901 3326 3187 3394 Romanus,
3209 3346 3281 3396 ac
3307 3330 3494 3401 reliqui
3508 3326 3776 3383 Occidenta-

2202 3417 2328 3473 lium
2354 3419 2578 3491 partium
2596 3420 2887 3476 sacerdotes
2906 3437 3011 3476 non
3031 3423 3365 3497 mediocriter
3383 3418 3773 3494 indignabantur.

2205 3519 2256 3566 et
2283 3512 2352 3564 ad
2375 3510 2660 3568 Paulinum
2699 3513 2909 3583 quidem
2937 3523 3177 3584 tanquam
3198 3515 3505 3587 episcopum
3525 3507 3777 3568 Antiochia

2203 3612 2470 3658 consuetas
2509 3603 2798 3660 scribebant
2825 3605 3125 3675 ,epislolas,
3160 3623 3299 3677 quas
3329 3606 3599 3678 synodicas
3627 3598 3776 3675 appel-

2205 3696 2347 3760 lant;
2375 3698 2444 3752 ad
2481 3696 2793 3753 Flavianum
2815 3715 2932 3754 vero
2971 3699 3146 3754 nullas
3182 3699 3392 3756 litteras
3423 3698 3653 3754 dabant:
3675 3691 3778 3764 quin

2203 3797 2249 3842 et
2269 3787 2561 3844 Diodorum
2584 3789 2626 3844 Τ
2631 3792 2792 3855 harsi,
2824 3801 2870 3847 et
2898 3791 3141 3846 Acacium
3167 3790 3393 3864 Beroea:
3407 3793 3681 3863 episcopos,
3705 3783 3778 3857 qui

2202 3882 2352 3937 illum
2369 3883 2754 3954 ordinaverunt,
2796 3887 2848 3939 in
2889 3886 3082 3942 crimen
3126 3889 3412 3955 uocabant,
3451 3884 3587 3942 etab
3625 3894 3776 3938 conm

2203 3976 2558 4030 communione
2596 3975 2938 4032 abstinebant.
2984 3975 3166 4050 Itaque
3218 3988 3274 4033 ut
3317 3981 3400 4034 his
3427 3978 3491 4033 de
3525 3977 3665 4031 rebus
3706 3987 3777 4026 co-

2203 4078 2551 4139 gnosceretur,
2594 4079 2701 4124 tum
2744 4070 2878 4144 ipsi,
2929 4082 3034 4125 tum
3083 4073 3366 4145 imperator
3426 4070 3696 4128 Gratianus
3720 4061 3776 4118 ad

2207 4157 2494 4214 Orientales
2507 4162 2773 4233 episcOpos
2789 4163 3129 4233 scripserunt,
3146 4181 3232 4220 eos
3254 4166 3308 4220 in
3333 4163 3656 4220 Occidentem
3677 4175 3778 4213 con-

2202 4263 2441 4308 vocantes
2465 4252 2556 4327 (ι’).
2585 4255 2738 4324 Quod
2765 4255 3105 4314 Sozomeuus
3129 4271 3322 4331 aperte
3349 4258 3581 4323 asserit,
3609 4256 3776 4312 Hiero-

2203 4359 2397 4417 nymus
2417 4349 2518 4401 sub
2545 4347 2828 4404 involucro
2855 4350 3144 4406 verborum
3176 4352 3390 4408 indicat
3409 4392 3426 4418 ,
3458 4352 3712 4422 episcopos
3731 4341 3781 4398 οι

2200 4437 2451 4502 quasdam
2492 4438 2841 4495 Ecclesiarum
2878 4442 3220 4499 dissensiones
3251 4444 3479 4500 Romam
3525 4448 3784 4499 contractos

497 4536 743 4594 Flaviani
773 4545 948 4588 ortum
981 4531 1286 4596 dissidium,
1307 4530 1647 4586 Alexandria:
1677 4529 1941 4601 synodum
1973 4529 2092 4600 cogi
2118 4533 2174 4596 D
2198 4529 2445 4587 scribens
2475 4531 2553 4604 (g)
2575 4575 2590 4600 ,
2618 4543 2779 4604 atque
2808 4532 2925 4589 haec
2955 4545 3037 4591 est
3078 4537 3248 4604 ratio,
3273 4552 3376 4592 cur
3404 4535 3696 4594 Orientales
3719 4527 3784 4586 illi

492 4627 711 4700 juberet
730 4666 746 4691 ,
777 4639 844 4679 ex
872 4623 1125 4678 omnibus
1153 4621 1520 4677 Orientalibus
1545 4619 1854 4675 collectam.
1885 4619 1978 4675 Hae
2009 4620 2095 4675 lit-

497 4729 631 4776 tera:
664 4730 852 4772 mense
881 4714 1193 4784 Septembri
1227 4713 1339 4783 jam
1372 4712 1588 4766 labente
1615 4711 1832 4780 scriptae
1857 4751 1873 4775 ,
1902 4726 1966 4766 ac
1999 4723 2095 4781 per

496 4813 709 4883 legatos
737 4809 946 4871 missae,
981 4807 1068 4860 vix
1094 4804 1243 4860 reddi
1275 4812 1569 4874 potuerunt
1595 4817 1738 4857 anno
1769 4803 1860 4857 illo
1885 4803 1996 4870 jam
2026 4802 2095 4858 ad

495 4906 661 4962 ﬁnem
697 4901 975 4956 inclinato.
1007 4896 1348 4953 Theodosius
1374 4895 1537 4966 igitur
1568 4896 1634 4950 iis
1663 4903 1782 4965 post
1811 4895 2095 4966 episcopo-

493 5011 620 5055 rum
665 4995 962 5049 discessum
1018 4990 1286 5059 acceptis,
1327 4987 1755 5057 Aquileiensium
1809 4988 2094 5044 sententia:

493 5090 860 5148 obsecuturus
885 5125 900 5150 ,
945 5083 1154 5154 imperii
1177 5083 1260 5138 sui
1286 5083 1543 5152 praesules
1563 5079 2092 5152 Constantinopolim

495 5183 692 5240 iterum
723 5188 1007 5247 convocat,
1041 5191 1165 5234 cum
1199 5170 1262 5231 iis
1292 5183 1534 5242 acturus,
1565 5185 1676 5230 tum
1707 5168 1955 5239 deloco,
1979 5185 2093 5232 tum

494 5275 567 5332 de
595 5289 756 5330 causa
785 5270 1037 5336 concilii,
1067 5268 1210 5340 quod
1285 5270 1620 5340 propositum
1656 5268 2094 5340 postulatumque

490 5365 910 5424 fuerat.lnterea
933 5379 1061 5420 vero
1083 5362 1333 5419 Romano
1357 5359 1598 5432 pontiﬁci
1624 5367 1888 5432 prmstare
1913 5362 2086 5418 visum

585 5522 645 5590 α)
671 5522 791 5579 Lib.
823 5535 877 5590 ν,
905 5534 1026 5590 cap.
1055 5518 1112 5575 8.

590 5588 641 5659 b)
673 5593 790 5649 Lib.
812 5588 886 5658 ιν,
915 5588 1036 5659 cap.
1071 5589 1171 5653 ης
1197 5589 1290 5646 lib.
1316 5603 1395 5658 vt,
1425 5601 1545 5659 cap.
1577 5588 1665 5646 l0.

563 5607 641 5666 (υ)
673 5607 790 5649 ιιι).
812 5607 886 5658 tv,
915 5607 976 5649 ca
1021 5631 1036 5648 .
1071 5607 1171 5653 az;
1197 5607 1270 5646 nn

560 5667 644 5805 iii)
659 5607 1270 5802 ξῖἶίιῖῗιῗῗοῧῖιῗδῗξῗῖ

588 5731 644 5801 d)
671 5731 882 5791 Tillem.
913 5733 984 5791 de
1007 5733 1283 5802 Ambros.,
1315 5741 1421 5791 art.
1444 5731 1536 5789 30.

2201 4621 2433 4680 Damaso
2465 4627 2790 4699 czeterisque
2841 4629 2942 4684 sub
2974 4629 3069 4685 illo
3101 4630 3381 4703 episcopis
3412 4632 3782 4691 rescribentes,

2201 4729 2448 4788 paratum
2479 4719 2546 4776 ad
2580 4736 2768 4792 pacem
2815 4730 2978 4794 atque
3031 4723 3296 4780 unitatem
3343 4726 3587 4781 animum
3617 4719 3783 4778 decla-

2199 4817 2342 4864 rant.

2271 4902 2446 4959 Nolim
2477 4915 2653 4963 tamen
2681 4923 2781 4981 ego
2807 4923 3054 4977 asserere
3083 4909 3222 4967 hanc
3245 4926 3415 4967 unam
3447 4911 3616 4966 fuisse
3643 4905 3786 4976 hujus

2201 4998 2416 5054 concilii
2453 5003 2784 5058 convocandi
2814 5003 3186 5071 causam;sed
3225 5020 3349 5060 eam
3389 5005 3534 5062 inter
3582 5012 3788 5059 caeteras

2204 5089 2437 5156 probare
2465 5108 2569 5148 non
2597 5109 2815 5164 possunt
2835 5135 2850 5161 ,
2880 5111 3041 5165 quam
3059 5093 3340 5164 Valesius,
3375 5095 3658 5162 Baluzius,
3685 5089 3787 5145 alii-

2201 5193 2307 5248 que
2345 5181 2562 5239 Patroui
2593 5184 2761 5240 Italici
2790 5185 3007 5241 concilii
3031 5185 3282 5242 studiose
3311 5201 3464 5258 saepe
3491 5195 3714 5258 urgent,
3739 5186 3788 5235 ιιι

2201 5286 2399 5344 nempe
2430 5275 2498 5330 dc
2523 5275 2757 5332 Nectarii
2786 5261 3129 5334 ordinatione
3157 5287 3614 5350 cognosceretur,
3643 5286 3786 5348 quam

2200 5359 2578 5427 Occidentales
2607 5371 2837 5442 rejicere
2865 5371 3206 5442 videbantur,
3223 5387 3324 5445 pro
3354 5387 3461 5430 suo
3486 5386 3620 5446 erga
3635 5363 3789 5427 idaxi-

2295 5528 2342 5599 e)
2381 5528 2554 5599 Epist.
2593 5531 2715 5598 l08,
2745 5531 2874 5590 Ver.
2897 5531 3032 5591 edit.

2295 5546 2321 5583 e
2381 5528 2554 5599 Epist.
2593 5531 2715 5598 l08,
2745 5531 2874 5590 Ver.
2897 5531 3032 5591 edit.

2264 5527 2342 5744 ﬁt;
2374 5599 2619 5685 Soeomu
2651 5603 2745 5662 lib.
2779 5621 2876 5674 vn,
2904 5621 3028 5690 cap.
3056 5607 3147 5664 11.

2287 5691 2317 5743 g
2382 5672 2555 5744 Epist.
2587 5675 2714 5743 127,
2745 5675 2874 5734 Ver.
2907 5678 3038 5734 edit.

2287 5672 2341 5743 g)
2382 5672 2555 5745 Epist.
2587 5675 2714 5743 127,
2745 5672 2874 5734 Ver.
2907 5672 3038 5734 edit.
