  <div class='ocr_page' id='page_1' title='image "/cluster/home/n/w/nwhite01/storage/ocr_20150623/13/hvd.32044015471295/124.png"; bbox 0 0 3950 6330; ppageno 0'>
   <div class='ocr_carea' id='block_1_1' title="bbox 211 232 2098 337">
    <p class='ocr_par' dir='ltr' id='par_1_1' title="bbox 211 232 2098 337">
     <span class='ocr_line' id='line_1_1' title="bbox 211 232 2098 337; baseline 0.002 -6"><span class='ocrx_word' id='word_1_1' title='bbox 211 271 300 332; x_wconf 68' lang='lat' dir='ltr'><strong>es:</strong></span> <span class='ocrx_word' id='word_1_2' title='bbox 763 232 784 243; x_wconf 76' lang='grc'><em>’</em></span> <span class='ocrx_word' id='word_1_3' title='bbox 1565 273 2098 337; x_wconf 70' lang='lat' dir='ltr'><strong>rnonmousm.</strong></span> 
     </span>
    </p>
   </div>
   <div class='ocr_carea' id='block_1_2' title="bbox 3363 298 3472 356">
    <p class='ocr_par' dir='ltr' id='par_1_2' title="bbox 3363 298 3472 356">
     <span class='ocr_line' id='line_1_2' title="bbox 3363 298 3472 356; baseline 0.018 -2"><span class='ocrx_word' id='word_1_4' title='bbox 3363 298 3472 356; x_wconf 73' lang='lat'><strong>258</strong></span> 
     </span>
    </p>
   </div>
   <div class='ocr_carea' id='block_1_3' title="bbox 210 384 3472 475">
    <p class='ocr_par' dir='ltr' id='par_1_3' title="bbox 210 384 3472 475">
     <span class='ocr_line' id='line_1_3' title="bbox 210 384 3472 475; baseline 0.007 -32"><span class='ocrx_word' id='word_1_5' title='bbox 210 402 339 443; x_wconf 88' lang='lat' dir='ltr'><strong>mum</strong></span> <span class='ocrx_word' id='word_1_6' title='bbox 362 384 606 459; x_wconf 81' lang='lat' dir='ltr'><strong>Cynicum</strong></span> <span class='ocrx_word' id='word_1_7' title='bbox 626 386 692 442; x_wconf 90' lang='lat' dir='ltr'><strong>ad</strong></span> <span class='ocrx_word' id='word_1_8' title='bbox 715 400 837 442; x_wconf 89' lang='lat' dir='ltr'><strong>eum</strong></span> <span class='ocrx_word' id='word_1_9' title='bbox 860 389 1220 459; x_wconf 72' lang='lat' dir='ltr'><strong>appellantem</strong></span> <span class='ocrx_word' id='word_1_10' title='bbox 1244 390 1443 446; x_wconf 91' lang='lat' dir='ltr'><strong>studio.</strong></span> <span class='ocrx_word' id='word_1_11' title='bbox 1463 389 1612 447; x_wconf 76' lang='lat' dir='ltr'><strong>ﬂatic</strong></span> <span class='ocrx_word' id='word_1_12' title='bbox 1628 394 1770 448; x_wconf 88' lang='lat' dir='ltr'><strong>enim</strong></span> <span class='ocrx_word' id='word_1_13' title='bbox 1797 396 1853 457; x_wconf 80' lang='grc' dir='ltr'><strong>Α</strong></span> <span class='ocrx_word' id='word_1_14' title='bbox 1877 396 2211 453; x_wconf 86' lang='lat' dir='ltr'><strong>Priscianum</strong></span> <span class='ocrx_word' id='word_1_15' title='bbox 2230 437 2244 463; x_wconf 92' lang='lat'><strong>,</strong></span> <span class='ocrx_word' id='word_1_16' title='bbox 2284 398 2471 469; x_wconf 85' lang='lat' dir='ltr'><strong>eisque</strong></span> <span class='ocrx_word' id='word_1_17' title='bbox 2517 400 2788 457; x_wconf 84' lang='lat' dir='ltr'><strong>dederunt</strong></span> <span class='ocrx_word' id='word_1_18' title='bbox 2822 402 2876 458; x_wconf 91' lang='lat' dir='ltr'><strong>in</strong></span> <span class='ocrx_word' id='word_1_19' title='bbox 2910 403 3180 461; x_wconf 83' lang='lat' dir='ltr'><strong>mandatis</strong></span> <span class='ocrx_word' id='word_1_20' title='bbox 3196 447 3211 475; x_wconf 91' lang='lat'><strong>,</strong></span> <span class='ocrx_word' id='word_1_21' title='bbox 3257 414 3367 463; x_wconf 93' lang='lat' dir='ltr'><strong>tum</strong></span> <span class='ocrx_word' id='word_1_22' title='bbox 3412 421 3472 467; x_wconf 90' lang='lat' dir='ltr'><strong>ut</strong></span> 
     </span>
    </p>
   </div>
   <div class='ocr_carea' id='block_1_4' title="bbox 207 479 1769 549">
    <p class='ocr_par' dir='ltr' id='par_1_4' title="bbox 207 479 1769 549">
     <span class='ocr_line' id='line_1_4' title="bbox 207 479 1769 549; baseline 0.004 -17"><span class='ocrx_word' id='word_1_23' title='bbox 207 479 376 533; x_wconf 78' lang='lat' dir='ltr'><strong>falsam</strong></span> <span class='ocrx_word' id='word_1_24' title='bbox 399 493 518 535; x_wconf 90' lang='lat' dir='ltr'><strong>esse</strong></span> <span class='ocrx_word' id='word_1_25' title='bbox 546 479 801 549; x_wconf 87' lang='lat' dir='ltr'><strong>probant,</strong></span> <span class='ocrx_word' id='word_1_26' title='bbox 838 489 950 536; x_wconf 91' lang='lat' dir='ltr'><strong>tum</strong></span> <span class='ocrx_word' id='word_1_27' title='bbox 977 481 1262 538; x_wconf 86' lang='lat' dir='ltr'><strong>Sozomeni</strong></span> <span class='ocrx_word' id='word_1_28' title='bbox 1307 482 1581 540; x_wconf 86' lang='lat' dir='ltr'><strong>silentium</strong></span> <span class='ocrx_word' id='word_1_29' title='bbox 1605 523 1622 548; x_wconf 91' lang='lat'><strong>,</strong></span> <span class='ocrx_word' id='word_1_30' title='bbox 1658 493 1769 539; x_wconf 90' lang='lat' dir='ltr'><strong>tum</strong></span> 
     </span>
    </p>
   </div>
   <div class='ocr_carea' id='block_1_5' title="bbox 207 569 1768 645">
    <p class='ocr_par' dir='ltr' id='par_1_5' title="bbox 207 569 1768 645">
     <span class='ocr_line' id='line_1_5' title="bbox 207 569 1768 645; baseline 0.003 -19"><span class='ocrx_word' id='word_1_31' title='bbox 207 569 469 635; x_wconf 84' lang='lat' dir='ltr'><strong>Bonifacii,</strong></span> <span class='ocrx_word' id='word_1_32' title='bbox 509 580 558 625; x_wconf 90' lang='lat' dir='ltr'><strong>et</strong></span> <span class='ocrx_word' id='word_1_33' title='bbox 602 569 805 626; x_wconf 84' lang='lat' dir='ltr'><strong>Nicolai</strong></span> <span class='ocrx_word' id='word_1_34' title='bbox 847 574 1154 629; x_wconf 76' lang='lat' dir='ltr'><strong>teSIimonia</strong></span> <span class='ocrx_word' id='word_1_35' title='bbox 1176 614 1192 639; x_wconf 93' lang='lat'><strong>,</strong></span> <span class='ocrx_word' id='word_1_36' title='bbox 1222 589 1343 645; x_wconf 72' lang='lat' dir='ltr'><strong>qua:</strong></span> <span class='ocrx_word' id='word_1_37' title='bbox 1367 574 1473 628; x_wconf 88' lang='lat' dir='ltr'><strong>alio</strong></span> <span class='ocrx_word' id='word_1_38' title='bbox 1497 574 1618 630; x_wconf 85' lang='lat' dir='ltr'><strong>loco</strong></span> <span class='ocrx_word' id='word_1_39' title='bbox 1642 591 1768 645; x_wconf 69' lang='lat' dir='ltr'><strong>proo</strong></span> 
     </span>
    </p>
   </div>
   <div class='ocr_carea' id='block_1_6' title="bbox 206 661 1767 736">
    <p class='ocr_par' dir='ltr' id='par_1_6' title="bbox 206 661 1767 736">
     <span class='ocr_line' id='line_1_6' title="bbox 206 661 1767 736; baseline 0.003 -19"><span class='ocrx_word' id='word_1_40' title='bbox 206 661 347 727; x_wconf 81' lang='lat' dir='ltr'><strong>duxi;</strong></span> <span class='ocrx_word' id='word_1_41' title='bbox 379 669 486 716; x_wconf 91' lang='lat' dir='ltr'><strong>tum</strong></span> <span class='ocrx_word' id='word_1_42' title='bbox 510 673 764 733; x_wconf 74' lang='lat' dir='ltr'><strong>przeterea</strong></span> <span class='ocrx_word' id='word_1_43' title='bbox 796 663 940 733; x_wconf 90' lang='lat' dir='ltr'><strong>quod</strong></span> <span class='ocrx_word' id='word_1_44' title='bbox 966 681 993 718; x_wconf 89' lang='lat' dir='ltr'><strong>a</strong></span> <span class='ocrx_word' id='word_1_45' title='bbox 1029 681 1158 720; x_wconf 87' lang='lat' dir='ltr'><strong>vero</strong></span> <span class='ocrx_word' id='word_1_46' title='bbox 1188 680 1409 734; x_wconf 84' lang='lat' dir='ltr'><strong>prorsus</strong></span> <span class='ocrx_word' id='word_1_47' title='bbox 1453 666 1767 736; x_wconf 89' lang='lat' dir='ltr'><strong>abhorreat,</strong></span> 
     </span>
    </p>
   </div>
   <div class='ocr_carea' id='block_1_7' title="bbox 208 753 1770 825">
    <p class='ocr_par' dir='ltr' id='par_1_7' title="bbox 208 753 1770 825">
     <span class='ocr_line' id='line_1_7' title="bbox 208 753 1770 825; baseline 0.005 -18"><span class='ocrx_word' id='word_1_48' title='bbox 208 753 473 810; x_wconf 85' lang='lat' dir='ltr'><strong>Damasum</strong></span> <span class='ocrx_word' id='word_1_49' title='bbox 521 754 612 825; x_wconf 87' lang='lat' dir='ltr'><strong>qui</strong></span> <span class='ocrx_word' id='word_1_50' title='bbox 660 755 1057 812; x_wconf 74' lang='lat' dir='ltr'><strong>tumultuariam</strong></span> <span class='ocrx_word' id='word_1_51' title='bbox 1107 757 1322 813; x_wconf 74' lang='lat' dir='ltr'><strong>Maximi</strong></span> <span class='ocrx_word' id='word_1_52' title='bbox 1372 758 1770 816; x_wconf 75' lang='lat' dir='ltr'><strong>ordinationem</strong></span> 
     </span>
    </p>
   </div>
   <div class='ocr_carea' id='block_1_8' title="bbox 207 845 1769 924">
    <p class='ocr_par' dir='ltr' id='par_1_8' title="bbox 207 845 1769 924">
     <span class='ocr_line' id='line_1_8' title="bbox 207 845 1769 924; baseline 0.006 -24"><span class='ocrx_word' id='word_1_53' title='bbox 207 847 250 900; x_wconf 90' lang='lat' dir='ltr'><strong>in</strong></span> <span class='ocrx_word' id='word_1_54' title='bbox 274 845 472 902; x_wconf 91' lang='lat' dir='ltr'><strong>irritum</strong></span> <span class='ocrx_word' id='word_1_55' title='bbox 502 850 744 917; x_wconf 83' lang='lat' dir='ltr'><strong>miserat,</strong></span> <span class='ocrx_word' id='word_1_56' title='bbox 769 849 996 906; x_wconf 85' lang='lat' dir='ltr'><strong>solemni</strong></span> <span class='ocrx_word' id='word_1_57' title='bbox 1032 852 1348 923; x_wconf 90' lang='lat' dir='ltr'><strong>publicoque</strong></span> <span class='ocrx_word' id='word_1_58' title='bbox 1374 853 1520 908; x_wconf 88' lang='lat' dir='ltr'><strong>edito</strong></span> <span class='ocrx_word' id='word_1_59' title='bbox 1543 852 1769 924; x_wconf 91' lang='lat' dir='ltr'><strong>judicio,</strong></span> 
     </span>
    </p>
   </div>
   <div class='ocr_carea' id='block_1_9' title="bbox 202 939 1770 1011">
    <p class='ocr_par' dir='ltr' id='par_1_9' title="bbox 202 939 1770 1011">
     <span class='ocr_line' id='line_1_9' title="bbox 202 939 1770 1011; baseline 0.005 -16"><span class='ocrx_word' id='word_1_60' title='bbox 202 939 319 995; x_wconf 86' lang='lat' dir='ltr'><strong>adeo</strong></span> <span class='ocrx_word' id='word_1_61' title='bbox 346 940 441 993; x_wconf 85' lang='lat' dir='ltr'><strong>sibi</strong></span> <span class='ocrx_word' id='word_1_62' title='bbox 472 939 665 996; x_wconf 90' lang='lat' dir='ltr'><strong>deinde</strong></span> <span class='ocrx_word' id='word_1_63' title='bbox 704 957 810 996; x_wconf 91' lang='lat' dir='ltr'><strong>non</strong></span> <span class='ocrx_word' id='word_1_64' title='bbox 865 944 1214 1011; x_wconf 85' lang='lat' dir='ltr'><strong>constitisse,</strong></span> <span class='ocrx_word' id='word_1_65' title='bbox 1262 955 1321 1000; x_wconf 89' lang='lat' dir='ltr'><strong>ut</strong></span> <span class='ocrx_word' id='word_1_66' title='bbox 1381 944 1615 1001; x_wconf 85' lang='lat' dir='ltr'><strong>Nectarii</strong></span> <span class='ocrx_word' id='word_1_67' title='bbox 1665 961 1770 1003; x_wconf 79' lang='lat' dir='ltr'><strong>or-</strong></span> 
     </span>
    </p>
   </div>
   <div class='ocr_carea' id='block_1_10' title="bbox 202 1031 1766 1107">
    <p class='ocr_par' dir='ltr' id='par_1_10' title="bbox 202 1031 1766 1107">
     <span class='ocr_line' id='line_1_10' title="bbox 202 1031 1766 1107; baseline 0.003 -20"><span class='ocrx_word' id='word_1_68' title='bbox 202 1031 505 1087; x_wconf 82' lang='lat' dir='ltr'><strong>diuationem</strong></span> <span class='ocrx_word' id='word_1_69' title='bbox 529 1034 719 1090; x_wconf 85' lang='lat' dir='ltr'><strong>eodem</strong></span> <span class='ocrx_word' id='word_1_70' title='bbox 757 1036 960 1103; x_wconf 84' lang='lat' dir='ltr'><strong>Cynico</strong></span> <span class='ocrx_word' id='word_1_71' title='bbox 1000 1037 1309 1105; x_wconf 77' lang='lat' dir='ltr'><strong>impellente</strong></span> <span class='ocrx_word' id='word_1_72' title='bbox 1335 1038 1766 1107; x_wconf 88' lang='lat' dir='ltr'><strong>reprehenderit.</strong></span> 
     </span>
    </p>
   </div>
   <div class='ocr_carea' id='block_1_11' title="bbox 200 1124 1770 1201">
    <p class='ocr_par' dir='ltr' id='par_1_11' title="bbox 200 1124 1770 1201">
     <span class='ocr_line' id='line_1_11' title="bbox 200 1124 1770 1201; baseline 0.004 -22"><span class='ocrx_word' id='word_1_73' title='bbox 200 1124 558 1194; x_wconf 82' lang='lat' dir='ltr'><strong>Quamobrem,</strong></span> <span class='ocrx_word' id='word_1_74' title='bbox 574 1127 616 1182; x_wconf 90' lang='lat' dir='ltr'><strong>si</strong></span> <span class='ocrx_word' id='word_1_75' title='bbox 635 1128 685 1181; x_wconf 90' lang='lat' dir='ltr'><strong>in</strong></span> <span class='ocrx_word' id='word_1_76' title='bbox 702 1127 942 1185; x_wconf 82' lang='lat' dir='ltr'><strong>Romana</strong></span> <span class='ocrx_word' id='word_1_77' title='bbox 962 1130 1062 1185; x_wconf 87' lang='lat' dir='ltr'><strong>hac</strong></span> <span class='ocrx_word' id='word_1_78' title='bbox 1073 1129 1279 1201; x_wconf 84' lang='lat' dir='ltr'><strong>synodo</strong></span> <span class='ocrx_word' id='word_1_79' title='bbox 1296 1130 1363 1186; x_wconf 92' lang='lat' dir='ltr'><strong>de</strong></span> <span class='ocrx_word' id='word_1_80' title='bbox 1374 1130 1607 1186; x_wconf 85' lang='lat' dir='ltr'><strong>Nectarii</strong></span> <span class='ocrx_word' id='word_1_81' title='bbox 1626 1130 1770 1186; x_wconf 91' lang='lat' dir='ltr'><strong>ordi-</strong></span> 
     </span>
    </p>
   </div>
   <div class='ocr_carea' id='block_1_12' title="bbox 196 1218 1772 1294">
    <p class='ocr_par' dir='ltr' id='par_1_12' title="bbox 196 1218 1772 1294">
     <span class='ocr_line' id='line_1_12' title="bbox 196 1218 1772 1294; baseline 0.003 -22"><span class='ocrx_word' id='word_1_82' title='bbox 196 1219 388 1272; x_wconf 84' lang='lat' dir='ltr'><strong>natione</strong></span> <span class='ocrx_word' id='word_1_83' title='bbox 418 1228 593 1273; x_wconf 91' lang='lat' dir='ltr'><strong>actum</strong></span> <span class='ocrx_word' id='word_1_84' title='bbox 627 1218 747 1285; x_wconf 90' lang='lat' dir='ltr'><strong>fuit,</strong></span> <span class='ocrx_word' id='word_1_85' title='bbox 779 1220 880 1275; x_wconf 90' lang='lat' dir='ltr'><strong>alia</strong></span> <span class='ocrx_word' id='word_1_86' title='bbox 900 1236 1149 1293; x_wconf 85' lang='lat' dir='ltr'><strong>prorsus,</strong></span> <span class='ocrx_word' id='word_1_87' title='bbox 1182 1237 1342 1293; x_wconf 89' lang='lat' dir='ltr'><strong>quam</strong></span> <span class='ocrx_word' id='word_1_88' title='bbox 1373 1238 1494 1294; x_wconf 73' lang='lat' dir='ltr'><strong>qua:</strong></span> <span class='ocrx_word' id='word_1_89' title='bbox 1524 1222 1772 1278; x_wconf 87' lang='lat' dir='ltr'><strong>obtendi-</strong></span> 
     </span>
    </p>
   </div>
   <div class='ocr_carea' id='block_1_13' title="bbox 196 1312 1766 1387">
    <p class='ocr_par' dir='ltr' id='par_1_13' title="bbox 196 1312 1766 1387">
     <span class='ocr_line' id='line_1_13' title="bbox 196 1312 1766 1387; baseline 0.003 -21"><span class='ocrx_word' id='word_1_90' title='bbox 196 1322 285 1373; x_wconf 85' lang='lat' dir='ltr'><strong>tur,</strong></span> <span class='ocrx_word' id='word_1_91' title='bbox 303 1314 432 1366; x_wconf 90' lang='lat' dir='ltr'><strong>ratio</strong></span> <span class='ocrx_word' id='word_1_92' title='bbox 451 1327 577 1369; x_wconf 87' lang='lat' dir='ltr'><strong>esse</strong></span> <span class='ocrx_word' id='word_1_93' title='bbox 607 1312 813 1381; x_wconf 89' lang='lat' dir='ltr'><strong>debuit,</strong></span> <span class='ocrx_word' id='word_1_94' title='bbox 828 1329 924 1369; x_wconf 90' lang='lat' dir='ltr'><strong>cur</strong></span> <span class='ocrx_word' id='word_1_95' title='bbox 946 1314 1015 1371; x_wconf 92' lang='lat' dir='ltr'><strong>de</strong></span> <span class='ocrx_word' id='word_1_96' title='bbox 1046 1316 1158 1382; x_wconf 91' lang='lat' dir='ltr'><strong>illa,</strong></span> <span class='ocrx_word' id='word_1_97' title='bbox 1194 1326 1250 1371; x_wconf 93' lang='lat' dir='ltr'><strong>ut</strong></span> <span class='ocrx_word' id='word_1_98' title='bbox 1273 1316 1469 1383; x_wconf 86' lang='lat' dir='ltr'><strong>dicam,</strong></span> <span class='ocrx_word' id='word_1_99' title='bbox 1496 1325 1766 1387; x_wconf 76' lang='lat' dir='ltr'><strong>ageretur.</strong></span> 
     </span>
    </p>
   </div>
   <div class='ocr_carea' id='block_1_14' title="bbox 250 1405 1772 1482">
    <p class='ocr_par' dir='ltr' id='par_1_14' title="bbox 250 1405 1772 1482">
     <span class='ocr_line' id='line_1_14' title="bbox 250 1405 1772 1482; baseline 0.005 -21"><span class='ocrx_word' id='word_1_100' title='bbox 250 1405 332 1462; x_wconf 87' lang='lat' dir='ltr'><strong>IV.</strong></span> <span class='ocrx_word' id='word_1_101' title='bbox 354 1406 686 1463; x_wconf 76' lang='lat' dir='ltr'><strong>Evocatoriis</strong></span> <span class='ocrx_word' id='word_1_102' title='bbox 706 1409 921 1464; x_wconf 88' lang='lat' dir='ltr'><strong>Damasi</strong></span> <span class='ocrx_word' id='word_1_103' title='bbox 944 1409 1141 1466; x_wconf 87' lang='lat' dir='ltr'><strong>litteris</strong></span> <span class='ocrx_word' id='word_1_104' title='bbox 1163 1411 1772 1482; x_wconf 87' lang='lat' dir='ltr'><strong>rescripseruntOrien-</strong></span> 
     </span>
    </p>
   </div>
   <div class='ocr_carea' id='block_1_15' title="bbox 195 1501 1766 1576">
    <p class='ocr_par' dir='ltr' id='par_1_15' title="bbox 195 1501 1766 1576">
     <span class='ocr_line' id='line_1_15' title="bbox 195 1501 1766 1576; baseline 0.004 -22"><span class='ocrx_word' id='word_1_105' title='bbox 195 1501 344 1569; x_wconf 81' lang='lat' dir='ltr'><strong>tales,</strong></span> <span class='ocrx_word' id='word_1_106' title='bbox 364 1501 596 1571; x_wconf 88' lang='lat' dir='ltr'><strong>epistola</strong></span> <span class='ocrx_word' id='word_1_107' title='bbox 624 1504 734 1568; x_wconf 87' lang='lat' dir='ltr'><strong>illa,</strong></span> <span class='ocrx_word' id='word_1_108' title='bbox 763 1520 925 1576; x_wconf 87' lang='lat' dir='ltr'><strong>quam</strong></span> <span class='ocrx_word' id='word_1_109' title='bbox 950 1506 1329 1563; x_wconf 80' lang='lat' dir='ltr'><strong>Tlieodoretus</strong></span> <span class='ocrx_word' id='word_1_110' title='bbox 1372 1509 1565 1563; x_wconf 86' lang='lat' dir='ltr'><strong>recitat</strong></span> <span class='ocrx_word' id='word_1_111' title='bbox 1588 1517 1642 1562; x_wconf 90' lang='lat' dir='ltr'><strong>et</strong></span> <span class='ocrx_word' id='word_1_112' title='bbox 1662 1507 1766 1562; x_wconf 90' lang='lat' dir='ltr'><strong>im-</strong></span> 
     </span>
    </p>
   </div>
   <div class='ocr_carea' id='block_1_16' title="bbox 194 1595 1765 1670">
    <p class='ocr_par' dir='ltr' id='par_1_16' title="bbox 194 1595 1765 1670">
     <span class='ocr_line' id='line_1_16' title="bbox 194 1595 1765 1670; baseline 0.003 -20"><span class='ocrx_word' id='word_1_113' title='bbox 194 1610 339 1667; x_wconf 85' lang='lat' dir='ltr'><strong>pense</strong></span> <span class='ocrx_word' id='word_1_114' title='bbox 367 1595 553 1652; x_wconf 87' lang='lat' dir='ltr'><strong>laudat</strong></span> <span class='ocrx_word' id='word_1_115' title='bbox 589 1597 692 1670; x_wconf 87' lang='lat' dir='ltr'><strong>(a),</strong></span> <span class='ocrx_word' id='word_1_116' title='bbox 732 1598 785 1653; x_wconf 90' lang='lat' dir='ltr'><strong>in</strong></span> <span class='ocrx_word' id='word_1_117' title='bbox 818 1613 994 1669; x_wconf 87' lang='lat' dir='ltr'><strong>eaque</strong></span> <span class='ocrx_word' id='word_1_118' title='bbox 1024 1614 1215 1657; x_wconf 85' lang='lat' dir='ltr'><strong>causas</strong></span> <span class='ocrx_word' id='word_1_119' title='bbox 1242 1600 1541 1655; x_wconf 90' lang='lat' dir='ltr'><strong>attulerunt</strong></span> <span class='ocrx_word' id='word_1_120' title='bbox 1578 1600 1765 1665; x_wconf 88' lang='lat' dir='ltr'><strong>binas,</strong></span> 
     </span>
    </p>
   </div>
   <div class='ocr_carea' id='block_1_17' title="bbox 195 1688 1768 1763">
    <p class='ocr_par' dir='ltr' id='par_1_17' title="bbox 195 1688 1768 1763">
     <span class='ocr_line' id='line_1_17' title="bbox 195 1688 1768 1763; baseline 0.006 -23"><span class='ocrx_word' id='word_1_121' title='bbox 195 1688 460 1758; x_wconf 81' lang='lat' dir='ltr'><strong>quominus</strong></span> <span class='ocrx_word' id='word_1_122' title='bbox 490 1689 722 1745; x_wconf 82' lang='lat' dir='ltr'><strong>Romam</strong></span> <span class='ocrx_word' id='word_1_123' title='bbox 749 1692 1109 1747; x_wconf 86' lang='lat' dir='ltr'><strong>accederent:</strong></span> <span class='ocrx_word' id='word_1_124' title='bbox 1144 1694 1318 1762; x_wconf 91' lang='lat' dir='ltr'><strong>primo</strong></span> <span class='ocrx_word' id='word_1_125' title='bbox 1346 1693 1489 1763; x_wconf 86' lang='lat' dir='ltr'><strong>quod</strong></span> <span class='ocrx_word' id='word_1_126' title='bbox 1512 1708 1634 1748; x_wconf 90' lang='lat' dir='ltr'><strong>cum</strong></span> <span class='ocrx_word' id='word_1_127' title='bbox 1660 1693 1768 1749; x_wconf 75' lang='lat' dir='ltr'><strong>lun-</strong></span> 
     </span>
    </p>
   </div>
   <div class='ocr_carea' id='block_1_18' title="bbox 1874 492 3471 573">
    <p class='ocr_par' dir='ltr' id='par_1_18' title="bbox 1874 492 3471 573">
     <span class='ocr_line' id='line_1_18' title="bbox 1874 492 3471 573; baseline 0.008 -27"><span class='ocrx_word' id='word_1_128' title='bbox 1874 500 2196 548; x_wconf 74' lang='lat' dir='ltr'><strong>czeterorum</strong></span> <span class='ocrx_word' id='word_1_129' title='bbox 2211 492 2451 548; x_wconf 90' lang='lat' dir='ltr'><strong>omnium</strong></span> <span class='ocrx_word' id='word_1_130' title='bbox 2464 494 2773 551; x_wconf 81' lang='lat' dir='ltr'><strong>uoluntatem</strong></span> <span class='ocrx_word' id='word_1_131' title='bbox 2798 498 3068 568; x_wconf 83' lang='lat' dir='ltr'><strong>paciﬁcum</strong></span> <span class='ocrx_word' id='word_1_132' title='bbox 3088 515 3218 568; x_wconf 87' lang='lat' dir='ltr'><strong>esse,</strong></span> <span class='ocrx_word' id='word_1_133' title='bbox 3239 510 3391 573; x_wconf 87' lang='lat' dir='ltr'><strong>atque</strong></span> <span class='ocrx_word' id='word_1_134' title='bbox 3400 506 3471 559; x_wconf 86' lang='lat' dir='ltr'><strong>ad</strong></span> 
     </span>
    </p>
   </div>
   <div class='ocr_carea' id='block_1_19' title="bbox 1873 586 3471 665">
    <p class='ocr_par' dir='ltr' id='par_1_19' title="bbox 1873 586 3471 665">
     <span class='ocr_line' id='line_1_19' title="bbox 1873 586 3471 665; baseline 0.008 -27"><span class='ocrx_word' id='word_1_135' title='bbox 1873 586 2124 640; x_wconf 78' lang='lat' dir='ltr'><strong>unitatem</strong></span> <span class='ocrx_word' id='word_1_136' title='bbox 2179 595 2408 656; x_wconf 84' lang='lat' dir='ltr'><strong>spectare</strong></span> <span class='ocrx_word' id='word_1_137' title='bbox 2479 588 2831 655; x_wconf 80' lang='lat' dir='ltr'><strong>declararent,</strong></span> <span class='ocrx_word' id='word_1_138' title='bbox 2877 601 2987 646; x_wconf 87' lang='lat' dir='ltr'><strong>tum</strong></span> <span class='ocrx_word' id='word_1_139' title='bbox 3036 602 3094 648; x_wconf 80' lang='lat' dir='ltr'><strong>tit</strong></span> <span class='ocrx_word' id='word_1_140' title='bbox 3129 602 3315 649; x_wconf 84' lang='lat' dir='ltr'><strong>eOrum</strong></span> <span class='ocrx_word' id='word_1_141' title='bbox 3374 613 3471 665; x_wconf 90' lang='lat' dir='ltr'><strong>pro</strong></span> 
     </span>
    </p>
   </div>
   <div class='ocr_carea' id='block_1_20' title="bbox 1874 683 3471 765">
    <p class='ocr_par' dir='ltr' id='par_1_20' title="bbox 1874 683 3471 765">
     <span class='ocr_line' id='line_1_20' title="bbox 1874 683 3471 765; baseline 0.01 -30"><span class='ocrx_word' id='word_1_142' title='bbox 1874 696 2001 736; x_wconf 89' lang='lat' dir='ltr'><strong>sana</strong></span> <span class='ocrx_word' id='word_1_143' title='bbox 2042 683 2145 752; x_wconf 83' lang='lat' dir='ltr'><strong>ﬁde</strong></span> <span class='ocrx_word' id='word_1_144' title='bbox 2188 685 2357 740; x_wconf 76' lang='lat' dir='ltr'><strong>zelum</strong></span> <span class='ocrx_word' id='word_1_145' title='bbox 2391 687 2719 759; x_wconf 79' lang='lat' dir='ltr'><strong>manifestum</strong></span> <span class='ocrx_word' id='word_1_146' title='bbox 2776 686 3003 758; x_wconf 81' lang='lat' dir='ltr'><strong>facerent</strong></span> <span class='ocrx_word' id='word_1_147' title='bbox 3038 707 3057 745; x_wconf 90' lang='lat'><strong><em>:</em></strong></span> <span class='ocrx_word' id='word_1_148' title='bbox 3087 705 3188 762; x_wconf 87' lang='lat' dir='ltr'><strong>qua</strong></span> <span class='ocrx_word' id='word_1_149' title='bbox 3227 696 3471 765; x_wconf 83' lang='lat' dir='ltr'><strong>profecto</strong></span> 
     </span>
    </p>
   </div>
   <div class='ocr_carea' id='block_1_21' title="bbox 1874 775 3470 859">
    <p class='ocr_par' dir='ltr' id='par_1_21' title="bbox 1874 775 3470 859">
     <span class='ocr_line' id='line_1_21' title="bbox 1874 775 3470 859; baseline 0.011 -31"><span class='ocrx_word' id='word_1_150' title='bbox 1874 775 2245 833; x_wconf 89' lang='lat' dir='ltr'><strong>deelaratione</strong></span> <span class='ocrx_word' id='word_1_151' title='bbox 2289 779 2325 833; x_wconf 92' lang='lat' dir='ltr'><strong>ii</strong></span> <span class='ocrx_word' id='word_1_152' title='bbox 2377 781 2726 835; x_wconf 83' lang='lat' dir='ltr'><strong>revincuntur</strong></span> <span class='ocrx_word' id='word_1_153' title='bbox 2767 780 2943 837; x_wconf 91' lang='lat' dir='ltr'><strong>fucum</strong></span> <span class='ocrx_word' id='word_1_154' title='bbox 2999 784 3208 853; x_wconf 85' lang='lat' dir='ltr'><strong>facere,</strong></span> <span class='ocrx_word' id='word_1_155' title='bbox 3243 782 3334 859; x_wconf 85' lang='lat' dir='ltr'><strong>qui</strong></span> <span class='ocrx_word' id='word_1_156' title='bbox 3372 804 3470 846; x_wconf 90' lang='lat' dir='ltr'><strong>eos</strong></span> 
     </span>
    </p>
   </div>
   <div class='ocr_carea' id='block_1_22' title="bbox 1875 865 3468 948">
    <p class='ocr_par' dir='ltr' id='par_1_22' title="bbox 1875 865 3468 948">
     <span class='ocr_line' id='line_1_22' title="bbox 1875 865 3468 948; baseline 0.01 -29"><span class='ocrx_word' id='word_1_157' title='bbox 1875 865 2100 922; x_wconf 82' lang='lat' dir='ltr'><strong>Romam</strong></span> <span class='ocrx_word' id='word_1_158' title='bbox 2144 868 2404 925; x_wconf 85' lang='lat' dir='ltr'><strong>accedere</strong></span> <span class='ocrx_word' id='word_1_159' title='bbox 2464 871 2705 927; x_wconf 73' lang='lat' dir='ltr'><strong>noluisse</strong></span> <span class='ocrx_word' id='word_1_160' title='bbox 2756 874 2939 941; x_wconf 88' lang='lat' dir='ltr'><strong>aiunt,</strong></span> <span class='ocrx_word' id='word_1_161' title='bbox 2992 876 3116 946; x_wconf 87' lang='lat' dir='ltr'><strong>quia</strong></span> <span class='ocrx_word' id='word_1_162' title='bbox 3174 892 3468 948; x_wconf 82' lang='lat' dir='ltr'><strong>supremam</strong></span> 
     </span>
    </p>
   </div>
   <div class='ocr_carea' id='block_1_23' title="bbox 1873 962 3465 1035">
    <p class='ocr_par' dir='ltr' id='par_1_23' title="bbox 1873 962 3465 1035">
     <span class='ocr_line' id='line_1_23' title="bbox 1873 962 3465 1035; baseline 0.013 -22"><span class='ocrx_word' id='word_1_163' title='bbox 1873 974 1982 1014; x_wconf 86' lang='lat' dir='ltr'><strong>esse</strong></span> <span class='ocrx_word' id='word_1_164' title='bbox 1995 962 2361 1018; x_wconf 82' lang='lat' dir='ltr'><strong>contendebant</strong></span> <span class='ocrx_word' id='word_1_165' title='bbox 2380 964 2721 1020; x_wconf 78' lang='lat' dir='ltr'><strong>Orientalium</strong></span> <span class='ocrx_word' id='word_1_166' title='bbox 2742 967 3072 1025; x_wconf 87' lang='lat' dir='ltr'><strong>conciliorum</strong></span> <span class='ocrx_word' id='word_1_167' title='bbox 3091 978 3465 1035; x_wconf 78' lang='lat' dir='ltr'><strong>auctoritatem.</strong></span> 
     </span>
    </p>
   </div>
   <div class='ocr_carea' id='block_1_24' title="bbox 1873 1050 3469 1144">
    <p class='ocr_par' dir='ltr' id='par_1_24' title="bbox 1873 1050 3469 1144">
     <span class='ocr_line' id='line_1_24' title="bbox 1873 1050 3469 1144; baseline 0.016 -38"><span class='ocrx_word' id='word_1_168' title='bbox 1873 1050 2141 1108; x_wconf 69' lang='lat' dir='ltr'><strong>Cnterttm</strong></span> <span class='ocrx_word' id='word_1_169' title='bbox 2183 1070 2291 1124; x_wconf 87' lang='lat' dir='ltr'><strong>quo</strong></span> <span class='ocrx_word' id='word_1_170' title='bbox 2327 1058 2426 1127; x_wconf 88' lang='lat' dir='ltr'><strong>ipsi</strong></span> <span class='ocrx_word' id='word_1_171' title='bbox 2460 1061 2621 1114; x_wconf 86' lang='lat' dir='ltr'><strong>etiam</strong></span> <span class='ocrx_word' id='word_1_172' title='bbox 2659 1075 2823 1117; x_wconf 85' lang='lat' dir='ltr'><strong>sanos</strong></span> <span class='ocrx_word' id='word_1_173' title='bbox 2879 1079 2999 1122; x_wconf 89' lang='lat' dir='ltr'><strong>sese</strong></span> <span class='ocrx_word' id='word_1_174' title='bbox 3031 1080 3190 1140; x_wconf 88' lang='lat' dir='ltr'><strong>atque</strong></span> <span class='ocrx_word' id='word_1_175' title='bbox 3228 1072 3469 1144; x_wconf 86' lang='lat' dir='ltr'><strong>integros</strong></span> 
     </span>
    </p>
   </div>
   <div class='ocr_carea' id='block_1_25' title="bbox 1872 1149 3468 1231">
    <p class='ocr_par' dir='ltr' id='par_1_25' title="bbox 1872 1149 3468 1231">
     <span class='ocr_line' id='line_1_25' title="bbox 1872 1149 3468 1231; baseline 0.014 -30"><span class='ocrx_word' id='word_1_176' title='bbox 1872 1160 1994 1202; x_wconf 86' lang='lat' dir='ltr'><strong>esse</strong></span> <span class='ocrx_word' id='word_1_177' title='bbox 2026 1149 2317 1218; x_wconf 81' lang='lat' dir='ltr'><strong>probarent</strong></span> <span class='ocrx_word' id='word_1_178' title='bbox 2343 1153 2482 1222; x_wconf 87' lang='lat' dir='ltr'><strong>apud</strong></span> <span class='ocrx_word' id='word_1_179' title='bbox 2512 1153 2815 1211; x_wconf 83' lang='lat' dir='ltr'><strong>Romanum</strong></span> <span class='ocrx_word' id='word_1_180' title='bbox 2847 1158 3154 1228; x_wconf 90' lang='lat' dir='ltr'><strong>pontillcem</strong></span> <span class='ocrx_word' id='word_1_181' title='bbox 3175 1207 3189 1231; x_wconf 91' lang='lat'><strong>,</strong></span> <span class='ocrx_word' id='word_1_182' title='bbox 3222 1164 3273 1219; x_wconf 89' lang='lat' dir='ltr'><strong>in</strong></span> <span class='ocrx_word' id='word_1_183' title='bbox 3316 1166 3468 1224; x_wconf 87' lang='lat' dir='ltr'><strong>litte-</strong></span> 
     </span>
    </p>
   </div>
   <div class='ocr_carea' id='block_1_26' title="bbox 1872 1240 3466 1326">
    <p class='ocr_par' dir='ltr' id='par_1_26' title="bbox 1872 1240 3466 1326">
     <span class='ocr_line' id='line_1_26' title="bbox 1872 1240 3466 1326; baseline 0.014 -32"><span class='ocrx_word' id='word_1_184' title='bbox 1872 1240 1979 1306; x_wconf 90' lang='lat' dir='ltr'><strong>ris,</strong></span> <span class='ocrx_word' id='word_1_185' title='bbox 2031 1256 2164 1311; x_wconf 87' lang='lat' dir='ltr'><strong>quas</strong></span> <span class='ocrx_word' id='word_1_186' title='bbox 2196 1242 2388 1314; x_wconf 89' lang='lat' dir='ltr'><strong>legatis</strong></span> <span class='ocrx_word' id='word_1_187' title='bbox 2433 1245 2499 1301; x_wconf 88' lang='lat' dir='ltr'><strong>ad</strong></span> <span class='ocrx_word' id='word_1_188' title='bbox 2550 1247 2838 1304; x_wconf 80' lang='lat' dir='ltr'><strong>Damasum</strong></span> <span class='ocrx_word' id='word_1_189' title='bbox 2891 1251 3141 1310; x_wconf 85' lang='lat' dir='ltr'><strong>ferendas</strong></span> <span class='ocrx_word' id='word_1_190' title='bbox 3182 1254 3466 1326; x_wconf 82' lang='lat' dir='ltr'><strong>dederant.</strong></span> 
     </span>
    </p>
   </div>
   <div class='ocr_carea' id='block_1_27' title="bbox 1875 1335 3470 1414">
    <p class='ocr_par' dir='ltr' id='par_1_27' title="bbox 1875 1335 3470 1414">
     <span class='ocr_line' id='line_1_27' title="bbox 1875 1335 3470 1414; baseline 0.016 -31"><span class='ocrx_word' id='word_1_191' title='bbox 1875 1338 1984 1385; x_wconf 91' lang='lat' dir='ltr'><strong>tum</strong></span> <span class='ocrx_word' id='word_1_192' title='bbox 2028 1343 2214 1402; x_wconf 87' lang='lat' dir='ltr'><strong>aperta</strong></span> <span class='ocrx_word' id='word_1_193' title='bbox 2258 1335 2589 1405; x_wconf 86' lang='lat' dir='ltr'><strong>copiosaque</strong></span> <span class='ocrx_word' id='word_1_194' title='bbox 2632 1337 2753 1395; x_wconf 89' lang='lat' dir='ltr'><strong>lldei</strong></span> <span class='ocrx_word' id='word_1_195' title='bbox 2810 1343 3178 1414; x_wconf 83' lang='lat' dir='ltr'><strong>expositione,</strong></span> <span class='ocrx_word' id='word_1_196' title='bbox 3211 1347 3325 1405; x_wconf 87' lang='lat' dir='ltr'><strong>Arii</strong></span> <span class='ocrx_word' id='word_1_197' title='bbox 3369 1351 3470 1408; x_wconf 87' lang='lat' dir='ltr'><strong>Sa-</strong></span> 
     </span>
    </p>
   </div>
   <div class='ocr_carea' id='block_1_28' title="bbox 1871 1422 3469 1507">
    <p class='ocr_par' dir='ltr' id='par_1_28' title="bbox 1871 1422 3469 1507">
     <span class='ocr_line' id='line_1_28' title="bbox 1871 1422 3469 1507; baseline 0.015 -28"><span class='ocrx_word' id='word_1_198' title='bbox 1871 1422 2052 1490; x_wconf 88' lang='lat' dir='ltr'><strong>bellii,</strong></span> <span class='ocrx_word' id='word_1_199' title='bbox 2085 1426 2369 1494; x_wconf 89' lang='lat' dir='ltr'><strong>Eunomii,</strong></span> <span class='ocrx_word' id='word_1_200' title='bbox 2412 1428 2709 1487; x_wconf 80' lang='lat' dir='ltr'><strong>Macedonii</strong></span> <span class='ocrx_word' id='word_1_201' title='bbox 2755 1444 2810 1489; x_wconf 90' lang='lat' dir='ltr'><strong>et</strong></span> <span class='ocrx_word' id='word_1_202' title='bbox 2866 1437 3182 1507; x_wconf 88' lang='lat' dir='ltr'><strong>Apollinarii</strong></span> <span class='ocrx_word' id='word_1_203' title='bbox 3228 1440 3469 1502; x_wconf 63' lang='lat' dir='ltr'><strong>haereses</strong></span> 
     </span>
    </p>
   </div>
   <div class='ocr_carea' id='block_1_29' title="bbox 1872 1514 3469 1606">
    <p class='ocr_par' dir='ltr' id='par_1_29' title="bbox 1872 1514 3469 1606">
     <span class='ocr_line' id='line_1_29' title="bbox 1872 1514 3469 1606; baseline 0.014 -35"><span class='ocrx_word' id='word_1_204' title='bbox 1872 1514 2218 1585; x_wconf 88' lang='lat' dir='ltr'><strong>damnarunt,</strong></span> <span class='ocrx_word' id='word_1_205' title='bbox 2254 1528 2366 1577; x_wconf 89' lang='lat' dir='ltr'><strong>tum</strong></span> <span class='ocrx_word' id='word_1_206' title='bbox 2398 1533 2676 1592; x_wconf 91' lang='lat' dir='ltr'><strong>postremo</strong></span> <span class='ocrx_word' id='word_1_207' title='bbox 2706 1524 2854 1594; x_wconf 80' lang='lat' dir='ltr'><strong>haec,</strong></span> <span class='ocrx_word' id='word_1_208' title='bbox 2904 1544 3024 1600; x_wconf 67' lang='lat' dir='ltr'><strong>quae</strong></span> <span class='ocrx_word' id='word_1_209' title='bbox 3053 1530 3255 1589; x_wconf 89' lang='lat' dir='ltr'><strong>referre</strong></span> <span class='ocrx_word' id='word_1_210' title='bbox 3286 1550 3469 1606; x_wconf 81' lang='lat' dir='ltr'><strong>operae</strong></span> 
     </span>
    </p>
   </div>
   <div class='ocr_carea' id='block_1_30' title="bbox 1875 1610 3470 1699">
    <p class='ocr_par' dir='ltr' id='par_1_30' title="bbox 1875 1610 3470 1699">
     <span class='ocr_line' id='line_1_30' title="bbox 1875 1610 3470 1699; baseline 0.016 -37"><span class='ocrx_word' id='word_1_211' title='bbox 1875 1610 2104 1677; x_wconf 86' lang='lat' dir='ltr'><strong>pretium</strong></span> <span class='ocrx_word' id='word_1_212' title='bbox 2146 1620 2261 1678; x_wconf 88' lang='lat' dir='ltr'><strong>est,</strong></span> <span class='ocrx_word' id='word_1_213' title='bbox 2312 1616 2477 1670; x_wconf 87' lang='lat' dir='ltr'><strong>verba</strong></span> <span class='ocrx_word' id='word_1_214' title='bbox 2522 1616 2932 1687; x_wconf 87' lang='lat' dir='ltr'><strong>adjunxerunt:</strong></span> <span class='ocrx_word' id='word_1_215' title='bbox 2986 1622 3047 1679; x_wconf 86' lang='lat' dir='ltr'><strong>Si</strong></span> <span class='ocrx_word' id='word_1_216' title='bbox 3090 1627 3215 1695; x_wconf 81' lang='lat' dir='ltr'><strong>quid</strong></span> <span class='ocrx_word' id='word_1_217' title='bbox 3244 1631 3470 1699; x_wconf 76' lang='lat' dir='ltr'><strong>amplius</strong></span> 
     </span>
    </p>
   </div>
   <div class='ocr_carea' id='block_1_31' title="bbox 1871 1703 3470 1795">
    <p class='ocr_par' dir='ltr' id='par_1_31' title="bbox 1871 1703 3470 1795">
     <span class='ocr_line' id='line_1_31' title="bbox 1871 1703 3470 1795; baseline 0.014 -39"><span class='ocrx_word' id='word_1_218' title='bbox 1871 1703 2196 1771; x_wconf 76' lang='lat' dir='ltr'><strong>desideratis,</strong></span> <span class='ocrx_word' id='word_1_219' title='bbox 2226 1709 2351 1763; x_wconf 83' lang='lat' dir='ltr'><strong>satis</strong></span> <span class='ocrx_word' id='word_1_220' title='bbox 2377 1710 2518 1765; x_wconf 80' lang='lat' dir='ltr'><strong>vobis</strong></span> <span class='ocrx_word' id='word_1_221' title='bbox 2530 1712 2640 1783; x_wconf 85' lang='lat' dir='ltr'><strong>ﬁet,</strong></span> <span class='ocrx_word' id='word_1_222' title='bbox 2675 1715 2720 1768; x_wconf 88' lang='lat' dir='ltr'><strong>si</strong></span> <span class='ocrx_word' id='word_1_223' title='bbox 2741 1722 2932 1770; x_wconf 89' lang='lat' dir='ltr'><strong>tomum</strong></span> <span class='ocrx_word' id='word_1_224' title='bbox 2956 1718 3243 1776; x_wconf 74' lang='lat' dir='ltr'><strong>Antiochia:</strong></span> <span class='ocrx_word' id='word_1_225' title='bbox 3274 1740 3306 1777; x_wconf 89' lang='lat' dir='ltr'><strong>a</strong></span> <span class='ocrx_word' id='word_1_226' title='bbox 3347 1742 3470 1795; x_wconf 85' lang='lat' dir='ltr'><strong>syn-</strong></span> 
     </span>
    </p>
   </div>
   <div class='ocr_carea' id='block_1_32' title="bbox 200 1780 3466 1885">
    <p class='ocr_par' dir='ltr' id='par_1_32' title="bbox 200 1780 3466 1885">
     <span class='ocr_line' id='line_1_32' title="bbox 200 1780 3466 1885; baseline 0.01 -50"><span class='ocrx_word' id='word_1_227' title='bbox 200 1780 335 1835; x_wconf 86' lang='lat' dir='ltr'><strong>retici</strong></span> <span class='ocrx_word' id='word_1_228' title='bbox 360 1795 686 1853; x_wconf 82' lang='lat' dir='ltr'><strong>quamquam</strong></span> <span class='ocrx_word' id='word_1_229' title='bbox 715 1784 782 1839; x_wconf 87' lang='lat' dir='ltr'><strong>ab</strong></span> <span class='ocrx_word' id='word_1_230' title='bbox 801 1784 1033 1839; x_wconf 84' lang='lat' dir='ltr'><strong>ovilibus</strong></span> <span class='ocrx_word' id='word_1_231' title='bbox 1060 1785 1303 1856; x_wconf 86' lang='lat' dir='ltr'><strong>depulsi,</strong></span> <span class='ocrx_word' id='word_1_232' title='bbox 1332 1800 1524 1855; x_wconf 81' lang='lat' dir='ltr'><strong>greges</strong></span> <span class='ocrx_word' id='word_1_233' title='bbox 1547 1786 1600 1841; x_wconf 85' lang='lat' dir='ltr'><strong>in</strong></span> <span class='ocrx_word' id='word_1_234' title='bbox 1630 1786 1769 1841; x_wconf 72' lang='lat' dir='ltr'><strong>saltu</strong></span> <span class='ocrx_word' id='word_1_235' title='bbox 1798 1789 1847 1850; x_wconf 91' lang='lat' dir='ltr'><strong>B</strong></span> <span class='ocrx_word' id='word_1_236' title='bbox 1876 1799 2006 1861; x_wconf 89' lang='lat' dir='ltr'><strong>odo,</strong></span> <span class='ocrx_word' id='word_1_237' title='bbox 2037 1815 2150 1870; x_wconf 73' lang='lat' dir='ltr'><strong>quoa</strong></span> <span class='ocrx_word' id='word_1_238' title='bbox 2200 1801 2309 1855; x_wconf 88' lang='lat' dir='ltr'><strong>illic</strong></span> <span class='ocrx_word' id='word_1_239' title='bbox 2339 1780 2593 1859; x_wconf 86' lang='lat' dir='ltr'><strong>celebrata</strong></span> <span class='ocrx_word' id='word_1_240' title='bbox 2620 1814 2725 1872; x_wconf 85' lang='lat' dir='ltr'><strong>est,</strong></span> <span class='ocrx_word' id='word_1_241' title='bbox 2750 1807 3035 1877; x_wconf 89' lang='lat' dir='ltr'><strong>conditum,</strong></span> <span class='ocrx_word' id='word_1_242' title='bbox 3067 1826 3158 1867; x_wconf 89' lang='lat' dir='ltr'><strong>nec</strong></span> <span class='ocrx_word' id='word_1_243' title='bbox 3188 1828 3291 1869; x_wconf 88' lang='lat' dir='ltr'><strong>non</strong></span> <span class='ocrx_word' id='word_1_244' title='bbox 3322 1780 3466 1885; x_wconf 48' lang='lat' dir='ltr'><strong>eain,</strong></span> 
     </span>
    </p>
   </div>
   <div class='ocr_carea' id='block_1_33' title="bbox 201 1874 1768 1949">
    <p class='ocr_par' dir='ltr' id='par_1_33' title="bbox 201 1874 1768 1949">
     <span class='ocr_line' id='line_1_33' title="bbox 201 1874 1768 1949; baseline 0.004 -22"><span class='ocrx_word' id='word_1_245' title='bbox 201 1874 438 1944; x_wconf 88' lang='lat' dir='ltr'><strong>diripere,</strong></span> <span class='ocrx_word' id='word_1_246' title='bbox 471 1874 732 1946; x_wconf 84' lang='lat' dir='ltr'><strong>profanos</strong></span> <span class='ocrx_word' id='word_1_247' title='bbox 763 1885 1062 1933; x_wconf 85' lang='lat' dir='ltr'><strong>conventus</strong></span> <span class='ocrx_word' id='word_1_248' title='bbox 1103 1893 1294 1949; x_wconf 87' lang='lat' dir='ltr'><strong>agere,</strong></span> <span class='ocrx_word' id='word_1_249' title='bbox 1317 1894 1382 1935; x_wconf 87' lang='lat' dir='ltr'><strong>ac</strong></span> <span class='ocrx_word' id='word_1_250' title='bbox 1411 1879 1543 1935; x_wconf 82' lang='lat' dir='ltr'><strong>nihil</strong></span> <span class='ocrx_word' id='word_1_251' title='bbox 1577 1894 1683 1933; x_wconf 89' lang='lat' dir='ltr'><strong>non</strong></span> <span class='ocrx_word' id='word_1_252' title='bbox 1714 1879 1768 1933; x_wconf 91' lang='lat' dir='ltr'><strong>in</strong></span> 
     </span>
    </p>
   </div>
   <div class='ocr_carea' id='block_1_34' title="bbox 193 1969 1771 2043">
    <p class='ocr_par' dir='ltr' id='par_1_34' title="bbox 193 1969 1771 2043">
     <span class='ocr_line' id='line_1_34' title="bbox 193 1969 1771 2043; baseline 0.001 -18"><span class='ocrx_word' id='word_1_253' title='bbox 193 1969 445 2039; x_wconf 73' lang='lat' dir='ltr'><strong>religionis</strong></span> <span class='ocrx_word' id='word_1_254' title='bbox 465 1969 764 2043; x_wconf 78' lang='lat' dir='ltr'><strong>perniciem</strong></span> <span class='ocrx_word' id='word_1_255' title='bbox 787 1971 961 2025; x_wconf 90' lang='lat' dir='ltr'><strong>moliri</strong></span> <span class='ocrx_word' id='word_1_256' title='bbox 989 1983 1299 2041; x_wconf 77' lang='lat' dir='ltr'><strong>pergerent,</strong></span> <span class='ocrx_word' id='word_1_257' title='bbox 1319 1972 1549 2027; x_wconf 91' lang='lat' dir='ltr'><strong>concilio</strong></span> <span class='ocrx_word' id='word_1_258' title='bbox 1577 1971 1771 2027; x_wconf 79' lang='lat' dir='ltr'><strong>adesse</strong></span> 
     </span>
    </p>
   </div>
   <div class='ocr_carea' id='block_1_35' title="bbox 190 2064 1769 2133">
    <p class='ocr_par' dir='ltr' id='par_1_35' title="bbox 190 2064 1769 2133">
     <span class='ocr_line' id='line_1_35' title="bbox 190 2064 1769 2133; baseline 0.004 -16"><span class='ocrx_word' id='word_1_259' title='bbox 190 2078 278 2118; x_wconf 87' lang='lat' dir='ltr'><strong>non</strong></span> <span class='ocrx_word' id='word_1_260' title='bbox 309 2072 566 2132; x_wconf 86' lang='lat' dir='ltr'><strong>poterant</strong></span> <span class='ocrx_word' id='word_1_261' title='bbox 595 2081 607 2117; x_wconf 89' lang='lat'><strong>:</strong></span> <span class='ocrx_word' id='word_1_262' title='bbox 640 2065 767 2133; x_wconf 89' lang='lat' dir='ltr'><strong>quin</strong></span> <span class='ocrx_word' id='word_1_263' title='bbox 793 2064 1068 2121; x_wconf 87' lang='lat' dir='ltr'><strong>Ecclesias</strong></span> <span class='ocrx_word' id='word_1_264' title='bbox 1093 2066 1349 2121; x_wconf 83' lang='lat' dir='ltr'><strong>deserere</strong></span> <span class='ocrx_word' id='word_1_265' title='bbox 1372 2080 1435 2122; x_wconf 87' lang='lat' dir='ltr'><strong>ac</strong></span> <span class='ocrx_word' id='word_1_266' title='bbox 1462 2066 1769 2123; x_wconf 82' lang='lat' dir='ltr'><strong>necessario</strong></span> 
     </span>
    </p>
   </div>
   <div class='ocr_carea' id='block_1_36' title="bbox 187 2158 1767 2233">
    <p class='ocr_par' dir='ltr' id='par_1_36' title="bbox 187 2158 1767 2233">
     <span class='ocr_line' id='line_1_36' title="bbox 187 2158 1767 2233; baseline 0.002 -19"><span class='ocrx_word' id='word_1_267' title='bbox 187 2158 367 2215; x_wconf 81' lang='lat' dir='ltr'><strong>nudare</strong></span> <span class='ocrx_word' id='word_1_268' title='bbox 388 2158 656 2230; x_wconf 64' lang='lat' dir='ltr'><strong>praesidio</strong></span> <span class='ocrx_word' id='word_1_269' title='bbox 678 2158 1021 2227; x_wconf 82' lang='lat' dir='ltr'><strong>viderentur;</strong></span> <span class='ocrx_word' id='word_1_270' title='bbox 1054 2159 1296 2216; x_wconf 86' lang='lat' dir='ltr'><strong>secundo</strong></span> <span class='ocrx_word' id='word_1_271' title='bbox 1325 2161 1469 2231; x_wconf 89' lang='lat' dir='ltr'><strong>quod</strong></span> <span class='ocrx_word' id='word_1_272' title='bbox 1497 2162 1767 2233; x_wconf 72' lang='lat' dir='ltr'><strong>praestitu—</strong></span> 
     </span>
    </p>
   </div>
   <div class='ocr_carea' id='block_1_37' title="bbox 188 2252 1767 2324">
    <p class='ocr_par' dir='ltr' id='par_1_37' title="bbox 188 2252 1767 2324">
     <span class='ocr_line' id='line_1_37' title="bbox 188 2252 1767 2324; baseline 0.003 -18"><span class='ocrx_word' id='word_1_273' title='bbox 188 2263 281 2307; x_wconf 89' lang='lat' dir='ltr'><strong>tum</strong></span> <span class='ocrx_word' id='word_1_274' title='bbox 318 2259 540 2323; x_wconf 82' lang='lat' dir='ltr'><strong>tempus</strong></span> <span class='ocrx_word' id='word_1_275' title='bbox 568 2268 673 2306; x_wconf 90' lang='lat' dir='ltr'><strong>non</strong></span> <span class='ocrx_word' id='word_1_276' title='bbox 705 2261 824 2308; x_wconf 86' lang='lat' dir='ltr'><strong>erat</strong></span> <span class='ocrx_word' id='word_1_277' title='bbox 849 2262 958 2307; x_wconf 90' lang='lat' dir='ltr'><strong>tam</strong></span> <span class='ocrx_word' id='word_1_278' title='bbox 987 2252 1151 2324; x_wconf 92' lang='lat' dir='ltr'><strong>longo</strong></span> <span class='ocrx_word' id='word_1_279' title='bbox 1181 2252 1404 2320; x_wconf 87' lang='lat' dir='ltr'><strong>itineri,</strong></span> <span class='ocrx_word' id='word_1_280' title='bbox 1442 2254 1767 2324; x_wconf 66' lang='lat' dir='ltr'><strong>casterisque</strong></span> 
     </span>
    </p>
   </div>
   <div class='ocr_carea' id='block_1_38' title="bbox 185 2345 1765 2418">
    <p class='ocr_par' dir='ltr' id='par_1_38' title="bbox 185 2345 1765 2418">
     <span class='ocr_line' id='line_1_38' title="bbox 185 2345 1765 2418; baseline 0.003 -19"><span class='ocrx_word' id='word_1_281' title='bbox 185 2345 239 2401; x_wconf 82' lang='lat' dir='ltr'><strong>ad</strong></span> <span class='ocrx_word' id='word_1_282' title='bbox 264 2346 381 2400; x_wconf 87' lang='lat' dir='ltr'><strong>illud</strong></span> <span class='ocrx_word' id='word_1_283' title='bbox 415 2345 677 2415; x_wconf 75' lang='lat' dir='ltr'><strong>parandis</strong></span> <span class='ocrx_word' id='word_1_284' title='bbox 701 2345 999 2402; x_wconf 81' lang='lat' dir='ltr'><strong>sufﬁciens.</strong></span> <span class='ocrx_word' id='word_1_285' title='bbox 1047 2345 1315 2418; x_wconf 83' lang='lat' dir='ltr'><strong>Siquidem</strong></span> <span class='ocrx_word' id='word_1_286' title='bbox 1343 2363 1765 2412; x_wconf 83' lang='lat' dir='ltr'><strong>conveneramus,</strong></span> 
     </span>
    </p>
   </div>
   <div class='ocr_carea' id='block_1_39' title="bbox 184 2436 1767 2511">
    <p class='ocr_par' dir='ltr' id='par_1_39' title="bbox 184 2436 1767 2511">
     <span class='ocr_line' id='line_1_39' title="bbox 184 2436 1767 2511; baseline 0.002 -19"><span class='ocrx_word' id='word_1_287' title='bbox 184 2438 332 2505; x_wconf 84' lang='lat' dir='ltr'><strong>aiunt,</strong></span> <span class='ocrx_word' id='word_1_288' title='bbox 350 2436 863 2511; x_wconf 86' lang='lat' dir='ltr'><strong>Constantinopolim</strong></span> <span class='ocrx_word' id='word_1_289' title='bbox 888 2441 1169 2496; x_wconf 85' lang='lat' dir='ltr'><strong>secundum</strong></span> <span class='ocrx_word' id='word_1_290' title='bbox 1191 2442 1386 2497; x_wconf 84' lang='lat' dir='ltr'><strong>litteras</strong></span> <span class='ocrx_word' id='word_1_291' title='bbox 1408 2458 1440 2496; x_wconf 85' lang='grc' dir='ltr'><em>α</em></span> <span class='ocrx_word' id='word_1_292' title='bbox 1463 2442 1767 2498; x_wconf 83' lang='lat' dir='ltr'><strong>Reverentia</strong></span> 
     </span>
    </p>
   </div>
   <div class='ocr_carea' id='block_1_40' title="bbox 187 2534 1768 2607">
    <p class='ocr_par' dir='ltr' id='par_1_40' title="bbox 187 2534 1768 2607">
     <span class='ocr_line' id='line_1_40' title="bbox 187 2534 1768 2607; baseline 0.001 -19"><span class='ocrx_word' id='word_1_293' title='bbox 187 2546 330 2590; x_wconf 82' lang='lat' dir='ltr'><strong>restra</strong></span> <span class='ocrx_word' id='word_1_294' title='bbox 365 2552 507 2590; x_wconf 85' lang='lat' dir='ltr'><strong>anno</strong></span> <span class='ocrx_word' id='word_1_295' title='bbox 555 2535 817 2607; x_wconf 84' lang='lat' dir='ltr'><strong>superiore</strong></span> <span class='ocrx_word' id='word_1_296' title='bbox 859 2544 975 2605; x_wconf 87' lang='lat' dir='ltr'><strong>post</strong></span> <span class='ocrx_word' id='word_1_297' title='bbox 1014 2536 1336 2604; x_wconf 82' lang='lat' dir='ltr'><strong>Aquileiense</strong></span> <span class='ocrx_word' id='word_1_298' title='bbox 1372 2536 1649 2591; x_wconf 86' lang='lat' dir='ltr'><strong>concilium</strong></span> <span class='ocrx_word' id='word_1_299' title='bbox 1698 2534 1768 2589; x_wconf 83' lang='lat' dir='ltr'><strong>ad</strong></span> 
     </span>
    </p>
   </div>
   <div class='ocr_carea' id='block_1_41' title="bbox 186 2626 1767 2697">
    <p class='ocr_par' dir='ltr' id='par_1_41' title="bbox 186 2626 1767 2697">
     <span class='ocr_line' id='line_1_41' title="bbox 186 2626 1767 2697; baseline 0.001 -17"><span class='ocrx_word' id='word_1_300' title='bbox 186 2629 446 2697; x_wconf 85' lang='lat' dir='ltr'><strong>piissimum</strong></span> <span class='ocrx_word' id='word_1_301' title='bbox 487 2628 851 2696; x_wconf 78' lang='lat' dir='ltr'><strong>imperatorem</strong></span> <span class='ocrx_word' id='word_1_302' title='bbox 890 2626 1240 2683; x_wconf 83' lang='lat' dir='ltr'><strong>Theodosium</strong></span> <span class='ocrx_word' id='word_1_303' title='bbox 1267 2630 1449 2683; x_wconf 87' lang='lat' dir='ltr'><strong>missas</strong></span> <span class='ocrx_word' id='word_1_304' title='bbox 1472 2670 1487 2694; x_wconf 92' lang='lat'><strong>,</strong></span> <span class='ocrx_word' id='word_1_305' title='bbox 1529 2628 1597 2681; x_wconf 88' lang='lat' dir='ltr'><strong>ad</strong></span> <span class='ocrx_word' id='word_1_306' title='bbox 1634 2628 1767 2682; x_wconf 80' lang='lat' dir='ltr'><strong>lianc</strong></span> 
     </span>
    </p>
   </div>
   <div class='ocr_carea' id='block_1_42' title="bbox 186 2720 1767 2793">
    <p class='ocr_par' dir='ltr' id='par_1_42' title="bbox 186 2720 1767 2793">
     <span class='ocr_line' id='line_1_42' title="bbox 186 2720 1767 2793; baseline -0.001 -18"><span class='ocrx_word' id='word_1_307' title='bbox 186 2720 327 2775; x_wconf 82' lang='lat' dir='ltr'><strong>solum</strong></span> <span class='ocrx_word' id='word_1_308' title='bbox 382 2720 756 2793; x_wconf 81' lang='lat' dir='ltr'><strong>profectionem</strong></span> <span class='ocrx_word' id='word_1_309' title='bbox 797 2721 1063 2787; x_wconf 86' lang='lat' dir='ltr'><strong>instructi,</strong></span> <span class='ocrx_word' id='word_1_310' title='bbox 1106 2730 1153 2775; x_wconf 82' lang='lat' dir='ltr'><strong>et</strong></span> <span class='ocrx_word' id='word_1_311' title='bbox 1184 2722 1246 2774; x_wconf 89' lang='lat' dir='ltr'><strong>de</strong></span> <span class='ocrx_word' id='word_1_312' title='bbox 1291 2721 1385 2774; x_wconf 78' lang='lat' dir='ltr'><strong>hac</strong></span> <span class='ocrx_word' id='word_1_313' title='bbox 1421 2737 1524 2775; x_wconf 87' lang='lat' dir='ltr'><strong>una</strong></span> <span class='ocrx_word' id='word_1_314' title='bbox 1568 2720 1767 2791; x_wconf 80' lang='lat' dir='ltr'><strong>synodo</strong></span> 
     </span>
    </p>
   </div>
   <div class='ocr_carea' id='block_1_43' title="bbox 188 2812 1769 2886">
    <p class='ocr_par' dir='ltr' id='par_1_43' title="bbox 188 2812 1769 2886">
     <span class='ocr_line' id='line_1_43' title="bbox 188 2812 1769 2886; baseline -0.002 -17"><span class='ocrx_word' id='word_1_315' title='bbox 188 2829 461 2869; x_wconf 79' lang='lat' dir='ltr'><strong>consensum</strong></span> <span class='ocrx_word' id='word_1_316' title='bbox 493 2814 855 2886; x_wconf 81' lang='lat' dir='ltr'><strong>episcOporum</strong></span> <span class='ocrx_word' id='word_1_317' title='bbox 873 2856 889 2882; x_wconf 90' lang='lat'><strong>,</strong></span> <span class='ocrx_word' id='word_1_318' title='bbox 917 2815 1004 2885; x_wconf 85' lang='lat' dir='ltr'><strong>qui</strong></span> <span class='ocrx_word' id='word_1_319' title='bbox 1034 2816 1088 2869; x_wconf 89' lang='lat' dir='ltr'><strong>in</strong></span> <span class='ocrx_word' id='word_1_320' title='bbox 1117 2814 1397 2869; x_wconf 73' lang='lat' dir='ltr'><strong>Prouincia</strong></span> <span class='ocrx_word' id='word_1_321' title='bbox 1431 2823 1606 2878; x_wconf 88' lang='lat' dir='ltr'><strong>erant,</strong></span> <span class='ocrx_word' id='word_1_322' title='bbox 1638 2812 1769 2881; x_wconf 65' lang='grc' dir='ltr'><em>απε-</em></span> 
     </span>
    </p>
   </div>
   <div class='ocr_carea' id='block_1_44' title="bbox 187 2905 1764 2979">
    <p class='ocr_par' dir='ltr' id='par_1_44' title="bbox 187 2905 1764 2979">
     <span class='ocr_line' id='line_1_44' title="bbox 187 2905 1764 2979; baseline 0.002 -23"><span class='ocrx_word' id='word_1_323' title='bbox 187 2917 358 2968; x_wconf 83' lang='lat' dir='ltr'><strong>rentes,</strong></span> <span class='ocrx_word' id='word_1_324' title='bbox 388 2922 511 2959; x_wconf 86' lang='lat' dir='ltr'><strong>cum</strong></span> <span class='ocrx_word' id='word_1_325' title='bbox 556 2905 621 2960; x_wconf 84' lang='lat' dir='ltr'><strong>de</strong></span> <span class='ocrx_word' id='word_1_326' title='bbox 650 2906 874 2979; x_wconf 88' lang='lat' dir='ltr'><strong>longiori</strong></span> <span class='ocrx_word' id='word_1_327' title='bbox 904 2907 1089 2960; x_wconf 84' lang='lat' dir='ltr'><strong>itinere</strong></span> <span class='ocrx_word' id='word_1_328' title='bbox 1117 2906 1446 2977; x_wconf 88' lang='lat' dir='ltr'><strong>suscipiendo</strong></span> <span class='ocrx_word' id='word_1_329' title='bbox 1483 2922 1573 2960; x_wconf 88' lang='lat' dir='ltr'><strong>nec</strong></span> <span class='ocrx_word' id='word_1_330' title='bbox 1598 2907 1764 2977; x_wconf 84' lang='lat' dir='ltr'><strong>suspi-</strong></span> 
     </span>
    </p>
   </div>
   <div class='ocr_carea' id='block_1_45' title="bbox 189 2997 1765 3067">
    <p class='ocr_par' dir='ltr' id='par_1_45' title="bbox 189 2997 1765 3067">
     <span class='ocr_line' id='line_1_45' title="bbox 189 2997 1765 3067; baseline 0 -17"><span class='ocrx_word' id='word_1_331' title='bbox 189 2999 277 3051; x_wconf 86' lang='lat' dir='ltr'><strong>cati</strong></span> <span class='ocrx_word' id='word_1_332' title='bbox 318 3014 582 3064; x_wconf 80' lang='lat' dir='ltr'><strong>essemus,</strong></span> <span class='ocrx_word' id='word_1_333' title='bbox 612 3014 702 3051; x_wconf 90' lang='lat' dir='ltr'><strong>nec</strong></span> <span class='ocrx_word' id='word_1_334' title='bbox 725 2998 1100 3052; x_wconf 86' lang='lat' dir='ltr'><strong>audivissemus</strong></span> <span class='ocrx_word' id='word_1_335' title='bbox 1129 2997 1436 3067; x_wconf 86' lang='lat' dir='ltr'><strong>quidquam,</strong></span> <span class='ocrx_word' id='word_1_336' title='bbox 1469 2997 1765 3067; x_wconf 85' lang='lat' dir='ltr'><strong>priusquam</strong></span> 
     </span>
    </p>
   </div>
   <div class='ocr_carea' id='block_1_46' title="bbox 189 3094 1767 3169">
    <p class='ocr_par' dir='ltr' id='par_1_46' title="bbox 189 3094 1767 3169">
     <span class='ocr_line' id='line_1_46' title="bbox 189 3094 1767 3169; baseline -0.001 -20"><span class='ocrx_word' id='word_1_337' title='bbox 189 3095 671 3169; x_wconf 79' lang='lat' dir='ltr'><strong>ConstantinOpolim</strong></span> <span class='ocrx_word' id='word_1_338' title='bbox 690 3097 1133 3161; x_wconf 82' lang='lat' dir='ltr'><strong>conuenissemus;</strong></span> <span class='ocrx_word' id='word_1_339' title='bbox 1154 3111 1215 3147; x_wconf 90' lang='lat' dir='ltr'><strong>ac</strong></span> <span class='ocrx_word' id='word_1_340' title='bbox 1233 3104 1481 3164; x_wconf 75' lang='lat' dir='ltr'><strong>prreterea</strong></span> <span class='ocrx_word' id='word_1_341' title='bbox 1500 3094 1767 3148; x_wconf 85' lang='lat' dir='ltr'><strong>constituti</strong></span> 
     </span>
    </p>
   </div>
   <div class='ocr_carea' id='block_1_47' title="bbox 1871 1890 3468 1981">
    <p class='ocr_par' dir='ltr' id='par_1_47' title="bbox 1871 1890 3468 1981">
     <span class='ocr_line' id='line_1_47' title="bbox 1871 1890 3468 1981; baseline 0.014 -39"><span class='ocrx_word' id='word_1_342' title='bbox 1871 1890 1960 1961; x_wconf 87' lang='lat' dir='ltr'><strong>qui</strong></span> <span class='ocrx_word' id='word_1_343' title='bbox 1985 1894 2250 1961; x_wconf 85' lang='lat' dir='ltr'><strong>superiore</strong></span> <span class='ocrx_word' id='word_1_344' title='bbox 2273 1910 2412 1950; x_wconf 86' lang='lat' dir='ltr'><strong>anno</strong></span> <span class='ocrx_word' id='word_1_345' title='bbox 2436 1896 2885 1967; x_wconf 82' lang='lat' dir='ltr'><strong>Constantinopoli</strong></span> <span class='ocrx_word' id='word_1_346' title='bbox 2913 1903 2978 1958; x_wconf 89' lang='lat' dir='ltr'><strong>ab</strong></span> <span class='ocrx_word' id='word_1_347' title='bbox 2999 1908 3313 1962; x_wconf 74' lang='lat' dir='ltr'><strong>ozcumenica</strong></span> <span class='ocrx_word' id='word_1_348' title='bbox 3337 1926 3468 1981; x_wconf 81' lang='lat' dir='ltr'><strong>syn-</strong></span> 
     </span>
    </p>
   </div>
   <div class='ocr_carea' id='block_1_48' title="bbox 1873 1983 3472 2063">
    <p class='ocr_par' dir='ltr' id='par_1_48' title="bbox 1873 1983 3472 2063">
     <span class='ocr_line' id='line_1_48' title="bbox 1873 1983 3472 2063; baseline 0.015 -29"><span class='ocrx_word' id='word_1_349' title='bbox 1873 1983 1973 2038; x_wconf 91' lang='lat' dir='ltr'><strong>odo</strong></span> <span class='ocrx_word' id='word_1_350' title='bbox 2027 1984 2193 2041; x_wconf 87' lang='lat' dir='ltr'><strong>editus</strong></span> <span class='ocrx_word' id='word_1_351' title='bbox 2236 1996 2343 2053; x_wconf 88' lang='lat' dir='ltr'><strong>est,</strong></span> <span class='ocrx_word' id='word_1_352' title='bbox 2395 1989 2563 2061; x_wconf 85' lang='lat' dir='ltr'><strong>legere</strong></span> <span class='ocrx_word' id='word_1_353' title='bbox 2624 1993 2951 2063; x_wconf 82' lang='lat' dir='ltr'><strong>dignemini:</strong></span> <span class='ocrx_word' id='word_1_354' title='bbox 2990 1996 3171 2061; x_wconf 80' lang='lat' dir='ltr'><strong>quibus</strong></span> <span class='ocrx_word' id='word_1_355' title='bbox 3224 2000 3276 2053; x_wconf 90' lang='lat' dir='ltr'><strong>in</strong></span> <span class='ocrx_word' id='word_1_356' title='bbox 3321 2002 3472 2059; x_wconf 87' lang='lat' dir='ltr'><strong>tomis</strong></span> 
     </span>
    </p>
   </div>
   <div class='ocr_carea' id='block_1_49' title="bbox 1873 2077 3473 2156">
    <p class='ocr_par' dir='ltr' id='par_1_49' title="bbox 1873 2077 3473 2156">
     <span class='ocr_line' id='line_1_49' title="bbox 1873 2077 3473 2156; baseline 0.014 -26"><span class='ocrx_word' id='word_1_357' title='bbox 1873 2077 2031 2145; x_wconf 88' lang='lat' dir='ltr'><strong>ﬁdem</strong></span> <span class='ocrx_word' id='word_1_358' title='bbox 2047 2088 2274 2134; x_wconf 86' lang='lat' dir='ltr'><strong>nostram</strong></span> <span class='ocrx_word' id='word_1_359' title='bbox 2294 2081 2501 2137; x_wconf 84' lang='lat' dir='ltr'><strong>uberius</strong></span> <span class='ocrx_word' id='word_1_360' title='bbox 2524 2088 2879 2156; x_wconf 68' lang='lat' dir='ltr'><strong>exposuimus,</strong></span> <span class='ocrx_word' id='word_1_361' title='bbox 2899 2098 2947 2145; x_wconf 90' lang='lat' dir='ltr'><strong>et</strong></span> <span class='ocrx_word' id='word_1_362' title='bbox 2968 2091 3021 2145; x_wconf 86' lang='lat' dir='ltr'><strong>in</strong></span> <span class='ocrx_word' id='word_1_363' title='bbox 3050 2092 3268 2150; x_wconf 75' lang='lat' dir='ltr'><strong>htereses</strong></span> <span class='ocrx_word' id='word_1_364' title='bbox 3296 2112 3473 2154; x_wconf 77' lang='lat' dir='ltr'><strong>recens</strong></span> 
     </span>
    </p>
   </div>
   <div class='ocr_carea' id='block_1_50' title="bbox 1869 2173 3471 2255">
    <p class='ocr_par' dir='ltr' id='par_1_50' title="bbox 1869 2173 3471 2255">
     <span class='ocr_line' id='line_1_50' title="bbox 1869 2173 3471 2255; baseline 0.014 -32"><span class='ocrx_word' id='word_1_365' title='bbox 1869 2180 2078 2226; x_wconf 66' lang='lat' dir='ltr'><strong>exortus</strong></span> <span class='ocrx_word' id='word_1_366' title='bbox 2124 2173 2470 2230; x_wconf 86' lang='lat' dir='ltr'><strong>anathematis</strong></span> <span class='ocrx_word' id='word_1_367' title='bbox 2521 2182 2827 2235; x_wconf 87' lang='lat' dir='ltr'><strong>sententiam</strong></span> <span class='ocrx_word' id='word_1_368' title='bbox 2875 2184 3203 2255; x_wconf 83' lang='lat' dir='ltr'><strong>protulimus.</strong></span> <span class='ocrx_word' id='word_1_369' title='bbox 3257 2186 3339 2243; x_wconf 81' lang='lat' dir='ltr'><strong>Ex</strong></span> <span class='ocrx_word' id='word_1_370' title='bbox 3386 2189 3471 2246; x_wconf 86' lang='lat' dir='ltr'><strong>his</strong></span> 
     </span>
    </p>
   </div>
   <div class='ocr_carea' id='block_1_51' title="bbox 1872 2263 3470 2354">
    <p class='ocr_par' dir='ltr' id='par_1_51' title="bbox 1872 2263 3470 2354">
     <span class='ocr_line' id='line_1_51' title="bbox 1872 2263 3470 2354; baseline 0.012 -36"><span class='ocrx_word' id='word_1_371' title='bbox 1872 2263 2018 2318; x_wconf 90' lang='lat' dir='ltr'><strong>enim</strong></span> <span class='ocrx_word' id='word_1_372' title='bbox 2067 2265 2167 2319; x_wconf 89' lang='lat' dir='ltr'><strong>tria</strong></span> <span class='ocrx_word' id='word_1_373' title='bbox 2215 2270 2558 2336; x_wconf 85' lang='lat' dir='ltr'><strong>potissimum</strong></span> <span class='ocrx_word' id='word_1_374' title='bbox 2589 2273 2818 2344; x_wconf 89' lang='lat' dir='ltr'><strong>colligo:</strong></span> <span class='ocrx_word' id='word_1_375' title='bbox 2854 2278 3048 2344; x_wconf 90' lang='lat' dir='ltr'><strong>primo,</strong></span> <span class='ocrx_word' id='word_1_376' title='bbox 3084 2278 3227 2336; x_wconf 86' lang='lat' dir='ltr'><strong>inter</strong></span> <span class='ocrx_word' id='word_1_377' title='bbox 3252 2296 3347 2337; x_wconf 89' lang='lat' dir='ltr'><strong>eos</strong></span> <span class='ocrx_word' id='word_1_378' title='bbox 3379 2285 3470 2354; x_wconf 89' lang='lat' dir='ltr'><strong>qui</strong></span> 
     </span>
    </p>
   </div>
   <div class='ocr_carea' id='block_1_52' title="bbox 1872 2357 3465 2445">
    <p class='ocr_par' dir='ltr' id='par_1_52' title="bbox 1872 2357 3465 2445">
     <span class='ocr_line' id='line_1_52' title="bbox 1872 2357 3465 2445; baseline 0.012 -33"><span class='ocrx_word' id='word_1_379' title='bbox 1872 2357 2013 2414; x_wconf 81' lang='lat' dir='ltr'><strong>lianc</strong></span> <span class='ocrx_word' id='word_1_380' title='bbox 2058 2359 2343 2430; x_wconf 88' lang='lat' dir='ltr'><strong>epistolam</strong></span> <span class='ocrx_word' id='word_1_381' title='bbox 2389 2366 2756 2436; x_wconf 89' lang='lat' dir='ltr'><strong>scripserunt,</strong></span> <span class='ocrx_word' id='word_1_382' title='bbox 2789 2368 2998 2440; x_wconf 89' lang='lat' dir='ltr'><strong>aliquos</strong></span> <span class='ocrx_word' id='word_1_383' title='bbox 3044 2371 3211 2430; x_wconf 65' lang='lat' dir='ltr'><strong>fuisse</strong></span> <span class='ocrx_word' id='word_1_384' title='bbox 3241 2391 3305 2431; x_wconf 84' lang='lat' dir='ltr'><strong>ex</strong></span> <span class='ocrx_word' id='word_1_385' title='bbox 3337 2376 3465 2445; x_wconf 82' lang='lat' dir='ltr'><strong>illis,</strong></span> 
     </span>
    </p>
   </div>
   <div class='ocr_carea' id='block_1_53' title="bbox 1871 2450 3469 2540">
    <p class='ocr_par' dir='ltr' id='par_1_53' title="bbox 1871 2450 3469 2540">
     <span class='ocr_line' id='line_1_53' title="bbox 1871 2450 3469 2540; baseline 0.014 -37"><span class='ocrx_word' id='word_1_386' title='bbox 1871 2452 1960 2519; x_wconf 92' lang='lat' dir='ltr'><strong>qui</strong></span> <span class='ocrx_word' id='word_1_387' title='bbox 2008 2450 2361 2510; x_wconf 71' lang='lat' dir='ltr'><strong>Antiochense</strong></span> <span class='ocrx_word' id='word_1_388' title='bbox 2408 2458 2618 2528; x_wconf 90' lang='lat' dir='ltr'><strong>synodo</strong></span> <span class='ocrx_word' id='word_1_389' title='bbox 2666 2460 2986 2530; x_wconf 82' lang='lat' dir='ltr'><strong>adfuerant,</strong></span> <span class='ocrx_word' id='word_1_390' title='bbox 3032 2473 3228 2536; x_wconf 86' lang='lat' dir='ltr'><strong>atque,</strong></span> <span class='ocrx_word' id='word_1_391' title='bbox 3279 2478 3334 2522; x_wconf 93' lang='lat' dir='ltr'><strong>ut</strong></span> <span class='ocrx_word' id='word_1_392' title='bbox 3368 2483 3469 2540; x_wconf 69' lang='lat' dir='ltr'><strong>ego</strong></span> 
     </span>
    </p>
   </div>
   <div class='ocr_carea' id='block_1_54' title="bbox 1871 2544 3471 2623">
    <p class='ocr_par' dir='ltr' id='par_1_54' title="bbox 1871 2544 3471 2623">
     <span class='ocr_line' id='line_1_54' title="bbox 1871 2544 3471 2623; baseline 0.013 -26"><span class='ocrx_word' id='word_1_393' title='bbox 1871 2544 2137 2615; x_wconf 87' lang='lat' dir='ltr'><strong>conjicio,</strong></span> <span class='ocrx_word' id='word_1_394' title='bbox 2175 2547 2466 2604; x_wconf 88' lang='lat' dir='ltr'><strong>Diodorum</strong></span> <span class='ocrx_word' id='word_1_395' title='bbox 2516 2551 2705 2620; x_wconf 86' lang='lat' dir='ltr'><strong>Tarsi,</strong></span> <span class='ocrx_word' id='word_1_396' title='bbox 2742 2555 2995 2611; x_wconf 82' lang='lat' dir='ltr'><strong>Acacium</strong></span> <span class='ocrx_word' id='word_1_397' title='bbox 3026 2557 3270 2623; x_wconf 66' lang='lat' dir='ltr'><strong>Beroeaa,</strong></span> <span class='ocrx_word' id='word_1_398' title='bbox 3314 2558 3471 2617; x_wconf 83' lang='lat' dir='ltr'><strong>Pela-</strong></span> 
     </span>
    </p>
   </div>
   <div class='ocr_carea' id='block_1_55' title="bbox 1871 2637 3464 2724">
    <p class='ocr_par' dir='ltr' id='par_1_55' title="bbox 1871 2637 3464 2724">
     <span class='ocr_line' id='line_1_55' title="bbox 1871 2637 3464 2724; baseline 0.011 -35"><span class='ocrx_word' id='word_1_399' title='bbox 1871 2637 2016 2707; x_wconf 87' lang='lat' dir='ltr'><strong>gium</strong></span> <span class='ocrx_word' id='word_1_400' title='bbox 2064 2638 2380 2708; x_wconf 70' lang='lat' dir='ltr'><strong>Laodiceae,</strong></span> <span class='ocrx_word' id='word_1_401' title='bbox 2427 2657 2494 2698; x_wconf 87' lang='lat' dir='ltr'><strong>ac</strong></span> <span class='ocrx_word' id='word_1_402' title='bbox 2541 2643 2861 2714; x_wconf 77' lang='lat' dir='ltr'><strong>Gregorium</strong></span> <span class='ocrx_word' id='word_1_403' title='bbox 2910 2649 3098 2720; x_wconf 70' lang='lat' dir='ltr'><strong>Nysste</strong></span> <span class='ocrx_word' id='word_1_404' title='bbox 3141 2653 3464 2724; x_wconf 82' lang='lat' dir='ltr'><strong>episeopos;</strong></span> 
     </span>
    </p>
   </div>
   <div class='ocr_carea' id='block_1_56' title="bbox 1871 2731 3473 2816">
    <p class='ocr_par' dir='ltr' id='par_1_56' title="bbox 1871 2731 3473 2816">
     <span class='ocr_line' id='line_1_56' title="bbox 1871 2731 3473 2816; baseline 0.012 -32"><span class='ocrx_word' id='word_1_405' title='bbox 1871 2731 2133 2798; x_wconf 91' lang='lat' dir='ltr'><strong>secundo,</strong></span> <span class='ocrx_word' id='word_1_406' title='bbox 2176 2741 2358 2789; x_wconf 87' lang='lat' dir='ltr'><strong>certos</strong></span> <span class='ocrx_word' id='word_1_407' title='bbox 2385 2736 2506 2791; x_wconf 91' lang='lat' dir='ltr'><strong>illos</strong></span> <span class='ocrx_word' id='word_1_408' title='bbox 2546 2737 2715 2794; x_wconf 86' lang='lat' dir='ltr'><strong>fuisse</strong></span> <span class='ocrx_word' id='word_1_409' title='bbox 2742 2738 3099 2798; x_wconf 76' lang='lat' dir='ltr'><strong>Antiocbeme</strong></span> <span class='ocrx_word' id='word_1_410' title='bbox 3128 2745 3319 2816; x_wconf 87' lang='lat' dir='ltr'><strong>synodi</strong></span> <span class='ocrx_word' id='word_1_411' title='bbox 3351 2758 3473 2803; x_wconf 80' lang='lat' dir='ltr'><strong>acta</strong></span> 
     </span>
    </p>
   </div>
   <div class='ocr_carea' id='block_1_57' title="bbox 1871 2822 3471 2908">
    <p class='ocr_par' dir='ltr' id='par_1_57' title="bbox 1871 2822 3471 2908">
     <span class='ocr_line' id='line_1_57' title="bbox 1871 2822 3471 2908; baseline 0.014 -34"><span class='ocrx_word' id='word_1_412' title='bbox 1871 2822 1937 2875; x_wconf 92' lang='lat' dir='ltr'><strong>ad</strong></span> <span class='ocrx_word' id='word_1_413' title='bbox 1973 2824 2256 2879; x_wconf 86' lang='lat' dir='ltr'><strong>Damasum</strong></span> <span class='ocrx_word' id='word_1_414' title='bbox 2287 2827 2450 2881; x_wconf 86' lang='lat' dir='ltr'><strong>allata</strong></span> <span class='ocrx_word' id='word_1_415' title='bbox 2479 2837 2635 2884; x_wconf 81' lang='lat' dir='ltr'><strong>antea</strong></span> <span class='ocrx_word' id='word_1_416' title='bbox 2670 2829 2835 2887; x_wconf 89' lang='lat' dir='ltr'><strong>fuisse</strong></span> <span class='ocrx_word' id='word_1_417' title='bbox 2868 2850 2881 2886; x_wconf 89' lang='lat'><strong>:</strong></span> <span class='ocrx_word' id='word_1_418' title='bbox 2928 2850 3053 2889; x_wconf 88' lang='lat' dir='ltr'><strong>nam</strong></span> <span class='ocrx_word' id='word_1_419' title='bbox 3083 2850 3191 2907; x_wconf 84' lang='lat' dir='ltr'><strong>quo</strong></span> <span class='ocrx_word' id='word_1_420' title='bbox 3218 2847 3375 2908; x_wconf 83' lang='lat' dir='ltr'><strong>pacto</strong></span> <span class='ocrx_word' id='word_1_421' title='bbox 3406 2850 3471 2897; x_wconf 86' lang='lat' dir='ltr'><strong>ea</strong></span> 
     </span>
    </p>
   </div>
   <div class='ocr_carea' id='block_1_58' title="bbox 1871 2914 3471 3002">
    <p class='ocr_par' dir='ltr' id='par_1_58' title="bbox 1871 2914 3471 3002">
     <span class='ocr_line' id='line_1_58' title="bbox 1871 2914 3471 3002; baseline 0.014 -33"><span class='ocrx_word' id='word_1_422' title='bbox 1871 2914 2054 2985; x_wconf 82' lang='lat' dir='ltr'><strong>legere</strong></span> <span class='ocrx_word' id='word_1_423' title='bbox 2080 2918 2317 2989; x_wconf 87' lang='lat' dir='ltr'><strong>alioquin</strong></span> <span class='ocrx_word' id='word_1_424' title='bbox 2348 2920 2439 2976; x_wconf 88' lang='lat' dir='ltr'><strong>hic</strong></span> <span class='ocrx_word' id='word_1_425' title='bbox 2466 2930 2699 2991; x_wconf 88' lang='lat' dir='ltr'><strong>poterat,</strong></span> <span class='ocrx_word' id='word_1_426' title='bbox 2727 2934 2783 2980; x_wconf 89' lang='lat' dir='ltr'><strong>ut</strong></span> <span class='ocrx_word' id='word_1_427' title='bbox 2816 2928 3045 2996; x_wconf 90' lang='lat' dir='ltr'><strong>pleniori</strong></span> <span class='ocrx_word' id='word_1_428' title='bbox 3067 2934 3377 3002; x_wconf 77' lang='lat' dir='ltr'><strong>cognitione</strong></span> <span class='ocrx_word' id='word_1_429' title='bbox 3405 2951 3471 2991; x_wconf 86' lang='lat' dir='ltr'><strong>ea</strong></span> 
     </span>
    </p>
   </div>
   <div class='ocr_carea' id='block_1_59' title="bbox 1871 3006 3466 3095">
    <p class='ocr_par' dir='ltr' id='par_1_59' title="bbox 1871 3006 3466 3095">
     <span class='ocr_line' id='line_1_59' title="bbox 1871 3006 3466 3095; baseline 0.013 -34"><span class='ocrx_word' id='word_1_430' title='bbox 1871 3006 1940 3062; x_wconf 90' lang='lat' dir='ltr'><strong>de</strong></span> <span class='ocrx_word' id='word_1_431' title='bbox 1966 3024 2026 3064; x_wconf 86' lang='lat' dir='ltr'><strong>re</strong></span> <span class='ocrx_word' id='word_1_432' title='bbox 2044 3008 2445 3067; x_wconf 80' lang='lat' dir='ltr'><strong>instrueretur?</strong></span> <span class='ocrx_word' id='word_1_433' title='bbox 2472 3014 2654 3085; x_wconf 82' lang='lat' dir='ltr'><strong>Atque</strong></span> <span class='ocrx_word' id='word_1_434' title='bbox 2673 3015 2774 3071; x_wconf 90' lang='lat' dir='ltr'><strong>hoc</strong></span> <span class='ocrx_word' id='word_1_435' title='bbox 2794 3020 3079 3076; x_wconf 80' lang='lat' dir='ltr'><strong>conﬁrmat</strong></span> <span class='ocrx_word' id='word_1_436' title='bbox 3096 3024 3466 3095; x_wconf 88' lang='lat' dir='ltr'><strong>conjecturam</strong></span> 
     </span>
    </p>
   </div>
   <div class='ocr_carea' id='block_1_60' title="bbox 1874 3105 3467 3187">
    <p class='ocr_par' dir='ltr' id='par_1_60' title="bbox 1874 3105 3467 3187">
     <span class='ocr_line' id='line_1_60' title="bbox 1874 3105 3467 3187; baseline 0.014 -33"><span class='ocrx_word' id='word_1_437' title='bbox 1874 3116 2073 3166; x_wconf 88' lang='lat' dir='ltr'><strong>meam,</strong></span> <span class='ocrx_word' id='word_1_438' title='bbox 2102 3119 2204 3173; x_wconf 89' lang='lat' dir='ltr'><strong>qua</strong></span> <span class='ocrx_word' id='word_1_439' title='bbox 2228 3105 2512 3174; x_wconf 85' lang='lat' dir='ltr'><strong>epinabar,</strong></span> <span class='ocrx_word' id='word_1_440' title='bbox 2540 3124 2682 3164; x_wconf 89' lang='lat' dir='ltr'><strong>anno</strong></span> <span class='ocrx_word' id='word_1_441' title='bbox 2703 3111 2811 3167; x_wconf 77' lang='lat'><strong>580</strong></span> <span class='ocrx_word' id='word_1_442' title='bbox 2832 3121 2947 3169; x_wconf 86' lang='lat' dir='ltr'><strong>acto</strong></span> <span class='ocrx_word' id='word_1_443' title='bbox 2975 3114 3066 3171; x_wconf 87' lang='lat' dir='ltr'><strong>illa</strong></span> <span class='ocrx_word' id='word_1_444' title='bbox 3094 3132 3191 3187; x_wconf 90' lang='lat' dir='ltr'><strong>per</strong></span> <span class='ocrx_word' id='word_1_445' title='bbox 3210 3119 3467 3176; x_wconf 82' lang='lat' dir='ltr'><strong>Acacium</strong></span> 
     </span>
    </p>
   </div>
   <div class='ocr_carea' id='block_1_61' title="bbox 188 3180 3471 3284">
    <p class='ocr_par' dir='ltr' id='par_1_61' title="bbox 188 3180 3471 3284">
     <span class='ocr_line' id='line_1_61' title="bbox 188 3180 3471 3284; baseline 0.008 -44"><span class='ocrx_word' id='word_1_446' title='bbox 188 3190 407 3261; x_wconf 80' lang='lat' dir='ltr'><strong>temporis</strong></span> <span class='ocrx_word' id='word_1_447' title='bbox 437 3189 708 3260; x_wconf 84' lang='lat' dir='ltr'><strong>angustia,</strong></span> <span class='ocrx_word' id='word_1_448' title='bbox 735 3204 824 3241; x_wconf 85' lang='lat' dir='ltr'><strong>nec</strong></span> <span class='ocrx_word' id='word_1_449' title='bbox 847 3186 916 3241; x_wconf 87' lang='lat' dir='ltr'><strong>ad</strong></span> <span class='ocrx_word' id='word_1_450' title='bbox 939 3187 1188 3259; x_wconf 88' lang='lat' dir='ltr'><strong>longioris</strong></span> <span class='ocrx_word' id='word_1_451' title='bbox 1204 3187 1405 3240; x_wconf 88' lang='lat' dir='ltr'><strong>itineris</strong></span> <span class='ocrx_word' id='word_1_452' title='bbox 1435 3198 1767 3257; x_wconf 84' lang='lat' dir='ltr'><strong>apparatum,</strong></span> <span class='ocrx_word' id='word_1_453' title='bbox 1796 3180 1840 3243; x_wconf 89' lang='lat' dir='ltr'><strong>C</strong></span> <span class='ocrx_word' id='word_1_454' title='bbox 1872 3193 2033 3251; x_wconf 82' lang='lat' dir='ltr'><strong>allata</strong></span> <span class='ocrx_word' id='word_1_455' title='bbox 2062 3194 2128 3249; x_wconf 85' lang='lat' dir='ltr'><strong>ad</strong></span> <span class='ocrx_word' id='word_1_456' title='bbox 2156 3195 2357 3253; x_wconf 82' lang='lat' dir='ltr'><strong>Urbem</strong></span> <span class='ocrx_word' id='word_1_457' title='bbox 2406 3199 2574 3255; x_wconf 85' lang='lat' dir='ltr'><strong>fuisse</strong></span> <span class='ocrx_word' id='word_1_458' title='bbox 2600 3202 2699 3272; x_wconf 91' lang='lat' dir='ltr'><strong>(b).</strong></span> <span class='ocrx_word' id='word_1_459' title='bbox 2733 3204 2952 3273; x_wconf 86' lang='lat' dir='ltr'><strong>Tertio,</strong></span> <span class='ocrx_word' id='word_1_460' title='bbox 2982 3210 3029 3264; x_wconf 90' lang='lat' dir='ltr'><strong>si</strong></span> <span class='ocrx_word' id='word_1_461' title='bbox 3071 3180 3137 3265; x_wconf 51' lang='lat' dir='ltr'><strong>a-d</strong></span> <span class='ocrx_word' id='word_1_462' title='bbox 3164 3227 3224 3267; x_wconf 89' lang='lat' dir='ltr'><strong>ea</strong></span> <span class='ocrx_word' id='word_1_463' title='bbox 3257 3230 3375 3284; x_wconf 74' lang='lat' dir='ltr'><strong>qua:</strong></span> <span class='ocrx_word' id='word_1_464' title='bbox 3401 3215 3471 3272; x_wconf 84' lang='lat' dir='ltr'><strong>de</strong></span> 
     </span>
    </p>
   </div>
   <div class='ocr_carea' id='block_1_62' title="bbox 189 3282 1769 3353">
    <p class='ocr_par' dir='ltr' id='par_1_62' title="bbox 189 3282 1769 3353">
     <span class='ocr_line' id='line_1_62' title="bbox 189 3282 1769 3353; baseline -0.001 -16"><span class='ocrx_word' id='word_1_465' title='bbox 189 3301 266 3339; x_wconf 76' lang='lat' dir='ltr'><strong>nec</strong></span> <span class='ocrx_word' id='word_1_466' title='bbox 286 3286 351 3341; x_wconf 89' lang='lat' dir='ltr'><strong>ad</strong></span> <span class='ocrx_word' id='word_1_467' title='bbox 375 3302 558 3341; x_wconf 84' lang='lat' dir='ltr'><strong>omnes</strong></span> <span class='ocrx_word' id='word_1_468' title='bbox 595 3284 970 3339; x_wconf 83' lang='lat' dir='ltr'><strong>communionis</strong></span> <span class='ocrx_word' id='word_1_469' title='bbox 1017 3292 1205 3338; x_wconf 68' lang='lat' dir='ltr'><strong>nostra:</strong></span> <span class='ocrx_word' id='word_1_470' title='bbox 1250 3282 1555 3353; x_wconf 81' lang='lat' dir='ltr'><strong>episcopos,</strong></span> <span class='ocrx_word' id='word_1_471' title='bbox 1594 3283 1681 3351; x_wconf 87' lang='lat' dir='ltr'><strong>qui</strong></span> <span class='ocrx_word' id='word_1_472' title='bbox 1714 3282 1769 3336; x_wconf 88' lang='lat' dir='ltr'><strong>in</strong></span> 
     </span>
    </p>
   </div>
   <div class='ocr_carea' id='block_1_63' title="bbox 190 3373 1772 3449">
    <p class='ocr_par' dir='ltr' id='par_1_63' title="bbox 190 3373 1772 3449">
     <span class='ocr_line' id='line_1_63' title="bbox 190 3373 1772 3449; baseline -0.001 -20"><span class='ocrx_word' id='word_1_473' title='bbox 190 3377 377 3432; x_wconf 75' lang='lat' dir='ltr'><strong>diversis</strong></span> <span class='ocrx_word' id='word_1_474' title='bbox 407 3377 690 3449; x_wconf 81' lang='lat' dir='ltr'><strong>provinciis</strong></span> <span class='ocrx_word' id='word_1_475' title='bbox 708 3385 862 3442; x_wconf 90' lang='lat' dir='ltr'><strong>sunt,</strong></span> <span class='ocrx_word' id='word_1_476' title='bbox 894 3375 1310 3441; x_wconf 84' lang='lat' dir='ltr'><strong>commonendos,</strong></span> <span class='ocrx_word' id='word_1_477' title='bbox 1332 3383 1378 3427; x_wconf 88' lang='lat' dir='ltr'><strong>et</strong></span> <span class='ocrx_word' id='word_1_478' title='bbox 1404 3388 1680 3429; x_wconf 87' lang='lat' dir='ltr'><strong>consensus</strong></span> <span class='ocrx_word' id='word_1_479' title='bbox 1709 3373 1772 3428; x_wconf 92' lang='lat' dir='ltr'><strong>ab</strong></span> 
     </span>
    </p>
   </div>
   <div class='ocr_carea' id='block_1_64' title="bbox 192 3465 1771 3539">
    <p class='ocr_par' dir='ltr' id='par_1_64' title="bbox 192 3465 1771 3539">
     <span class='ocr_line' id='line_1_64' title="bbox 192 3465 1771 3539; baseline -0.001 -16"><span class='ocrx_word' id='word_1_480' title='bbox 192 3469 245 3524; x_wconf 87' lang='lat' dir='ltr'><strong>iis</strong></span> <span class='ocrx_word' id='word_1_481' title='bbox 265 3469 591 3539; x_wconf 83' lang='lat' dir='ltr'><strong>accipiendos</strong></span> <span class='ocrx_word' id='word_1_482' title='bbox 616 3469 893 3538; x_wconf 77' lang='lat' dir='ltr'><strong>sufﬁceret.</strong></span> <span class='ocrx_word' id='word_1_483' title='bbox 926 3467 1052 3523; x_wconf 82' lang='lat' dir='ltr'><strong>Haec</strong></span> <span class='ocrx_word' id='word_1_484' title='bbox 1083 3482 1215 3523; x_wconf 88' lang='lat' dir='ltr'><strong>vero</strong></span> <span class='ocrx_word' id='word_1_485' title='bbox 1241 3482 1342 3538; x_wconf 88' lang='lat' dir='ltr'><strong>ego</strong></span> <span class='ocrx_word' id='word_1_486' title='bbox 1371 3467 1522 3522; x_wconf 87' lang='lat' dir='ltr'><strong>attuli</strong></span> <span class='ocrx_word' id='word_1_487' title='bbox 1546 3507 1561 3531; x_wconf 91' lang='lat'><strong>,</strong></span> <span class='ocrx_word' id='word_1_488' title='bbox 1602 3474 1659 3523; x_wconf 90' lang='lat' dir='ltr'><strong>ut</strong></span> <span class='ocrx_word' id='word_1_489' title='bbox 1685 3465 1771 3522; x_wconf 88' lang='lat' dir='ltr'><strong>vi-</strong></span> 
     </span>
    </p>
   </div>
   <div class='ocr_carea' id='block_1_65' title="bbox 194 3558 1773 3631">
    <p class='ocr_par' dir='ltr' id='par_1_65' title="bbox 194 3558 1773 3631">
     <span class='ocr_line' id='line_1_65' title="bbox 194 3558 1773 3631; baseline -0.001 -16"><span class='ocrx_word' id='word_1_490' title='bbox 194 3560 300 3616; x_wconf 86' lang='lat' dir='ltr'><strong>deat</strong></span> <span class='ocrx_word' id='word_1_491' title='bbox 323 3563 494 3619; x_wconf 90' lang='lat' dir='ltr'><strong>lector</strong></span> <span class='ocrx_word' id='word_1_492' title='bbox 518 3561 623 3617; x_wconf 88' lang='lat' dir='ltr'><strong>hoc</strong></span> <span class='ocrx_word' id='word_1_493' title='bbox 646 3563 769 3617; x_wconf 90' lang='lat' dir='ltr'><strong>loco</strong></span> <span class='ocrx_word' id='word_1_494' title='bbox 798 3571 1037 3630; x_wconf 88' lang='lat' dir='ltr'><strong>apertam</strong></span> <span class='ocrx_word' id='word_1_495' title='bbox 1061 3559 1129 3616; x_wconf 89' lang='lat' dir='ltr'><strong>de</strong></span> <span class='ocrx_word' id='word_1_496' title='bbox 1159 3559 1384 3627; x_wconf 87' lang='lat' dir='ltr'><strong>litteris,</strong></span> <span class='ocrx_word' id='word_1_497' title='bbox 1413 3575 1533 3631; x_wconf 81' lang='lat' dir='ltr'><strong>quae</strong></span> <span class='ocrx_word' id='word_1_498' title='bbox 1561 3569 1672 3615; x_wconf 91' lang='lat' dir='ltr'><strong>tum</strong></span> <span class='ocrx_word' id='word_1_499' title='bbox 1702 3558 1773 3614; x_wconf 89' lang='lat' dir='ltr'><strong>ab</strong></span> 
     </span>
    </p>
   </div>
   <div class='ocr_carea' id='block_1_66' title="bbox 189 3652 1775 3727">
    <p class='ocr_par' dir='ltr' id='par_1_66' title="bbox 189 3652 1775 3727">
     <span class='ocr_line' id='line_1_66' title="bbox 189 3652 1775 3727; baseline -0.001 -18"><span class='ocrx_word' id='word_1_500' title='bbox 189 3655 503 3727; x_wconf 79' lang='lat' dir='ltr'><strong>Aquileiensi</strong></span> <span class='ocrx_word' id='word_1_501' title='bbox 552 3654 815 3720; x_wconf 87' lang='lat' dir='ltr'><strong>concilio,</strong></span> <span class='ocrx_word' id='word_1_502' title='bbox 858 3663 969 3708; x_wconf 90' lang='lat' dir='ltr'><strong>tum</strong></span> <span class='ocrx_word' id='word_1_503' title='bbox 1001 3652 1196 3707; x_wconf 87' lang='lat' dir='ltr'><strong>deinde</strong></span> <span class='ocrx_word' id='word_1_504' title='bbox 1227 3667 1255 3705; x_wconf 90' lang='lat' dir='ltr'><strong>a</strong></span> <span class='ocrx_word' id='word_1_505' title='bbox 1289 3652 1517 3707; x_wconf 82' lang='lat' dir='ltr'><strong>Damaso</strong></span> <span class='ocrx_word' id='word_1_506' title='bbox 1555 3652 1775 3721; x_wconf 68' lang='lat' dir='ltr'><strong>scripta:</strong></span> 
     </span>
    </p>
   </div>
   <div class='ocr_carea' id='block_1_67' title="bbox 192 3745 1771 3816">
    <p class='ocr_par' dir='ltr' id='par_1_67' title="bbox 192 3745 1771 3816">
     <span class='ocr_line' id='line_1_67' title="bbox 192 3745 1771 3816; baseline 0 -15"><span class='ocrx_word' id='word_1_507' title='bbox 192 3748 401 3815; x_wconf 81' lang='lat' dir='ltr'><strong>fuerant,</strong></span> <span class='ocrx_word' id='word_1_508' title='bbox 425 3747 764 3805; x_wconf 87' lang='lat' dir='ltr'><strong>mentionem</strong></span> <span class='ocrx_word' id='word_1_509' title='bbox 790 3746 927 3812; x_wconf 85' lang='lat' dir='ltr'><strong>ﬁeri,</strong></span> <span class='ocrx_word' id='word_1_510' title='bbox 947 3746 1147 3801; x_wconf 86' lang='lat' dir='ltr'><strong>nullam</strong></span> <span class='ocrx_word' id='word_1_511' title='bbox 1166 3761 1297 3801; x_wconf 84' lang='lat' dir='ltr'><strong>vero</strong></span> <span class='ocrx_word' id='word_1_512' title='bbox 1318 3745 1386 3801; x_wconf 86' lang='lat' dir='ltr'><strong>de</strong></span> <span class='ocrx_word' id='word_1_513' title='bbox 1409 3746 1497 3801; x_wconf 90' lang='lat' dir='ltr'><strong>illa</strong></span> <span class='ocrx_word' id='word_1_514' title='bbox 1518 3747 1771 3816; x_wconf 90' lang='lat' dir='ltr'><strong>epistola,</strong></span> 
     </span>
    </p>
   </div>
   <div class='ocr_carea' id='block_1_68' title="bbox 194 3838 1775 3911">
    <p class='ocr_par' dir='ltr' id='par_1_68' title="bbox 194 3838 1775 3911">
     <span class='ocr_line' id='line_1_68' title="bbox 194 3838 1775 3911; baseline 0.002 -20"><span class='ocrx_word' id='word_1_515' title='bbox 194 3856 331 3911; x_wconf 87' lang='lat' dir='ltr'><strong>quam</strong></span> <span class='ocrx_word' id='word_1_516' title='bbox 361 3852 644 3911; x_wconf 85' lang='lat' dir='ltr'><strong>postremo</strong></span> <span class='ocrx_word' id='word_1_517' title='bbox 675 3841 793 3896; x_wconf 90' lang='lat' dir='ltr'><strong>loco</strong></span> <span class='ocrx_word' id='word_1_518' title='bbox 824 3839 996 3895; x_wconf 87' lang='lat' dir='ltr'><strong>Italici</strong></span> <span class='ocrx_word' id='word_1_519' title='bbox 1031 3839 1248 3895; x_wconf 85' lang='lat' dir='ltr'><strong>concilii</strong></span> <span class='ocrx_word' id='word_1_520' title='bbox 1288 3840 1506 3894; x_wconf 90' lang='lat' dir='ltr'><strong>nomine</strong></span> <span class='ocrx_word' id='word_1_521' title='bbox 1530 3838 1775 3894; x_wconf 88' lang='lat' dir='ltr'><strong>Sirmon—</strong></span> 
     </span>
    </p>
   </div>
   <div class='ocr_carea' id='block_1_69' title="bbox 192 3929 1772 4003">
    <p class='ocr_par' dir='ltr' id='par_1_69' title="bbox 192 3929 1772 4003">
     <span class='ocr_line' id='line_1_69' title="bbox 192 3929 1772 4003; baseline -0.002 -17"><span class='ocrx_word' id='word_1_522' title='bbox 192 3932 276 3988; x_wconf 88' lang='lat' dir='ltr'><strong>dus</strong></span> <span class='ocrx_word' id='word_1_523' title='bbox 328 3933 557 4003; x_wconf 86' lang='lat' dir='ltr'><strong>protulit</strong></span> <span class='ocrx_word' id='word_1_524' title='bbox 589 3949 602 3985; x_wconf 90' lang='lat'><strong>:</strong></span> <span class='ocrx_word' id='word_1_525' title='bbox 632 3940 792 4003; x_wconf 89' lang='lat' dir='ltr'><strong>atque</strong></span> <span class='ocrx_word' id='word_1_526' title='bbox 833 3938 893 3986; x_wconf 90' lang='lat' dir='ltr'><strong>ut</strong></span> <span class='ocrx_word' id='word_1_527' title='bbox 941 3931 1067 3986; x_wconf 84' lang='lat' dir='ltr'><strong>hinc</strong></span> <span class='ocrx_word' id='word_1_528' title='bbox 1105 3945 1294 3986; x_wconf 89' lang='lat' dir='ltr'><strong>rursus</strong></span> <span class='ocrx_word' id='word_1_529' title='bbox 1334 3930 1587 4000; x_wconf 83' lang='lat' dir='ltr'><strong>colligat,</strong></span> <span class='ocrx_word' id='word_1_530' title='bbox 1625 3929 1772 3984; x_wconf 86' lang='lat' dir='ltr'><strong>illam</strong></span> 
     </span>
    </p>
   </div>
   <div class='ocr_carea' id='block_1_70' title="bbox 193 4024 1777 4098">
    <p class='ocr_par' dir='ltr' id='par_1_70' title="bbox 193 4024 1777 4098">
     <span class='ocr_line' id='line_1_70' title="bbox 193 4024 1777 4098; baseline -0.001 -18"><span class='ocrx_word' id='word_1_531' title='bbox 193 4030 575 4098; x_wconf 87' lang='lat' dir='ltr'><strong>supposititiam</strong></span> <span class='ocrx_word' id='word_1_532' title='bbox 622 4041 783 4092; x_wconf 85' lang='lat' dir='ltr'><strong>esse,</strong></span> <span class='ocrx_word' id='word_1_533' title='bbox 814 4042 879 4081; x_wconf 90' lang='lat' dir='ltr'><strong>ac</strong></span> <span class='ocrx_word' id='word_1_534' title='bbox 924 4040 1197 4096; x_wconf 87' lang='lat' dir='ltr'><strong>nunquam</strong></span> <span class='ocrx_word' id='word_1_535' title='bbox 1227 4033 1319 4079; x_wconf 86' lang='lat' dir='ltr'><strong>aut</strong></span> <span class='ocrx_word' id='word_1_536' title='bbox 1358 4024 1652 4092; x_wconf 88' lang='lat' dir='ltr'><strong>scriptam,</strong></span> <span class='ocrx_word' id='word_1_537' title='bbox 1682 4032 1777 4079; x_wconf 90' lang='lat' dir='ltr'><strong>aut</strong></span> 
     </span>
    </p>
   </div>
   <div class='ocr_carea' id='block_1_71' title="bbox 200 4115 1775 4189">
    <p class='ocr_par' dir='ltr' id='par_1_71' title="bbox 200 4115 1775 4189">
     <span class='ocr_line' id='line_1_71' title="bbox 200 4115 1775 4189; baseline -0.002 -16"><span class='ocrx_word' id='word_1_538' title='bbox 200 4122 369 4176; x_wconf 81' lang='lat' dir='ltr'><strong>saltem</strong></span> <span class='ocrx_word' id='word_1_539' title='bbox 399 4130 533 4177; x_wconf 89' lang='lat' dir='ltr'><strong>ante</strong></span> <span class='ocrx_word' id='word_1_540' title='bbox 564 4120 782 4175; x_wconf 66' lang='lat' dir='ltr'><strong>aestivos</strong></span> <span class='ocrx_word' id='word_1_541' title='bbox 810 4118 970 4189; x_wconf 85' lang='lat' dir='ltr'><strong>hujus</strong></span> <span class='ocrx_word' id='word_1_542' title='bbox 991 4119 1115 4172; x_wconf 87' lang='lat' dir='ltr'><strong>anni</strong></span> <span class='ocrx_word' id='word_1_543' title='bbox 1149 4131 1365 4173; x_wconf 85' lang='lat' dir='ltr'><strong>menses</strong></span> <span class='ocrx_word' id='word_1_544' title='bbox 1386 4115 1775 4172; x_wconf 85' lang='lat' dir='ltr'><strong>Constantino-</strong></span> 
     </span>
    </p>
   </div>
   <div class='ocr_carea' id='block_1_72' title="bbox 201 4211 1772 4284">
    <p class='ocr_par' dir='ltr' id='par_1_72' title="bbox 201 4211 1772 4284">
     <span class='ocr_line' id='line_1_72' title="bbox 201 4211 1772 4284; baseline -0.003 -14"><span class='ocrx_word' id='word_1_545' title='bbox 201 4216 342 4284; x_wconf 83' lang='lat' dir='ltr'><strong>polim</strong></span> <span class='ocrx_word' id='word_1_546' title='bbox 387 4215 807 4280; x_wconf 66' lang='lat' dir='ltr'><strong>transmissurus;</strong></span> <span class='ocrx_word' id='word_1_547' title='bbox 839 4224 955 4268; x_wconf 88' lang='lat' dir='ltr'><strong>tum</strong></span> <span class='ocrx_word' id='word_1_548' title='bbox 986 4212 1185 4268; x_wconf 84' lang='lat' dir='ltr'><strong>deinde</strong></span> <span class='ocrx_word' id='word_1_549' title='bbox 1212 4228 1399 4267; x_wconf 89' lang='lat' dir='ltr'><strong>errare</strong></span> <span class='ocrx_word' id='word_1_550' title='bbox 1429 4226 1555 4277; x_wconf 89' lang='lat' dir='ltr'><strong>eos,</strong></span> <span class='ocrx_word' id='word_1_551' title='bbox 1584 4211 1674 4282; x_wconf 91' lang='lat' dir='ltr'><strong>qui</strong></span> <span class='ocrx_word' id='word_1_552' title='bbox 1707 4211 1772 4265; x_wconf 72' lang='lat' dir='ltr'><strong>il~</strong></span> 
     </span>
    </p>
   </div>
   <div class='ocr_carea' id='block_1_73' title="bbox 189 4301 1777 4379">
    <p class='ocr_par' dir='ltr' id='par_1_73' title="bbox 189 4301 1777 4379">
     <span class='ocr_line' id='line_1_73' title="bbox 189 4301 1777 4379; baseline -0.004 -18"><span class='ocrx_word' id='word_1_553' title='bbox 189 4307 279 4362; x_wconf 80' lang='lat' dir='ltr'><strong>lam</strong></span> <span class='ocrx_word' id='word_1_554' title='bbox 304 4309 476 4379; x_wconf 88' lang='lat' dir='ltr'><strong>ipsam</strong></span> <span class='ocrx_word' id='word_1_555' title='bbox 512 4325 545 4364; x_wconf 88' lang='lat' dir='ltr'><strong>a</strong></span> <span class='ocrx_word' id='word_1_556' title='bbox 569 4306 919 4363; x_wconf 82' lang='lat' dir='ltr'><strong>Tlieodoreto</strong></span> <span class='ocrx_word' id='word_1_557' title='bbox 942 4303 1230 4360; x_wconf 80' lang='lat' dir='ltr'><strong>indicatam</strong></span> <span class='ocrx_word' id='word_1_558' title='bbox 1271 4311 1465 4374; x_wconf 83' lang='lat' dir='ltr'><strong>putant</strong></span> <span class='ocrx_word' id='word_1_559' title='bbox 1492 4302 1595 4357; x_wconf 88' lang='lat' dir='ltr'><strong>sub</strong></span> <span class='ocrx_word' id='word_1_560' title='bbox 1627 4301 1777 4356; x_wconf 89' lang='lat' dir='ltr'><strong>Occi-</strong></span> 
     </span>
    </p>
   </div>
   <div class='ocr_carea' id='block_1_74' title="bbox 189 4394 1776 4473">
    <p class='ocr_par' dir='ltr' id='par_1_74' title="bbox 189 4394 1776 4473">
     <span class='ocr_line' id='line_1_74' title="bbox 189 4394 1776 4473; baseline -0.004 -18"><span class='ocrx_word' id='word_1_561' title='bbox 189 4400 451 4457; x_wconf 74' lang='lat' dir='ltr'><strong>dentalium</strong></span> <span class='ocrx_word' id='word_1_562' title='bbox 504 4399 732 4473; x_wconf 73' lang='lat' dir='ltr'><strong>epistola:</strong></span> <span class='ocrx_word' id='word_1_563' title='bbox 782 4397 1127 4468; x_wconf 89' lang='lat' dir='ltr'><strong>voce,eique</strong></span> <span class='ocrx_word' id='word_1_564' title='bbox 1160 4405 1290 4451; x_wconf 89' lang='lat' dir='ltr'><strong>tunc</strong></span> <span class='ocrx_word' id='word_1_565' title='bbox 1316 4411 1440 4451; x_wconf 89' lang='lat' dir='ltr'><strong>cum</strong></span> <span class='ocrx_word' id='word_1_566' title='bbox 1476 4394 1776 4451; x_wconf 89' lang='lat' dir='ltr'><strong>scriberent</strong></span> 
     </span>
    </p>
   </div>
   <div class='ocr_carea' id='block_1_75' title="bbox 190 4488 1770 4565">
    <p class='ocr_par' dir='ltr' id='par_1_75' title="bbox 190 4488 1770 4565">
     <span class='ocr_line' id='line_1_75' title="bbox 190 4488 1770 4565; baseline -0.003 -18"><span class='ocrx_word' id='word_1_567' title='bbox 190 4504 435 4565; x_wconf 62' lang='lat' dir='ltr'><strong>acceptae.</strong></span> <span class='ocrx_word' id='word_1_568' title='bbox 484 4495 554 4550; x_wconf 89' lang='lat' dir='ltr'><strong>ab</strong></span> <span class='ocrx_word' id='word_1_569' title='bbox 581 4492 953 4551; x_wconf 86' lang='lat' dir='ltr'><strong>Orientalibus</strong></span> <span class='ocrx_word' id='word_1_570' title='bbox 980 4490 1322 4561; x_wconf 88' lang='lat' dir='ltr'><strong>responderi.</strong></span> <span class='ocrx_word' id='word_1_571' title='bbox 1368 4488 1502 4543; x_wconf 88' lang='lat' dir='ltr'><strong>Nam</strong></span> <span class='ocrx_word' id='word_1_572' title='bbox 1547 4489 1591 4543; x_wconf 89' lang='lat' dir='ltr'><strong>si</strong></span> <span class='ocrx_word' id='word_1_573' title='bbox 1626 4488 1770 4543; x_wconf 88' lang='lat' dir='ltr'><strong>illam</strong></span> 
     </span>
    </p>
   </div>
   <div class='ocr_carea' id='block_1_76' title="bbox 1877 3286 3475 3374">
    <p class='ocr_par' dir='ltr' id='par_1_76' title="bbox 1877 3286 3475 3374">
     <span class='ocr_line' id='line_1_76' title="bbox 1877 3286 3475 3374; baseline 0.014 -34"><span class='ocrx_word' id='word_1_574' title='bbox 1877 3286 2469 3359; x_wconf 87' lang='lat' dir='ltr'><strong>Constantinopolitaua</strong></span> <span class='ocrx_word' id='word_1_575' title='bbox 2492 3297 2863 3353; x_wconf 86' lang='lat' dir='ltr'><strong>antecedentis</strong></span> <span class='ocrx_word' id='word_1_576' title='bbox 2882 3302 3008 3355; x_wconf 88' lang='lat' dir='ltr'><strong>anni</strong></span> <span class='ocrx_word' id='word_1_577' title='bbox 3031 3305 3259 3374; x_wconf 87' lang='lat' dir='ltr'><strong>synodo,</strong></span> <span class='ocrx_word' id='word_1_578' title='bbox 3280 3306 3475 3363; x_wconf 89' lang='lat' dir='ltr'><strong>Orien-</strong></span> 
     </span>
    </p>
   </div>
   <div class='ocr_carea' id='block_1_77' title="bbox 1877 3379 3473 3464">
    <p class='ocr_par' dir='ltr' id='par_1_77' title="bbox 1877 3379 3473 3464">
     <span class='ocr_line' id='line_1_77' title="bbox 1877 3379 3473 3464; baseline 0.014 -31"><span class='ocrx_word' id='word_1_579' title='bbox 1877 3379 2012 3435; x_wconf 90' lang='lat' dir='ltr'><strong>tales</strong></span> <span class='ocrx_word' id='word_1_580' title='bbox 2039 3381 2284 3437; x_wconf 87' lang='lat' dir='ltr'><strong>scribunt</strong></span> <span class='ocrx_word' id='word_1_581' title='bbox 2306 3385 2547 3440; x_wconf 90' lang='lat' dir='ltr'><strong>animum</strong></span> <span class='ocrx_word' id='word_1_582' title='bbox 2578 3387 2868 3458; x_wconf 80' lang='lat' dir='ltr'><strong>diligenter</strong></span> <span class='ocrx_word' id='word_1_583' title='bbox 2895 3393 3176 3464; x_wconf 81' lang='lat' dir='ltr'><strong>advertas,</strong></span> <span class='ocrx_word' id='word_1_584' title='bbox 3210 3396 3366 3455; x_wconf 81' lang='lat' dir='ltr'><strong>facile</strong></span> <span class='ocrx_word' id='word_1_585' title='bbox 3390 3399 3473 3455; x_wconf 87' lang='lat' dir='ltr'><strong>in-</strong></span> 
     </span>
    </p>
   </div>
   <div class='ocr_carea' id='block_1_78' title="bbox 1876 3473 3468 3559">
    <p class='ocr_par' dir='ltr' id='par_1_78' title="bbox 1876 3473 3468 3559">
     <span class='ocr_line' id='line_1_78' title="bbox 1876 3473 3468 3559; baseline 0.013 -33"><span class='ocrx_word' id='word_1_586' title='bbox 1876 3473 2116 3544; x_wconf 79' lang='lat' dir='ltr'><strong>telliges,</strong></span> <span class='ocrx_word' id='word_1_587' title='bbox 2165 3491 2355 3532; x_wconf 91' lang='lat' dir='ltr'><strong>eorum</strong></span> <span class='ocrx_word' id='word_1_588' title='bbox 2398 3493 2519 3549; x_wconf 64' lang='lat' dir='ltr'><strong>quae</strong></span> <span class='ocrx_word' id='word_1_589' title='bbox 2566 3490 2717 3551; x_wconf 84' lang='lat' dir='ltr'><strong>gesta</strong></span> <span class='ocrx_word' id='word_1_590' title='bbox 2777 3498 2840 3538; x_wconf 93' lang='lat' dir='ltr'><strong>ac</strong></span> <span class='ocrx_word' id='word_1_591' title='bbox 2891 3488 3185 3543; x_wconf 88' lang='lat' dir='ltr'><strong>constituta</strong></span> <span class='ocrx_word' id='word_1_592' title='bbox 3231 3489 3468 3559; x_wconf 81' lang='lat' dir='ltr'><strong>fuerant,</strong></span> 
     </span>
    </p>
   </div>
   <div class='ocr_carea' id='block_1_79' title="bbox 1875 3565 3471 3651">
    <p class='ocr_par' dir='ltr' id='par_1_79' title="bbox 1875 3565 3471 3651">
     <span class='ocr_line' id='line_1_79' title="bbox 1875 3565 3471 3651; baseline 0.011 -30"><span class='ocrx_word' id='word_1_593' title='bbox 1875 3565 2021 3621; x_wconf 89' lang='lat' dir='ltr'><strong>aliud</strong></span> <span class='ocrx_word' id='word_1_594' title='bbox 2048 3566 2180 3622; x_wconf 87' lang='lat' dir='ltr'><strong>nihil</strong></span> <span class='ocrx_word' id='word_1_595' title='bbox 2210 3568 2277 3623; x_wconf 82' lang='lat' dir='ltr'><strong>ad</strong></span> <span class='ocrx_word' id='word_1_596' title='bbox 2301 3572 2654 3639; x_wconf 90' lang='lat' dir='ltr'><strong>apostolicam</strong></span> <span class='ocrx_word' id='word_1_597' title='bbox 2682 3575 2865 3631; x_wconf 88' lang='lat' dir='ltr'><strong>sedem</strong></span> <span class='ocrx_word' id='word_1_598' title='bbox 2903 3579 3093 3634; x_wconf 89' lang='lat' dir='ltr'><strong>referri</strong></span> <span class='ocrx_word' id='word_1_599' title='bbox 3125 3591 3326 3651; x_wconf 69' lang='lat' dir='ltr'><strong>printer</strong></span> <span class='ocrx_word' id='word_1_600' title='bbox 3356 3583 3471 3639; x_wconf 80' lang='lat' dir='ltr'><strong>hae-</strong></span> 
     </span>
    </p>
   </div>
   <div class='ocr_carea' id='block_1_80' title="bbox 1877 3658 3467 3744">
    <p class='ocr_par' dir='ltr' id='par_1_80' title="bbox 1877 3658 3467 3744">
     <span class='ocr_line' id='line_1_80' title="bbox 1877 3658 3467 3744; baseline 0.013 -33"><span class='ocrx_word' id='word_1_601' title='bbox 1877 3671 2047 3724; x_wconf 89' lang='lat' dir='ltr'><strong>reses,</strong></span> <span class='ocrx_word' id='word_1_602' title='bbox 2099 3658 2150 3714; x_wconf 92' lang='lat' dir='ltr'><strong>in</strong></span> <span class='ocrx_word' id='word_1_603' title='bbox 2179 3675 2313 3729; x_wconf 87' lang='lat' dir='ltr'><strong>quas</strong></span> <span class='ocrx_word' id='word_1_604' title='bbox 2356 3664 2714 3720; x_wconf 90' lang='lat' dir='ltr'><strong>anathematis</strong></span> <span class='ocrx_word' id='word_1_605' title='bbox 2759 3672 3078 3725; x_wconf 86' lang='lat' dir='ltr'><strong>sententiam</strong></span> <span class='ocrx_word' id='word_1_606' title='bbox 3110 3668 3467 3744; x_wconf 83' lang='lat' dir='ltr'><strong>protulerant,</strong></span> 
     </span>
    </p>
   </div>
   <div class='ocr_carea' id='block_1_81' title="bbox 1874 3752 3468 3838">
    <p class='ocr_par' dir='ltr' id='par_1_81' title="bbox 1874 3752 3468 3838">
     <span class='ocr_line' id='line_1_81' title="bbox 1874 3752 3468 3838; baseline 0.013 -32"><span class='ocrx_word' id='word_1_607' title='bbox 1874 3752 2089 3820; x_wconf 83' lang='lat' dir='ltr'><strong>aliaque</strong></span> <span class='ocrx_word' id='word_1_608' title='bbox 2109 3757 2368 3811; x_wconf 88' lang='lat' dir='ltr'><strong>nonnulla</strong></span> <span class='ocrx_word' id='word_1_609' title='bbox 2393 3757 2461 3812; x_wconf 89' lang='lat' dir='ltr'><strong>ad</strong></span> <span class='ocrx_word' id='word_1_610' title='bbox 2486 3758 2829 3829; x_wconf 88' lang='lat' dir='ltr'><strong>disciplinam</strong></span> <span class='ocrx_word' id='word_1_611' title='bbox 2852 3768 3151 3833; x_wconf 86' lang='lat' dir='ltr'><strong>spectantia</strong></span> <span class='ocrx_word' id='word_1_612' title='bbox 3176 3772 3372 3838; x_wconf 78' lang='lat' dir='ltr'><strong>capita,</strong></span> <span class='ocrx_word' id='word_1_613' title='bbox 3400 3769 3468 3826; x_wconf 88' lang='lat' dir='ltr'><strong>de</strong></span> 
     </span>
    </p>
   </div>
   <div class='ocr_carea' id='block_1_82' title="bbox 1876 3843 3469 3924">
    <p class='ocr_par' dir='ltr' id='par_1_82' title="bbox 1876 3843 3469 3924">
     <span class='ocr_line' id='line_1_82' title="bbox 1876 3843 3469 3924; baseline 0.013 -26"><span class='ocrx_word' id='word_1_614' title='bbox 1876 3843 2074 3914; x_wconf 89' lang='lat' dir='ltr'><strong>quibus</strong></span> <span class='ocrx_word' id='word_1_615' title='bbox 2103 3863 2247 3903; x_wconf 87' lang='lat' dir='ltr'><strong>nunc</strong></span> <span class='ocrx_word' id='word_1_616' title='bbox 2290 3862 2471 3904; x_wconf 91' lang='lat' dir='ltr'><strong>sermo</strong></span> <span class='ocrx_word' id='word_1_617' title='bbox 2499 3852 2621 3905; x_wconf 89' lang='lat' dir='ltr'><strong>erit.</strong></span> <span class='ocrx_word' id='word_1_618' title='bbox 2656 3852 2784 3909; x_wconf 87' lang='lat' dir='ltr'><strong>lure</strong></span> <span class='ocrx_word' id='word_1_619' title='bbox 2811 3854 2974 3924; x_wconf 85' lang='lat' dir='ltr'><strong>igitur</strong></span> <span class='ocrx_word' id='word_1_620' title='bbox 3016 3870 3080 3914; x_wconf 87' lang='lat' dir='ltr'><strong>ac</strong></span> <span class='ocrx_word' id='word_1_621' title='bbox 3134 3864 3328 3916; x_wconf 89' lang='lat' dir='ltr'><strong>merito</strong></span> <span class='ocrx_word' id='word_1_622' title='bbox 3357 3860 3469 3920; x_wconf 85' lang='lat' dir='ltr'><strong>Leo</strong></span> 
     </span>
    </p>
   </div>
   <div class='ocr_carea' id='block_1_83' title="bbox 1862 3934 3469 4022">
    <p class='ocr_par' dir='ltr' id='par_1_83' title="bbox 1862 3934 3469 4022">
     <span class='ocr_line' id='line_1_83' title="bbox 1862 3934 3469 4022; baseline 0.017 -32"><span class='ocrx_word' id='word_1_623' title='bbox 1862 3937 2102 4017; x_wconf 75' lang='lat' dir='ltr'><strong>_Magnus</strong></span> <span class='ocrx_word' id='word_1_624' title='bbox 2149 3934 2215 3993; x_wconf 88' lang='lat' dir='ltr'><strong>ad</strong></span> <span class='ocrx_word' id='word_1_625' title='bbox 2256 3942 2560 3998; x_wconf 82' lang='lat' dir='ltr'><strong>Anatolium</strong></span> <span class='ocrx_word' id='word_1_626' title='bbox 2591 3945 2809 4010; x_wconf 87' lang='lat' dir='ltr'><strong>scribit,</strong></span> <span class='ocrx_word' id='word_1_627' title='bbox 2843 3964 2951 4019; x_wconf 86' lang='lat' dir='ltr'><strong>quo</strong></span> <span class='ocrx_word' id='word_1_628' title='bbox 2976 3950 3094 4022; x_wconf 83' lang='lat' dir='ltr'><strong>ejus</strong></span> <span class='ocrx_word' id='word_1_629' title='bbox 3118 3956 3469 4017; x_wconf 89' lang='lat' dir='ltr'><strong>ambitionem</strong></span> 
     </span>
    </p>
   </div>
   <div class='ocr_carea' id='block_1_84' title="bbox 1878 4029 3468 4120">
    <p class='ocr_par' dir='ltr' id='par_1_84' title="bbox 1878 4029 3468 4120">
     <span class='ocr_line' id='line_1_84' title="bbox 1878 4029 3468 4120; baseline 0.014 -37"><span class='ocrx_word' id='word_1_630' title='bbox 1878 4029 2222 4099; x_wconf 86' lang='lat' dir='ltr'><strong>retunderet,</strong></span> <span class='ocrx_word' id='word_1_631' title='bbox 2252 4032 2609 4105; x_wconf 83' lang='lat' dir='ltr'><strong>episcoporum</strong></span> <span class='ocrx_word' id='word_1_632' title='bbox 2646 4040 2987 4105; x_wconf 79' lang='lat' dir='ltr'><strong>quorumdam</strong></span> <span class='ocrx_word' id='word_1_633' title='bbox 3016 4049 3468 4120; x_wconf 84' lang='lat' dir='ltr'><strong>conscriptionem,</strong></span> 
     </span>
    </p>
   </div>
   <div class='ocr_carea' id='block_1_85' title="bbox 1878 4122 3470 4210">
    <p class='ocr_par' dir='ltr' id='par_1_85' title="bbox 1878 4122 3470 4210">
     <span class='ocr_line' id='line_1_85' title="bbox 1878 4122 3470 4210; baseline 0.014 -34"><span class='ocrx_word' id='word_1_634' title='bbox 1878 4136 1997 4177; x_wconf 90' lang='lat' dir='ltr'><strong>eam</strong></span> <span class='ocrx_word' id='word_1_635' title='bbox 2027 4122 2254 4187; x_wconf 90' lang='lat' dir='ltr'><strong>scilicet,</strong></span> <span class='ocrx_word' id='word_1_636' title='bbox 2279 4140 2382 4195; x_wconf 85' lang='lat' dir='ltr'><strong>qua</strong></span> <span class='ocrx_word' id='word_1_637' title='bbox 2406 4125 3006 4200; x_wconf 82' lang='lat' dir='ltr'><strong>Constantinopolitano</strong></span> <span class='ocrx_word' id='word_1_638' title='bbox 3034 4141 3249 4205; x_wconf 73' lang='lat' dir='ltr'><strong>prresuli</strong></span> <span class='ocrx_word' id='word_1_639' title='bbox 3282 4145 3470 4210; x_wconf 70' lang='lat' dir='ltr'><strong>prima:</strong></span> 
     </span>
    </p>
   </div>
   <div class='ocr_carea' id='block_1_86' title="bbox 1876 4212 3468 4301">
    <p class='ocr_par' dir='ltr' id='par_1_86' title="bbox 1876 4212 3468 4301">
     <span class='ocr_line' id='line_1_86' title="bbox 1876 4212 3468 4301; baseline 0.014 -32"><span class='ocrx_word' id='word_1_640' title='bbox 1876 4212 2102 4270; x_wconf 89' lang='lat' dir='ltr'><strong>honoris</strong></span> <span class='ocrx_word' id='word_1_641' title='bbox 2147 4227 2326 4285; x_wconf 90' lang='lat' dir='ltr'><strong>partes</strong></span> <span class='ocrx_word' id='word_1_642' title='bbox 2377 4228 2501 4289; x_wconf 91' lang='lat' dir='ltr'><strong>post</strong></span> <span class='ocrx_word' id='word_1_643' title='bbox 2549 4220 2850 4278; x_wconf 84' lang='lat' dir='ltr'><strong>Romanum</strong></span> <span class='ocrx_word' id='word_1_644' title='bbox 2906 4228 3179 4285; x_wconf 76' lang='lat' dir='ltr'><strong>attributa:</strong></span> <span class='ocrx_word' id='word_1_645' title='bbox 3232 4231 3468 4301; x_wconf 84' lang='lat' dir='ltr'><strong>fuerant,</strong></span> 
     </span>
    </p>
   </div>
   <div class='ocr_carea' id='block_1_87' title="bbox 1878 4311 3474 4385">
    <p class='ocr_par' dir='ltr' id='par_1_87' title="bbox 1878 4311 3474 4385">
     <span class='ocr_line' id='line_1_87' title="bbox 1878 4311 3474 4385; baseline 0.014 -24"><span class='ocrx_word' id='word_1_646' title='bbox 1878 4324 2158 4374; x_wconf 88' lang='lat' dir='ltr'><strong>numquam</strong></span> <span class='ocrx_word' id='word_1_647' title='bbox 2188 4311 2347 4382; x_wconf 82' lang='lat' dir='ltr'><strong>fuisse</strong></span> <span class='ocrx_word' id='word_1_648' title='bbox 2373 4311 2443 4365; x_wconf 86' lang='lat' dir='ltr'><strong>ad</strong></span> <span class='ocrx_word' id='word_1_649' title='bbox 2466 4316 2763 4385; x_wconf 75' lang='lat' dir='ltr'><strong>apostolica:</strong></span> <span class='ocrx_word' id='word_1_650' title='bbox 2790 4318 2925 4372; x_wconf 86' lang='lat' dir='ltr'><strong>sedis</strong></span> <span class='ocrx_word' id='word_1_651' title='bbox 2954 4323 3308 4379; x_wconf 86' lang='lat' dir='ltr'><strong>transmissam</strong></span> <span class='ocrx_word' id='word_1_652' title='bbox 3337 4329 3474 4383; x_wconf 80' lang='lat' dir='ltr'><strong>noti-</strong></span> 
     </span>
    </p>
   </div>
   <div class='ocr_carea' id='block_1_88' title="bbox 1878 4401 3471 4489">
    <p class='ocr_par' dir='ltr' id='par_1_88' title="bbox 1878 4401 3471 4489">
     <span class='ocr_line' id='line_1_88' title="bbox 1878 4401 3471 4489; baseline 0.013 -33"><span class='ocrx_word' id='word_1_653' title='bbox 1878 4402 2002 4457; x_wconf 82' lang='lat' dir='ltr'><strong>tiam</strong></span> <span class='ocrx_word' id='word_1_654' title='bbox 2032 4401 2101 4474; x_wconf 89' lang='lat' dir='ltr'><strong>(c)</strong></span> <span class='ocrx_word' id='word_1_655' title='bbox 2123 4444 2137 4468; x_wconf 92' lang='lat'><strong>,</strong></span> <span class='ocrx_word' id='word_1_656' title='bbox 2175 4404 2657 4477; x_wconf 86' lang='lat' dir='ltr'><strong>gravissimamque</strong></span> <span class='ocrx_word' id='word_1_657' title='bbox 2686 4410 2803 4463; x_wconf 86' lang='lat' dir='ltr'><strong>viro</strong></span> <span class='ocrx_word' id='word_1_658' title='bbox 2843 4413 3187 4472; x_wconf 88' lang='lat' dir='ltr'><strong>sanctissimo</strong></span> <span class='ocrx_word' id='word_1_659' title='bbox 3215 4416 3471 4489; x_wconf 89' lang='lat' dir='ltr'><strong>injuriam</strong></span> 
     </span>
    </p>
   </div>
   <div class='ocr_carea' id='block_1_89' title="bbox 1879 4494 3112 4567">
    <p class='ocr_par' dir='ltr' id='par_1_89' title="bbox 1879 4494 3112 4567">
     <span class='ocr_line' id='line_1_89' title="bbox 1879 4494 3112 4567; baseline 0.011 -18"><span class='ocrx_word' id='word_1_660' title='bbox 1879 4494 2106 4561; x_wconf 85' lang='lat' dir='ltr'><strong>inferre,</strong></span> <span class='ocrx_word' id='word_1_661' title='bbox 2134 4497 2223 4567; x_wconf 92' lang='lat' dir='ltr'><strong>qni</strong></span> <span class='ocrx_word' id='word_1_662' title='bbox 2251 4496 2355 4552; x_wconf 87' lang='lat' dir='ltr'><strong>hac</strong></span> <span class='ocrx_word' id='word_1_663' title='bbox 2380 4498 2449 4553; x_wconf 91' lang='lat' dir='ltr'><strong>de</strong></span> <span class='ocrx_word' id='word_1_664' title='bbox 2475 4513 2536 4555; x_wconf 88' lang='lat' dir='ltr'><strong>re</strong></span> <span class='ocrx_word' id='word_1_665' title='bbox 2565 4499 2813 4557; x_wconf 89' lang='lat' dir='ltr'><strong>dubitare</strong></span> <span class='ocrx_word' id='word_1_666' title='bbox 2839 4504 2938 4559; x_wconf 76' lang='lat' dir='ltr'><strong>visi</strong></span> <span class='ocrx_word' id='word_1_667' title='bbox 2967 4515 3112 4562; x_wconf 87' lang='lat' dir='ltr'><strong>sunt.</strong></span> 
     </span>
    </p>
   </div>
   <div class='ocr_carea' id='block_1_90' title="bbox 196 4564 3476 4676">
    <p class='ocr_par' dir='ltr' id='par_1_90' title="bbox 196 4564 3476 4676">
     <span class='ocr_line' id='line_1_90' title="bbox 196 4564 3476 4676; baseline 0.003 -35"><span class='ocrx_word' id='word_1_668' title='bbox 196 4564 525 4656; x_wconf 80' lang='lat' dir='ltr'><strong>Ambrosius,</strong></span> <span class='ocrx_word' id='word_1_669' title='bbox 547 4588 836 4659; x_wconf 78' lang='lat' dir='ltr'><strong>caeterique</strong></span> <span class='ocrx_word' id='word_1_670' title='bbox 870 4585 1042 4661; x_wconf 68' lang='lat' dir='ltr'><strong>Italici</strong></span> <span class='ocrx_word' id='word_1_671' title='bbox 1066 4585 1364 4641; x_wconf 83' lang='lat' dir='ltr'><strong>vicariatus</strong></span> <span class='ocrx_word' id='word_1_672' title='bbox 1392 4584 1653 4655; x_wconf 69' lang='lat' dir='ltr'><strong>praesules</strong></span> <span class='ocrx_word' id='word_1_673' title='bbox 1671 4564 1855 4639; x_wconf 80' lang='lat' dir='ltr'><strong>soliD</strong></span> <span class='ocrx_word' id='word_1_674' title='bbox 1953 4588 2086 4653; x_wconf 69' lang='lat' dir='ltr'><strong>Quae</strong></span> <span class='ocrx_word' id='word_1_675' title='bbox 2132 4564 2263 4644; x_wconf 76' lang='lat' dir='ltr'><strong>vero</strong></span> <span class='ocrx_word' id='word_1_676' title='bbox 2312 4590 2379 4645; x_wconf 89' lang='lat' dir='ltr'><strong>ad</strong></span> <span class='ocrx_word' id='word_1_677' title='bbox 2434 4590 2773 4663; x_wconf 88' lang='lat' dir='ltr'><strong>disciplinam</strong></span> <span class='ocrx_word' id='word_1_678' title='bbox 2831 4606 3107 4667; x_wconf 83' lang='lat' dir='ltr'><strong>spectant,</strong></span> <span class='ocrx_word' id='word_1_679' title='bbox 3163 4602 3233 4659; x_wconf 85' lang='lat' dir='ltr'><strong>de</strong></span> <span class='ocrx_word' id='word_1_680' title='bbox 3280 4607 3476 4676; x_wconf 61' lang='lat' dir='ltr'><strong>quibus</strong></span> 
     </span>
    </p>
   </div>
   <div class='ocr_carea' id='block_1_91' title="bbox 198 4676 1774 4752">
    <p class='ocr_par' dir='ltr' id='par_1_91' title="bbox 198 4676 1774 4752">
     <span class='ocr_line' id='line_1_91' title="bbox 198 4676 1774 4752; baseline -0.004 -16"><span class='ocrx_word' id='word_1_681' title='bbox 198 4683 541 4752; x_wconf 82' lang='lat' dir='ltr'><strong>scripserant,</strong></span> <span class='ocrx_word' id='word_1_682' title='bbox 573 4690 632 4737; x_wconf 92' lang='lat' dir='ltr'><strong>ut</strong></span> <span class='ocrx_word' id='word_1_683' title='bbox 658 4680 1005 4738; x_wconf 84' lang='lat' dir='ltr'><strong>Tillemontio</strong></span> <span class='ocrx_word' id='word_1_684' title='bbox 1047 4679 1278 4750; x_wconf 88' lang='lat' dir='ltr'><strong>aliisque</strong></span> <span class='ocrx_word' id='word_1_685' title='bbox 1307 4677 1466 4748; x_wconf 89' lang='lat' dir='ltr'><strong>hujus</strong></span> <span class='ocrx_word' id='word_1_686' title='bbox 1489 4676 1774 4732; x_wconf 75' lang='lat' dir='ltr'><strong>sententia:</strong></span> 
     </span>
    </p>
   </div>
   <div class='ocr_carea' id='block_1_92' title="bbox 202 4768 1775 4846">
    <p class='ocr_par' dir='ltr' id='par_1_92' title="bbox 202 4768 1775 4846">
     <span class='ocr_line' id='line_1_92' title="bbox 202 4768 1775 4846; baseline -0.003 -19"><span class='ocrx_word' id='word_1_687' title='bbox 202 4777 423 4843; x_wconf 86' lang='lat' dir='ltr'><strong>patronis</strong></span> <span class='ocrx_word' id='word_1_688' title='bbox 493 4776 701 4846; x_wconf 84' lang='lat' dir='ltr'><strong>placet,</strong></span> <span class='ocrx_word' id='word_1_689' title='bbox 748 4773 898 4829; x_wconf 88' lang='lat' dir='ltr'><strong>nulla</strong></span> <span class='ocrx_word' id='word_1_690' title='bbox 949 4781 1070 4829; x_wconf 85' lang='lat' dir='ltr'><strong>erat</strong></span> <span class='ocrx_word' id='word_1_691' title='bbox 1116 4786 1281 4828; x_wconf 89' lang='lat' dir='ltr'><strong>causa</strong></span> <span class='ocrx_word' id='word_1_692' title='bbox 1327 4785 1423 4826; x_wconf 89' lang='lat' dir='ltr'><strong>cur</strong></span> <span class='ocrx_word' id='word_1_693' title='bbox 1474 4768 1775 4825; x_wconf 83' lang='lat' dir='ltr'><strong>Orientales</strong></span> 
     </span>
    </p>
   </div>
   <div class='ocr_carea' id='block_1_93' title="bbox 200 4862 1774 4934">
    <p class='ocr_par' dir='ltr' id='par_1_93' title="bbox 200 4862 1774 4934">
     <span class='ocr_line' id='line_1_93' title="bbox 200 4862 1774 4934; baseline -0.004 -10"><span class='ocrx_word' id='word_1_694' title='bbox 200 4869 550 4926; x_wconf 82' lang='lat' dir='ltr'><strong>rescriberem</strong></span> <span class='ocrx_word' id='word_1_695' title='bbox 587 4868 838 4933; x_wconf 87' lang='lat' dir='ltr'><strong>Damaso,</strong></span> <span class='ocrx_word' id='word_1_696' title='bbox 890 4865 1139 4934; x_wconf 84' lang='lat' dir='ltr'><strong>Acholio,</strong></span> <span class='ocrx_word' id='word_1_697' title='bbox 1187 4864 1431 4931; x_wconf 90' lang='lat' dir='ltr'><strong>Britoni,</strong></span> <span class='ocrx_word' id='word_1_698' title='bbox 1456 4879 1520 4919; x_wconf 90' lang='lat' dir='ltr'><strong>ac</strong></span> <span class='ocrx_word' id='word_1_699' title='bbox 1552 4862 1774 4929; x_wconf 90' lang='lat' dir='ltr'><strong>Basilio,</strong></span> 
     </span>
    </p>
   </div>
   <div class='ocr_carea' id='block_1_94' title="bbox 201 4954 1777 5033">
    <p class='ocr_par' dir='ltr' id='par_1_94' title="bbox 201 4954 1777 5033">
     <span class='ocr_line' id='line_1_94' title="bbox 201 4954 1777 5033; baseline -0.003 -19"><span class='ocrx_word' id='word_1_700' title='bbox 201 4961 279 5029; x_wconf 83' lang='lat' dir='ltr'><strong>qni</strong></span> <span class='ocrx_word' id='word_1_701' title='bbox 304 4962 490 5016; x_wconf 89' lang='lat' dir='ltr'><strong>lictitio</strong></span> <span class='ocrx_word' id='word_1_702' title='bbox 512 4960 654 5033; x_wconf 84' lang='lat' dir='ltr'><strong>_huic</strong></span> <span class='ocrx_word' id='word_1_703' title='bbox 692 4959 878 5016; x_wconf 85' lang='lat' dir='ltr'><strong>italico</strong></span> <span class='ocrx_word' id='word_1_704' title='bbox 916 4958 1147 5015; x_wconf 88' lang='lat' dir='ltr'><strong>concilio</strong></span> <span class='ocrx_word' id='word_1_705' title='bbox 1181 4957 1420 5027; x_wconf 87' lang='lat' dir='ltr'><strong>profecto</strong></span> <span class='ocrx_word' id='word_1_706' title='bbox 1455 4972 1565 5011; x_wconf 87' lang='lat' dir='ltr'><strong>non</strong></span> <span class='ocrx_word' id='word_1_707' title='bbox 1592 4954 1777 5010; x_wconf 88' lang='lat' dir='ltr'><strong>adfue-</strong></span> 
     </span>
    </p>
   </div>
   <div class='ocr_carea' id='block_1_95' title="bbox 204 5050 1775 5125">
    <p class='ocr_par' dir='ltr' id='par_1_95' title="bbox 204 5050 1775 5125">
     <span class='ocr_line' id='line_1_95' title="bbox 204 5050 1775 5125; baseline -0.002 -18"><span class='ocrx_word' id='word_1_708' title='bbox 204 5062 341 5118; x_wconf 81' lang='lat' dir='ltr'><strong>rant,</strong></span> <span class='ocrx_word' id='word_1_709' title='bbox 371 5070 434 5110; x_wconf 92' lang='lat' dir='ltr'><strong>ac</strong></span> <span class='ocrx_word' id='word_1_710' title='bbox 463 5053 705 5124; x_wconf 86' lang='lat' dir='ltr'><strong>ejusdem</strong></span> <span class='ocrx_word' id='word_1_711' title='bbox 731 5062 883 5125; x_wconf 87' lang='lat' dir='ltr'><strong>gesta</strong></span> <span class='ocrx_word' id='word_1_712' title='bbox 925 5052 1265 5124; x_wconf 88' lang='lat' dir='ltr'><strong>ignorabant.</strong></span> <span class='ocrx_word' id='word_1_713' title='bbox 1295 5050 1399 5107; x_wconf 87' lang='lat' dir='ltr'><strong>Sed</strong></span> <span class='ocrx_word' id='word_1_714' title='bbox 1432 5050 1547 5106; x_wconf 64' lang='lat' dir='ltr'><strong>haec</strong></span> <span class='ocrx_word' id='word_1_715' title='bbox 1574 5050 1775 5115; x_wconf 89' lang='lat' dir='ltr'><strong>obiter,</strong></span> 
     </span>
    </p>
   </div>
   <div class='ocr_carea' id='block_1_96' title="bbox 203 5145 1672 5218">
    <p class='ocr_par' dir='ltr' id='par_1_96' title="bbox 203 5145 1672 5218">
     <span class='ocr_line' id='line_1_96' title="bbox 203 5145 1672 5218; baseline -0.003 -15"><span class='ocrx_word' id='word_1_716' title='bbox 203 5160 313 5203; x_wconf 77' lang='lat' dir='ltr'><strong>cum</strong></span> <span class='ocrx_word' id='word_1_717' title='bbox 340 5163 429 5204; x_wconf 87' lang='lat' dir='ltr'><strong>res</strong></span> <span class='ocrx_word' id='word_1_718' title='bbox 453 5147 585 5204; x_wconf 87' lang='lat' dir='ltr'><strong>alibi</strong></span> <span class='ocrx_word' id='word_1_719' title='bbox 611 5159 772 5218; x_wconf 85' lang='lat' dir='ltr'><strong>atque</strong></span> <span class='ocrx_word' id='word_1_720' title='bbox 793 5162 1025 5218; x_wconf 87' lang='lat' dir='ltr'><strong>operose</strong></span> <span class='ocrx_word' id='word_1_721' title='bbox 1052 5146 1297 5202; x_wconf 89' lang='lat' dir='ltr'><strong>discussa</strong></span> <span class='ocrx_word' id='word_1_722' title='bbox 1315 5162 1347 5202; x_wconf 85' lang='lat' dir='ltr'><strong>a</strong></span> <span class='ocrx_word' id='word_1_723' title='bbox 1374 5162 1460 5201; x_wconf 90' lang='lat' dir='ltr'><strong>me</strong></span> <span class='ocrx_word' id='word_1_724' title='bbox 1491 5145 1672 5201; x_wconf 85' lang='lat' dir='ltr'><strong>fuerit.</strong></span> 
     </span>
    </p>
   </div>
   <div class='ocr_carea' id='block_1_97' title="bbox 261 5239 1774 5313">
    <p class='ocr_par' dir='ltr' id='par_1_97' title="bbox 261 5239 1774 5313">
     <span class='ocr_line' id='line_1_97' title="bbox 261 5239 1774 5313; baseline -0.003 -16"><span class='ocrx_word' id='word_1_725' title='bbox 261 5241 547 5313; x_wconf 84' lang='lat' dir='ltr'><strong>Postquam</strong></span> <span class='ocrx_word' id='word_1_726' title='bbox 596 5257 728 5299; x_wconf 77' lang='lat' dir='ltr'><strong>vero</strong></span> <span class='ocrx_word' id='word_1_727' title='bbox 780 5242 943 5297; x_wconf 89' lang='lat' dir='ltr'><strong>iidem</strong></span> <span class='ocrx_word' id='word_1_728' title='bbox 989 5240 1295 5297; x_wconf 87' lang='lat' dir='ltr'><strong>Orientales</strong></span> <span class='ocrx_word' id='word_1_729' title='bbox 1325 5239 1411 5295; x_wconf 86' lang='lat' dir='ltr'><strong>bis</strong></span> <span class='ocrx_word' id='word_1_730' title='bbox 1449 5255 1508 5296; x_wconf 90' lang='lat' dir='ltr'><strong>se</strong></span> <span class='ocrx_word' id='word_1_731' title='bbox 1548 5239 1774 5295; x_wconf 84' lang='lat' dir='ltr'><strong>rationi-</strong></span> 
     </span>
    </p>
   </div>
   <div class='ocr_carea' id='block_1_98' title="bbox 202 5329 1777 5402">
    <p class='ocr_par' dir='ltr' id='par_1_98' title="bbox 202 5329 1777 5402">
     <span class='ocr_line' id='line_1_98' title="bbox 202 5329 1777 5402; baseline 0.001 -17"><span class='ocrx_word' id='word_1_732' title='bbox 202 5329 293 5387; x_wconf 81' lang='lat' dir='ltr'><strong>bus</strong></span> <span class='ocrx_word' id='word_1_733' title='bbox 321 5344 744 5402; x_wconf 78' lang='lat' dir='ltr'><strong>excusaverant,</strong></span> <span class='ocrx_word' id='word_1_734' title='bbox 784 5351 853 5390; x_wconf 93' lang='lat' dir='ltr'><strong>ne</strong></span> <span class='ocrx_word' id='word_1_735' title='bbox 902 5335 1127 5390; x_wconf 78' lang='lat' dir='ltr'><strong>Romam</strong></span> <span class='ocrx_word' id='word_1_736' title='bbox 1170 5332 1523 5399; x_wconf 81' lang='lat' dir='ltr'><strong>accederent,</strong></span> <span class='ocrx_word' id='word_1_737' title='bbox 1550 5341 1606 5387; x_wconf 90' lang='lat' dir='ltr'><strong>ut</strong></span> <span class='ocrx_word' id='word_1_738' title='bbox 1644 5331 1777 5388; x_wconf 87' lang='lat' dir='ltr'><strong>cha-</strong></span> 
     </span>
    </p>
   </div>
   <div class='ocr_carea' id='block_1_99' title="bbox 206 5421 1779 5499">
    <p class='ocr_par' dir='ltr' id='par_1_99' title="bbox 206 5421 1779 5499">
     <span class='ocr_line' id='line_1_99' title="bbox 206 5421 1779 5499; baseline 0.004 -24"><span class='ocrx_word' id='word_1_739' title='bbox 206 5421 442 5491; x_wconf 81' lang='lat' dir='ltr'><strong>ritatem,</strong></span> <span class='ocrx_word' id='word_1_740' title='bbox 469 5441 579 5499; x_wconf 78' lang='lat' dir='ltr'><strong>qua</strong></span> <span class='ocrx_word' id='word_1_741' title='bbox 611 5441 672 5483; x_wconf 90' lang='lat' dir='ltr'><strong>se</strong></span> <span class='ocrx_word' id='word_1_742' title='bbox 704 5425 772 5481; x_wconf 90' lang='lat' dir='ltr'><strong>ad</strong></span> <span class='ocrx_word' id='word_1_743' title='bbox 817 5426 1082 5498; x_wconf 84' lang='lat' dir='ltr'><strong>synodum</strong></span> <span class='ocrx_word' id='word_1_744' title='bbox 1116 5434 1339 5481; x_wconf 77' lang='lat' dir='ltr'><strong>vocatos</strong></span> <span class='ocrx_word' id='word_1_745' title='bbox 1384 5426 1566 5492; x_wconf 89' lang='lat' dir='ltr'><strong>aiunt,</strong></span> <span class='ocrx_word' id='word_1_746' title='bbox 1597 5434 1779 5481; x_wconf 86' lang='lat' dir='ltr'><strong>mutua</strong></span> 
     </span>
    </p>
   </div>
   <div class='ocr_carea' id='block_1_100' title="bbox 209 5514 1779 5590">
    <p class='ocr_par' dir='ltr' id='par_1_100' title="bbox 209 5514 1779 5590">
     <span class='ocr_line' id='line_1_100' title="bbox 209 5514 1779 5590; baseline 0.004 -22"><span class='ocrx_word' id='word_1_747' title='bbox 209 5514 462 5575; x_wconf 84' lang='lat' dir='ltr'><strong>cbaritate</strong></span> <span class='ocrx_word' id='word_1_748' title='bbox 511 5518 905 5590; x_wconf 86' lang='lat' dir='ltr'><strong>rependerem,</strong></span> <span class='ocrx_word' id='word_1_749' title='bbox 955 5527 1071 5575; x_wconf 83' lang='lat' dir='ltr'><strong>tres</strong></span> <span class='ocrx_word' id='word_1_750' title='bbox 1137 5534 1203 5574; x_wconf 82' lang='lat' dir='ltr'><strong>ex</strong></span> <span class='ocrx_word' id='word_1_751' title='bbox 1258 5532 1357 5585; x_wconf 90' lang='lat' dir='ltr'><strong>suo</strong></span> <span class='ocrx_word' id='word_1_752' title='bbox 1407 5532 1639 5587; x_wconf 90' lang='lat' dir='ltr'><strong>corpore</strong></span> <span class='ocrx_word' id='word_1_753' title='bbox 1699 5518 1779 5575; x_wconf 84' lang='lat' dir='ltr'><strong>le-</strong></span> 
     </span>
    </p>
   </div>
   <div class='ocr_carea' id='block_1_101' title="bbox 210 5610 1780 5685">
    <p class='ocr_par' dir='ltr' id='par_1_101' title="bbox 210 5610 1780 5685">
     <span class='ocr_line' id='line_1_101' title="bbox 210 5610 1780 5685; baseline 0.004 -23"><span class='ocrx_word' id='word_1_754' title='bbox 210 5618 351 5676; x_wconf 84' lang='lat' dir='ltr'><strong>gatos</strong></span> <span class='ocrx_word' id='word_1_755' title='bbox 402 5613 694 5679; x_wconf 89' lang='lat' dir='ltr'><strong>miserunt,</strong></span> <span class='ocrx_word' id='word_1_756' title='bbox 747 5612 1030 5685; x_wconf 86' lang='lat' dir='ltr'><strong>Cyriacum</strong></span> <span class='ocrx_word' id='word_1_757' title='bbox 1075 5627 1308 5683; x_wconf 89' lang='lat' dir='ltr'><strong>nempe,</strong></span> <span class='ocrx_word' id='word_1_758' title='bbox 1346 5610 1675 5680; x_wconf 85' lang='lat' dir='ltr'><strong>Eusebium,</strong></span> <span class='ocrx_word' id='word_1_759' title='bbox 1717 5628 1780 5669; x_wconf 88' lang='lat' dir='ltr'><strong>ac</strong></span> 
     </span>
    </p>
   </div>
   <div class='ocr_carea' id='block_1_102' title="bbox 272 5721 824 5797">
    <p class='ocr_par' dir='ltr' id='par_1_102' title="bbox 272 5721 824 5797">
     <span class='ocr_line' id='line_1_102' title="bbox 272 5721 824 5797; baseline 0.002 -19"><span class='ocrx_word' id='word_1_760' title='bbox 272 5721 348 5797; x_wconf 73' lang='grc' dir='ltr'><strong>(ᾳ)</strong></span> <span class='ocrx_word' id='word_1_761' title='bbox 386 5724 499 5797; x_wconf 54' lang='lat' dir='ltr'><strong>Lib.</strong></span> <span class='ocrx_word' id='word_1_762' title='bbox 528 5742 584 5792; x_wconf 75' lang='grc' dir='ltr'><strong>ν,</strong></span> <span class='ocrx_word' id='word_1_763' title='bbox 614 5740 745 5797; x_wconf 80' lang='lat' dir='ltr'><strong>cap.</strong></span> <span class='ocrx_word' id='word_1_764' title='bbox 769 5724 824 5781; x_wconf 91' lang='lat'><strong>9.</strong></span> 
     </span>
    </p>
   </div>
   <div class='ocr_carea' id='block_1_103' title="bbox 272 5793 783 5869">
    <p class='ocr_par' dir='ltr' id='par_1_103' title="bbox 272 5793 783 5869">
     <span class='ocr_line' id='line_1_103' title="bbox 272 5793 783 5869; baseline 0.01 -23"><span class='ocrx_word' id='word_1_765' title='bbox 272 5793 345 5863; x_wconf 68' lang='grc' dir='ltr'><strong>(υ)</strong></span> <span class='ocrx_word' id='word_1_766' title='bbox 385 5795 499 5855; x_wconf 75' lang='lat' dir='ltr'><strong>vn.</strong></span> <span class='ocrx_word' id='word_1_767' title='bbox 532 5793 783 5869; x_wconf 55' lang='lat' dir='ltr'><strong>Capite.</strong></span> 
     </span>
    </p>
   </div>
   <div class='ocr_carea' id='block_1_104' title="bbox 1882 4679 3477 4758">
    <p class='ocr_par' dir='ltr' id='par_1_104' title="bbox 1882 4679 3477 4758">
     <span class='ocr_line' id='line_1_104' title="bbox 1882 4679 3477 4758; baseline 0.013 -22"><span class='ocrx_word' id='word_1_768' title='bbox 1882 4679 2227 4749; x_wconf 87' lang='lat' dir='ltr'><strong>Orientales,</strong></span> <span class='ocrx_word' id='word_1_769' title='bbox 2282 4683 2427 4737; x_wconf 90' lang='lat' dir='ltr'><strong>nulla</strong></span> <span class='ocrx_word' id='word_1_770' title='bbox 2484 4685 2812 4755; x_wconf 90' lang='lat' dir='ltr'><strong>reliquorum</strong></span> <span class='ocrx_word' id='word_1_771' title='bbox 2876 4682 3146 4749; x_wconf 81' lang='lat' dir='ltr'><strong>canonum</strong></span> <span class='ocrx_word' id='word_1_772' title='bbox 3198 4698 3477 4758; x_wconf 89' lang='lat' dir='ltr'><strong>mentione</strong></span> 
     </span>
    </p>
   </div>
   <div class='ocr_carea' id='block_1_105' title="bbox 1882 4773 3475 4851">
    <p class='ocr_par' dir='ltr' id='par_1_105' title="bbox 1882 4773 3475 4851">
     <span class='ocr_line' id='line_1_105' title="bbox 1882 4773 3475 4851; baseline 0.014 -24"><span class='ocrx_word' id='word_1_773' title='bbox 1882 4773 2041 4839; x_wconf 88' lang='lat' dir='ltr'><strong>facta,</strong></span> <span class='ocrx_word' id='word_1_774' title='bbox 2086 4788 2184 4844; x_wconf 92' lang='lat' dir='ltr'><strong>per</strong></span> <span class='ocrx_word' id='word_1_775' title='bbox 2227 4776 2434 4845; x_wconf 86' lang='lat' dir='ltr'><strong>legatos</strong></span> <span class='ocrx_word' id='word_1_776' title='bbox 2488 4778 2717 4837; x_wconf 84' lang='lat' dir='ltr'><strong>Damaso</strong></span> <span class='ocrx_word' id='word_1_777' title='bbox 2762 4783 3083 4851; x_wconf 88' lang='lat' dir='ltr'><strong>retulerunt,</strong></span> <span class='ocrx_word' id='word_1_778' title='bbox 3134 4789 3371 4848; x_wconf 83' lang='lat' dir='ltr'><strong>Nectarii</strong></span> <span class='ocrx_word' id='word_1_779' title='bbox 3419 4803 3475 4850; x_wconf 89' lang='lat' dir='ltr'><strong>et</strong></span> 
     </span>
    </p>
   </div>
   <div class='ocr_carea' id='block_1_106' title="bbox 1883 4864 3476 4953">
    <p class='ocr_par' dir='ltr' id='par_1_106' title="bbox 1883 4864 3476 4953">
     <span class='ocr_line' id='line_1_106' title="bbox 1883 4864 3476 4953; baseline 0.013 -32"><span class='ocrx_word' id='word_1_780' title='bbox 1883 4864 2125 4922; x_wconf 89' lang='lat' dir='ltr'><strong>Flaviani</strong></span> <span class='ocrx_word' id='word_1_781' title='bbox 2157 4868 2550 4926; x_wconf 87' lang='lat' dir='ltr'><strong>ordinationem</strong></span> <span class='ocrx_word' id='word_1_782' title='bbox 2583 4873 2915 4944; x_wconf 89' lang='lat' dir='ltr'><strong>respiciunt,</strong></span> <span class='ocrx_word' id='word_1_783' title='bbox 2948 4893 3012 4934; x_wconf 81' lang='lat' dir='ltr'><strong>ac</strong></span> <span class='ocrx_word' id='word_1_784' title='bbox 3042 4878 3302 4953; x_wconf 83' lang='lat' dir='ltr'><strong>Cyrillum</strong></span> <span class='ocrx_word' id='word_1_785' title='bbox 3346 4886 3476 4941; x_wconf 87' lang='lat' dir='ltr'><strong>Hie-</strong></span> 
     </span>
    </p>
   </div>
   <div class='ocr_carea' id='block_1_107' title="bbox 1885 4959 3476 5045">
    <p class='ocr_par' dir='ltr' id='par_1_107' title="bbox 1885 4959 3476 5045">
     <span class='ocr_line' id='line_1_107' title="bbox 1885 4959 3476 5045; baseline 0.011 -31"><span class='ocrx_word' id='word_1_786' title='bbox 1885 4959 2374 5031; x_wconf 77' lang='lat' dir='ltr'><strong>rosolymitanum;</strong></span> <span class='ocrx_word' id='word_1_787' title='bbox 2431 4964 2510 5018; x_wconf 89' lang='lat' dir='ltr'><strong>sic</strong></span> <span class='ocrx_word' id='word_1_788' title='bbox 2562 4966 2705 5019; x_wconf 90' lang='lat' dir='ltr'><strong>enim</strong></span> <span class='ocrx_word' id='word_1_789' title='bbox 2763 4967 3002 5024; x_wconf 83' lang='lat' dir='ltr'><strong>habent:</strong></span> <span class='ocrx_word' id='word_1_790' title='bbox 3046 4971 3125 5026; x_wconf 85' lang='lat' dir='ltr'><strong>De</strong></span> <span class='ocrx_word' id='word_1_791' title='bbox 3171 4976 3476 5045; x_wconf 84' lang='lat' dir='ltr'><strong>particulari</strong></span> 
     </span>
    </p>
   </div>
   <div class='ocr_carea' id='block_1_108' title="bbox 1881 5052 3476 5141">
    <p class='ocr_par' dir='ltr' id='par_1_108' title="bbox 1881 5052 3476 5141">
     <span class='ocr_line' id='line_1_108' title="bbox 1881 5052 3476 5141; baseline 0.013 -36"><span class='ocrx_word' id='word_1_792' title='bbox 1881 5064 2049 5115; x_wconf 87' lang='lat' dir='ltr'><strong>autem</strong></span> <span class='ocrx_word' id='word_1_793' title='bbox 2089 5052 2441 5110; x_wconf 85' lang='lat' dir='ltr'><strong>Ecclesiarum</strong></span> <span class='ocrx_word' id='word_1_794' title='bbox 2484 5058 2955 5129; x_wconf 85' lang='lat' dir='ltr'><strong>administratione,</strong></span> <span class='ocrx_word' id='word_1_795' title='bbox 2990 5066 3202 5136; x_wconf 87' lang='lat' dir='ltr'><strong>antiqua</strong></span> <span class='ocrx_word' id='word_1_796' title='bbox 3239 5077 3292 5121; x_wconf 88' lang='lat' dir='ltr'><strong>ut</strong></span> <span class='ocrx_word' id='word_1_797' title='bbox 3320 5070 3476 5141; x_wconf 85' lang='lat' dir='ltr'><strong>probe</strong></span> 
     </span>
    </p>
   </div>
   <div class='ocr_carea' id='block_1_109' title="bbox 1886 5149 3480 5220">
    <p class='ocr_par' dir='ltr' id='par_1_109' title="bbox 1886 5149 3480 5220">
     <span class='ocr_line' id='line_1_109' title="bbox 1886 5149 3480 5220; baseline 0.012 -19"><span class='ocrx_word' id='word_1_798' title='bbox 1886 5149 2051 5203; x_wconf 90' lang='lat' dir='ltr'><strong>nostis</strong></span> <span class='ocrx_word' id='word_1_799' title='bbox 2091 5149 2307 5204; x_wconf 82' lang='lat' dir='ltr'><strong>obtinuit</strong></span> <span class='ocrx_word' id='word_1_800' title='bbox 2343 5153 2571 5219; x_wconf 86' lang='lat' dir='ltr'><strong>sanctio,</strong></span> <span class='ocrx_word' id='word_1_801' title='bbox 2606 5162 2653 5207; x_wconf 85' lang='lat' dir='ltr'><strong>et</strong></span> <span class='ocrx_word' id='word_1_802' title='bbox 2691 5162 2985 5209; x_wconf 83' lang='lat' dir='ltr'><strong>sanctorum</strong></span> <span class='ocrx_word' id='word_1_803' title='bbox 3033 5157 3248 5213; x_wconf 89' lang='lat' dir='ltr'><strong>Patrum</strong></span> <span class='ocrx_word' id='word_1_804' title='bbox 3282 5162 3480 5220; x_wconf 61' lang='lat' dir='ltr'><strong>Nica’a:</strong></span> 
     </span>
    </p>
   </div>
   <div class='ocr_carea' id='block_1_110' title="bbox 1881 5245 3479 5327">
    <p class='ocr_par' dir='ltr' id='par_1_110' title="bbox 1881 5245 3479 5327">
     <span class='ocr_line' id='line_1_110' title="bbox 1881 5245 3479 5327; baseline 0.009 -30"><span class='ocrx_word' id='word_1_805' title='bbox 1881 5252 2309 5316; x_wconf 77' lang='lat' dir='ltr'><strong>congregatarum</strong></span> <span class='ocrx_word' id='word_1_806' title='bbox 2351 5245 2573 5313; x_wconf 66' lang='lat' dir='ltr'><strong>regulas.</strong></span> <span class='ocrx_word' id='word_1_807' title='bbox 2615 5254 2671 5299; x_wconf 89' lang='lat' dir='ltr'><strong>ut</strong></span> <span class='ocrx_word' id='word_1_808' title='bbox 2709 5248 2762 5300; x_wconf 85' lang='lat' dir='ltr'><strong>in</strong></span> <span class='ocrx_word' id='word_1_809' title='bbox 2810 5250 3026 5320; x_wconf 77' lang='lat' dir='ltr'><strong>singulis</strong></span> <span class='ocrx_word' id='word_1_810' title='bbox 3054 5253 3330 5322; x_wconf 79' lang='lat' dir='ltr'><strong>provinciis</strong></span> <span class='ocrx_word' id='word_1_811' title='bbox 3370 5258 3479 5327; x_wconf 87' lang='lat' dir='ltr'><strong>epi-</strong></span> 
     </span>
    </p>
   </div>
   <div class='ocr_carea' id='block_1_111' title="bbox 1881 5339 3479 5413">
    <p class='ocr_par' dir='ltr' id='par_1_111' title="bbox 1881 5339 3479 5413">
     <span class='ocr_line' id='line_1_111' title="bbox 1881 5339 3479 5413; baseline 0.008 -21"><span class='ocrx_word' id='word_1_812' title='bbox 1881 5339 2027 5407; x_wconf 84' lang='lat' dir='ltr'><strong>scopi</strong></span> <span class='ocrx_word' id='word_1_813' title='bbox 2065 5340 2209 5394; x_wconf 87' lang='lat' dir='ltr'><strong>illius</strong></span> <span class='ocrx_word' id='word_1_814' title='bbox 2251 5340 2561 5410; x_wconf 67' lang='lat' dir='ltr'><strong>provinciis,</strong></span> <span class='ocrx_word' id='word_1_815' title='bbox 2594 5350 2640 5396; x_wconf 88' lang='lat' dir='ltr'><strong>et</strong></span> <span class='ocrx_word' id='word_1_816' title='bbox 2677 5342 2723 5395; x_wconf 88' lang='lat' dir='ltr'><strong>si</strong></span> <span class='ocrx_word' id='word_1_817' title='bbox 2756 5343 2865 5397; x_wconf 86' lang='lat' dir='ltr'><strong>illis</strong></span> <span class='ocrx_word' id='word_1_818' title='bbox 2890 5345 3140 5413; x_wconf 85' lang='lat' dir='ltr'><strong>placuerit</strong></span> <span class='ocrx_word' id='word_1_819' title='bbox 3164 5386 3179 5411; x_wconf 95' lang='lat'><strong>,</strong></span> <span class='ocrx_word' id='word_1_820' title='bbox 3221 5363 3325 5401; x_wconf 85' lang='lat' dir='ltr'><strong>una</strong></span> <span class='ocrx_word' id='word_1_821' title='bbox 3359 5362 3479 5405; x_wconf 82' lang='lat' dir='ltr'><strong>cum</strong></span> 
     </span>
    </p>
   </div>
   <div class='ocr_carea' id='block_1_112' title="bbox 1880 5433 3477 5515">
    <p class='ocr_par' dir='ltr' id='par_1_112' title="bbox 1880 5433 3477 5515">
     <span class='ocr_line' id='line_1_112' title="bbox 1880 5433 3477 5515; baseline 0.008 -28"><span class='ocrx_word' id='word_1_822' title='bbox 1880 5433 2137 5502; x_wconf 87' lang='lat' dir='ltr'><strong>episcopis</strong></span> <span class='ocrx_word' id='word_1_823' title='bbox 2153 5434 2280 5503; x_wconf 88' lang='lat' dir='ltr'><strong>ipsis</strong></span> <span class='ocrx_word' id='word_1_824' title='bbox 2296 5434 2550 5502; x_wconf 89' lang='lat' dir='ltr'><strong>ﬁnitimis,</strong></span> <span class='ocrx_word' id='word_1_825' title='bbox 2581 5435 2952 5505; x_wconf 86' lang='lat' dir='ltr'><strong>ordinationes,</strong></span> <span class='ocrx_word' id='word_1_826' title='bbox 2980 5450 3133 5507; x_wconf 88' lang='lat' dir='ltr'><strong>prout</strong></span> <span class='ocrx_word' id='word_1_827' title='bbox 3153 5441 3279 5495; x_wconf 90' lang='lat' dir='ltr'><strong>utile</strong></span> <span class='ocrx_word' id='word_1_828' title='bbox 3299 5445 3477 5515; x_wconf 81' lang='lat' dir='ltr'><strong>fuerit,</strong></span> 
     </span>
    </p>
   </div>
   <div class='ocr_carea' id='block_1_113' title="bbox 1880 5525 3482 5608">
    <p class='ocr_par' dir='ltr' id='par_1_113' title="bbox 1880 5525 3482 5608">
     <span class='ocr_line' id='line_1_113' title="bbox 1880 5525 3482 5608; baseline 0.008 -29"><span class='ocrx_word' id='word_1_829' title='bbox 1880 5525 2109 5594; x_wconf 81' lang='lat' dir='ltr'><strong>faciant;</strong></span> <span class='ocrx_word' id='word_1_830' title='bbox 2140 5542 2204 5581; x_wconf 80' lang='lat' dir='ltr'><strong>ea:</strong></span> <span class='ocrx_word' id='word_1_831' title='bbox 2246 5543 2464 5598; x_wconf 83' lang='lat' dir='ltr'><strong>quorum</strong></span> <span class='ocrx_word' id='word_1_832' title='bbox 2506 5529 2678 5601; x_wconf 81' lang='lat' dir='ltr'><strong>legum</strong></span> <span class='ocrx_word' id='word_1_833' title='bbox 2717 5531 3017 5602; x_wconf 69' lang='lat' dir='ltr'><strong>prwscripto</strong></span> <span class='ocrx_word' id='word_1_834' title='bbox 3044 5529 3482 5608; x_wconf 83' lang='lat' dir='ltr'><strong>Constantinopo-</strong></span> 
     </span>
    </p>
   </div>
   <div class='ocr_carea' id='block_1_114' title="bbox 1882 5616 3480 5697">
    <p class='ocr_par' dir='ltr' id='par_1_114' title="bbox 1882 5616 3480 5697">
     <span class='ocr_line' id='line_1_114' title="bbox 1882 5616 3480 5697; baseline 0.009 -26"><span class='ocrx_word' id='word_1_835' title='bbox 1882 5618 2059 5673; x_wconf 65' lang='lat' dir='ltr'><strong>litanae</strong></span> <span class='ocrx_word' id='word_1_836' title='bbox 2084 5616 2373 5687; x_wconf 68' lang='lat' dir='ltr'><strong>Ecclesia,</strong></span> <span class='ocrx_word' id='word_1_837' title='bbox 2413 5621 2895 5677; x_wconf 80' lang='lat' dir='ltr'><strong>reverendissimum</strong></span> <span class='ocrx_word' id='word_1_838' title='bbox 2935 5638 2997 5677; x_wconf 89' lang='lat' dir='ltr'><strong>ac</strong></span> <span class='ocrx_word' id='word_1_839' title='bbox 3040 5624 3480 5697; x_wconf 82' lang='lat' dir='ltr'><strong>religiosissimum</strong></span> 
     </span>
    </p>
   </div>
   <div class='ocr_carea' id='block_1_115' title="bbox 1966 5728 2736 5803">
    <p class='ocr_par' dir='ltr' id='par_1_115' title="bbox 1966 5728 2736 5803">
     <span class='ocr_line' id='line_1_115' title="bbox 1966 5728 2736 5803; baseline 0 -18"><span class='ocrx_word' id='word_1_840' title='bbox 1966 5731 2039 5800; x_wconf 84' lang='lat' dir='ltr'><strong>(c)</strong></span> <span class='ocrx_word' id='word_1_841' title='bbox 2081 5730 2254 5803; x_wconf 86' lang='lat' dir='ltr'><strong>Epist.</strong></span> <span class='ocrx_word' id='word_1_842' title='bbox 2287 5728 2376 5799; x_wconf 88' lang='lat'><strong>80,</strong></span> <span class='ocrx_word' id='word_1_843' title='bbox 2411 5731 2580 5803; x_wconf 75' lang='lat' dir='ltr'><strong>Lugd.</strong></span> <span class='ocrx_word' id='word_1_844' title='bbox 2604 5732 2736 5788; x_wconf 85' lang='lat' dir='ltr'><strong>edit.</strong></span> 
     </span>
    </p>
   </div>
  </div>
