3950 6330
474 276 585 335 359

1674 270 1992 333 SANCTUS
2030 273 2357 337 DAMASUS
2392 276 2593 336 PAPA.
3633 288 3722 349 240

476 392 787 449 Nectarium
811 390 1160 446 ordinaoimus
1203 388 1499 462 episcopum
1537 390 1595 447 in
1625 392 1909 447 uniuersali
1952 410 2077 448 con-
2102 397 2157 457 Α
2179 393 2383 468 Cynico
2407 396 2680 464 favebant,
2721 396 2931 463 minas;
2958 405 3013 454 at
3032 398 3070 455 ii
3102 412 3321 467 prorsus
3345 400 3569 459 divinare
3616 408 3723 464 mihi

482 487 625 549 cilio,
654 485 910 541 communi
936 484 1161 538 omnium
1177 498 1453 550 consensu,
1488 499 1664 538 coram
1687 485 2079 556 religiosissima

484 577 1114 651 imperatoreTheodosio,
1131 576 1485 645 adstipulante
1495 578 1632 631 omni
1649 578 1786 632 clero
1798 588 1847 633 et
1858 579 2077 634 ciuitate.

483 674 868 745 Antiquissima:
895 688 1014 727 vero
1037 671 1373 727 Antiocheam
1396 672 1450 725 in
1473 670 1631 743 Syria
1659 670 1908 727 Ecclesia:
1941 688 2082 728 reue-

482 765 849 820 rendissimum
875 773 921 818 et
951 764 1398 838 religiosissimum
1423 764 1718 834 episcOpum
1746 762 2080 833 Flavianum,

483 871 595 916 tum
625 858 766 914 illius
795 858 1116 925 Provinciae,
1149 866 1255 913 tum
1284 858 1512 914 dioecesis
1543 857 1825 914 Orientalis
1853 857 2084 930 episcopi

482 955 539 1008 in
573 970 728 1009 unum
770 954 1069 1027 congregati
1099 952 1345 1007 canonice
1379 952 1686 1007 ordinarunt
1714 960 1820 1007 tota
1849 949 2085 1006 Ecclesia

481 1048 857 1114 consentiente,
912 1055 960 1101 et
1006 1047 1156 1117 quasi
1209 1063 1313 1102 uno
1363 1062 1451 1102 ore
1495 1047 1661 1101 virum
1714 1046 2084 1102 collaudante:

480 1156 638 1209 quam
666 1141 872 1209 quidem
898 1139 1276 1194 ordinationem
1303 1139 1534 1210 synodus
1568 1138 1809 1193 uniuersa
1835 1138 2081 1209 suscepit.

479 1234 973 1307 Hierosolymitante
1013 1243 1187 1288 autem
1236 1233 1484 1288 Ecclesia:
1512 1233 1996 1289 reuerendissimum
2025 1248 2087 1287 ac

476 1328 926 1399 religiosissimum
952 1326 1205 1399 Cyrillum
1229 1327 1541 1392 indicamus,
1578 1328 1667 1397 qui
1692 1326 1937 1381 canonice
1960 1327 2088 1381 olim

486 1421 588 1491 fuit
614 1421 908 1480 ordinatus.
933 1430 982 1473 et
1014 1420 1241 1489 plurima
1264 1421 1422 1475 variis
1448 1420 1500 1474 in
1524 1419 1650 1474 locis
1672 1428 1850 1474 contra
1865 1419 2088 1473 Arianos

481 1514 766 1569 certamina
777 1513 951 1569 subiit.
976 1511 1090 1568 Hoc
1105 1524 1285 1569 autem
1304 1513 1423 1569 loco
1442 1512 1770 1583 Beveregius
1791 1513 1960 1568 utitur
1980 1510 2084 1583 (a),

483 1616 548 1662 ut
576 1607 1002 1676 apostolicorum
1046 1622 1348 1672 canonum,
1389 1622 1525 1678 quos
1552 1608 1655 1663 sub
1691 1622 1824 1663 voce
1855 1607 2089 1678 antiqua:

484 1700 784 1755 sanctionis
813 1699 1080 1755 indicatos
1109 1712 1257 1758 recte
1286 1709 1471 1771 putat,
1521 1702 1898 1757 auctoritatem
1929 1709 2091 1772 atque

2186 489 2460 558 videntur,
2486 490 2707 561 suisque
2735 492 3129 563 prteconceptis
3156 494 3487 564 opinionibus
3510 496 3723 569 abrepti:

2184 584 2425 655 pontifex
2448 585 2591 641 enim
2610 585 2939 655 Bonifacius,
2957 588 3108 643 testis
3127 588 3311 660 procul
3331 588 3489 646 dubio
3514 590 3725 661 idoneus,

2186 692 2346 733 unam
2381 687 2587 734 tantum
2609 677 2761 735 affert
2791 679 2951 749 hujus
2978 681 3058 737 rei
3088 696 3326 744 causam.
3350 685 3469 754 quia
3498 700 3668 756 nempe
3687 687 3730 743 id

2184 770 2388 840 negotii
2419 770 2471 827 in
2497 770 2725 827 Romani
2753 772 2990 845 episcopi
3021 775 3231 830 notione
3256 792 3358 830 non
3380 785 3520 844 esset,
3541 792 3732 850 eamque

2186 873 2475 934 propterea
2519 865 2819 935 ﬁrmitatem
2848 882 2957 922 non
2990 867 3246 936 haberet,
3274 884 3393 941 quae
3416 886 3478 925 ex
3518 885 3612 925 una
3635 879 3730 928 tan-

2186 962 2299 1009 tum
2357 956 2671 1025 apostolicae
2734 957 2881 1014 sedis
2944 961 3326 1017 communione
3388 962 3625 1020 accedere
3671 965 3733 1022 illi

2186 1056 2435 1119 poterat;
2487 1049 2754 1119 siquidem
2807 1050 3129 1120 Nectar-ius,
3188 1053 3591 1111 catechumenus
3634 1072 3735 1112 cum

2187 1149 2351 1208 esset,
2379 1139 2599 1196 Nicmno
2623 1156 2746 1197 can.
2770 1141 2806 1196 2
2836 1143 2903 1199 ab
2927 1142 3246 1214 episcopatu
3271 1143 3567 1214 arcebatur,
3592 1162 3738 1218 eaque

2188 1239 2271 1287 est
2297 1246 2457 1287 causa
2501 1246 2601 1287 cur
2638 1233 2824 1304 plures
2853 1249 2918 1290 ex
2956 1233 3209 1292 Patribus
3236 1239 3354 1307 ejus
3382 1238 3737 1295 consecrationi

2187 1324 2257 1380 ab
2287 1324 2441 1380 initio
2470 1324 2904 1383 intercesserint.
2928 1326 3042 1384 Hoc
3068 1327 3252 1401 itaque
3277 1345 3397 1386 cum
3417 1329 3568 1385 etiam
3590 1329 3737 1386 Theo-

2189 1405 2376 1473 dosius
2407 1418 2573 1489 probe
2619 1419 2949 1492 intelligeret
2995 1436 3058 1476 ac
3084 1434 3367 1479 vereretur
3416 1438 3481 1479 ne
3508 1424 3622 1496 quid
3648 1425 3733 1482 ite-

2189 1526 2309 1567 rum
2359 1519 2649 1583 projtterea
2698 1523 2888 1569 contra
2937 1512 3245 1571 Nectarium
3302 1516 3503 1572 moveri
3551 1526 3738 1588 posset,

2193 1604 2364 1661 tribus
2393 1604 2484 1676 qui
2513 1613 2638 1661 tunc
2664 1605 2732 1661 ab
2758 1622 2822 1662 ea
2840 1607 3060 1680 synodo
3088 1607 3317 1664 Romam
3348 1608 3500 1682 legali
3527 1610 3736 1681 episcopi

2193 1699 2427 1767 fuerant,
2456 1701 2660 1757 aulicos
2687 1715 2815 1757 suos
2841 1701 3108 1772 adjunxit,
3132 1718 3240 1773 quo
3264 1701 3470 1758 facilius
3493 1703 3739 1759 Damasum

487 1793 863 1864 antiquitatem
890 1793 1171 1862 adstruat,
1204 1810 1269 1852 ac
1307 1805 1363 1849 ut
1386 1794 1621 1851 Nectarii
1645 1806 1700 1851 et
1731 1795 1972 1851 Flaviani
2002 1809 2089 1850 or-
2119 1788 2168 1851 B
2196 1800 2538 1863 permoveret
2562 1792 2630 1849 ad
2660 1794 3040 1851 concedendas
3070 1809 3187 1851 sua:
3224 1794 3606 1852 communionis
3632 1795 3747 1853 litte-

490 1886 823 1954 dinationes,
866 1887 1067 1944 nedum
1114 1903 1142 1942 a
1189 1887 1479 1959 cujuslibet
1524 1888 1854 1959 provinciae,
1900 1902 2089 1944 verum

486 1983 651 2040 etiam
696 1984 925 2039 aliarum
965 1982 1366 2054 provinciarum
1410 1998 1473 2039 ac
1517 1982 1683 2038 totius
1720 1981 1988 2048 Orientis,
2035 1982 2089 2037 in

487 2077 724 2135 concilio
771 2077 1374 2148 Ctmstantinopolitano
1420 2086 1548 2133 tunc
1591 2077 1932 2148 congregatis
1976 2076 2091 2146 epi-

488 2172 696 2242 scopis,
721 2170 891 2227 factas
924 2172 1132 2241 probet.
1159 2171 1295 2228 Nam
1318 2173 1363 2226 si
1390 2186 1549 2228 secus
1577 2180 1745 2237 esset,
1771 2186 1869 2226 cur
1896 2183 2092 2240 provo-

488 2274 709 2320 cassent
732 2264 799 2320 ad
822 2266 1086 2336 antiquam
1113 2264 1255 2320 illam
1279 2266 1618 2329 sanctionem,
1633 2278 1873 2321 canones
1884 2262 2093 2319 scilicet

488 2360 821 2430 apostolicos
846 2358 916 2415 54
944 2367 997 2415 et
1026 2358 1131 2415 55?
1157 2358 1223 2414 Hi
1243 2360 1388 2415 enim
1422 2358 1797 2415 tantummodo
1826 2369 1992 2429 agunt
2020 2355 2092 2412 de

488 2452 747 2507 vocandis
769 2492 783 2514 .
817 2451 864 2507 si
894 2442 1181 2523 placuerit,
1212 2452 1437 2507 aliarum
1469 2452 1631 2507 etiam
1661 2461 1716 2506 et
1744 2448 2089 2504 ﬁnitimarum

488 2543 892 2615 provinciarum
922 2543 990 2600 ad
1031 2558 1214 2599 sacras
1243 2543 1616 2600 ordinationes
1646 2541 1917 2613 episcopis
1943 2559 1956 2596 :
1989 2542 2091 2597 hoc

486 2653 620 2694 vero
650 2648 840 2695 contra
868 2654 984 2702 eos,
1015 2638 1107 2709 qui
1134 2637 1450 2694 Flavianum
1480 2636 1785 2692 Antiochia:
1806 2649 2093 2692 consecra-

485 2739 602 2788 tum
629 2741 885 2788 asserunt
929 2730 1146 2786 interim
1178 2730 1525 2786 observatum
1554 2727 1722 2784 volui.
1757 2726 1864 2784 Sed
1893 2727 2089 2783 iterum

485 2824 800 2893 redeamus,
832 2825 976 2881 unde
998 2824 1370 2880 discessimus.

564 2919 703 2987 Quid
732 2919 896 2991 igitur
915 2916 1122 2991 Cyrillo
1146 2918 1365 2974 crimini
1390 2917 1576 2973 datum
1606 2915 1791 2981 fuerit,
1820 2925 1879 2972 ut
1899 2916 2094 2973 Orien-

486 3013 627 3070 tales
653 3013 931 3085 episcopi,
969 3012 1090 3080 ejus
1115 3012 1256 3083 apud
1286 3011 1472 3067 sedem
1503 3009 1855 3083 apostolicam
1887 3009 2091 3065 Roma-

490 3120 729 3176 namque
778 3105 918 3161 hanc
976 3106 1243 3176 synodum
1307 3118 1525 3159 causam
1582 3102 1719 3157 tueri
1774 3100 2089 3167 debuerint,

2194 1900 2305 1953 ras,
2336 1885 2452 1941 sive
2478 1886 2775 1958 formatam,
2805 1904 2924 1958 qua:
2950 1888 3208 1945 collatum
3242 1888 3511 1963 neophyto
3537 1891 3745 1946 sacerdo-

2194 1978 2323 2033 tium
2348 1981 2633 2035 roboraret.
2679 1978 2741 2035 ld
2781 1996 2911 2037 vero
2940 1990 3053 2047 est,
3086 1982 3139 2037 ni
3170 1982 3352 2051 fallor,
3382 1981 3519 2054 quod
3548 1982 3745 2039 Ambro-

2192 2075 2326 2141 sius,
2355 2073 2509 2145 cujus
2530 2075 2639 2131 alio
2666 2075 2788 2131 loco
2810 2075 2976 2132 verba
2999 2076 3177 2145 attuli,
3205 2091 3312 2133 non
3339 2076 3560 2133 obscure
3586 2077 3744 2142 sensit,

2193 2180 2315 2223 cum
2347 2166 2745 2224 ordinationem
2775 2181 2930 2224 suam
2958 2170 3021 2223 ab
3052 2168 3406 2225 Orientalibus
3443 2180 3492 2225 et
3533 2167 3746 2224 Occiden-

2193 2259 2381 2314 talibus
2401 2260 2809 2331 comprobatam
2831 2262 3074 2332 scripsit,
3092 2270 3257 2332 atque
3274 2261 3412 2325 aliis,
3440 2258 3749 2316 Orientalibus

2194 2354 2440 2423 scilicet,
2469 2355 2762 2426 emplum
2792 2355 3107 2423 dumtaxat,
3133 2354 3551 2411 Occidentalibus
3577 2364 3748 2421 autem,

2193 2464 2450 2519 supremo
2490 2466 2685 2521 nempe
2713 2451 2830 2521 ejus
2866 2450 3128 2507 Ecclesia:
3154 2452 3344 2522 capiti,
3360 2450 3607 2523 judicium
3630 2448 3753 2505 attri-

2193 2539 2312 2598 buit
2343 2542 2438 2614 (c).
2478 2541 2611 2599 Cum
2655 2543 2818 2613 igitur
2844 2553 3047 2598 certam
3090 2558 3154 2600 ac
3180 2544 3544 2600 necessariam
3568 2556 3751 2599 causam

2193 2642 2514 2702 teneamus,
2564 2650 2662 2690 cur
2704 2634 2949 2704 episc0pi
2990 2634 3065 2690 illi
3093 2634 3159 2689 de
3189 2633 3429 2691 Nectarii
3456 2633 3753 2690 ordinatione

2195 2725 2433 2782 Damaso
2474 2726 2762 2783 retulerint
2782 2768 2797 2794 ,
2822 2728 3049 2784 minime
3079 2742 3311 2784 necesse
3338 2739 3441 2796 est,
3470 2736 3526 2784 ut
3549 2726 3609 2782 ad
3632 2724 3754 2782 Itali-

2192 2833 2316 2875 cum
2331 2820 2619 2876 concilium
2635 2819 2860 2891 ejusque
2874 2819 3106 2888 litteras,
3127 2836 3283 2877 mera
3309 2836 3496 2893 nempe
3517 2820 3751 2893 ﬁgmenta,

2192 2911 2839 2969 recurramuaCzeterum
2871 2923 2988 2969 erat
3010 2913 3182 2969 altera
3222 2924 3479 2985 prmterea
3505 2914 3650 2980 ratio,
3677 2925 3755 2967 cur

2195 3009 2418 3077 formata
2452 3021 2481 3060 a
2537 3006 2783 3061 Romano
2805 3005 3068 3077 pontiﬁce
3094 3021 3192 3077 pro
3223 3005 3473 3063 Nectario
3496 3012 3754 3078 peteretur,

2195 3099 2292 3154 sed
2331 3114 2453 3170 qua:
2493 3098 2710 3154 silentio
2766 3098 2873 3170 tegi
2932 3114 2997 3155 ac
3046 3098 3383 3157 dissimulari
3412 3098 3607 3157 debuit.
3648 3096 3756 3153 Nam

485 3199 713 3256 minime
741 3208 975 3255 constat.
1017 3198 1155 3254 Sunt
1182 3196 1273 3268 qui
1315 3196 1519 3252 factum
1550 3205 1775 3265 putant,
1813 3194 1937 3263 quia
1990 3194 2091 3248 Da-
2117 3187 2165 3253 C
2195 3206 2316 3247 cum
2370 3193 2660 3264 episcopus
2708 3192 3355 3271 Constantinopolitanus
3405 3196 3472 3252 ab
3522 3191 3758 3249 Heraclea:

491 3310 679 3353 masus
707 3309 771 3350 ac
797 3293 1175 3351 Occidentales
1210 3292 1329 3364 ejus
1351 3291 1747 3348 ordinationem
1777 3289 2091 3345 infamatam

488 3397 773 3447 noverant.
809 3388 1037 3444 Ruﬁnus
1065 3397 1349 3457 praeterea,
1380 3386 1635 3441 Socrates
1662 3398 1726 3440 ac
1754 3382 2093 3440 Sozomenus

495 3483 647 3538 illum
679 3483 731 3537 in
763 3480 866 3537 ﬁde
895 3481 1105 3537 varium
1145 3479 1310 3535 fuisse
1342 3477 1623 3545 scribunt,
1667 3475 1811 3547 quod
1856 3474 2093 3531 recentia

494 3574 701 3647 aliquot
729 3574 1044 3632 Graecorum
1098 3589 1302 3629 mentea
1351 3574 1678 3627 conﬁrmare
1721 3571 1994 3628 videntur.
2026 3573 2098 3626 At

493 3668 582 3724 vir
622 3667 872 3723 doctrina
918 3682 983 3723 ac
1004 3666 1206 3737 pietate
1255 3664 1481 3735 insignis
1524 3664 1827 3732 Touttaaus,
1881 3664 1934 3721 in
1972 3663 2094 3720 Vita

490 3760 738 3831 ejusdem
769 3759 944 3814 Patris
982 3757 1242 3829 operibus
1272 3757 1576 3827 praemissa,
1612 3757 1753 3813 hanc
1779 3758 1848 3814 ab
1875 3771 1943 3813 eo
1983 3756 2099 3813 cul-

492 3867 621 3924 pam
646 3852 938 3920 diligenter
964 3856 1199 3905 amovet.
1228 3848 1551 3905 Rationibus
1572 3858 1753 3905 autem
1781 3850 1849 3905 ab
1876 3863 1943 3905 eo
1966 3848 2097 3905 alla-

494 3945 570 4001 tis
618 3944 742 4001 addi
793 3946 978 4013 posset
1024 3943 1109 4011 id,
1138 3941 1282 4014 quod
1321 3942 1375 3998 in
1413 3941 1681 4015 Synodica
1710 3942 1925 4013 legitur,
1971 3957 2097 3998 eum

492 4038 737 4103 scilicet,
770 4037 834 4092 ub
862 4036 1072 4108 synodis
1096 4034 1189 4091 sub
1223 4034 1447 4091 Damaso
1482 4035 1681 4101 Romae,
1715 4049 1779 4091 ac
1804 4033 2101 4090 Constanti-

492 4130 675 4202 nopoli
695 4130 788 4185 sub
818 4128 1067 4184 Nectario
1088 4128 1380 4195 celebratis,
1406 4127 1584 4182 multis
1610 4128 1807 4182 elatum
1834 4128 2096 4195 laudibus,

492 4233 554 4279 ut
586 4224 713 4281 hinc
737 4224 963 4293 colligas
989 4238 1121 4293 pura
1155 4220 1324 4277 fuisse
1353 4220 1504 4276 illum
1534 4218 1641 4275 ﬁde
1667 4237 1680 4273 :
1712 4220 1934 4276 accedat
1954 4218 2099 4291 quod

494 4316 543 4373 si
574 4317 829 4373 haeresim
863 4314 1141 4387 professus
1184 4312 1476 4386 aliquando
1516 4311 1724 4379 fuerat,
1759 4311 1825 4367 ad
1857 4327 2099 4369 commu‘

495 4411 717 4468 nionem
748 4410 917 4480 recipi
948 4425 1047 4481 per
1065 4408 1373 4466 Orientales
1398 4422 1506 4465 non
1539 4415 1778 4477 poterat.
1804 4406 1907 4463 nisi
1936 4422 2099 4464 causa

496 4517 527 4556 a
559 4504 689 4559 sede
744 4503 1039 4573 apostolica
1083 4511 1241 4558 antea
1271 4500 1486 4572 cognita
1515 4508 1572 4556 et
1600 4498 1868 4556 discussa.
1917 4499 2099 4570 Siqui-

2196 3286 2486 3357 metropoli
2507 3286 2841 3352 subtractus,
2856 3285 3081 3343 decreto
3104 3286 3303 3360 synodi
3329 3288 3551 3359 primum
3574 3281 3760 3341 honoris

2196 3378 2420 3450 gradum
2465 3388 2587 3450 post
2626 3380 2931 3435 Romanum
2962 3389 3297 3437 consecutus
3325 3391 3500 3450 esset;
3539 3387 3595 3434 ut
3636 3390 3760 3434 nova

2197 3470 2477 3543 dignitatis
2510 3473 2663 3544 quasi
2711 3474 3114 3543 possessionem
3149 3472 3347 3543 iniret,
3394 3474 3659 3531 videbatur
3682 3486 3759 3526 ne-

2198 3568 2517 3633 cessarium,
2547 3568 2797 3639 exemplo
2826 3566 3248 3624 Alexandriniet
3278 3566 3612 3634 Antiocheni,
3640 3573 3689 3621 ut
3707 3563 3761 3619 de

2198 3662 2281 3717 sui
2321 3661 2667 3719 ordinatione
2708 3662 3022 3732 apostolicm
3060 3661 3178 3719 sedi
3228 3663 3486 3732 referret,
3530 3662 3593 3718 ab
3619 3671 3761 3730 eaque

2203 3753 2412 3810 litteras
2431 3754 2833 3811 communionis
2857 3754 3161 3826 acciperet,
3193 3756 3340 3827 quod
3366 3754 3657 3826 exemplum
3680 3747 3760 3807 sub

2202 3845 2454 3903 Nectario
2495 3847 2729 3918 positum
2769 3856 2994 3905 sanctus
3022 3846 3265 3905 Joannes
3291 3849 3689 3920 Chrysostomus
3712 3855 3761 3897 ac

2200 3942 2383 3998 cteteri
2449 3958 2796 4000 successores
2859 3944 3020 4015 longo
3072 3942 3335 4016 deinceps
3388 3943 3577 3999 ordine
3621 3937 3759 3996 secuti

2200 4044 2358 4102 sunt;
2391 4035 2546 4092 hisce
2569 4044 2776 4100 autem,
2806 4052 2929 4108 quae
2958 4036 3267 4093 Orientales
3292 4052 3322 4092 a
3346 4052 3404 4092 se
3433 4036 3672 4108 tvbicpac
3696 4028 3764 4085 καί

2201 4138 2463 4191 κανονικῶς
2480 4130 2771 4186 consmuta
2791 4131 3078 4202 putabant,
3102 4130 3391 4200 epistolam
3414 4125 3764 4186 concludentes

2203 4232 2423 4293 petunt,
2458 4230 2518 4278 ut
2548 4222 2809 4279 Damasus
2846 4222 3145 4294 cmtcrique
3197 4222 3571 4280 Occidentales
3609 4226 3763 4274 secum

2202 4316 2565 4391 gratulentur:
2585 4333 2687 4388 qua
2714 4316 3103 4385 ecclesiastica,
3132 4332 3198 4373 ac
3219 4328 3461 4373 mutuam
3482 4312 3763 4372 charitatem

2201 4408 2541 4480 exprimente
2562 4408 2791 4465 formula
2815 4416 3061 4475 utuntur,
3088 4416 3147 4464 ut
3174 4423 3366 4466 eorum
3391 4406 3621 4465 omnium
3666 4410 3765 4473 qua!

2202 4502 2595 4560 constituerant
2654 4502 3120 4563 conﬁrmationem
3172 4511 3457 4575 peterent,
3532 4493 3764 4569 siquidem

495 4595 622 4652 dem
654 4595 804 4651 Felix
832 4594 899 4650 ιιι
946 4596 1085 4650 hanc
1118 4609 1242 4650 esse
1274 4592 1534 4650 Ecclesia:
1563 4592 1803 4664 regulam
1843 4601 1898 4649 et
1953 4601 2101 4649 veteo
2125 4583 2181 4646 D
2209 4595 2294 4652 hic
2325 4608 2443 4653 erat
2472 4596 2856 4669 synodicarum
2886 4596 3238 4665 relationum,
3264 4612 3385 4669 qua:
3413 4594 3478 4652 ad
3498 4594 3766 4650 Romanum

494 4703 613 4745 rem
644 4686 989 4743 traditionem
1018 4684 1238 4748 scribit,
1272 4686 1574 4756 primarum
1616 4685 1829 4742 sedium
1858 4686 2104 4758 episcopi

494 4797 621 4839 cum
652 4781 719 4836 ab
747 4779 942 4837 haeresi
975 4786 1359 4845 revertuntur,
1404 4792 1515 4832 non
1548 4777 1699 4846 prius
1743 4778 2103 4848 recipiantur,

496 4891 565 4933 ac
587 4872 1026 4932 communionem
1053 4870 1356 4935 obtineant,
1379 4883 1540 4940 quam
1563 4868 1632 4924 ad
1661 4869 1891 4940 primam
1917 4869 2100 4925 sedem

496 4976 619 5023 acta
645 4966 837 5031 relata,
867 4972 1030 5035 atque
1055 4962 1125 5017 ab
1165 4976 1253 5027 ea,
1286 4976 1407 5032 quae
1436 4958 1662 5017 deﬁnita
1689 4958 1935 5028 fuerant,
1971 4974 2104 5016 con-

496 5061 721 5116 ﬁrmata
753 5059 863 5113 sint
886 5055 984 5128 (ὁ).
1180 5114 1183 5117 λ

576 5153 637 5207 V.
679 5150 833 5220 Quod
872 5144 941 5205 ad
989 5146 1300 5204 Nectarium
1330 5145 1557 5211 attinet,
1610 5153 1767 5212 sunt,
1801 5144 1945 5216 quod
1987 5144 2101 5217 jam

495 5246 844 5303 observatum
877 5258 908 5297 a
938 5240 1096 5296 nobis
1126 5239 1247 5303 fuit,
1283 5240 1373 5311 qui
1404 5247 1629 5295 censent
1659 5238 1777 5308 ejus
1807 5237 2103 5293 ordinatio-

492 5355 664 5405 nem,
716 5352 783 5393 ex
833 5332 1149 5406 praescripta
1200 5330 1406 5387 Nicaani
1462 5331 1679 5387 concilii
1732 5330 1853 5400 lege
1907 5329 2103 5385 factam

493 5430 801 5489 Orientales
829 5442 1078 5485 asserere
1107 5441 1174 5483 eo
1203 5424 1459 5492 consilio,
1489 5435 1549 5481 ut
1568 5441 1688 5481 eam
1723 5434 1976 5481 tueantur
2005 5424 2101 5481 ad-

492 5540 687 5585 versus
736 5523 952 5581 Damasi
998 5530 1160 5594 atque
1207 5519 1674 5587 Occidentalium,
1728 5520 1819 5593 qui
1869 5520 2105 5579 Maximo

567 5648 647 5722 (a)
686 5647 821 5705 Cod.
855 5647 990 5722 can.
1013 5645 1191 5722 Vend.
1227 5642 1320 5699 lib.
1350 5656 1552 5722 t,__cap.
1586 5641 1678 5722 _5!_.

600 5712 651 5790 b')
692 5723 861 5775 Conc.
893 5719 1031 5775 Ven.
1062 5720 1200 5790 edit.
1225 5727 1356 5772 tom.
1390 5712 1460 5785 ν,
1489 5712 1541 5787 p.
1583 5714 1709 5771 187.

600 5722 651 5790 b)
692 5723 861 5775 Conc.
893 5722 1031 5775 Ven.
1062 5722 1193 5775 edit.
1225 5727 1276 5772 lo

576 5722 652 5865 Ec)
697 5790 818 5849 th.
851 5806 972 5862 cap.
1002 5790 1059 5859 9,
1093 5791 1146 5846 in
1178 5788 1276 5846 fin.

2208 4690 2519 4761 pontiﬁcem
2542 4690 2922 4757 mittebantur,
2954 4689 3079 4746 ﬁnis
3108 4689 3211 4762 (ά).

2280 4778 2369 4835 Vl.
2404 4780 2529 4837 Haec
2547 4780 2900 4837 Orientalium
2919 4780 3149 4851 epistola
3174 4780 3432 4852 inscripta
3452 4786 3532 4835 est
3547 4774 3766 4834 Damaso.

2207 4870 2512 4942 Ambrosio,
2546 4874 2752 4929 Britoni
2778 4916 2793 4941 ,
2833 4873 3113 4929 Valeriano
3136 4915 3151 4940 ,
3188 4873 3434 4929 Ascholio
3458 4914 3472 4939 ,
3516 4864 3711 4926 Anemio
3731 4866 3772 4914 et

2207 4963 2406 5020 Basilio
2425 5007 2441 5033 ,
2481 4983 2542 5020 ac
2569 4968 2766 5022 ueteris
2793 4967 2848 5021 in
2877 4982 3068 5037 magna
3094 4965 3220 5020 urbe
3245 4964 3419 5021 Roma
3446 4953 3766 5034 congregat“.

2205 5073 2274 5115 ex
2302 5074 2409 5131 quo
2437 5060 2745 5133 colligimus
2770 5076 2866 5118 eos
2903 5075 3097 5117 omnes
3141 5058 3377 5116 concilio
3421 5058 3500 5114 illi
3542 5049 3767 5109 adfuisse.

2210 5152 2268 5208 Si
2295 5151 2551 5207 Basiliam
2594 5152 2875 5225 excipias,
2924 5169 2991 5210 ac
3036 5152 3341 5220 Britonem,
3374 5149 3600 5206 aliorum
3639 5137 3774 5196 sedes

2209 5245 2439 5317 cognitu:
2463 5246 2595 5302 satis
2616 5256 2743 5303 sunt
2766 5264 2780 5303 :
2804 5246 3084 5303 Britonem
3110 5254 3290 5302 tamen
3315 5240 3621 5305 Bollandus,
3643 5231 3775 5303 cuius

2210 5340 2535 5395 sententiam
2586 5339 2966 5397 Tillemontius
3032 5338 3108 5415 (e)
3171 5339 3453 5411 sequitur,
3510 5321 3774 5391 Trivirensi

2210 5432 2392 5503 magni
2447 5433 2500 5489 in
2551 5433 2644 5488 illa
2694 5435 2861 5492 etiam
2912 5442 3074 5491 aetate
3105 5433 3343 5490 nominis
3380 5426 3627 5487 Ecclesia:
3652 5431 3773 5493 prie“

2208 5522 2376 5581 fuisse
2419 5535 2607 5582 censet
2634 5541 2650 5582 :
2683 5541 2783 5598 pro
2811 5526 3013 5583 Basilio
3041 5528 3133 5584 alii
3164 5525 3474 5583 Bassianum
3500 5521 3699 5594 legunt;
3729 5515 3775 5565 al

2310 5643 2668 5718 d)_De_Marc.
2693 5645 2786 5702 lib.
2819 5662 2869 5713 ι,
2898 5661 3019 5718 cap.
3053 5644 3145 5715 IO,
3179 5644 3208 5718 ᾗ
3238 5644 3292 5702 9.

2313 5714 2360 5788 ε)
2380 5714 2459 5774 De
2483 5716 2541 5773 S.
2570 5717 2735 5787 Just.,
2764 5729 2897 5775 tom.
2924 5714 3058 5775 VIII.
