3878 6346
13 276 131 334 2M
1407 279 1921 339 PROLEGOMENA
1934 325 1948 340 .
2246 295 2254 304 ‘
3248 292 3356 348 262

14 390 454 462 frequentiores
506 390 720 448 codices
773 391 1027 447 Basiliam
1072 391 1310 459 habent,
1353 409 1475 465 qum
1517 393 1646 450 mihi
1674 401 1728 460 Α
1756 397 1900 468 nymi
1931 405 2193 467 praeterea
2225 400 2532 458 eruditione
2573 411 2688 458 toto
2715 402 2810 458 illo
2841 411 3083 475 tempore
3109 422 3217 478 quo
3245 407 3355 463 Da-

19 482 202 538 lectio
237 486 420 555 magis
466 486 669 554 placet;
704 483 992 540 Bassianus
1021 486 1164 540 enim
1207 485 1508 543 Laudensis
1533 489 1647 557 epi—

16 591 240 648 scopus
275 577 422 632 haud
455 577 660 647 pridem
688 578 967 633 ordinatus
1008 593 1114 634 non
1154 579 1226 633 ita
1258 580 1438 650 magni
1473 581 1649 635 nomi-

20 672 113 727 nis
151 681 212 728 et
277 672 562 742 dignitatis
589 683 733 738 erat,
776 689 875 728 nec
908 683 1014 728 tam
1044 674 1306 730 illustrem
1349 674 1646 730 Ecclesiam

16 764 495 828 administrabat,
562 773 620 818 ut
671 780 779 834 prce
837 766 1084 831 caeteris,
1134 767 1226 836 qui
1294 767 1647 835 prwtermissi

20 865 194 924 sunt,
235 859 511 914 nominari
542 857 820 925 debuerit;
850 860 1201 931 quamobrem
1243 862 1496 916 Basilium
1521 905 1535 928 ,
1579 878 1647 919 ne

22 953 277 1017 caeteris,
314 953 406 1023 qui
437 955 860 1024 compellantur,
887 955 1108 1009 inferior
1133 955 1225 1021 sit,
1255 964 1347 1010 aut
1378 956 1430 1010 in
1457 957 1649 1027 llispa-

25 1045 135 1099 niis
161 1086 178 1110 ,
216 1054 322 1100 aut
366 1046 418 1100 in
465 1046 678 1110 Africa,
709 1055 802 1100 aut
847 1049 1007 1102 etiam
1038 1047 1090 1102 in
1120 1047 1344 1113 Galliis,
1380 1050 1647 1120 primariae

26 1137 271 1204 alicujus
315 1137 573 1192 Ecclesiae
615 1139 928 1209 episcopum
977 1139 1144 1196 fuisse
1190 1142 1497 1197 verosimile
1542 1151 1645 1197 est.

32 1229 112 1283 Ex
155 1227 392 1285 Oriente
421 1227 709 1285 adfuerunt
756 1230 1014 1287 Paulinus
1066 1242 1228 1303 atque
1277 1233 1644 1303 Epiphanius,

29 1339 94 1378 ac
126 1321 276 1379 forte
310 1325 474 1380 etiam
505 1340 610 1380 non
642 1323 932 1381 defuerunt
958 1368 972 1392 ,
1002 1328 1089 1397 qui
1118 1342 1184 1382 ex
1216 1327 1455 1400 Egypto
1487 1345 1647 1386 vene-

32 1419 177 1484 rint,
235 1417 311 1472 οι)
360 1425 569 1473 arctum
609 1432 732 1473 cum
763 1417 1005 1474 Romana
1053 1420 1294 1476 Ecclesia
1341 1422 1550 1488 foedus,
1584 1438 1647 1478 ac

34 1511 433 1581 imperialium,
465 1512 663 1582 quibus
703 1526 893 1567 omnes
924 1515 1131 1568 evocati
1170 1515 1409 1580 fuerant,
1440 1515 1648 1570 littera-

47 1617 168 1656 rum
193 1604 550 1660 auctoritate.
583 1602 880 1675 Basnagius
924 1605 1138 1675 quidem
1170 1605 1451 1661 Paulinum
1483 1617 1646 1678 atque

47 1697 415 1770 Epiphanium
446 1697 682 1753 abfuisse
703 1740 719 1764 ,
752 1699 1040 1755 Maximum
1067 1715 1195 1756 vero
1221 1702 1478 1773 Cynicum
1509 1718 1643 1757 con-

1751 505 1936 546 masus
1962 503 2238 562 superstes
2268 495 2404 562 fuit,
2446 512 2575 552 usus
2606 508 2688 553 est
2718 498 2771 551 in
2803 500 2974 554 sacris
3013 501 3352 558 illustrandis

1750 583 2047 654 Scripturis
2071 627 2085 651 ,
2115 600 2409 657 earumque
2451 589 2752 645 enodandis
2778 590 3214 661 difﬁcultatibus,
3261 605 3345 650 at-

1751 694 1856 750 que
1887 688 1947 733 ut
1974 679 2075 734 hoc
2101 690 2321 751 ageret,
2357 691 2468 738 tum
2517 698 2649 739 voce
2672 726 2686 749 ,
2721 692 2832 738 tum
2857 687 3074 757 scriptis
3109 689 3175 742 ad
3226 704 3349 743 eum

1752 773 1998 842 epistolis
2020 773 2312 837 excitabat,
2335 791 2453 842 quae
2484 775 2660 830 adhuc
2689 786 2928 843 exstant,
2961 778 3186 849 ejusque
3216 796 3354 852 pon-

1753 865 1914 920 tiﬁcis
1964 867 2286 922 incessantis
2335 868 2388 922 in
2437 869 2799 926 Christianam
2848 871 3150 928 doctrinam
3187 873 3351 930 studii

1754 968 1920 1016 testes
1952 971 2099 1017 sunt.
2124 961 2231 1018 Sed
2259 961 2370 1032 jam
2400 963 2466 1017 ad
2489 963 2614 1018 alia.

2341 1099 2566 1158 CAPUT
2613 1102 2757 1158 XXI.

1752 1217 1793 1286 1,
1818 1217 1880 1272 ll.
1912 1216 2051 1283 Quid
2074 1217 2339 1287 deﬁnitum
2369 1218 2422 1271 in
2451 1233 2510 1271 eo
2533 1217 2767 1272 Romano
2795 1220 3185 1285 concilio,acde
3211 1219 3350 1276 Con-

1823 1311 2268 1380 stantinpolitani
2318 1311 2729 1379 conﬁrmatione.
2785 1310 2874 1366 Ill.
2932 1311 3012 1367 De
3051 1317 3349 1385 fragmentis

1823 1405 2009 1459 deinde
2051 1405 2224 1474 agitur
2254 1404 2318 1456 ab
2359 1402 2627 1458 Ilolslenio
2653 1404 2826 1458 editis.
2861 1403 2950 1458 Ν.
2984 1403 3199 1459 Baronii
3228 1422 3350 1461 con—

1812 1502 2035 1571 jectura:
2051 1496 2434 1566 expenduntur,
2465 1513 2526 1549 ac
2552 1498 2899 1551 vindicantur.
2936 1496 3002 1552 ν.
3048 1494 3245 1552 Daduli
3285 1499 3350 1554 de

1822 1592 1999 1645 eodem
2037 1589 2256 1644 concilio
2288 1589 2636 1643 testimonium
2667 1590 2969 1644 adducitur.

1821 1706 1864 1761 Ι.
1903 1706 2201 1760 Dolendum
2232 1703 2479 1776 profecto
2509 1713 2626 1768 est,
2660 1706 2703 1758 si
2737 1719 2858 1771 quae
2897 1704 3036 1767 alia,
3077 1713 3187 1759 tum
3232 1720 3358 1776 pro-

47 1793 171 1848 cilio
200 1793 279 1849 illi
333 1792 569 1849 adfuisse
598 1796 792 1850 asserit
835 1796 937 1868 (a).
972 1795 1120 1851 Unde
1164 1805 1344 1852 autem
1388 1797 1646 1867 colligat,
1679 1809 1727 1869 Β
1756 1800 1900 1856 tecto
1929 1800 2088 1870 hujus
2118 1799 2507 1872 synodi,quam
2525 1799 2903 1855 Theodoretus
2935 1800 3225 1854 maximam
3257 1814 3356 1854 vo-

59 1886 202 1957 quod
243 1887 310 1941 de
339 1887 565 1943 Paulino
608 1898 664 1943 et
695 1888 997 1959 Epiphanio
1035 1891 1251 1954 scribit,
1288 1891 1482 1946 viderit
1508 1892 1597 1947 ille
1631 1911 1643 1946 :

62 1994 185 2033 nam
210 1979 353 2050 quod
379 1980 443 2036 de
469 1980 699 2035 Maximo
718 1983 946 2047 asserit,
975 1998 1004 2035 a
1040 1982 1257 2037 Baluzio
1287 1983 1532 2039 hausisse
1555 1998 1648 2053 po-

59 2075 190 2140 tuit,
223 2075 312 2144 qui
346 2074 442 2129 hac
469 2091 616 2146 saepe
645 2074 826 2131 fabula
856 2077 1159 2132 delectatur
1191 2079 1293 2150 (ὁ).
1332 2077 1428 2134 His
1453 2077 1651 2133 deinde

54 2182 332 2224 accessere
356 2176 468 2225 tres
500 2169 575 2224 illi
605 2170 877 2241 episcopi,
906 2169 1165 2242 Cyriacus
1198 2187 1393 2242 nempe
1413 2213 1428 2238 ,
1484 2171 1653 2226 Euse-

55 2262 204 2330 bius,
249 2277 313 2318 ac
345 2263 653 2319 Priscianus
680 2264 750 2319 ab
777 2263 1142 2319 Orientalibus
1181 2263 1653 2334 Constantinopoli

54 2356 395 2426 congregatis
419 2397 434 2422 ,
485 2356 642 2425 legati
669 2373 683 2421 ;
708 2356 904 2427 quibus
933 2356 1072 2412 forte
1093 2357 1252 2412 aulici
1284 2356 1362 2412 illi
1404 2373 1434 2412 a
1481 2357 1657 2413 Theo-

57 2447 207 2503 dosio
236 2449 392 2503 missi
420 2449 646 2505 comites
673 2464 795 2505 sese
819 2450 1131 2519 junxerant.
1632 2463 1650 2496 ·.

127 2542 258 2596 Cum
291 2542 525 2598 Paulino
553 2552 812 2612 praeterea
849 2551 1014 2614 atque
1057 2542 1359 2614 Epiphanio
1390 2541 1660 2615 Hierony-

62 2650 178 2690 mus
204 2635 271 2690 ad
305 2635 512 2691 Urbem
545 2636 804 2701 accessit,
834 2636 990 2707 cujus
1034 2635 1113 2692 rei
1161 2637 1276 2704 ipse
1305 2635 1458 2690 testis
1489 2647 1575 2690 est
1606 2637 1658 2690 in

63 2730 283 2798 epistola
314 2729 389 2784 ad
420 2729 741 2810 Principiam
770 2730 869 2803 (τ).
899 2729 954 2786 Si
1000 2729 1145 2784 enim
1175 2747 1301 2796 pene
1343 2739 1476 2786 certe
1503 2731 1663 2784 trien-

64 2823 203 2875 nium
225 2820 413 2876 Roma
432 2823 557 2876 vixit
580 2823 698 2895 (d);
727 2823 770 2878 si
798 2832 1055 2893 prmterea
1081 2823 1510 2895 Hierosolymam
1544 2833 1665 2894 post

67 2914 264 2969 obitum
289 2915 511 2970 Damasi
542 2915 882 2985 profecturus
907 2932 1080 2971 mense
1102 2915 1330 2986 Augusto
1354 2917 1405 2969 in
1429 2915 1665 2970 Romano

68 3018 212 3079 portu
223 3010 402 3062 navim
416 3009 646 3063 ascendit
669 3008 764 3082 (e),
779 3009 844 3063 ad
859 3008 897 3065 U
908 3009 1056 3064 rbem
1069 3024 1188 3064 cum
1205 3009 1391 3063 iisdem
1405 3011 1567 3065 sociis
1578 3025 1668 3064 ac-

69 3103 296 3157 cessisse
307 3102 505 3157 debuit
519 3102 619 3156 hoc
637 3117 778 3157 anno
798 3102 941 3158 circa
963 3111 1302 3169 autumnum,
1317 3103 1666 3171 conciliojam

1751 1902 1869 1961 cat,
1897 1903 2014 1948 acta
2032 1936 2044 1958 ,
2076 1910 2195 1962 quzc
2221 1902 2381 1949 astate
2408 1894 2690 1963 scriptoris
2720 1893 2886 1948 libelli
2910 1893 3156 1965 synodici
3183 1892 3362 1949 adhuc

1753 1985 2028 2042 exstitisse
2053 1985 2320 2051 videntur,
2373 1985 2654 2056 deperdita
2697 1995 2880 2056 postea
2926 1986 3137 2042 fuisse:
3186 2001 3366 2057 neque

1755 2077 1898 2134 enim
1943 2078 2177 2132 dubitari
2230 2085 2410 2148 potest
2451 2079 2579 2147 quin
2611 2093 2673 2133 ea
2705 2079 2885 2133 omnia
2915 2094 3035 2150 qua:
3073 2088 3222 2150 gesta
3268 2079 3365 2133 de-

1756 2183 1973 2229 cretave
2001 2174 2070 2228 ab
2123 2189 2184 2228 ea
2226 2182 2352 2229 sunt
2402 2174 2561 2244 digna
2605 2189 2826 2244 prorsus
2867 2173 3070 2229 fuerint
3106 2176 3356 2230 doctrina

1757 2282 1822 2323 ac.
1857 2267 2143 2322 sanctitate
2192 2266 2456 2332 Patrum,
2495 2266 2586 2337 qui
2628 2266 2937 2335 frequentes
2977 2267 3027 2321 in
3068 2281 3132 2321 ea
3175 2266 3362 2321 adlue-

1760 2371 1885 2417 runt
1916 2379 1929 2416 :
1968 2370 2022 2415 at
2058 2376 2179 2415 cum
2220 2369 2464 2414 vetustas
2491 2370 2792 2429 temporum
2832 2360 2935 2412 hoc
2968 2360 3122 2413 nobis
3157 2358 3363 2414 bonum

1760 2452 2125 2524 praeripuerit,
2156 2452 2421 2522 reliquum
2449 2461 2555 2519 est,
2588 2461 2641 2505 ut
2674 2465 2864 2521 pauca,
2894 2466 3014 2521 qua:
3045 2465 3361 2521 possumus,

1761 2547 2073 2617 conjectura
2100 2547 2290 2601 Saltem
2317 2560 2692 2614 assequamur.

1832 2640 1973 2708 Quin
2014 2641 2192 2709 itaque
2227 2638 2292 2694 iis
2325 2638 2394 2694 de
2428 2639 2590 2694 rebus
2628 2640 2679 2693 in
2720 2638 2811 2693 illa
2848 2648 3026 2694 actum
3064 2638 3256 2704 fuerit,
3293 2641 3364 2694 ob

1763 2749 1896 2805 quas
1930 2749 1961 2790 a
1999 2734 2226 2787 Damaso
2256 2742 2604 2786 convocatam
2639 2730 2912 2796 diximus,
2953 2746 3113 2786 nemo
3149 2731 3368 2786 dubita-

1764 2829 1925 2883 verit.
1961 2827 2159 2882 Verum
2211 2842 2332 2882 cum
2363 2827 2569 2881 interea
2600 2836 2710 2880 tres
2747 2826 2814 2878 ab
2845 2825 3214 2880 Orientalibus
3253 2823 3369 2894 epi-

1764 2921 1946 2991 scopis
1971 2920 2131 2991 legati
2160 2920 2397 2984 litteras,
2425 2918 2494 2974 de
2517 2918 2713 2988 quibus
2741 2933 2914 2988 nuper
2941 2927 3118 2972 actum
3153 2927 3258 2982 est,
3287 2927 3370 2971 at—

1769 3016 2047 3080 tulissent,
2076 3016 2269 3086 quibus
2294 3031 2480 3069 eorum
2517 3030 2635 3083 quae
2689 3022 2800 3067 tum
2840 3014 2984 3068 circa
3021 3013 3213 3078 ﬁdem,
3255 3023 3368 3068 tum

1769 3107 1908 3163 circa
1945 3105 2597 3176 Constantinopolitanatn
2641 3114 2696 3160 et
2727 3105 3118 3160 Antiochenam
3183 3104 3369 3159 sedem

72 3209 231 3265 prope
261 3195 552 3262 futuro,ac
575 3196 800 3266 proinde
830 3196 1318 3265 longiorem,secus
1335 3210 1398 3250 ac
1424 3197 1664 3252 nonnulli
1692 3205 1737 3269 ρ
1771 3199 1989 3255 decreta
2017 3215 2046 3254 a
2075 3215 2135 3254 se
2163 3198 2405 3263 fuerant,
2432 3197 2899 3253 conﬁrmationem
2930 3197 3200 3266 postulare
3226 3196 3375 3250 vide-

72 3297 309 3356 censent,
323 3303 537 3343 moram
550 3285 1014 3359 Constantinopoli
1029 3299 1282 3344 traxerat.
1302 3290 1446 3344 illius
1459 3298 1662 3355 autem,

76 3396 103 3435 a
127 3399 228 3453 quo
247 3387 419 3440 etiam
435 3385 642 3439 litteras
657 3394 959 3454 acceperat,
975 3399 1174 3440 nomen
1191 3384 1330 3438 haud
1352 3394 1468 3439 erat
1483 3384 1669 3439 Dama-

77 3490 133 3530 so
155 3478 424 3546 ignotum.
443 3478 648 3533 Ateum
672 3490 930 3548 praeterea
948 3477 1070 3533 huic
1099 3477 1337 3547 pontiﬁci
1349 3478 1666 3533 familiarem

79 3568 264 3637 fuisse,
298 3570 618 3639 conjectare
663 3585 950 3641 possumus
975 3582 1086 3625 tum
1117 3588 1180 3626 ex
1222 3572 1449 3642 epistola
1477 3569 1544 3626 de
1575 3572 1672 3625 tri-

81 3663 174 3719 bus
199 3663 614 3736 hypostasibus,
647 3680 748 3736 qua
776 3665 892 3735 ejus
915 3665 1298 3720 humanitatem
1323 3665 1525 3729 laudat,
1558 3674 1670 3719 tttm

83 3760 234 3814 etiam
287 3776 357 3816 ex
415 3775 518 3827 ea,
565 3776 684 3831 quas
734 3761 873 3815 inter
902 3760 1189 3830 Evagrium
1237 3759 1409 3815 cidem
1444 3760 1674 3813 Damaso

86 3855 546 3922 pernecessarium
572 3894 589 3921 ,
618 3867 681 3908 ac
725 3853 1112 3924 Hieronymum
1143 3853 1314 3922 ipsum
1340 3893 1354 3915 ,
1387 3861 1676 3907 consuetu-

89 3946 205 4002 dine
252 3947 649 4004 intercedebat.
704 3947 884 4002 Virum
921 3949 1136 4016 itaque,
1192 3946 1345 4016 cujus
1371 3945 1673 4000 doctrinam

91 4053 147 4094 ac
176 4041 433 4112 pietatem
455 4049 701 4104 noverat,
730 4040 872 4109 apud
899 4054 957 4094 se
987 4039 1232 4104 retinuit,
1262 4046 1318 4092 ut
1343 4038 1445 4091 sibi
1472 4038 1523 4092 in
1549 4053 1678 4092 cau-

91 4132 159 4186 sis
227 4133 572 4205 negotiisque
644 4132 1028 4188 ecclesiasticis
1072 4129 1426 4200 expediendis
1479 4141 1680 4199 praesto

92 4237 254 4290 esset,
287 4242 351 4282 ac
382 4237 444 4281 ut
477 4226 698 4280 Orientis
746 4236 790 4279 et
821 4224 1116 4278 Occidentis
1138 4224 1399 4294 synodicis
1422 4225 1680 4278 consulta-

95 4321 305 4377 tionibus
339 4338 446 4378 suo
467 4323 685 4378 nomine
717 4321 1073 4392 responderet
1101 4321 1193 4392 (f).
1228 4320 1283 4374 In
1315 4336 1419 4390 quo
1449 4329 1559 4374 tum
1585 4334 1682 4390 op-

97 4418 273 4472 timum
323 4418 570 4489 ejusdem
627 4418 836 4471 Damasi
867 4415 1128 4485 judicium
1181 4414 1401 4477 Iaudes,
1436 4423 1548 4467 tum
1592 4429 1683 4468 su-

97 4529 287 4584 premae
319 4517 686 4571 Romanorum
712 4513 1026 4586 pontiﬁcum
1055 4512 1106 4566 in
1134 4510 1375 4566 Ecclesia
1399 4509 1682 4580 potestatis

1770 3295 1985 3359 bantur,
2016 3294 2117 3348 hac
2143 3293 2306 3348 etiam
2335 3293 2402 3346 de
2429 3305 2620 3356 causa,
2659 3306 2780 3360 quas
2816 3291 3058 3343 omnium
3098 3287 3362 3354 maxima,

1771 3389 1838 3444 de
1882 3388 1989 3443 ﬁde
2033 3387 2239 3442 scilicet
2281 3394 2458 3440 actum
2499 3383 2666 3438 fuisse
2705 3382 2973 3451 oportuit,
3005 3395 3177 3450 eaque
3214 3394 3372 3434 occa-

1770 3481 1927 3537 sione
1977 3495 2096 3549 qna:
2144 3479 2199 3533 in
2240 3475 2841 3546 Constantinopolitano
2884 3473 3115 3528 concilio
3151 3472 3371 3527 deﬁnita

1774 3576 2015 3640 fuerant,
2047 3574 2235 3628 Romae
2262 3575 2454 3626 iterum
2480 3571 2703 3642 probata
2730 3570 2915 3635 fuisse,
2939 3582 3002 3623 ac
3028 3567 3370 3634 conﬁrmata,

1775 3685 1894 3741 qua:
1927 3668 2142 3724 Baronii
2174 3668 2513 3737 aliorumque
2548 3667 2814 3721 sententia
2844 3673 2947 3720 est.

1846 3762 2018 3832 Objici
2048 3761 2261 3832 quidem
2293 3769 2505 3831 posset,
2538 3761 2873 3815 Damasiana:
2901 3758 3060 3827 hujus
3087 3756 3377 3812 conﬁrma-

1777 3857 1937 3911 tionis
1952 3858 2157 3912 nullum
2171 3867 2387 3912 ex5tare
2412 3866 2617 3911 certum
2645 3864 3019 3925 argumentum
3048 3862 3173 3908 ante
3202 3852 3380 3908 Pltotii

1779 3960 2034 4006 aetatem:
2073 3952 2200 4022 quin
2243 3951 2421 4020 potius
2465 3966 2586 4004 cum
2634 3951 2685 4004 in
2728 3950 3020 4005 Gelasiano
3053 3949 3275 4005 decreto
3308 3965 3398 4005 exe

1780 4041 2056 4098 Vaticanis
2098 4045 2376 4100 codicibus
2422 4060 2518 4115 per
2566 4044 2963 4108 Fontaninnm,
2997 4058 3059 4098 ac
3097 4046 3268 4098 virum
3304 4044 3377 4100 cl.

1781 4134 2155 4190 Blanchinium
2186 4137 2332 4191 edito
2359 4152 2422 4191 ac
2458 4139 2729 4192 recensito
2761 4136 2840 4207 (g)
2869 4135 3122 4200 Nicaeum,
3152 4135 3381 4203 Ephesi-

1783 4245 1898 4299 ηαξ,
1943 4239 2000 4285 et
2037 4230 2497 4285 Chalcedonensis
2531 4230 2722 4299 synodi
2756 4229 2957 4284 mentio
2983 4228 3263 4281 dumtaxat
3287 4227 3377 4293 sit,

1783 4341 1942 4383 secus
1977 4341 2038 4380 ac
2078 4328 2131 4380 in
2173 4325 2552 4379 Hormisdtano
2587 4339 2617 4377 a
2653 4321 2921 4378 Chilﬁetio
2962 4321 3141 4388 edito,
3181 4321 3234 4375 in
3274 4334 3382 4390 quo

1785 4431 1907 4490 post
1952 4418 2224 4473 Nictenam
2277 4418 2492 4471 additur
2540 4415 2702 4470 etiam
2735 4413 3336 4484 ConstantinOpolitana
3366 4454 3382 4478 ,

1787 4512 1914 4567 hinc
1941 4512 2120 4582 colligi
2150 4510 2420 4575 videatur,
2464 4510 2610 4562 illam
2652 4509 2719 4563 ab
2756 4507 3054 4575 apostolica
3095 4507 3222 4562 sede
3259 4515 3386 4561 ante

101 4620 461 4678 argumentum
492 4609 613 4664 inde
643 4609 825 4679 Capias
863 4605 1248 4661 certissimum.
1303 4602 1437 4658 Nam
1470 4612 1677 4669 totum,
1709 4618 1762 4678 1)
1789 4607 2090 4662 llormisdae
2130 4613 2345 4660 aetatem
2404 4604 2625 4658 minime
2680 4613 2954 4672 acceptam
3004 4612 3056 4657 et
3098 4600 3390 4656 conﬁrma-

104 4717 196 4770 qua
242 4715 423 4774 patet,
478 4703 664 4758 orhem
697 4702 743 4756 si
775 4710 956 4757 mente
993 4699 1371 4769 complectaris
1394 4739 1406 4762 ,
1435 4711 1683 4767 quaenam

105 4796 199 4850 alia
229 4799 322 4852 tibi
350 4806 598 4853 occurret
618 4795 883 4862 Ecclesia,
909 4794 1063 4865 cujus
1089 4791 1313 4864 proinde
1339 4806 1404 4847 ac
1423 4790 1684 4845 Romana:

108 4900 244 4946 tanta
273 4891 433 4947 fuerit
458 4891 690 4962 dignitas
711 4932 725 4956 ,
759 4898 813 4944 et
845 4887 1143 4943 auctoritas
1164 4927 1180 4951 ,
1227 4893 1284 4939 ut
1328 4883 1396 4938 ab
1441 4897 1505 4938 ea
1537 4881 1685 4937 difﬁ-

107 4985 274 5041 cilium
317 4989 777 5054 obscurarumque
803 4993 913 5040 tum
945 4983 995 5037 in
1024 4981 1149 5045 ﬁde,
1181 4990 1293 5034 tum
1321 4980 1370 5032 in
1397 4977 1687 5044 disciplina

109 5081 453 5146 quaestionum
475 5081 775 5136 constantia
802 5087 972 5142 tanta,
1007 5093 1068 5131 ac
1090 5075 1467 5139 diuturnitate,
1494 5071 1689 5128 ﬁducia

111 5181 363 5238 prtcterea
382 5216 396 5239 ,
427 5183 587 5244 atque
615 5172 954 5236 humilitate,
982 5169 1270 5239 explicatio
1299 5166 1684 5237 postularetur,

113 5277 168 5320 ac
200 5276 343 5323 tanto
383 5269 703 5336 sinceroque
755 5265 1015 5335 obsequio
1068 5263 1451 5335 exciperetur?
1502 5261 1692 5317 Hiero-

181 5377 252 5445 (ιι)
284 5379 363 5433 Ad
396 5397 520 5436 ann.
553 5379 679 5442 582,
713 5395 767 5434 n.
800 5377 855 5431 2.

181 5448 256 5520 (b)
291 5449 409 5507 Vid.
444 5453 535 5508 lib.
569 5467 603 5506 v
624 5453 691 5506 de
717 5449 913 5513 Conc.,
941 5461 1060 5520 cap.
1085 5448 1179 5503 at.

281 5522 378 5607 lip-
416 5525 537 5607 ῳ,
567 5524 746 5607 maio,
775 5520 904 5577 Ver.
930 5519 1062 5574 edit.

190 5593 265 5663 td)
298 5593 396 5663 Ep.
421 5595 509 5659 ts,
534 5610 590 5648 ιι.
614 5593 668 5647 2.

195 5596 266 5733 [αξ
298 5596 396 5663 Ep.
421 5596 509 5659 45,
534 5610 590 5648 n.
614 5596 668 5647 2.

195 5665 243 5732 (e
298 5663 432 5721 Adv.
468 5666 647 5720 Ruﬁn.
679 5663 769 5718 lib.
804 5679 891 5729 ιιι,
920 5678 975 5717 n.
1004 5660 1097 5716 22.

205 5734 272 5805 (Π
305 5733 409 5804 Ep.
442 5737 566 5801 ηδ,
599 5752 652 5790 n.
679 5736 771 5799 20,
799 5735 928 5790 Ver.
961 5733 1095 5788 edit.

211 5803 287 5877 (ᾖ)
313 5803 525 5878 Prolog.
552 5807 619 5862 ad
647 5808 857 5876 Anast.,
888 5817 1019 5862 tom.
1050 5803 1140 5870 IV,
1165 5818 1319 5876 opus.
1348 5805 1401 5862 3.

1792 4714 1921 4756 tam.
1965 4704 2034 4755 At
2074 4699 2318 4770 ejusdem
2359 4697 2534 4753 Photii
2578 4699 2945 4753 testimonium
2975 4707 3220 4768 apertum
3249 4697 3390 4752 adeo

1792 4808 2216 4864 expressumque
2256 4800 2374 4856 est,
2409 4800 2465 4844 ut
2514 4805 2614 4860 ego
2666 4790 2751 4843 vix
2793 4788 3034 4844 dubitem
3075 4792 3205 4859 quin
3248 4788 3391 4843 litte-

1797 4897 1940 4942 teras
1965 4887 2032 4941 ab
2057 4888 2173 4955 ipso
2207 4885 2436 4940 Damaso
2465 4899 2528 4937 ea
2560 4883 2626 4938 de
2657 4899 2818 4938 causa
2849 4885 3106 4953 scriptas,
3139 4892 3193 4936 ut
3223 4881 3390 4935 moris

1794 4988 1910 5036 erat
1941 4979 2042 5049 (It),
2072 4990 2163 5035 aut
2192 4979 2336 5034 aliud
2364 4977 2582 5047 aliquod
2629 4977 3014 5032 documentum
3046 4975 3258 5045 legerit,
3287 4987 3394 5043 quo

1797 5091 1861 5131 ea
1906 5075 1972 5130 de
2016 5092 2073 5131 re
2116 5076 2320 5130 certior
2365 5072 2540 5127 factus
2587 5070 2769 5126 fuerit.
2806 5069 3111 5146 Recensitis
3152 5067 3295 5121 enim
3338 5067 3392 5119 in

1799 5167 1938 5222 libro
1968 5167 2036 5222 de
2066 5166 2287 5240 synodis
2329 5165 2722 5238 prmcipuarum
2764 5164 2817 5218 in
2857 5161 3080 5217 Oriente
3122 5156 3393 5213 Ecclesia-

1801 5278 1920 5319 rum
1953 5263 2224 5334 episcopis
2245 5303 2261 5330 ,
2293 5264 2382 5332 qui
2411 5257 3012 5328 Constantinopolitano
3043 5256 3169 5310 huic
3209 5252 3394 5308 conci—

1871 5377 1953 5445 (It)
1992 5375 2104 5451 Hoc
2135 5382 2323 5451 aperte
2360 5373 2619 5451 discimus
2651 5387 2717 5428 ex
2753 5370 2979 5440 epistola
3010 5366 3263 5449 Marciani
3292 5368 3397 5451 im-

1801 5449 2069 5521 peratoris
2090 5445 2445 5522 AaduLeonem
2487 5445 2734 5522 Magnum
2754 5482 2768 5504 ,
2805 5454 2907 5522 qua
2937 5454 3060 5493 cum
3088 5445 3394 5522 episCOpis.,

1803 5511 1892 5592 qui
1929 5519 2141 5590 synodo
2165 5511 2612 5592 Chalcedonensi
2631 5513 2948 5590 adfuerant,
2990 5511 3271 5592 proﬁtetur
3305 5511 3405 5592 mi-

1802 5578 1913 5648 rari
1945 5578 2003 5645 se
2037 5604 2134 5644 cur
2172 5605 2277 5642 non
2306 5588 2542 5642 vicissim
2582 5585 2786 5637 litteras
2820 5578 3058 5633 misisset
3095 5578 3180 5631 hic
3226 5580 3406 5648 ponti-

1805 5665 1892 5720 fex
1911 5705 1924 5727 ,
1953 5677 2075 5732 quae
2105 5661 2158 5715 in
2189 5659 2357 5714 sacris
2382 5655 2640 5732 Ecclesiis
2671 5653 2996 5732 legerentur,
3028 5649 3406 5732 ostenderent-

1816 5721 1923 5803 que
1947 5721 2066 5790 a'cta
2089 5732 2331 5801 ejusdem
2356 5725 2546 5800 synodi
2568 5739 2599 5780 a
2621 5723 2750 5780 sede
2770 5721 3067 5789 apostolica
3094 5722 3406 5790 approbarii
