3878 6346
97 263 220 319 245
1490 257 2029 318 PROLEGOMENA.
3314 263 3422 321 246

92 381 347 447 attinet,
405 380 673 437 neminem
716 377 874 445 latet,
906 374 1231 432 Eunomium
1272 372 1493 445 Spiritui
1534 381 1723 430 sancto
1753 374 1801 435 Α
1827 374 2116 446 synodum,
2143 389 2207 432 ac
2235 377 2465 448 proinde
2488 393 2595 436 non
2620 379 2738 436 sine
2768 378 2944 451 aliqua
2971 378 3268 436 verosimili
3296 393 3427 435 con-

96 483 225 530 tum
279 476 625 531 divinitatem
663 473 960 539 ademisse,
1008 478 1119 526 tum
1158 469 1275 540 ejus
1324 467 1586 538 originem
1626 467 1729 523 soli
1827 468 2036 539 jectura
2068 484 2096 523 a
2128 485 2215 526 me
2243 473 2417 528 asseri
2446 487 2630 545 posse,
2661 472 2767 529 hoc
2794 471 3156 544 fragmentum
3182 471 3249 527 ad
3278 469 3427 528 aliud

96 567 255 623 Filio
298 568 621 624 attribuisse
658 584 673 621 :
720 575 1008 635 utrumque
1051 564 1193 619 enim
1246 578 1311 618 ex
1359 560 1724 631 biaSpbemis,
1832 562 2046 631 potius,
2074 579 2235 634 quam
2262 565 2327 620 ad
2353 566 2456 623 hoc
2481 567 2792 637 concilium,
2817 577 2875 624 ut
2902 567 3212 625 llolstenius
3238 567 3427 638 opina-

92 673 234 728 qute
282 667 624 730 supersunt,
653 658 769 730 ejus
809 657 1022 728 scriptis
1057 663 1269 711 constat
1297 656 1417 725 (a):
1449 654 1573 709 hinc
1607 662 1725 721 est,
1831 665 1936 723 tur,
1970 658 2261 726 pertinere,
2285 659 2352 715 ad
2382 659 2512 716 illud
2552 661 2759 717 scilicet
2780 705 2793 727 ,
2822 662 2966 733 quod
2995 678 3135 718 anno
3162 661 3268 717 580
3290 677 3426 717 con-

89 752 258 822 quod
302 752 572 808 Damasus
610 761 884 822 postquam
931 748 1263 821 argumentis
1309 763 1377 804 ex
1404 762 1555 804 sacra
1581 746 1728 804 Scrl-
1826 762 2105 824 gregatum
2133 755 2241 810 disi
2263 798 2278 823 ,
2306 756 2357 810 in
2386 773 2493 827 quo
2523 757 2591 813 de
2622 756 2868 812 Eunomii
2898 768 2953 814 et
2985 756 3285 814 Macedonii
3318 757 3454 813 hae-.

88 853 274 913 plura
304 844 494 914 petitis
515 844 726 900 abunde
752 845 1072 913 probaverat
1099 841 1360 911 Spiritum
1392 852 1639 896 sanctum
1670 842 1721 896 in

90 934 254 989 Filio
282 938 651 1006 requiescere,
673 937 989 991 naturaliter
1010 935 1215 990 scilicet
1263 942 1317 990 et
1338 934 1721 1001 essentialiter,

96 1037 226 1084 tum
277 1029 558 1085 concludit
588 1030 843 1099 Spiritum
871 1038 1100 1084 sanctum
1132 1044 1233 1081 non
1265 1043 1374 1082 esse
1411 1025 1585 1080 Patris
1610 1040 1723 1082 tan-

96 1123 416 1191 tummodo,
448 1132 538 1176 aut
568 1118 697 1176 Filii
719 1122 1073 1175 tantummodo
1105 1121 1359 1193 Spiritum
1382 1162 1396 1187 ,
1428 1120 1518 1174 sed
1545 1118 1722 1175 Patris

91 1224 155 1269 et
188 1215 322 1269 Filii
336 1216 614 1287 Spiritum,
638 1214 783 1285 quod
806 1214 1037 1269 adstruit
1064 1212 1364 1269 rationibus
1387 1212 1719 1283 illis,quibus

92 1309 482 1378 Athanasius,
509 1309 759 1375 Basilius,
792 1308 1132 1375 Ambrosius,
1166 1307 1519 1378 Epiphanius,
1547 1306 1723 1379 Cyril-

95 1405 221 1473 lus,
252 1420 319 1459 ac
345 1405 529 1460 caeteri
558 1403 747 1458 Patres
769 1402 850 1458 usi
875 1413 1021 1465 sunt,
1046 1412 1102 1457 ut
1128 1400 1358 1472 probent
1380 1416 1545 1455 unum
1572 1414 1714 1468 esse,

90 1496 179 1552 ob
207 1512 372 1551 unam
406 1496 578 1552 Patris
620 1494 850 1566 Filiique
889 1506 1174 1562 naturam,
1202 1509 1303 1551 nec
1334 1492 1400 1548 ad
1432 1508 1520 1549 res
1567 1507 1719 1548 crea-

96 1599 194 1645 tas
221 1587 500 1643 amandari
533 1602 713 1657 posse,
741 1588 903 1642 veluti
926 1588 1137 1657 utrique
1160 1570 1714 1641 consubstantialem:

94 1698 230 1755 qua
273 1692 561 1755 propterea
607 1690 692 1738 est
726 1683 866 1737 ratio
889 1723 902 1748 ,
933 1696 1030 1735 cur
1060 1681 1392 1737 recentiores
1420 1679 1716 1735 catholica-

1827 847 1932 903 resi
1960 856 2137 903 actum
2165 849 2446 919 potissimo
2474 850 2638 906 luisse
2664 859 2901 906 constat.

1897 939 1986 995 ιγ.
2031 940 2237 996 Praeter
2284 941 2401 997 hate
2432 941 2812 998 Holstenianus
2852 944 2994 999 idem
3040 943 3210 999 codex
3238 943 3431 999 decre-

1827 1041 1937 1088 tmn
1967 1033 2211 1090 continet
2243 1035 2311 1091 de
2345 1035 2803 1092 Patriarchalibus
2831 1037 3049 1093 sedibus
3072 1079 3086 1102 ,
3119 1053 3181 1092 ac
3223 1039 3292 1092 de
3339 1052 3427 1093 re-

1824 1124 2086 1195 cipiendis
2110 1170 2124 1193 ,
2159 1143 2223 1183 ac
2264 1127 2570 1196 rejiciendis
2597 1128 2768 1185 libris.
2793 1129 3059 1201 Insignem
3086 1131 3426 1203 Dionysiante

1824 1216 2163 1274 collectionis
2204 1220 2447 1276 codicem
2499 1221 2552 1275 in
2606 1224 2939 1277 monasterio
2981 1221 3193 1278 Sanctae
3238 1221 3428 1279 Crucis

1823 1324 1923 1380 ego
1955 1311 2177 1366 tractavi
2202 1312 2467 1367 beneﬁcio
2498 1312 2709 1368 abbatis
2743 1322 2867 1368 tunc
2887 1313 3184 1369 doctissimi
3211 1330 3273 1370 ac
3301 1316 3428 1370 reli-

1820 1403 2134 1473 giosissimi,
2159 1419 2308 1460 nunc
2331 1416 2532 1460 sancta:
2565 1390 2839 1460 Romanae.
2856 1406 3113 1462 Ecclesiae
3136 1407 3430 1465 cardinalis

1822 1497 2060 1564 Besutii,
2112 1508 2272 1569 atque
2312 1499 2540 1555 alterum
2593 1499 2718 1556 huic
2767 1500 3001 1554 similem
3047 1500 3428 1557 Vallicelliante

1819 1588 2197 1656 bibliothecae,
2244 1592 2579 1648 concedente
2622 1594 2739 1649 viro
2764 1592 2966 1647 celebri
3012 1602 3176 1663 atque
3231 1592 3424 1649 huma-

1819 1682 2045 1737 nissimo
2095 1691 2249 1753 patre
2292 1683 2530 1755 Joseplio
2561 1684 2880 1739 Blanchino.
2907 1685 3149 1741 Tertium
3179 1701 3243 1741 ex
3276 1698 3429 1742 vetu-

101 1791 233 1830 rum
262 1776 494 1846 partium
537 1773 710 1829 Gneci
758 1772 1086 1827 additionem
1126 1773 1297 1837 vocis,
1325 1769 1585 1841 Filioque,
1612 1769 1720 1826 lac-
1751 1781 1799 1841 Β
1826 1773 2067 1828 stissimo
2097 1775 2423 1831 Veronensis
2452 1775 2711 1832 Ecclesiae
2733 1776 2956 1832 archivo
2980 1787 3246 1833 memorat
3272 1792 3428 1833 num-

110 1877 228 1923 tam
268 1866 515 1939 symbolo
537 1908 552 1933 ,
602 1881 709 1936 quo
751 1880 893 1920 nunc
922 1866 1140 1930 utimur,
1170 1865 1342 1920 veluti
1368 1864 1717 1921 destruenda;

112 1959 373 2017 Eunomii
408 1959 599 2015 haeresi
647 1958 850 2027 optime
893 1966 1260 2028 comparatam
1296 1964 1575 2012 tuerentur
1598 1954 1713 2030 (ὁ),

109 2065 228 2109 tmn
262 2054 452 2111 deinde
490 2071 592 2110 cur
618 2053 763 2129 illam
792 2054 970 2110 eidem
998 2053 1228 2108 Damaso
1257 2053 1640 2109 attribuerent.

182 2148 397 2203 Primus
438 2151 538 2204 hoc
573 2148 808 2203 asseruit
842 2145 1068 2202 Alexius
1104 2147 1386 2201 Aristenus
1418 2162 1491 2200 xu
1531 2145 1717 2201 saeculi

92 2242 343 2313 scriptor
370 2243 426 2297 in
456 2240 680 2297 scholiis
718 2239 784 2296 ad
815 2240 1089 2313 synopsim
1119 2240 1401 2294 Canonum
1429 2253 1460 2293 a
1486 2237 1717 2294 Justcllo

91 2335 352 2394 editam:
398 2334 546 2389 illum
584 2333 850 2402 siquidem
886 2332 1055 2389 veluti
1085 2331 1244 2403 hujus
1274 2331 1561 2388 sententia:
1590 2345 1718 2387 auc-

94 2436 285 2483 torem
332 2427 583 2498 producit
624 2425 862 2482 Joannes
914 2425 1282 2479 Methonensis
1325 2424 1615 2495 episcopus
1659 2421 1716 2480 in

88 2520 467 2590 responsione
507 2519 574 2574 ad
618 2519 852 2575 Marcum
897 2518 1215 2589 Ephesium,
1253 2533 1317 2573 ac
1350 2518 1538 2573 Simon
1568 2516 1712 2573 Con-

88 2613 623 2683 stantinopolitanus
672 2612 726 2667 in
765 2611 993 2682 epistola
1019 2611 1084 2666 ad
1112 2611 1375 2667 Joannem
1398 2609 1714 2682 Nomophy-

88 2706 304 2771 lacem,
329 2704 486 2775 cujus
510 2705 696 2769 verba,
728 2718 849 2775 quae
868 2704 974 2760 huc
1000 2706 1296 2771 pertinent,
1326 2718 1393 2759 ex
1423 2703 1608 2758 Allatii
1640 2701 1711 2775 (ο)

86 2798 560 2868 interpretatione
590 2796 704 2852 haec
732 2807 885 2852 sunt:
913 2798 1196 2853 Sciendum
1218 2814 1374 2867 porro
1401 2806 1492 2864 est,
1516 2808 1571 2851 ut
1593 2815 1714 2851 nar-

87 2903 174 2946 rat
216 2890 325 2946 Dei
360 2893 742 2947 amantissimus
773 2892 1023 2947 diaconus
1044 2934 1059 2960 ,
1100 2903 1147 2947 et
1182 2908 1399 2963 magnus
1426 2908 1715 2947 aeconomus

85 3002 312 3060 magna!
341 2985 441 3041 Dei
481 2986 729 3040 Ecclesia
764 2986 1020 3041 Dominus
1044 2986 1255 3041 Alexius
1285 2986 1551 3040 Aristenus
1574 3001 1714 3039 com-

86 3082 357 3155 pendiosa
386 3083 450 3136 de
470 3082 702 3137 omnibus
727 3082 1011 3138 cononibus
1027 3125 1040 3146 ,
1069 3091 1117 3136 et
1146 3080 1472 3137 cecumenicis
1496 3081 1712 3135 sanctis-

1819 1880 1977 1935 quam
2025 1880 2130 1920 non
2180 1865 2482 1923 laudandus
2525 1867 2769 1923 marchio
2814 1867 3087 1935 Maﬂeius;
3131 1868 3361 1923 alterum
3396 1882 3429 1925 a

1819 1956 2087 2011 Dacherio
2134 1957 2235 2012 sibi
2266 1960 2724 2014 communicatum
2747 1974 2807 2015 se
2835 1959 3030 2031 legisse
3059 1960 3135 2015 ait
3173 1958 3428 2016 Baluzius

1823 2047 1916 2123 (e),
1944 2052 2035 2121 qui
2065 2066 2253 2106 omnes
2287 2052 2404 2107 haec
2440 2053 2552 2124 ipsa
2578 2052 2796 2108 decreta
2821 2053 3124 2121 continent,
3150 2069 3270 2126 qua:
3300 2053 3429 2109 Hol-

1819 2144 2102 2199 stenianus
2144 2143 2232 2199 hic
2261 2145 2452 2201 codex.
2500 2146 2692 2201 Merito
2720 2145 2882 2216 igitur
2904 2161 3132 2217 magnus
3163 2145 3430 2203 Baronius

1822 2237 1892 2309 (f)
1919 2238 2019 2293 hoc
2041 2237 2109 2293 de
2128 2239 2572 2309 patriarchalihus
2592 2240 2944 2295 constitutum
2969 2241 3142 2296 eidem
3162 2240 3421 2310 Damaso,

1819 2345 1883 2384 at:
1925 2329 2185 2386 Romanae
2224 2331 2348 2387 huic
2372 2332 2579 2404 synodo
2611 2331 2867 2400 vindicat,
2904 2348 3135 2404 quocum
3160 2331 3259 2387 viri
3285 2333 3432 2389 cele-

1820 2424 1945 2479 bres
1995 2425 2306 2480 llolstenius
2356 2436 2410 2482 et
2454 2426 2775 2483 Franciscus
2822 2426 3151 2483 Blanchinus
3189 2442 3425 2483 consen-

1823 2518 1980 2572 tiunt.
2028 2519 2161 2574 lluic
2201 2528 2379 2574 autem
2403 2520 2699 2576 sanciendo
2735 2520 2955 2576 decreto
2997 2521 3120 2577 inde
3151 2529 3429 2591 acceptam

1819 2612 2157 2667 occasionem
2205 2620 2444 2683 putant,
2489 2613 2630 2685 quod
2679 2630 2801 2668 cum
2853 2613 3103 2669 Pontifex
3156 2614 3430 2681 turbatam

1820 2704 2160 2759 clandestino
2200 2702 2805 2777 Constantinopolitano
2843 2721 3055 2762 canone
3087 2705 3425 2777 patriarcha-

1817 2796 1949 2851 lium
1994 2796 2360 2853 Ecclesiarum
2390 2799 2707 2869 dignitatem
2741 2798 3135 2866 intellexisset,
3168 2814 3427 2855 necessa-

1818 2891 1958 2946 rium
1986 2891 2201 2946 duxerit
2231 2892 2479 2963 synodali
2512 2894 2610 2948 hac
2632 2909 2726 2947 sua
2759 2894 2876 2965 lcge
2904 2893 3023 2963 ejus
3050 2892 3311 2964 episcopi,
3340 2902 3423 2949 at-

1817 2999 1920 3055 que
1949 2982 2306 3040 Orientalium
2332 2987 2690 3042 inconsultam
2725 2987 3075 3042 ambitionem
3131 2972 3427 3044 retundere

1820 3079 2044 3135 Paulino
2078 3082 2377 3151 prtesertim
2404 3092 2659 3148 curante,
2686 3098 2753 3145 ne
2777 3081 2907 3155 quid
2932 3081 3268 3138 Antiocheua
3323 3096 3422 3138 sua

84 3176 243 3229 simis
286 3176 526 3246 synodis,
557 3191 651 3229 nec
677 3191 799 3239 non,
826 3186 874 3231 et
904 3192 1016 3246 qua:
1043 3176 1174 3229 inter
1200 3191 1287 3229 eas
1314 3176 1529 3229 actitata
1556 3184 1709 3242 sunt,
1737 3166 1782 3229 C
1817 3188 1881 3228 ac
1922 3173 2281 3229 Alexandrina
2331 3175 2526 3244 sedes,
2560 3192 2680 3248 qua:
2712 3192 2823 3232 suae
2854 3184 2973 3233 erat
2992 3176 3426 3245 communionis,

86 3275 356 3331 tractatu,
388 3275 504 3337 post
548 3265 823 3321 Nictcnum
853 3267 1127 3320 concilium
1166 3275 1397 3322 exortam
1424 3282 1530 3321 esse
1556 3266 1716 3320 hatre-

85 3357 190 3410 sint
219 3398 236 3422 ,
290 3371 412 3428 quae
451 3355 651 3411 Filium
694 3373 895 3429 quoque
930 3356 1141 3412 Patrem
1167 3360 1423 3412 asserebat
1454 3373 1473 3412 :
1498 3374 1718 3428 namque

87 3449 347 3504 nonnulli
387 3449 644 3518 dicebant,
670 3450 1103 3521 quemadmodum
1137 3451 1307 3507 Filius
1330 3468 1394 3506 ea:
1420 3449 1582 3505 Patre
1602 3493 1617 3517 ,
1644 3453 1715 3506 ita

87 3550 136 3595 et
166 3542 440 3614 Spiritum
467 3558 498 3594 a
526 3539 671 3597 Filio
697 3559 804 3598 esse
824 3545 1069 3615 genitum,
1093 3545 1266 3616 sicque
1287 3543 1543 3615 Spiritum
1565 3561 1717 3600 sanc-

90 3644 200 3688 tum
230 3632 369 3689 Filii
403 3634 601 3703 ﬁlium,
633 3646 680 3690 et
707 3635 881 3691 Patris
910 3647 1144 3708 nepotem
1168 3638 1510 3693 decernebant
1538 3654 1557 3693 :
1580 3655 1711 3709 qua-

88 3737 320 3799 propter
346 3727 417 3781 ad
449 3729 755 3784 abolendam
777 3731 995 3785 similem
1027 3732 1265 3786 hwresim
1294 3742 1338 3786 et
1366 3731 1711 3788 orthodoxam

90 3826 252 3893 ﬁdem
276 3823 765 3893 constabiliendam,
784 3824 1041 3881 Damasus
1062 3827 1417 3883 sanctissimus
1439 3846 1573 3901 papa
1594 3827 1712 3884 ante

89 3928 339 3973 sanctam
360 3916 613 3987 synodum
635 3916 1258 3988 Constantinopolitanam
1280 3920 1579 3987 secundam,
1606 3936 1709 3975 una

92 4028 211 4065 eum
253 4012 361 4066 sibi
400 4011 636 4066 obnoxiis
660 4012 926 4067 catholicis
953 4015 1204 4084 episcopis
1230 4015 1408 4071 Romae
1433 4018 1708 4071 concilium

93 4105 288 4174 coegit,
335 4106 428 4174 qui
455 4104 512 4157 in
537 4101 715 4158 sancto
746 4103 963 4159 Nicamo
990 4107 1222 4176 symbolo
1251 4096 1559 4162 addiderunt
1587 4109 1711 4182 Spi-

94 4196 256 4249 ritum
283 4204 522 4249 sanctum
555 4212 586 4248 a
617 4194 775 4249 Patre
805 4205 851 4250 et
870 4193 1013 4250 Filio
1034 4197 1330 4267 procedere,
1364 4209 1710 4255 asseverantes

95 4304 215 4342 uero
255 4288 412 4343 illum
451 4289 680 4359 genitum
710 4305 817 4344 esse
858 4306 921 4344 ea:
948 4286 1092 4345 Filio
1131 4292 1444 4346 anathemati
1483 4294 1712 4367 subjece-

98 4395 242 4439 runt.
305 4384 508 4439 Eodem
555 4386 708 4440 modo
753 4387 1065 4441 anathemati
1103 4387 1457 4455 subiecerunt,
1485 4393 1573 4462 qui
1610 4408 1713 4446 non

99 4477 292 4543 libere,
343 4487 391 4532 et
436 4478 750 4547 conﬁdenter
783 4479 1126 4548 praedicarent
1152 4484 1383 4535 eumdem
1410 4498 1523 4536 cum
1557 4481 1712 4536 Patre

1822 3266 2129 3321 detrimenti
2169 3277 2405 3337 caperet.

1892 3361 1977 3415 Me
2015 3376 2120 3416 non
2151 3360 2281 3416 latet
2308 3361 2411 3417 hoc
2438 3362 2611 3431 ipsum
2644 3362 2710 3418 de
2740 3359 3180 3431 patriarchalium
3212 3358 3421 3419 sedium

1820 3453 2175 3525 praerogativa
2205 3452 2482 3509 decretum
2513 3454 2580 3509 ab
2601 3453 2809 3509 editore
2839 3452 3193 3524 epistolarum
3223 3451 3425 3508 Roma-

1820 3560 2011 3598 norum
2056 3544 2394 3615 pontiﬁcum,
2436 3546 2664 3617 aliisque
2708 3545 2940 3601 Damaso
2987 3543 3308 3615 ahjudicari,
3357 3558 3423 3607 ac

1817 3634 2035 3692 Gelasio
2076 3636 2326 3705 attribui,
2368 3638 2520 3707 cujus
2551 3652 2671 3694 esse
2701 3653 2962 3693 canonem
2990 3637 3059 3694 de
3088 3636 3419 3707 recipiendis

1816 3745 1879 3786 ac
1918 3729 2225 3801 rejiciendis
2274 3730 2571 3803 Scripturis
2594 3773 2610 3800 ,
2646 3731 2733 3787 cui
2757 3731 2999 3802 junctum
3021 3732 3239 3802 legitur,
3278 3730 3423 3802 apud

1816 3824 2059 3879 eruditos
2101 3825 2380 3879 convenit.
2426 3823 2713 3879 Potissima
2756 3823 2915 3895 hujus
2964 3823 3238 3894 opinionis
3284 3823 3425 3880 ratio

1813 3917 1938 3973 inde
1981 3916 2225 3987 capitur,
2256 3916 2397 3987 quod
2425 3931 2544 3971 cum
2573 3921 2917 3991 fragmentum
2946 3917 3079 3971 illud
3110 3915 3423 3971 Holstenia-

1814 4027 1939 4065 num
1961 4053 1975 4077 ,
2019 4025 2343 4081 quamquam
2385 4007 2599 4064 Damasi
2636 4012 2840 4063 nomine
2869 4010 3171 4081 insignitum
3201 4008 3323 4062 huic
3357 4006 3425 4063 de

1812 4103 2153 4176 praerogativa
2194 4102 2393 4157 sedium
2434 4102 2636 4156 decreto
2668 4102 2969 4173 adjunctum
3000 4100 3180 4154 habeat
3208 4115 3423 4172 genera-
3504 4166 3507 4173 λ

1794 4198 1943 4252 'lium
1980 4196 2297 4267 synodorum
2336 4195 2594 4261 indicem,
2639 4197 2693 4249 in
2737 4210 2837 4263 quo
2885 4210 2976 4248 nec
2998 4193 3286 4267 Ephesini,
3328 4208 3424 4247 nec

1817 4285 2274 4349 Chalcedonensis,
2304 4288 2432 4341 sicut
2457 4304 2544 4340 nec
2576 4282 2864 4349 Cwlestini,
2906 4300 2997 4339 nec
3026 4284 3232 4351 Leonis,
3262 4298 3425 4354 neque

1819 4378 2085 4444 Nestorii,
2137 4394 2296 4447 neque
2336 4377 2634 4449 Eutychetis
2665 4376 2874 4430 nomina
2910 4385 3171 4441 tacentur,
3203 4375 3424 4432 Damasi

1814 4488 1935 4529 esse
1964 4480 2216 4543 nequeat,
2241 4472 2574 4541 miraturque
2600 4469 2723 4525 ideo
2752 4467 3243 4541 Coustantius,quo
3262 4479 3420 4544 pacto

101 4577 146 4621 et
185 4566 336 4623 Filio
378 4571 536 4624 unius
565 4586 673 4625 esse
703 4572 1025 4626 auctoritatis
1064 4582 1213 4643 atque
1239 4574 1493 4639 εεεεηιίαε,
1525 4584 1571 4627 et
1602 4575 1710 4645 ριρ-
1736 4567 1790 4629 1)
1816 4566 2079 4620 Baronius
2134 4579 2197 4617 eo
2237 4563 2394 4617 titulo
2434 4574 2596 4632 atque
2623 4562 2995 4633 inscriptione,
3029 4562 3183 4633 cujus
3212 4561 3423 4619 falsitas

102 4676 292 4731 rosque
336 4662 468 4717 alios
496 4664 947 4719 anathematismos
976 4675 1157 4719 contra
1182 4665 1352 4734 plures
1373 4664 1591 4722 haereses
1617 4666 1711 4720 ad-

109 4758 373 4813 diderunt.
421 4757 505 4812 Me
536 4774 647 4813 non
696 4758 828 4815 latet
855 4760 1185 4823 Aristenum,
1222 4773 1317 4814 seu
1348 4760 1592 4831 quisquis
1620 4760 1713 4817 ille

107 4851 176 4905 sit
220 4852 346 4923 ipso
379 4852 633 4908 Aristono
664 4854 897 4925 scriptor
919 4855 1222 4925 antiquior,
1251 4855 1494 4924 aliosque
1526 4870 1716 4911 recen-

112 4942 279 4999 tiores
319 4943 540 5001 Grarcos
571 4946 817 5016 profecto
853 4946 996 5017 falli,
1036 4962 1157 5002 cum
1197 4947 1526 5017 additionem
1568 4949 1713 5007 illam

111 5032 332 5090 Nicaano
391 5037 641 5108 symbolo
686 5036 882 5092 factam
934 5037 1163 5094 Damaso
1206 5040 1534 5105 attribuunt,
1593 5057 1714 5111 quas

114 5128 283 5183 multo
323 5130 645 5186 recentioris
674 5130 851 5185 artatis
880 5140 983 5197 cst,
1017 5147 1341 5203 quamquam
1367 5148 1472 5202 quo
1497 5133 1714 5203 potissi-

116 5236 260 5275 mum
303 5230 546 5291 tempore
594 5237 655 5278 ea
687 5223 938 5291 coeperit,
971 5239 1077 5278 non
1120 5231 1275 5279 vacat
1309 5225 1583 5294 inquirere
1608 5224 1711 5298 (ά).

117 5311 184 5365 At
209 5312 333 5369 hinc
355 5314 546 5369 saltem
576 5315 753 5385 colligi
784 5316 984 5385 poterit
1009 5331 1071 5370 ea
1096 5315 1164 5370 de
1195 5330 1254 5371 re
1292 5325 1467 5371 actum
1517 5325 1716 5371 tracta-

119 5414 338 5475 tumque
365 5406 528 5462 luisse
554 5407 654 5462 sub
672 5407 903 5462 Damaso
922 5414 1048 5462 ante
1063 5407 1714 5481 Constantinopolitanam

219 5564 274 5639 a)
312 5564 440 5639 yid.
482 5567 533 5621 in
560 5568 744 5622 adnot.
770 5567 835 5623 ad
863 5567 1143 5639 epist.753,
1178 5584 1233 5625 n.
1266 5568 1334 5623 l6
1360 5578 1415 5639 et
1442 5585 1497 5624 n.
1530 5568 1621 5625 20.

225 5638 277 5711 li)
320 5636 443 5711 Vid.
504 5639 663 5711 Allat.
704 5636 1111 5711 Graec.’0rtl_i_.,
1144 5649 1301 5711 tom.
1351 5638 1403 5706 Ι,
1456 5639 1627 5711 p._72
1673 5650 1727 5695 et

135 5722 189 5775 p.
213 5707 560 5785 ᾳδθλρεωεε
585 5709 687 5785 Tit.
726 5711 939 5780 Dogm.,
969 5707 1113 5785 t_.‘ll,
1143 5709 1236 5765 lib.
1262 5725 1357 5785 vlt,
1385 5707 1650 5785 cap.2,n.
1676 5712 1726 5773 1.

215 5780 287 5857 (ς)
326 5776 487 5843 Cant.
521 5776 939 5860 llotting.,'cap.
969 5779 1036 5839 l8
1056 5791 1109 5837 et
1138 5794 1259 5861 cap.
1291 5779 1381 5845 20.

1815 4659 1951 4713 adeo
1981 4655 2265 4711 manifesta
2290 4666 2395 4720 est,
2431 4666 2535 4709 tam
2560 4654 2717 4711 facile
2748 4654 2919 4726 decipi
2950 4656 3207 4725 potuerit.

1890 4755 1960 4808 At
1984 4742 2102 4808 cum
2140 4752 2245 4808 ltoc
2273 4752 2341 4809 de
2369 4752 2576 4808 sedium
2613 4751 2964 4823 praerogativa
2992 4751 3267 4806 decretum
3290 4764 3423 4807 con-

1822 4848 2058 4902 tineatur
2095 4845 2264 4901 verbo
2313 4856 2472 4902 tenus
2514 4847 2566 4899 in
2609 4843 2810 4900 Codice
2848 4843 3129 4899 Canonum
3158 4842 3423 4911 Quesnel—

1825 4944 2001 5010 liano,
2034 4942 2173 4997 ratio
2211 4944 2327 4997 huic
2358 4958 2462 4998 non
2484 4956 2604 4996 eam
2625 4983 2640 5008 ,
2673 4956 2833 5011 quam
2863 4939 3212 4995 Constantius
3240 4945 3420 5006 putat,

1828 5039 1934 5091 vim
1965 5036 2165 5091 habere
2218 5046 2398 5106 posset
2425 5036 2472 5091 si
2508 5034 2690 5091 Codex
2719 5035 2806 5090 ille
2831 5033 2942 5104 jam
2973 5034 3204 5103 scriptus
3234 5020 3428 5099 luisset

1823 5141 1947 5185 ante
1992 5128 2188 5184 Leonis
2216 5128 2390 5200 Magni
2419 5138 2630 5183 :ctatcm
2652 5170 2665 5190 ,
2701 5139 2751 5181 ut
2788 5127 2965 5181 editor
2993 5122 3224 5183 censuit,
3255 5121 3426 5177 misso

1825 5233 2001 5277 tamen
2050 5221 2151 5278 hoc
2197 5222 2432 5290 incerto,
2481 5221 2763 5292 fallacique
2795 5217 3080 5290 praesidio,
3117 5215 3258 5287 quod
3287 5214 3423 5272 mihi

1823 5315 2013 5372 videor
2043 5329 2288 5369 asserere
2326 5329 2512 5383 posse,
2546 5311 2674 5368 illud
2705 5319 2807 5378 est,
2838 5308 3082 5364 ordinem
3116 5307 3261 5360 illum
3313 5320 3417 5360 nu-

1823 5423 2140 5479 merumque
2186 5407 2386 5475 prima,
2410 5407 2647 5461 secundae
2686 5422 2746 5459 ac
2774 5403 2935 5458 tertia:
2952 5398 3117 5466 sedis,
3143 5406 3269 5453 ante
3288 5405 3424 5455 teta-

1901 5568 1984 5640 (τι)
2025 5566 2145 5623 Vid.
2194 5566 2341 5623 allat.
2383 5567 2505 5622 eod.
2551 5580 2670 5635 cap.
2717 5563 2817 5630 20;
2847 5561 3107 5633 Lequien,
3143 5560 3371 5621 Dissert.
3404 5561 3428 5617 ι

1835 5641 1901 5694 ad
1930 5641 2171 5693 Datnasc.
2204 5652 2356 5706 Oper.

1936 5708 1984 5778 e)
2024 5708 2104 5764 Ad
2136 5702 2272 5778 Lup.
2304 5708 2456 5762 Ferr.
2481 5721 2565 5778 ep:
2606 5702 2727 5757 128.

1936 5730 1959 5762 e
2024 5718 2104 5764 Ad
2136 5718 2272 5778 Lup.
2304 5718 2456 5762 ηπ.
2481 5721 2565 5772 ep.

1912 5718 1984 5855 2f;
2024 5779 2104 5834 Ad
2135 5793 2225 5836 an.
2255 5778 2382 5849 582,
2414 5794 2469 5837 n.
2502 5774 2589 5832 l9.
