3878 6346
459 204 565 263 247

1602 184 1920 248 SANCTUS
1958 184 2284 247 DAMASUS
2320 186 2527 248 PAPA.

3649 184 3733 242 ω

461 332 572 379 tem
606 315 1203 405 Gelasii‘constitutum
1240 309 1404 367 fuisse
1432 318 1597 381 atque
1633 306 2013 379 praescriptum
2045 320 2059 359 :
2091 308 2143 369 Α
2169 315 2230 362 ut
2254 307 2375 377 ejus
2393 307 2862 364 conservationem
2894 306 2996 362 rite
3045 312 3305 378 recteque
3342 302 3544 361 factam
3574 304 3735 375 proba-

455 415 576 487 ejus
607 415 751 471 enim
787 397 971 484 aperte
994 406 1234 465 meminit
1263 404 1376 461 Leo
1406 404 1652 475 Magnus,
1685 414 1748 456 ac
1776 397 1929 455 Felix
1958 398 2065 456 Ge-

458 509 580 566 lasii
600 517 934 573 autecessor,
957 505 1048 576 qui
1070 510 1329 573 praeterea
1351 500 1542 556 eodem
1566 498 1691 553 loco
1711 510 1828 551 eam
1843 493 2064 549 distinc-

458 606 663 660 tionem
704 600 773 656 ab
800 596 1035 668 antiquis
1062 593 1325 664 majorum
1353 590 1568 646 statutis
1589 588 1655 643 ad
1683 603 1745 645 se
1780 586 2064 643 deductam

461 696 537 751 ait
578 692 675 765 (a).
726 692 865 762 Quin
911 704 1042 747 vero
1085 703 1149 747 ea
1196 686 1411 742 Statuta
1449 688 1741 758 majorum,
1790 680 2063 736 anteriora

466 798 593 846 sunt
634 796 792 843 aetate
839 788 1001 842 etiam
1050 780 1314 839 Bonifacii
1355 777 1406 847 Ι,
1441 794 1564 834 cum
1610 777 1698 831 hic
1728 774 1969 846 pontifex
1998 772 2066 829 ad

459 882 744 955 episcopos
785 895 880 950 per
920 878 1261 935 Thessaliam
1288 874 1616 931 constitutos
1662 871 1862 927 scribat
1893 888 1905 923 :
1936 885 2065 940 quo-

461 978 601 1034 niam
635 976 778 1031 locus
821 974 1014 1045 exigit,
1060 974 1104 1027 si
1134 972 1303 1042 placet
1338 983 1601 1023 recensere
1636 980 1890 1021 canonum
1915 979 2068 1018 sanc-

462 1071 646 1133 tiones.
678 1070 944 1141 reperietis
980 1082 1092 1139 qua:
1121 1066 1185 1120 sit
1214 1074 1328 1136 post
1356 1062 1645 1118 Ecclesium
1676 1061 1965 1116 Romanam
1991 1073 2071 1113 se-

466 1162 636 1216 cunda
684 1160 852 1226 sedes,
884 1174 1059 1231 qumve
1106 1160 1171 1213 sit
1199 1158 1352 1212 tertia
1376 1171 1396 1211 :
1432 1171 1550 1227 qua:
1574 1153 1815 1225 profecto
1841 1151 2072 1222 apertis-

464 1255 602 1311 sima
634 1262 779 1308 sunt.
814 1252 942 1308 Scio
970 1249 1352 1306 Constantium
1381 1257 1662 1312 annotare,
1708 1244 1857 1299 hisce
1888 1242 2071 1298 verbis

462 1347 694 1405 indicari
735 1347 769 1403 6
817 1346 1094 1403 Nicmnum
1138 1359 1446 1401 eanonem:
1485 1352 1541 1396 at
1578 1350 1777 1412 praeter
1816 1353 1914 1403 ea,
1952 1352 2071 1408 qua:

462 1438 785 1511 responderi
828 1444 1090 1510 possent,
1137 1435 1271 1491 illud
1309 1434 1588 1490 dumtaxat
1624 1430 1901 1487 observari
1948 1443 2072 1485 cum

467 1532 661 1589 eodem
691 1529 985 1599 Quesnello
1009 1528 1167 1584 velim
1193 1526 1293 1600 (b),
1318 1526 1539 1583 Nicaeno
1565 1524 1660 1579 illo
1682 1538 1892 1579 canone
1923 1537 2075 1590 pror—

469 1639 567 1680 sus
608 1638 714 1678 non
761 1620 1007 1687 deﬁniri,
1040 1620 1319 1691 cujusnam
1360 1615 1744 1682 Alexandrini,
1783 1632 1852 1671 an
1883 1615 2073 1671 Antio-

2167 412 2325 469 rent;
2369 402 2473 459 alia
2498 402 2644 459 enim
2678 411 2795 461 erat
2815 416 2977 458 causa
3000 443 3016 468 ,
3043 416 3142 457 cur
3171 416 3282 457 non
3326 410 3609 471 oporteret
3644 416 3737 458 eam

2170 494 2322 565 ﬁeri,
2352 507 2443 552 aut
2475 496 2672 554 factam
2716 496 2881 568 recipi
2916 513 2929 549 :
2960 510 3083 551 nam
3111 496 3291 568 primo
3339 495 3634 551 Flavianus
3665 494 3738 547 im-

2170 589 2378 661 positus
2425 588 2562 656 fuit,
2617 599 2679 645 ut
2716 588 3082 645 Nazianzenus
3132 588 3249 656 ait,
3297 589 3518 658 antiquo
3565 588 3739 657 ρι’εαῦ

2171 684 2365 757 ῃτωσαι
2411 701 2605 751 novus,
2655 684 2803 757 quod
2852 684 3166 756 apostolicae
3219 683 3507 741 traditioni
3558 681 3740 738 Niczno

2171 778 2404 835 concilio
2432 780 2768 836 conﬁrmata:
2799 777 3196 835 adversabatur
3227 797 3240 832 :
3281 777 3535 834 secundo
3556 777 3741 847 jun'sjoo

2172 871 2330 928 randi
2373 872 2581 944 religio,
2630 871 2784 928 illum
2833 873 3123 944 quominus
3158 882 3561 943 assequeretur
3595 870 3744 925 Antio-

2174 963 2408 1020 chenum
2432 964 2804 1036 episcopatum
2830 1005 2846 1030 ,
2876 962 3169 1020 inhabilem
3202 964 3468 1019 effecerat
3506 981 3522 1017 :
3558 978 3743 1031 quarum

2175 1066 2356 1112 tamen
2397 1071 2578 1112 rerum
2604 1097 2620 1120 ,
2655 1070 2718 1111 ac
2761 1056 3037 1126 peraeerbi
3076 1054 3204 1111 inde
3240 1056 3351 1110 orti
3383 1052 3633 1120 dissidii,
3657 1068 3745 1109 cun

2177 1149 2322 1206 nulla
2355 1150 2410 1205 in
2437 1147 2794 1206 Orientalium
2826 1150 3024 1207 litteris
3059 1149 3127 1205 ad
3156 1150 3475 1204 Romanum
3515 1148 3624 1203 hoc
3655 1163 3749 1203 coa-

2176 1241 2360 1297 cilium
2405 1240 2625 1312 scriptis
2668 1243 2871 1298 mentio
2912 1242 3014 1309 sit,
3069 1243 3265 1298 merito
3322 1241 3434 1297 viri
3481 1241 3747 1312 gravissimi

2176 1333 2446 1402 dubitant,
2476 1349 2544 1391 an
2572 1335 2699 1402 illae,
2722 1335 2866 1408 quod
2898 1336 3280 1395 Ecclesiastica
3311 1335 3669 1407 simplicitate
3708 1353 3751 1391 ac

2177 1428 2496 1487 sinceritate
2521 1438 2764 1499 careant,
2791 1444 2854 1486 ea
2881 1429 3043 1491 laude
3064 1429 3239 1503 dignae
3259 1432 3395 1498 sint,
3422 1444 3596 1501 quam
3617 1428 3752 1485 Thea-

2178 1522 2401 1579 doretus
2428 1523 2636 1580 eisdem
2661 1524 2927 1582 attribuit.

2251 1614 2379 1671 Hice
2423 1615 2606 1688 itaque
2645 1625 2803 1684 sunt,
2847 1631 2968 1688 quae
3014 1616 3085 1672 ab
3126 1615 3230 1672 hoc
3261 1628 3559 1687 postremo
3589 1615 3751 1671 Danaa

470 1716 634 1772 ebeni
679 1712 921 1785 episcopi
972 1712 1264 1779 secundus,
1295 1721 1388 1766 aut
1419 1711 1609 1766 tertius
1637 1710 1788 1765 locus
1835 1708 1928 1773 sit,
1954 1722 2077 1763 cum
2107 1713 2157 1774 B
2183 1709 2416 1765 concilio
2445 1718 2597 1781 gesta
2628 1725 2741 1782 pra:
2766 1709 2978 1765 caeteris
3006 1709 3175 1765 videri
3208 1721 3447 1780 possunt
3482 1728 3497 1763 :
3534 1723 3653 1764 nam
3672 1724 3754 1777 qua

470 1817 655 1867 tamen
688 1807 997 1865 Bonifacius
1025 1807 1224 1877 aliique
1248 1804 1531 1876 pontiﬁces
1549 1803 1795 1859 ordinem
1821 1801 1964 1856 inter
1988 1814 2083 1856 eos

470 1902 851 1975 praescriptum
901 1900 1232 1972 exprimant,
1286 1914 1349 1955 ac
1373 1896 1669 1954 secundum
1710 1893 2083 1952 Alexandrino

475 1998 681 2064 locum,
705 1995 1049 2052 Antiocheno
1077 1996 1294 2050 tertium
1320 1994 1617 2049 attribuant
1643 2008 1657 2045 :
1686 1990 1951 2046 Batonius
1976 1987 2081 2043 ita-

477 2104 583 2161 que
622 2097 772 2143 recto
820 2101 1059 2160 sanoque
1081 2086 1288 2157 judicio
1310 2084 1567 2157 colligere
1593 2082 1767 2154 potuit
1786 2096 1852 2138 ex
1878 2096 1947 2136 eo
1973 2078 2082 2135 Co-

479 2180 622 2247 dice,
642 2180 916 2237 Gelasium
944 2195 1051 2235 non
1069 2188 1175 2235 tam
1191 2178 1307 2233 haec
1329 2177 1504 2249 primo
1525 2174 1898 2239 constituisse,
1922 2187 2083 2242 quam

475 2288 598 2345 quae
620 2281 775 2329 antea
802 2282 948 2328 recte
968 2271 1259 2327 constituta
1282 2286 1313 2326 a
1336 2267 1830 2343 praedecessoribus
1846 2262 2082 2331 fuerant,

474 2366 691 2437 scriptis
719 2367 915 2423 iterum
948 2364 1273 2435 prodidisse.

548 2456 695 2515 Idem
728 2465 847 2514 esto
873 2457 1136 2527 judicium
1168 2455 1378 2512 decreti
1426 2455 1496 2511 de
1549 2451 1877 2525 recipiendis
1911 2464 1975 2506 ac
2000 2465 2088 2507 re-

471 2548 726 2621 jiciendis
757 2548 1056 2619 Scripturis
1080 2547 1382 2618 librisque;
1418 2561 1541 2601 nam
1569 2546 1662 2618 qui
1709 2544 1993 2600 exstiterat
2032 2543 2087 2599 in

476 2641 727 2699 Romana
763 2643 1011 2699 Ecclesia
1047 2657 1325 2699 sacrarum
1355 2640 1759 2713 Scripturarum
1799 2640 2091 2696 librorum-

483 2750 591 2808 que
613 2737 826 2804 Canon,
855 2751 1079 2794 necesse
1104 2736 1268 2792 etiam
1296 2733 1398 2791 fuit
1416 2776 1432 2802 ,
1462 2742 1521 2789 ut
1544 2749 1641 2805 pro
1670 2748 1851 2790 rerum
1883 2743 2087 2804 tempo-

482 2846 715 2902 rumque
745 2831 959 2888 ratione
987 2829 1408 2887 conﬁrmaretur
1434 2839 1527 2883 aut
1549 2828 1715 2883 etiam
1743 2834 2030 2898 augeretur
2057 2840 2089 2882 a

485 2921 737 2981 Romano
764 2925 1038 2994 pontiﬁce.
1064 2923 1123 2979 Id
1150 2938 1284 2979 vero
1306 2938 1430 2979 cum
1454 2922 1555 2978 sub
1580 2921 1865 2978 Hormisda
1887 2921 2090 2977 factum

488 3017 794 3075 concedant
817 3017 917 3072 viri
938 3015 1102 3082 docti,
1128 3015 1218 3087 qui
1244 3013 1445 3071 Gelasii
1477 3012 1791 3085 Catalogum
1821 3014 1971 3069 auxit
1992 3013 2088 3085 (c),

2189 1804 2342 1873 plura
2364 1802 2466 1858 alia
2494 1802 2613 1873 ejus
2648 1804 2899 1870 nomine,
2949 1810 3061 1859 tum
3106 1802 3160 1858 in
3189 1804 3563 1859 conciliorum
3604 1802 3753 1859 collec-

2188 1896 2425 1953 tionibus
2451 1895 2670 1952 decreta
2692 1894 3172 1962 circumferuntur,
3202 1897 3484 1952 incertum
3509 1907 3616 1963 est,
3637 1913 3693 1949 an
3712 1896 3755 1949 ad

2188 1990 2352 2056 istud,
2384 2007 2451 2047 an
2477 1991 2545 2046 ad
2574 1990 2791 2062 aliquod
2822 1990 2969 2046 aliud
2998 2000 3278 2062 spectent,
3309 1991 3610 2062 multoque
3630 1990 3756 2046 inwn

2188 2082 2294 2139 tius
2318 2098 2386 2138 an
2418 2082 2709 2139 Damasum
2740 2092 3020 2138 auctorem
3048 2081 3302 2147 habeant,
3326 2082 3395 2139 de
3420 2098 3541 2155 quo
3561 2083 3754 2144 consule.

2187 2179 2232 2235 si
2258 2178 2437 2244 lubet,
2478 2177 2885 2235 Tillemontiutn
2933 2192 2998 2234 ac
3048 2175 3461 2233 Constantium.
3532 2177 3753 2233 Czeteraa

2188 2286 2311 2327 cum
2339 2271 2442 2327 hoc
2463 2272 2759 2328 concilium
2788 2279 3125 2344 postremum
3150 2272 3262 2329 dixi
3282 2313 3298 2335 .
3335 2272 3512 2329 velim
3556 2272 3610 2327 id
3640 2273 3755 2327 intel-

2188 2366 2325 2437 ligas
2364 2382 2431 2422 ex
2462 2366 2531 2422 iis
2572 2382 2803 2437 quorum
2833 2367 3101 2423 memoria
3142 2375 3435 2438 superest;
3470 2367 3634 2424 facile
3658 2368 3755 2422 enin

2189 2456 2549 2525 crediderim,
2604 2459 2892 2514 Damasum
2922 2459 3199 2514 advocatis
3246 2457 3317 2514 ad
3359 2458 3611 2516 natalem
3645 2474 3754 2513 suos

2188 2551 2259 2608 de
2300 2566 2453 2608 more
2480 2551 2836 2608 vicinioribus
2880 2551 3151 2623 episcopis
3198 2550 3435 2622 singulis
3484 2553 3605 2608 fere
3646 2549 3757 2605 annis

2190 2646 2430 2720 synodos
2457 2647 2765 2704 celebrasse
2787 2687 2804 2713 ,
2835 2662 3063 2717 quarum
3096 2654 3284 2704 tamen
3324 2646 3539 2719 aliqua;
3575 2646 3643 2703 ob
3666 2656 3759 2700 teu-

2190 2754 2383 2813 porum
2408 2749 2733 2798 vetustatem
2764 2741 2818 2796 in
2841 2739 3116 2796 oblivione
3143 2739 3250 2795 sint
3284 2740 3511 2810 positae.

2266 2832 2330 2888 ν.
2392 2832 2451 2889 Si
2506 2832 2830 2903 Lantlulplto
2880 2830 3096 2887 cuidam
3152 2831 3359 2888 seniori
3405 2831 3755 2888 Mediolanum

2192 2926 2452 2997 episcOpo
2484 2924 2616 2982 ﬁdes
2644 2936 2761 2993 est;
2793 2925 3001 2981 sedente
3039 2924 3109 2979 D.
3142 2925 3452 2989 Ambrosio,
3500 2922 3758 2998 gravissima

2194 3018 2444 3074 dissensio
2473 3028 2587 3073 orta
2613 3028 2688 3073 est
2718 3034 2893 3073 coram
2915 3017 3213 3090 Apostolico
3242 3018 3297 3072 in
3319 3019 3533 3090 synodo
3562 3020 3682 3072 inter
3703 3032 3758 3069 sa-

487 3126 587 3167 cur
607 3125 713 3166 non
744 3108 997 3166 Gelasius
1034 3109 1152 3180 ipse
1182 3107 1396 3162 Damasi
1427 3106 1657 3163 Decreto
1683 3104 1960 3162 addidisse
1989 3120 2089 3176 PO-
2118 3112 2167 3179 Ο
2195 3114 2426 3170 cerdotes
2447 3130 2779 3186 monogamos
2801 3124 2847 3168 et
2868 3114 3000 3168 alios
3022 3112 3116 3168 sub
3141 3114 3379 3167 castitate
3394 3121 3494 3167 aut
3514 3111 3758 3183 virginitate

486 3204 623 3270 tuit,
677 3212 841 3274 atque
884 3200 1011 3257 inde
1054 3200 1340 3257 Decretum
1388 3198 1490 3255 hoc
1518 3212 1843 3270 quamquam
1905 3197 1972 3253 ab
2023 3212 2092 3253 eo

488 3296 770 3353 dumtaxat
797 3304 1017 3351 auctum
1045 3294 1222 3352 eidem
1252 3292 1476 3348 attribui
1500 3334 1515 3359 ,
1545 3300 1601 3347 ut
1624 3290 1821 3347 deinde
1843 3290 2091 3348 llormis-

488 3389 573 3445 da:
599 3390 761 3445 etiam
784 3388 1099 3445 attributum
1122 3385 1415 3457 aliquando
1442 3384 1712 3456 legimus?
1733 3386 1919 3456 Neque
1945 3384 2088 3440 enim

489 3483 709 3540 Damasi
735 3491 895 3537 actate
921 3489 1014 3536 aut
1038 3480 1321 3536 Manichtei
1350 3479 1606 3545 deerant,
1638 3485 1732 3533 aut
1765 3478 1969 3545 Ariani,
2001 3485 2094 3532 aut

492 3575 925 3633 Priscillianistae
947 3614 965 3641 ,
996 3574 1090 3644 qui
1112 3574 1194 3628 vel
1226 3572 1533 3643 Scripturas
1576 3584 1759 3626 sacras
1788 3569 2050 3625 falsarent
2071 3608 2088 3636 ,

493 3669 581 3724 vel
610 3667 952 3738 apocryphas
976 3666 1366 3731 obtruderent,
1395 3680 1629 3737 quorum
1676 3664 1901 3736 proinde
1933 3664 2091 3721 falla-

495 3762 595 3815 ciis
619 3760 938 3816 conﬁrmato
978 3758 1176 3815 iterum
1201 3801 1216 3826 ,
1244 3775 1307 3814 ac
1352 3758 1625 3829 publicato
1667 3772 1853 3814 earum
1884 3773 2094 3816 canone

497 3853 708 3909 occurri
738 3852 960 3918 debuit,
988 3866 1052 3906 ae
1080 3851 1195 3906 dari
1220 3859 1487 3922 praeterea
1520 3851 1850 3924 llieronymo
1878 3867 2094 3908 earum-

496 3946 621 4003 dem
645 3946 1087 4018 corrigendarum
1111 3961 1240 4001 cura
1275 3945 1429 4001 :hmc
1451 3953 1631 4002 tamen
1654 3945 1947 4018 fragmenta
1968 3963 2090 4003 cum

498 4041 643 4099 haud
676 4041 900 4097 omnino
937 4049 1152 4097 constet
1178 4040 1244 4096 ad
1276 4040 1564 4097 Damasum
1599 4042 1896 4110 pertinere,
1929 4041 2092 4097 malui
2120 4088 2123 4091 .

495 4151 529 4193 a
550 4134 756 4206 judicio
804 4133 1031 4191 ferendo
1059 4132 1371 4201 abstinere,
1402 4148 1467 4189 ac
1506 4133 1649 4190 inter
1685 4132 1849 4190 dubia
1891 4149 2094 4207 appen-

495 4229 632 4286 dicis
660 4229 783 4285 loco
812 4228 1045 4300 conjeci.

567 4322 721 4391 Quod
748 4332 929 4379 autem
961 4321 1029 4377 ad
1074 4335 1313 4378 canones
1336 4328 1545 4392 spectat
1563 4363 1577 4387 ,
1607 4321 1700 4392 qui
1728 4334 1759 4377 a
1784 4319 2095 4377 Constanti-

495 4417 809 4487 nopolitana
840 4416 1049 4487 synodo
1075 4416 1277 4473 conditi
1321 4416 1559 4483 fuerant,
1599 4429 1731 4483 eos,
1773 4414 1820 4470 si
1838 4414 2095 4486 .‘quodgde

2196 3206 2434 3278 degentes
2462 3224 2476 3259 :
2499 3222 2657 3277 eaque
2681 3205 2976 3275 Apostolico
3000 3206 3304 3274 imperante,
3331 3214 3380 3260 et
3400 3205 3529 3260 aliis
3548 3202 3757 3277 episcopi:

2194 3298 2653 3365 consentientibus,
2670 3297 2878 3372 judicio
2909 3297 2974 3353 Β.
3003 3296 3259 3352 Ambrosii
3290 3297 3558 3367 delegata,
3580 3292 3758 3366 utquid-

2193 3394 2321 3465 quid
2345 3394 2458 3463 ipse
2485 3393 2706 3459 diceret,
2751 3398 2987 3446 sanctum
3034 3400 3080 3445 et
3120 3392 3329 3461 ﬁrmum
3357 3399 3655 3456 teneretur,
3691 3400 3756 3457 pro

2196 3485 2439 3540 uxoratis
2455 3483 2680 3539 deﬁnita
2698 3491 2782 3540 est
2808 3500 2822 3538 :
2846 3483 2999 3555 quin,
3024 3483 3069 3539 si
3102 3481 3569 3537 Pseudo-Datium
3589 3480 3755 3541 audias.

2194 3594 2257 3637 ea
2289 3578 2663 3634 controversia
2691 3579 2887 3648 agitata
2916 3575 3078 3633 estin
3102 3575 3302 3647 synodo
3334 3573 3562 3629 Damasi
3601 3573 3660 3640 1,
3686 3570 3756 3627 lSt)

2194 3674 2576 3747 episcoporum,
2602 3672 2856 3727 celebrata
2886 3669 3335 3742 Constantinopoli
3354 3713 3372 3738 ,
3402 3668 3496 3723 ubi
3538 3665 3607 3722 B.
3641 3666 3757 3719 ister-

2196 3770 2296 3841 {uit
2325 3767 2644 3823 Ambrosius.
2685 3767 2756 3822 At
2784 3780 2879 3820 eas
2906 3779 3095 3820 eorum
3126 3773 3441 3833 temporum
3481 3757 3756 3835 quisquilias

2196 3862 2425 3929 referre,
2456 3863 2574 3917 viro
2612 3859 2919 3916 clarissimo
2963 3858 3259 3914 Muratorio
3305 3858 3516 3929 judice,
3552 3854 3755 3913 refellere

2196 3965 2315 4023 est;
2361 3969 2690 4027 quamquam
2735 3953 2994 4009 Puricelli
3042 3951 3309 4007 laudanda
3365 3950 3643 4023 diligentia
3666 3956 3753 4009 est.

2197 4049 2286 4121 qui
2320 4049 2373 4103 in
2398 4062 2461 4104 ea
2492 4045 2688 4102 fabella
2711 4045 2994 4101 refutanda
3021 4044 3259 4100 studium
3291 4053 3349 4101 et
3378 4057 3604 4113 Operam
3649 4038 3755 4094 serio

2197 4139 2485 4197 collocavit
2510 4154 2687 4206 suam,
2720 4137 2773 4193 in
2814 4137 3203 4194 dissertatione
3226 4147 3348 4209 post
3381 4135 3626 4208 ejusdem
3654 4130 3755 4185 La-

2199 4232 2384 4305 dulpln‘
2414 4230 2732 4297 Cltronicon,
2761 4231 2905 4287 inter
2934 4230 3149 4286 Italicos
3169 4231 3472 4302 scriptores
3500 4228 3752 4297 vulgatum.
3832 4228 3833 4305 ξ

2200 4327 2430 4398 Propius
2448 4326 2516 4382 ad
2547 4326 2828 4382 veritatem
2859 4324 3092 4381 accessit
3113 4323 3428 4390 Dandulus,
3461 4337 3584 4378 cum
3610 4320 3660 4376 in
3683 4316 3753 4372 hoc

2199 4421 2393 4480 eodem
2424 4420 2639 4477 Damasi
2686 4418 2919 4475 concilio
2942 4460 2957 4485 ,
3002 4427 3116 4472 tum
3146 4416 3547 4473 Priscillianum
3575 4414 3755 4470 damna-
3832 4414 3833 4485 ξ

501 4507 737 4566 Maximo
778 4507 981 4578 Cynico
1032 4509 1311 4565 decretum
1370 4510 1543 4566 fuerat
1593 4509 1830 4580 excipias
1857 4550 1872 4575 ,
1919 4524 1950 4563 a
1994 4508 2316 4574 Da-Dtum
2365 4515 2611 4586 scripsit,
2664 4524 2775 4569 tum
2820 4510 3111 4585 synodalia
3140 4504 3391 4581 ejusdem
3433 4519 3582 4581 gesta
3624 4505 3752 4593 tribu}

499 4616 655 4658 maso
680 4599 1029 4671 Romanaque
1055 4600 1186 4656 sede
1220 4600 1368 4655 nullo
1404 4603 1457 4656 in
1502 4601 1678 4672 pretio
1704 4598 1918 4656 habitos
1940 4642 1955 4667 ,
1986 4600 2096 4656 Leo

500 4692 729 4764 Magnus
750 4733 768 4760 ,
795 4691 1067 4757 Gelasius,
1097 4708 1161 4749 ac
1185 4708 1412 4766 magnus
1439 4693 1738 4765 Gregorius
1763 4708 1864 4749 nos
1885 4694 2097 4750 'docue-

496 4794 652 4852 runt,
682 4798 908 4854 quorum
931 4784 1072 4839 dicta
1099 4800 1508 4856 supervacaneo
1528 4785 1716 4841 labore
1740 4787 1844 4841 huc
1869 4801 1970 4857 ego
1989 4801 2097 4841 non
2164 4858 2165 4861 η

500 4876 827 4936 transferam
860 4893 873 4931 :
904 4876 1032 4947 quin
1064 4883 1245 4932 tamen
1297 4875 1531 4932 Nectarii
1582 4876 1853 4933 ordinatio
1901 4878 2100 4933 conﬁr-

498 4982 646 5031 mata
689 4970 883 5036 fuerit,
925 4967 1103 5023 idonei
1134 4969 1357 5024 omnino
1412 4978 1581 5026 testes
1622 4968 1979 5025 Bonifacius]
2033 4984 2096 5027 ac

499 5063 754 5123 Nicolaus
816 5076 916 5118 nos
964 5060 1186 5116 minime
1232 5060 1483 5117 dubitare
1523 5063 1705 5117 sinunt
1756 5061 1859 5135 (ά).
1893 5062 2094 5118 Contra

498 5174 632 5216 vero
660 5166 941 5215 externam
972 5169 1189 5211 omnem
1216 5169 1340 5211 cum
1366 5155 1624 5211 Flaviano
1650 5158 1908 5228 rejeetam
1942 5172 2096 5214 com-

502 5255 819 5310 munionem
848 5251 1209 5314 Sozomenus,
1234 5247 1643 5316 Theodoretus,
1671 5250 1885 5322 aliaque
1909 5265 2095 5307 eorum

498 5357 809 5420 temporum
842 5352 1194 5401 monumenta
1222 5342 1450 5412 probant
1474 5361 1488 5395 :
1516 5342 1714 5397 frustra
1740 5357 1870 5399 vero
1898 5343 2097 5400 Orien-

499 5442 637 5498 tales
666 5439 1038 5497 obtendebant
1068 5435 1412 5508 Apostolicos
1438 5436 1793 5507 Niczenosque
1822 5450 2089 5508 canones,

575 5582 653 5654 (a)
683 5580 806 5654 vid.
851 5579 1019 5636 Cone.
1067 5577 1266 5635 Venet.
1301 5576 1433 5633 edit.
1456 5584 1614 5633 ‘tom.
1655 5575 1736 5644 γ,
1764 5590 1820 5647 p.
1868 5575 1971 5634 185
1994 5619 2009 5646 ,
2036 5588 2091 5636 et

506 5652 784 5723 pag.'3ll.

581 5723 659 5791 (b)
689 5721 966 5787 Quesnell.
997 5723 1213 5780 dissert.
1239 5722 1331 5791 η,
1360 5736 1482 5794 cap.
1504 5719 1540 5776 4
1558 5760 1573 5791 ,
1598 5734 1654 5775 n.
1686 5718 1777 5774 13.

2200 4584 2558 4669 Orientalium
2582 4609 2776 4679 legatis
2802 4584 2973 4663 fuisse
2992 4606 3398 4663 communicata
3431 4604 3530 4677 (e);
3560 4584 3752 4674 quit;-
3832 4584 3833 4655 ἓ

2202 4721 2328 4764 men
2356 4705 2498 4762 unde
2525 4703 2767 4760 hauserit
2800 4703 3092 4759 obscurum
3123 4700 3285 4758 nobis
3314 4715 3460 4757 nunc
3486 4707 3586 4755 est.

2775 4833 3005 4892 CAPUT
3043 4832 3215 4889 XXII.

2236 4953 2606 5021 385,0.uusr
2637 4950 2723 5020 l7,
2760 4949 3098 5007 MEROBAUDE
3139 4964 3209 5006 ετ
3251 4946 3568 5004 SATURNINO
3608 4954 3725 4999 coss.

2200 5067 2244 5125 Ι.
2283 5066 2512 5122 Libellus
2552 5082 2759 5138 precum
2804 5063 3046 5120 Faustini
3084 5072 3130 5116 et
3162 5061 3460 5116 Marcellini
3506 5061 3560 5114 in
3585 5057 3643 5112 iis
3832 5096 3833 5147 ι

2276 5162 2345 5215 ad
2376 5160 2657 5214 Damasum
2677 5159 2951 5228 pertinent,
2980 5155 3050 5209 ad
3073 5171 3289 5210 examen
3316 5162 3592 5211 revocatur.
3619 5149 3674 5205 ll.
3694 5146 3749 5200 At:

2278 5256 2332 5309 lii
2381 5254 2482 5307 duo
2527 5252 2825 5324 presbyteri,
2856 5249 3176 5322 Luciferiaui
3232 5250 3443 5321 fuerint,
3499 5265 3565 5303 an
3615 5242 3748 5316 ροῑὶιε
3832 5308 3833 5311 η

2280 5344 2584 5402 Ursiniaui?
2604 5343 2795 5398 Bassus
2827 5341 2981 5399 Urbis
3009 5346 3281 5414 praefectus
3302 5344 3438 5414 quis,
3471 5351 3515 5397 et
3542 5356 3604 5394 an
3628 5333 3745 5392 Chri-

2274 5436 2501 5494 stianus?
2523 5433 2608 5490 lll.
2642 5432 2721 5489 De
2743 5433 2967 5505 Ephesio
2990 5431 3392 5490 Ursinianorum
3410 5435 3463 5488 in
3487 5431 3614 5488 Urbe
3634 5441 3747 5501 psel-

2295 5554 2349 5648 c),
2376 5574 2500 5648 Yid.
2527 5573 2821 5648 ιξιξιηειξῑη.Δ
2841 5574 2908 5648 in_
2924 5581 3039 5648 n_ot.
3064 5572 3134 5630 ad
3162 5571 3337 5631 Clem.
3363 5582 3419 5631 et
3440 5571 3610 5630 Gelas.

2301 5644 2359 5719 ά)
2381 5646 2513 5719 AVid.
2532 5645 2769 5719 piatijb.
2794 5645 2851 5710 2,
2876 5644 2995 5719 se.
3015 5680 3049 5719 λ

2298 5715 2347 5789 e)
2374 5715 2499 5773 Scr.
2532 5716 2649 5773 ltal.
2679 5716 2835 5774 Tom.
2866 5715 2954 5771 η.
