3950 6330
477 262 585 328 351

1580 257 1897 317 SANCTUS
1937 256 2252 318 DAHABUS
2288 259 2490 321 PAPA.

3627 269 3715 330 δὲδὲ

477 374 768 447 praefectus
813 389 941 432 suos
983 374 1036 432 in
1067 388 1131 434 ea
1159 373 1420 448 dignitate
1447 381 1824 431 antecessores
1861 372 2082 430 Bassum
2108 380 2156 438 Α
2189 378 2290 433 hoc
2319 380 2479 435 etiam
2525 377 2581 436 in
2631 378 2808 451 capite
2847 375 3155 443 mentiatur,
3187 377 3271 435 vix
3310 378 3620 452 dubitaverit,
3645 389 3718 458 qui

476 471 680 543 ipsum,
723 481 776 530 et
807 471 1092 530 Aventium
1122 475 1299 536 vocat,
1331 483 1396 524 ac
1433 477 1499 524 ut
1535 467 1750 538 Orphiti
1779 467 1954 524 soceri
1997 467 2082 522 sui

480 563 854 622 haereditatem
907 571 1122 620 tueatur
1168 561 1430 618 adversus
1477 563 1691 629 ﬁscum,
1726 561 1826 618 hac
1868 559 2086 632 potissi-

478 673 624 716 mum
650 656 858 718 ratione
883 657 1052 712 utitur
1072 655 1449 716 Valentiniano
1467 658 1731 723 scribens,
1788 654 1932 726 quod
1960 669 2082 711 cum

479 749 700 815 Bassus,
731 759 780 804 ct
805 748 1072 815 Auantius,
1103 763 1165 804 ea
1188 747 1254 802 de
1282 747 1654 804 controversia
1683 747 1974 802 novissime
1991 760 2081 802 re-

480 841 753 912 tulissent,
787 839 1036 898 busredes
1075 840 1265 898 recenti
1307 839 1652 910 ργωεεριὶοιιε
1681 837 1914 896 absoluti
1937 837 2080 908 judi-

484 937 570 992 cio
595 933 809 992 fuerant
832 933 934 1006 (α).
969 931 1100 992 Cum
1135 933 1315 1003 itaque
1339 932 1486 988 Bassi
1531 931 1850 1002 praefectura
1879 929 2086 987 initium

483 1028 690 1104 ceperit
721 1035 844 1099 post
887 1041 1090 1082 annum
1123 1026 1252 1090 581,
1284 1040 1350 1081 ac
1382 1025 1672 1096 reliquum,
1699 1023 1842 1094 quod
1874 1023 2000 1078 inde
2019 1020 2088 1078 ad

483 1122 858 1194 prrclecturam
889 1118 1201 1192 Symmachi
1231 1119 1492 1184 excurrit,
1528 1119 1721 1188 partim
1755 1117 1930 1174 eidem
1961 1116 2094 1172 Bas-

488 1230 586 1282 so,
618 1214 814 1285 partim
859 1212 1094 1269 Aventio
1143 1213 1450 1268 necessario
1487 1211 1831 1268 tribuendum
1880 1211 1969 1271 sit.
2009 1207 2094 1264 fa-

486 1308 589 1366 cile
618 1305 992 1376 intelligimus,
1023 1304 1185 1374 hujus
1228 1303 1444 1372 Ephesii
1472 1318 1714 1370 ctiusam,
1743 1303 1899 1372 cujus
1947 1301 2089 1358 idem

485 1398 680 1460 Bassus
715 1397 964 1470 cognitor
1021 1397 1186 1456 fuisse
1227 1396 1450 1462 dicitur,
1499 1410 1644 1450 anno
1691 1394 1801 1450 588
1825 1405 1918 1451 aut
1949 1394 2094 1450 inse-

486 1490 673 1564 qnenti
699 1490 1019 1550 contectam.
1053 1488 1431 1548 Tillemontius
1453 1487 1661 1544 dubitat
1688 1501 1755 1544 an
1809 1487 1898 1543 hic
1917 1486 2096 1542 chris-

489 1585 666 1640 tianus
694 1583 878 1652 fuerit,
926 1582 1193 1654 siquidem
1236 1580 1479 1638 Libellus
1511 1596 1757 1652 precum,
1806 1581 1894 1649 qui
1940 1580 2094 1636 illum

490 1677 798 1736 catholicam
855 1676 1157 1750 religionem
1193 1657 1493 1730 dumtaxat
1536 1683 1859 1730 venerantem
1907 1683 2094 1741 vocat,

2186 471 2252 527 ad
2301 472 2419 528 haec
2460 472 2754 529 adverterit
2799 471 3085 526 animum:
3121 471 3290 541 primo
3318 473 3509 529 sciiicet
3535 474 3718 535 Bassum

2188 579 2292 618 non
2322 564 2487 620 fuisse
2512 564 2742 622 Urbane
2770 561 3107 634 pmfecturm
3134 561 3396 618 admotum
3425 574 3536 620 ante
3557 582 3720 626 annum

2186 656 2314 723 581,
2363 666 2526 727 atque
2555 657 2787 728 aliquam
2825 654 3105 726 sequentis
3134 654 3257 709 anni
3303 664 3492 724 partem
3535 657 3723 719 Aventio

2186 751 2306 820 ejus
2335 749 2636 807 successori
2667 748 2931 813 dandam;
2963 749 3199 803 secundo
3227 747 3434 804 celebre
3479 748 3723 806 Theodosii

2189 843 2448 909 edictum,
2479 859 2591 915 quo
2625 844 2807 898 Ariani
2854 853 3144 912 occupatas
3197 842 3438 897 basilicas
3476 841 3724 900 Catholicis

2189 936 2476 991 restituere
2500 937 2637 1006 jussi
2666 944 2814 1004 sunt,
2847 934 3312 1005 Constantinopoli
3341 933 3496 990 fuisse
3524 937 3726 1006 promul-

2189 1040 2370 1101 gatum
2411 1030 2500 1086 die
2546 1030 2612 1087 19
2641 1030 2769 1086 Julii
2811 1031 2938 1085 anni
2967 1029 3065 1085 581
3093 1048 3106 1085 :
3147 1028 3306 1084 tertio
3335 1044 3448 1083 cum
3479 1029 3593 1084 illud
3615 1031 3729 1102 Oxy-

2191 1127 2364 1181 rinchi
2395 1125 2611 1182 effectui
2637 1127 2818 1182 datum
2848 1135 2956 1194 est,
2994 1125 3285 1196 Ephesium
3307 1141 3370 1180 eo
3393 1125 3486 1180 loci
3515 1125 3727 1194 adfuisse,

2192 1229 2352 1291 atque
2377 1221 2537 1275 etiam
2569 1221 2878 1290 aliquandiu
2909 1227 3032 1294 post
3068 1219 3184 1274 hanc
3227 1219 3293 1273 ibi
3325 1219 3606 1274 substitisse
3632 1235 3644 1273 :
3671 1219 3732 1274 vi-

2193 1310 2290 1368 des
2319 1314 2516 1384 igitttr,
2566 1313 2692 1386 quid
2727 1313 2853 1369 hinc
2881 1312 3022 1368 efﬁci
3053 1313 3244 1385 poSsit.
3269 1311 3394 1367 Nam
3431 1312 3472 1366 si
3499 1312 3578 1368 ille
3600 1311 3734 1376 Basso

2190 1407 2300 1478 jam
2330 1405 2489 1463 Urbis
2523 1407 2776 1476 praefecto
2823 1407 3036 1462 delatus
3064 1415 3168 1473 est,
3221 1406 3264 1460 si
3309 1406 3512 1468 eodem,
3556 1415 3635 1459 aut
3669 1420 3737 1460 se-

2195 1501 2378 1569 quenti
2405 1515 2546 1555 anno
2577 1515 2700 1555 eum
2743 1514 2842 1570 per
2870 1499 3125 1555 interiora
3177 1498 3415 1569 Egypti.
3447 1511 3507 1552 ac
3535 1513 3616 1566 per
3656 1496 3737 1551 Pa-

2198 1591 2459 1646 itcstinam
2509 1591 2803 1646 cursitasse
2833 1601 3068 1656 constat,
3119 1590 3258 1645 haud
3299 1591 3384 1644 diu
3433 1588 3600 1643 Roma:
3639 1588 3740 1642 sub-

2198 1685 2399 1739 stitisse
2423 1684 2524 1738 sub
2550 1683 2740 1739 eodem
2770 1683 3024 1754 praefecto
3051 1683 3245 1752 potuit,
3270 1681 3361 1737 sed
3384 1681 3546 1736 solum
3569 1691 3742 1735 vertere

499 1774 643 1846 quod
671 1771 876 1838 homini
905 1772 1125 1832 ethnico
1145 1769 1440 1826 convenire
1471 1769 1665 1839 potuit,
1695 1766 1829 1824 nihil
1858 1783 1955 1839 pro
1982 1783 2100 1824 cer-

2212 1786 2419 1834 coactus
2446 1785 2530 1833 est
2561 1794 2574 1831 :
2607 1793 2704 1832 cur
2731 1777 2875 1832 enim
2908 1786 3002 1831 aut
3029 1776 3257 1832 Romam
3296 1784 3400 1829 tam
3425 1775 3546 1838 cito,
3575 1787 3630 1827 ac
3646 1787 3742 1842 gre-

495 1878 550 1923 to
586 1866 816 1928 delinire
845 1865 1076 1924 videtur.
1118 1867 1190 1920 At
1213 1863 1329 1920 haec
1357 1863 1540 1928 verba,
1575 1863 1770 1934 quibus
1801 1860 2099 1917 Luciferis-

497 1962 572 2028 ni,
606 1969 664 2016 ut
689 1960 835 2016 solos
863 1973 924 2014 se
947 1958 1247 2014 catholicos
1273 1971 1396 2013 esse
1419 1955 1796 2028 prtcdiearent,
1821 1971 1918 2026 pro
1945 1970 2101 2012 more

495 2054 814 2131 utebantur,
865 2053 932 2108 ad
979 2053 1330 2109 cbristianam
1390 2051 1709 2122 religionem
1755 2049 2100 2108 indicandam

498 2148 686 2223 retulit
714 2146 859 2208 aliud
907 2161 1076 2217 agens
1116 2146 1196 2206 vir
1245 2145 1734 2204 accuratissimus:
1795 2161 1918 2202 nam
1971 2146 2102 2216 quin

503 2244 705 2308 Bassus
747 2241 1078 2300 christianus
1127 2240 1312 2307 fuerit,
1356 2240 1447 2298 vix
1477 2240 1729 2297 dubitare
1776 2255 1875 2296 nos
1907 2240 2106 2310 patitur

497 2336 844 2404 Prudentius,
875 2349 940 2394 ac
985 2343 1395 2390 monumentum
1440 2333 1586 2390 Junii
1637 2333 1810 2399 Bassi,
1857 2334 2001 2404 quod
2051 2333 2106 2389 in

495 2429 716 2487 basilica
752 2427 1005 2483 Vaticana
1046 2427 1224 2484 adhuc
1252 2435 1526 2496 superest,
1555 2425 1625 2482 ab
1653 2423 1966 2481 auctoribus
1998 2423 2108 2480 Ro-

499 2537 599 2584 ma:
623 2522 966 2576 subterranea:
989 2518 1333 2590 productum.

569 2613 659 2670 Ill.
703 2612 962 2684 Ephesius
993 2613 1084 2668 ille
1113 2611 1395 2670 ordinatus
1433 2626 1466 2666 a
1492 2611 1724 2681 Taorgio
1778 2609 1955 2668 fuerat
1998 2611 2109 2682 epi-

507 2723 696 2778 scOpus
740 2707 1160 2762 incontaminatis
1182 2705 1343 2776 plebis
1377 2705 1654 2772 Romanis,
1696 2705 1816 2776 ejus
1857 2704 2110 2772 scilicet,

500 2815 620 2871 qua:
652 2801 705 2854 in
746 2799 1043 2856 schismate
1081 2798 1344 2856 adversus
1376 2799 1662 2857 Damasum
1698 2806 2109 2868 permanserat,

502 2902 558 2950 et
587 2891 769 2949 Ursini
801 2891 1042 2948 absentis
1069 2901 1124 2948 et
1151 2890 1376 2962 relegati
1410 2891 1744 2959 sequebatur
1786 2900 1984 2959 partes;
2019 2889 2112 2959 qui

498 2985 650 3040 locus
677 2994 732 3040 ut
763 2984 940 3039 obiter
968 2981 1168 3049 dicam,
1198 2982 1581 3042 observatione
1615 2979 1813 3052 dignus
1849 2990 1956 3046 est,
1988 2995 2112 3038 cum

505 3085 878 3148 argumentum
921 3083 1144 3148 prtestet
1173 3075 1394 3132 minime
1430 3074 1674 3138 dubium.
1716 3089 1781 3136 ex
1823 3091 1931 3145 quo
1967 3073 2114 3132 ordi«

2201 1873 2349 1942 gales
2375 1885 2524 1934 suos,
2544 1869 2739 1940 quibus
2760 1870 3050 1939 episcopus
3062 1868 3220 1923 datus
3245 1867 3414 1922 fuerat
3437 1865 3739 1928 deseruisset,

2202 1972 2291 2018 aut
2321 1978 2440 2034 qure
2487 1961 2563 2016 illi
2602 1975 2724 2016 cum
2774 1959 3058 2016 Heraclida
3107 1969 3215 2013 tam
3273 1958 3425 2028 longe
3469 1971 3496 2010 a
3527 1953 3746 2022 seposito

2206 2055 2415 2126 negotia
2447 2067 2569 2109 esse
2600 2063 2866 2124 poterant,
2901 2062 2963 2108 ut
2982 2053 3047 2108 ad
3075 2068 3196 2108 eum
3225 2047 3579 2122 Oxyrinchum
3610 2057 3745 2114 usque

2205 2165 2328 2206 sese
2359 2161 2554 2223 sponte
2597 2150 2910 2207 conferret?
2952 2147 3061 2205 Cur
3107 2165 3239 2206 vero
3285 2164 3352 2204 eo
3396 2155 3620 2215 tempore
3664 2153 3749 2211 quo

2212 2245 2409 2299 Bassus
2438 2244 2712 2302 Urbanam
2746 2242 3120 2314 praefecturam
3145 2239 3368 2312 gerebat
3387 2237 3653 2308 Ephesiutn
3680 2243 3752 2300 per

2210 2337 2502 2409 JEgyptum
2543 2351 2606 2390 ac
2635 2336 2978 2391 Palaestinam
3007 2336 3361 2388 cursitautem
3402 2327 3634 2389 dixerim,
3671 2321 3752 2376 alia

2209 2433 2370 2486 etiam
2425 2432 2564 2486 ratio
2616 2446 2684 2486 ex
2716 2429 2905 2484 eodem
2955 2428 3138 2483 libello
3195 2424 3469 2482 manifesta
3516 2417 3756 2476 est.Post-

2210 2540 2371 2595 quam
2403 2525 2546 2579 enim
2569 2521 2866 2595 Oxyrincbi
2894 2521 3190 2576 Theodosii
3222 2521 3371 2590 jussa
3403 2515 3602 2585 impleta
3629 2507 3758 2562 vidis-

2213 2628 2316 2681 set,
2343 2617 2468 2672 inde
2493 2615 2958 2686 Eleuthewpolim
2982 2614 3049 2669 ab
3072 2614 3264 2669 eodem
3293 2605 3556 2668 Heraclida
3585 2598 3758 2658 Lucife-

2213 2709 2489 2765 rianornm
2541 2709 2800 2778 episcopo
2829 2708 3031 2762 missus
3079 2705 3304 2772 dicitur,
3360 2711 3416 2756 ut
3468 2694 3761 2754 Hermioncm

2215 2803 2332 2872 ejus
2352 2811 2516 2859 sectae
2549 2803 2816 2874 virginem
2846 2802 3108 2864 visitaret,
3147 2811 3313 2870 atque
3358 2811 3416 2851 ea
3465 2793 3590 2847 forte
3635 2789 3761 2842 occa;

2215 2895 2368 2949 sione
2393 2894 2614 2960 factum,
2647 2905 2705 2947 ut
2733 2903 2938 2947 arctttm
2975 2889 3103 2946 illud
3143 2906 3269 2946 cum
3300 2887 3547 2945 Faustino
3571 2891 3616 2937 et
3643 2877 3757 2934 Mar-

2216 2987 2412 3043 cellino
2441 2985 2616 3042 ftedns
2637 2985 2952 3055 stringeret,
2977 2984 3066 3054 qui
3086 2982 3295 3053 jamdiu
3324 2990 3474 3035 antea
3501 2991 3562 3032 eo
3587 2968 3764 3028 exsules

2218 3093 2339 3133 sese
2366 3078 2745 3142 contulerant;
2779 3091 2841 3130 ac
2871 3092 2991 3131 cum
3040 3074 3354 3144 aliquandiu
3397 3072 3446 3126 in
3498 3083 3553 3123 ea
3590 3071 3766 3135 quoque

510 3168 677 3226 nandi
722 3185 822 3239 pro
863 3168 1111 3224 Romanu
1159 3169 1422 3240 episcopo
1464 3167 1737 3237 pontiﬁce,
1777 3177 1869 3224 aut
1894 3167 2120 3224 absente
2148 3171 2194 3235 C
2229 3171 2360 3227 urbe
2405 3177 2649 3225 moratus
2677 3178 2843 3235 esset,
2896 3168 2947 3223 iu
2989 3166 3229 3223 Africam
3277 3159 3573 3234 navigavit:
3616 3151 3767 3226 gratia

501 3270 596 3324 aut
641 3261 902 3331 impedito
946 3258 1132 3318 vicarii
1161 3260 1401 3330 episcopi
1436 3269 1650 3330 recepta
1695 3259 1904 3330 pridem
1947 3258 2114 3315 disci-

504 3357 648 3428 plina
677 3363 909 3412 constet.
933 3353 1040 3412 Sed
1073 3369 1142 3410 ne
1174 3353 1387 3426 longius
1426 3353 1641 3422 abeam,
1674 3353 1796 3424 quis
1823 3353 1912 3409 ille
1951 3351 2116 3408 Ταυτ-

505 3451 619 3522 gius
663 3448 822 3506 fuerit
852 3449 1244 3522 incompertum
1289 3458 1372 3504 est
1404 3467 1418 3502 :
1452 3447 1592 3504 forte
1631 3446 1945 3510 Novatianis
1987 3455 2116 3504 tunc

509 3547 694 3615 plures
736 3544 788 3600 iu
832 3542 978 3598 Urbe
1025 3544 1287 3602 ecclesias
1315 3542 1683 3602 obtinentibus
1715 3549 1965 3612 praeerat,
1996 3540 2118 3611 qui-

515 3637 737 3692 buscum
785 3634 1056 3698 Ursiniaui
1108 3636 1285 3693 latius
1320 3645 1375 3692 et
1420 3635 1736 3690 societatem
1779 3635 2114 3705 junxerant;

508 3727 774 3800 siquidem
798 3727 1060 3784 adversus
1087 3727 1378 3798 Taorgium
1411 3727 1586 3798 ipsum
1615 3741 1684 3782 ex
1716 3735 1869 3796 parte
1902 3725 2115 3786 Damasi

509 3819 639 3876 nihil
671 3828 850 3876 actum
897 3819 1125 3892 legimus
1156 3837 1168 3874 :
1205 3819 1366 3890 plebis
1406 3833 1539 3876 vero
1567 3820 1983 3876 inccntaminatw
2020 3835 2120 3875 no-

513 3913 683 3979 mine,
710 3911 1034 3969 Ursinianos
1064 3913 1228 3968 laicos
1256 3911 1519 3982 intelligo,
1545 3911 1668 3982 quia
1701 3911 1996 3984 prujectam
2027 3926 2121 3968 eo-

508 4020 628 4060 rum
658 4003 1019 4068 temeritatem
1049 4019 1342 4076 numquam
1373 4003 1734 4071 tlel'erbuisse,
1765 4004 1954 4072 probat
2005 4004 2121 4074 epi—

511 4099 651 4156 stula
704 4097 935 4154 Romani
981 4097 1200 4154 concilii
1249 4097 1315 4154 ad
1342 4097 1692 4164 Gratianum,
1745 4112 1906 4169 quam
1953 4113 2119 4168 supra

502 4191 890 4265 expendimus,
943 4207 1008 4249 ac
1053 4191 1776 4263 Valentinianirescriptum
1827 4191 1896 4254 ad
1943 4191 2123 4248 Pinia-

512 4302 639 4342 num
667 4287 726 4342 P.
766 4285 831 4343 U.
864 4302 894 4344 a
923 4303 1121 4360 magno
1143 4287 1378 4344 Barouio
1410 4287 1639 4344 relatum
1668 4303 1766 4358 pro
1793 4287 2121 4348 conﬁrman-

510 4381 578 4434 da
605 4378 780 4442 Siricii
809 4382 1075 4438 electione
1102 4382 1365 4438 adversus
1395 4381 1622 4440 iteratae
1667 4381 1973 4444 Ursiniante
2011 4384 2120 4440 fac-

517 4473 678 4532 tionis
709 4475 1039 4532 molitioues.
1083 4476 1253 4547 ilnjus
1290 4486 1472 4534 autem
1505 4477 1729 4546 Ephesii
1753 4493 1952 4536 nomen
1975 4478 2119 4536 idem

2221 3263 2438 3326 deinde,
2471 3277 2534 3318 ac
2559 3261 2869 3316 continuata
2897 3261 3267 3324 incommoda,
3299 3271 3418 3329 qua:
3447 3260 3563 3326 post
3591 3240 3767 3318 Ephesii

2219 3357 2519 3413 discessum
2555 3372 2613 3410 se
2651 3371 2714 3410 ac
2740 3363 2971 3410 etcteros
3002 3351 3379 3408 anil'crianos
3403 3360 3580 3417 passos
3599 3341 3724 3396 aiunt
3743 3347 3769 3389 a

2219 3449 2472 3506 Turbnne
2517 3447 2956 3515 Eleuthempolis
3007 3449 3290 3517 episcopo,
3324 3447 3376 3499 in
3416 3452 3567 3497 causa
3590 3431 3768 3490 tandem

2221 3545 2459 3610 luerunt,
2481 3552 2540 3599 ut
2561 3559 2654 3598 eas
2678 3557 2868 3614 preces
2891 3541 3211 3609 scriberent,
3235 3554 3303 3602 ac
3332 3531 3622 3593 Theodosio
3643 3523 3772 3614 oder-

2222 3645 2364 3694 rent.
2396 3637 2467 3694 At
2510 3613 2771 3692 Damasus
2808 3644 3084 3707 superstes
3123 3647 3239 3690 erat
3261 3676 3274 3699 ,
3307 3647 3426 3689 cum
3474 3621 3676 3696 supplex
3701 3613 3772 3670 ille

2223 3734 2464 3789 Libellus
2491 3732 2746 3802 scriptus,
2772 3731 3094 3799 oblatusque
3134 3724 3448 3800 imperaturi
3498 3719 3602 3775 fuit.
3630 3714 3773 3784 Cyne-

2221 3827 2340 3898 gins
2369 3835 2547 3882 autem
2579 3823 2960 3894 prtcfecluram
2994 3823 3234 3893 praetorii
3264 3815 3498 3876 Orientis
3527 3821 3640 3866 tunc
3666 3814 3774 3859 tem-

2224 3922 2370 3992 poris
2395 3919 2832 3984 administrabat,
2867 3927 2924 3972 ut
2949 3933 3014 3973 ex
3065 3915 3308 3987 ejusdem
3341 3904 3662 3982 imperatoris
3708 3909 3775 3952 re-

2224 4015 2447 4083 scripto,
2475 4011 2616 4081 quod
2670 4011 2846 4066 eidem
2895 4010 3105 4065 Libello
3153 4009 3368 4074 subest,
3418 3995 3769 4072 cognoscimus-

2221 4106 2355 4163 Cum
2388 4121 2518 4162 vero
2545 4120 2663 4160 eam
2691 4103 3005 4175 dignitatem
3033 4103 3286 4167 indeptus
3313 4100 3407 4155 ille
3431 4095 3499 4152 sit
3525 4090 3680 4164 primo
3703 4083 3775 4135 Illi

2224 4201 2396 4255 altero
2427 4214 2614 4254 mense
2643 4199 2768 4253 anni
2799 4197 2926 4261 584,
2970 4195 3237 4251 Libellum
3270 4195 3443 4268 ipsum
3481 4184 3652 4243 eodem
3679 4185 3778 4230 ων·

2225 4302 2380 4349 rente
2409 4307 2554 4346 anno
2575 4291 2756 4345 datum
2783 4288 2953 4345 fuisse
2976 4297 3210 4356 Oportet.
3240 4281 3604 4343 Concedamus
3631 4273 3776 4336 itaque

2227 4385 2321 4440 illo
2341 4384 2451 4455 jam
2478 4381 2660 4438 medio
2681 4381 2886 4445 datum,
2916 4381 3268 4450 oblatumque
3297 4373 3600 4434 Theodosio
3626 4361 3774 4460 fuisse;

2225 4479 2270 4533 si
2298 4477 2582 4533 diuturnas
2629 4473 2848 4545 Ephesii
2881 4472 3352 4544 peregrinationes
3405 4460 3776 4545 moraMQ"°_'“

520 4566 786 4630 Burouius
814 4566 889 4640 (ὁ)
918 4543 1356 4636 asteriscovuotat,
1381 4571 1526 4628 velut
1549 4543 1604 4628 in
1645 4573 1844 4630 utendo
1869 4573 2076 4629 cubans
2103 4590 2117 4627 :
2151 4567 2196 4628 D
2226 4569 2463 4642 Egypto
2490 4543 2709 4632 factam,
2755 4543 3044 4635 antequam
3075 4566 3128 4620 in
3161 4559 3503 4618 Palmstinam
3525 4568 3582 4608 se
3602 4543 3781 4642 coulfl“

517 4658 888 4718 Gothofredus
905 4678 1032 4720 vero
1056 4661 1348 4732 Ephesium
1373 4671 1640 4730 nostrum,
1667 4663 1950 4720 .Euresinm
1969 4647 2120 4719 illum

521 4754 688 4810 fuisse
729 4761 900 4825 putat,
958 4769 1118 4826 quem
1164 4754 1429 4811 Arcadius
1478 4769 1621 4814 anno
1668 4756 1773 4814 595
1803 4759 1853 4812 in
1897 4770 2125 4812 numero

522 4863 804 4910 sacrorum
834 4848 1137 4910 antistitum
1168 4847 1354 4904 haberi
1399 4864 1506 4908 non
1536 4858 1790 4918 oportere
1810 4849 1974 4920 jussit
1999 4849 2050 4902 in
2082 4847 2120 4904 l.

521 4943 610 4999 18.
649 4941 786 5002 Cod.
837 4940 1047 4998 Tlteod.
1075 4941 1143 5004 de
1170 4940 1315 5008 liter.
1336 4983 1351 5007 ,
1384 4941 1528 5011 quod
1574 4942 1781 4998 scilicet
1806 4942 2124 5014 episcopatu

515 5039 626 5110 jam
671 5038 912 5108 deiectus
943 5035 1152 5094 fuisset.
1187 5035 1581 5093 Guthol'redum
1631 5037 1826 5109 Pagius
1855 5053 1920 5094 ac
1959 5038 2124 5095 Tille-

520 5135 758 5194 tuontius
781 5132 948 5192 secuti
983 5141 1129 5196 sunt,
1155 5146 1386 5202 quorum
1415 5132 1705 5201 probabilis
1729 5143 1814 5189 est
1838 5133 2021 5203 opinio
2052 5134 2122 5190 ob

515 5241 660 5295 eam,
685 5242 806 5297 quae
831 5240 976 5296 saepe
995 5223 1230 5302 occurrit
1259 5225 1560 5284 litterarum
1593 5225 1635 5283 V
1665 5234 1721 5282 et
1745 5225 1785 5282 F
1814 5235 2120 5281 commuta-

519 5321 744 5383 tionem,
773 5319 996 5388 iierique
1024 5317 1178 5373 facile
1208 5320 1402 5388 putuit,
1433 5329 1490 5374 ut
1522 5319 1773 5376 librarius
1803 5321 1923 5376 loco
1954 5320 2119 5391 Ephe-

520 5413 584 5468 sii
617 5411 891 5466 Euresium
920 5409 1027 5466 levi
1065 5419 1247 5466 errato
1277 5410 1576 5480 scripserit.
1612 5413 1879 5486 Quidquid
1927 5413 2119 5470 horum

521 5508 592 5562 sit
615 5547 629 5570 ,
670 5505 796 5577 quin
827 5503 1084 5576 Ephesius
1121 5505 1214 5568 ille
1243 5502 1427 5580 pulsus
1463 5507 1532 5570 ab
1557 5505 1703 5572 Urbe
1734 5505 1916 5574 fuerit,
1946 5525 2008 5564 ac
2035 5509 2121 5564 Li-

524 5601 702 5657 bellus
727 5615 972 5672 precnm,
994 5601 1084 5672 qui
1117 5599 1286 5656 fuisse
1312 5599 1464 5655 illum
1493 5599 1696 5670 judicio
1719 5602 2002 5658 liberatum
2028 5603 2122 5672 ait,

525 5719 716 5863 “(an
739 5715 864 5775 Vid.
935 5713 1286 5792 Symmach.,
1333 5714 1496 5794 epist.
1556 5717 1647 5792 55,
1705 5716 1795 5788 '56,
1841 5718 1910 5792 59
1947 5728 2002 5778 et
2039 5717 2132 5805 67,

2227 4633 2390 4729 τειῗεῖ
2407 4672 2641 4730 tempus,
2673 4674 2781 4727 quo
2808 4658 2878 4712 ibi
2898 4633 3160 4722 stilistitit,
3190 4670 3254 4709 ac
3285 4650 3416 4709 illud
3446 4643 3581 4720 quod
3603 4639 3663 4695 ab
3687 4633 3779 4702 01⁸³⁵

2224 4762 2466 4818 discessu
2495 4757 2688 4814 deinde
2714 4756 2891 4820 fluxit,
2925 4765 3210 4823 antequam
3239 4748 3456 4806 libellus
3499 4741 3586 4798 ille
3612 4731 3780 4790 scribe-

2225 4866 2399 4922 retur,
2431 4869 2493 4910 ac
2519 4855 2554 4910 ii
2599 4850 2904 4924 presbyteri
2937 4848 3005 4903 ad
3032 4850 3417 4919 imperatorem
3443 4828 3780 4924 Constantino

2229 4914 2398 5020 polini
2423 4914 2782 5012 accederent,
2804 4914 3156 5014 supputemus
3178 4982 3193 5004 ,
3225 4939 3277 4994 id
3307 4934 3450 5008 quod
3492 4929 3615 4990 dixi,
3656 4914 3782 5020 hic“?

2227 5051 2563 5105 statuemus,
2603 5037 2895 5109 Ephesium
2929 5037 3138 5091 scilicet
3185 5033 3288 5088 sub
3331 5025 3632 5102 praefectura
3659 5004 3782 5070 BasSl

2227 5138 2468 5193 Romana
2505 5134 2639 5190 urbe
2667 5132 2974 5189 necessario
2999 5129 3327 5186 excessisse.

2294 5228 2384 5284 iV.
2435 5227 2590 5296 Quod
2621 5226 2800 5296 itaque
2843 5240 2905 5280 ex
2933 5222 3127 5278 eodem
3159 5230 3234 5276 tot
3262 5213 3554 5274 mendaciis
3575 5205 3783 5265 sceletus

2225 5322 2411 5378 libello
2445 5321 2624 5392 colligi
2656 5329 2852 5391 potest,
2877 5318 3008 5374 illud
3046 5325 3149 5383 est,
3197 5315 3446 5379 fabellam
3471 5309 3537 5365 de
3567 5301 3785 5402 damni“?

2228 5416 2445 5474 Liberio
2487 5432 2582 5485 per
2625 5417 2937 5480 Damasum,
2970 5412 3024 5470 in
3055 5412 3193 5470 actis
3222 5407 3436 5469 Eusebii
3466 5399 3735 5476 presbyteri
3758 5399 3784 5439 ³

2233 5513 2457 5570 Baluzio
2489 5512 2777 5582 publicatis
2807 5513 3108 5576 recitatum,
3139 5506 3382 5576 ejusdem
3415 5494 3617 5556 Damasi
3655 5489 3784 5543 πειθιο

2232 5607 2590 5676 posteriorem
2620 5619 2761 5660 esse.
2792 5601 2925 5668 Nam
2948 5603 2992 5668 si
3020 5600 3114 5668 ille
3139 5583 3784 5664 Liberium'pracvaricatoo

2315 5720 2395 5798 (ὁ)
2449 5719 2530 5779 Ad
2552 5735 2678 5780 ann.
2712 5718 2840 5798 596,
2868 5733 2925 5774 n.
2957 5717 3042 5776 l0.
