3950 6330
126 163 161 183 ε

188 274 281 331 εδδ

1468 264 1983 327 PROLEGOMENA
1996 312 2009 327 .

3325 275 3435 333 254

187 406 282 448 retu
304 392 426 460 facta
448 385 635 457 synodo
663 385 1020 452 damnauerat,
1053 398 1151 441 cur
1181 398 1288 440 non
1316 384 1476 441 Iidem
1510 383 1732 455 presbyv
1758 387 1809 447 Α
1837 384 1890 437 in
1917 384 2122 440 civitate
2148 385 2437 457 episcopus.
2488 384 2645 442 Omni
2686 387 2821 443 enim
2863 387 3183 443 hebdomade
3213 378 3437 457 offeren-~

187 486 268 541 teri
290 484 414 537 hnc
433 479 598 535 eidem
623 478 1124 548 praevaricationem
1151 478 1395 535 vicissim
1426 476 1623 533 deinde
1649 491 1736 531 eo-

184 577 286 632 dem
306 572 475 629 libello
488 571 922 641 exprobrassent.
940 579 999 625 ut
1012 570 1327 637 Athanasio,
1344 570 1548 625 Hilario
1574 578 1735 639 atque

181 671 280 725 aliis
300 668 408 739 ejus
433 665 665 737 generis,
698 679 762 721 ac
790 666 1026 720 nominis
1054 664 1370 737 episcopis?
1390 664 1498 720 Cur
1528 678 1599 718 ne
1622 678 1736 718 mo—

180 771 336 818 mento
358 758 586 831 quidem,
637 767 696 812 ut
747 772 817 813 ex
864 770 1053 813 eorum
1102 757 1308 828 scripto
1354 764 1588 822 constat,
1621 763 1735 811 tum

179 853 281 923 ipsi,
326 861 431 906 tum
475 849 657 906 caeteri
685 848 944 905 Romamn
998 851 1146 906 urbis
1175 851 1483 921 pervicaces
1527 847 1734 917 clerici,

178 946 280 1001 huic
302 943 524 1014 pontiﬁci
552 942 1063 999 communicarunti

237 1038 289 1091 ⁵1.
325 1034 499 1091 Codex
542 1050 809 1091 canonum
840 1050 870 1089 a
902 1035 1197 1105 Quesneilo
1236 1035 1413 1090 editus
1445 1034 1741 1106 expositio-

178 1145 276 1184 nem
303 1127 415 1183 ﬁdei
450 1128 693 1184 continet
740 1127 980 1183 Faustini
1038 1127 1337 1200 presbyteri
1390 1127 1608 1182 nomine
1654 1128 1738 1181 in-

174 1220 419 1289 scriptam.
446 1219 704 1275 Enmdem
734 1219 970 1289 scriptor
992 1220 1083 1275 ille
1108 1218 1175 1277 ab
1204 1219 1394 1275 codem
1416 1218 1743 1291 Presbytero

172 1312 374 1368 oblatam
402 1311 713 1368 Theodosio
735 1311 978 1381 eonjicit,
1011 1320 1178 1383 atque
1208 1327 1238 1366 a
1262 1311 1573 1367 Theodosio
1590 1311 1745 1367 deiu-

172 1422 277 1474 eeps
303 1406 669 1461 transmissum
703 1405 935 1462 Damaso
980 1416 1170 1461 contra
1216 1405 1594 1460 schismaticos
1642 1406 1744 1459 im-

171 1507 440 1568 peratorem
465 1497 620 1552 illum
648 1497 994 1563 obtundenti,
1022 1515 1051 1552 a
1079 1513 1187 1567 quo
1219 1510 1493 1567 postremo
1522 1498 1589 1553 ad
1612 1498 1744 1553 scri-

171 1590 241 1646 nia
267 1589 400 1645 sedis
437 1590 775 1659 apostolicae,
806 1600 968 1659 atque
995 1593 1064 1647 ab
1090 1590 1156 1646 iis
1190 1592 1242 1646 in
1273 1607 1419 1658 eum,
1444 1607 1603 1664 quem
1636 1592 1745 1647 Ro-

170 1697 317 1743 manas
357 1682 618 1739 Ecclesiae
648 1683 975 1753 peculiarem
1011 1697 1168 1739 vocat
1197 1684 1482 1749 Codicem,
1516 1685 1745 1741 transie-

1836 477 1960 531 dunt
1987 487 2081 545 est,
2109 489 2155 532 et
2186 479 2231 532 si
2268 495 2370 533 non
2417 480 2646 551 quotidie
2690 481 2995 555 peregrinis,
3047 482 3231 536 incolis
3273 494 3442 537 (auten

1837 572 1915 627 vel
1937 574 2011 627 bis
2032 573 2085 627 in
2109 572 2462 641 hebdomada;
2485 584 2532 628 et
2555 576 2596 629 si
2620 591 2719 629 non
2748 575 2933 642 desint,
2963 575 3051 646 qui
3070 576 3299 645 quotidie
3319 590 3446 645 quo-

1836 679 1933 733 que
1960 664 2282 735 baptizentur
2307 668 2451 737 (agri.
2485 666 2591 723 Sed
2622 666 2689 722 de
2712 666 2794 722 bis
2819 667 2927 738 jam
2957 666 3108 723 satis.

1914 756 2024 813 νη.
2068 757 2348 813 Prioribus
2402 759 2563 814 etiam
2591 802 2606 826 ,
2640 769 2700 814 ut
2748 774 2847 830 ego
2875 770 3041 831 puto,
3103 759 3263 831 hujus
3313 761 3443 817 anni

1839 849 2118 904 mensibus
2148 850 2434 907 Arsenium
2486 850 2722 906 Arcadio
2779 866 2944 921 puero
2996 851 3109 923 jam
3165 854 3441 909 declarato

1841 945 2119 1013 Augusto,
2170 944 2297 999 huic
2337 946 2551 1000 muneri
2592 940 2843 999 ebeundo
2903 959 3125 1014 parem,
3183 945 3442 1001 Damasus

1843 1043 2234 1107 praeceptorem
2268 1038 2445 1103 misit,
2504 1044 2724 1108 rogatus
2754 1053 2781 1089 τι
2810 1035 3069 1092 Gratiano
3090 1079 3105 1102 ,
3137 1036 3225 1092 cui
3268 1036 3447 1093 Theo-

1841 1126 2030 1183 dosius
2056 1144 2119 1183 ea
2143 1127 2211 1184 de
2232 1142 2292 1183 re
2314 1131 2609 1200 scripserat
2640 1127 2732 1201 (e).
2764 1128 3029 1183 Buronius
3060 1128 3442 1199 Metaphrnstis

1843 1219 1950 1275 ﬁde
1976 1220 2132 1277 nixus
2153 1236 2276 1277 eum
2306 1221 2562 1277 Romana:
2593 1221 3149 1276 Ecclesia-diaconum
3177 1230 3334 1276 vocat
3355 1239 3368 1275 :
3388 1229 3446 1299 at

1845 1313 2226 1369 Tillemontius
2251 1329 2357 1369 non
2386 1331 2489 1369 una
2524 1314 2903 1385 Metaphrastis
2926 1313 3248 1371 auctoritate
3278 1313 3450 1368 addu-

1843 1404 1893 1460 ci
1921 1413 2121 1477 potest,
2140 1419 2197 1461 ιιι
2226 1406 2378 1461 illum
2405 1407 2692 1462 diaconum
2718 1405 2887 1461 fuisse
2908 1405 3118 1472 credat,
3138 1420 3201 1461 ac
3228 1408 3448 1477 gravius

1846 1501 2063 1572 aliquod
2091 1510 2147 1556 et
2168 1500 2437 1571 antiquius
2470 1500 2835 1556 testimonium
2863 1500 3075 1571 quaerit.
3131 1498 3328 1555 Verum
3358 1500 3446 1555 cui

1846 1596 1991 1651 bono
2022 1596 2255 1665 scriptor
2284 1595 2376 1651 ille
2405 1594 2546 1651 hanc
2575 1596 2628 1650 in
2656 1594 2888 1650 Arsenio
2919 1595 3235 1665 dignitatem
3270 1594 3444 1665 ﬁnge-

1846 1703 1906 1743 re
1929 1687 2234 1757 potuisset?
2259 1687 2368 1742 Cur
2395 1687 2572 1757 potius
2603 1702 2711 1742 non
2732 1688 2835 1742 hoc
2862 1687 3142 1756 scripserit
3176 1686 3270 1741 ille
3288 1727 3303 1750 ,
3350 1703 3449 1740 nn-

170 1780 228 1833 rit
250 1775 337 1843 (a).
367 1776 495 1843 Qua
530 1784 714 1832 tamen
770 1776 957 1847 quanti
1008 1776 1137 1841 sint,
1193 1778 1319 1832 inde
1372 1779 1739 1848 cognoscitur,
1773 1786 1821 1848 Β
1851 1780 2068 1850 tiquiori
2098 1780 2316 1851 aliquo,
2342 1780 2671 1849 minimeque
2692 1778 2857 1833 dubio
2881 1777 3193 1833 testimonio
3241 1776 3450 1833 fretus?

169 1870 288 1938 quod
326 1867 509 1923 Codex
550 1868 644 1924 ille
675 1876 783 1923 tam
828 1867 930 1924 fuit
957 1869 1114 1924 unius
1160 1869 1418 1925 Romana:
1463 1870 1742 1936 Ecclesia,

169 1975 305 2031 quam
330 1969 656 2017 ceterarum
685 1961 927 2018 omnium
961 1962 1269 2032 peculiaris,
1316 1972 1377 2018 ut
1403 1963 1502 2018 viri
1545 1961 1748 2018 doctis-

167 2053 264 2107 simi
289 2051 640 2109 Constantinus
681 2063 739 2111 et
765 2053 1029 2123 Maﬁeius,
1076 2056 1167 2126 qui
1208 2055 1418 2111 consuli
1466 2063 1744 2127 poterunt,

163 2146 251 2215 jam
275 2147 733 2204 demonstrarunt.

228 2240 309 2297 Vl.
380 2240 692 2312 Antequam
740 2256 772 2297 a
825 2241 1187 2298 Luciferianis
1237 2241 1513 2298 discedam
1542 2284 1556 2309 ,
1608 2242 1747 2300 illud

167 2346 407 2407 postremo
434 2336 716 2406 adjiciam,
772 2351 896 2392 esse
923 2337 1132 2392 scilicet
1172 2337 1317 2391 viros
1359 2337 1744 2407 gravissimus,

165 2430 238 2495 qui
266 2430 468 2485 Damasi
521 2430 578 2484 in
635 2430 956 2501 religionem
1001 2431 1180 2485 studio
1228 2430 1426 2485 factum
1468 2431 1639 2495 aiunt,
1692 2440 1751 2487 ut

164 2518 364 2577 Hilarius
377 2520 645 2576 Romana:
674 2521 937 2579 Ecclesiae
974 2523 1235 2577 diaconus
1259 2524 1327 2577 ab
1357 2538 1424 2578 eo
1447 2522 1744 2579 schismate

162 2613 217 2667 ad
244 2614 527 2669 Ecclesiam
565 2614 792 2669 redierit
830 2614 929 2686 (ὁ),
960 2615 1185 2685 ejusque
1223 2616 1302 2670 rei
1347 2615 1559 2672 illustre
1596 2620 1748 2671 testi-

163 2705 371 2761 monium
396 2708 683 2777 reliquerit
712 2709 763 2761 in
794 2722 916 2777 cap.
948 2723 1029 2773 ut,
1059 2708 1220 2778 epist.
1248 2708 1269 2762 Ι
1295 2709 1363 2763 ad
1387 2709 1626 2765 Timoth.
1663 2709 1747 2765 his

163 2812 445 2871 expressum
474 2800 665 2856 verbis
696 2817 710 2854 :
740 2798 869 2855 Cum
898 2810 1033 2856 totus
1062 2801 1288 2855 mundus
1320 2800 1416 2856 Dei
1443 2803 1531 2866 sit,
1567 2802 1748 2857 Eccle-

160 2892 225 2945 sia
246 2902 403 2948 tamen
437 2894 633 2953 domus
666 2893 783 2959 eius
812 2894 1025 2962 dicitur,
1054 2895 1203 2963 cuius
1231 2903 1400 2950 rector
1439 2904 1513 2950 est
1553 2894 1748 2950 Dama-

160 3003 230 3041 sua
261 2986 348 3058 (ι).
378 2988 521 3055 Qum
547 2996 601 3041 et
626 2987 670 3042 si
715 3001 921 3042 meram
954 2989 1237 3043 veritatem
1287 2989 1521 3059 sapiant,
1556 2990 1627 3045 ita
1669 3000 1747 3044 ta-

161 3090 262 3132 men
287 3077 566 3133 neunullis
595 3077 943 3147 diSplicuisse
984 3078 1176 3145 miror,
1222 3089 1298 3145 ut,
1330 3095 1461 3135 mss.
1492 3081 1745 3136 omnibus

1847 1870 2188 1940 Nicephorus
2241 1884 2409 1936 sane,
2461 1869 2548 1925 cui
2602 1868 3198 1940 Constantinopolitana
3248 1868 3445 1922 biblio-

1848 1964 2001 2019 theca
2054 1963 2260 2033 patuit,
2296 1963 2551 2018 lectorem
2585 1970 2845 2033 provocat
2875 1960 2941 2015 ad
2976 1961 3141 2016 libros
3186 1960 3254 2014 ab
3281 1960 3451 2015 Arse-

1847 2058 1938 2113 nio
1968 2058 2189 2113 relictos
2212 2097 2227 2123 ,
2258 2067 2313 2111 et
2343 2055 2409 2111 ad
2460 2055 2743 2111 historiam
2763 2097 2778 2122 ,
2822 2070 2945 2125 quae
2974 2054 3043 2109 de
3083 2053 3176 2108 illo
3203 2052 3449 2109 conscri-

1848 2160 1936 2220 pta
1967 2158 2051 2205 est
2079 2150 2148 2223 (ﬁ
2173 2190 2189 2216 ,
2221 2164 2391 2220 eaque
2423 2149 2523 2219 legi
2549 2164 2575 2200 n
2602 2147 2969 2218 Metaphraste
2998 2155 3311 2217 potuerunt.
3340 2143 3449 2200 Nc-

1847 2260 1954 2317 que
1976 2259 2104 2300 vero
2130 2244 2372 2300 rationes
2400 2284 2414 2311 ,
2443 2258 2576 2314 quas
2608 2242 2984 2297 Tillemontius
3012 2240 3166 2295 alfert
3190 2280 3205 2306 ,
3240 2239 3453 2312 gravio-

1848 2337 1923 2392 ris
1951 2336 2216 2392 momenti
2246 2343 2404 2399 snnt;
2438 2333 2707 2404 siquidem
2764 2333 2987 2387 minime
3036 2345 3258 2385 necesse
3307 2330 3444 2401 fuit,

1848 2438 1907 2483 ut
1934 2428 2051 2483 haec
2086 2428 2300 2482 Arsenii
2342 2426 2577 2497 dignitas
2619 2424 2671 2479 in
2699 2424 2973 2479 veteribus
3002 2422 3405 2494 martyrologiis
3428 2462 3446 2490 ,

1849 2521 2181 2592 Petrumque
2208 2521 2347 2576 Vitis
2373 2520 2776 2591 exprimeretur
2798 2559 2814 2582 ,
2848 2533 2877 2571 ιι
2924 2517 3118 2588 quibus
3148 2530 3252 2569 una
3294 2515 3452 2570 dum-

1851 2626 1995 2670 taxat
2020 2615 2138 2685 ejus
2165 2613 2438 2684 professio
2475 2612 2872 2682 suspiciebatur
2911 2607 3271 2663 monasticum
3300 2605 3449 2661 scili—

1847 2719 1931 2763 cet
1960 2710 2264 2763 institutum
2288 2725 2301 2762 :
2326 2706 2472 2777 quod
2501 2715 2681 2761 autem
2703 2707 2828 2759 vitae
2847 2718 3015 2777 genus
3036 2702 3196 2772 paulo
3213 2701 3446 2768 mollius,

1848 2818 1913 2858 ac
1940 2802 2304 2873 splendidius,
2326 2803 2409 2855 cui
2437 2816 2498 2857 se
2525 2801 2672 2855 illum
2699 2798 2915 2855 dedisse
2938 2796 3118 2853 ferunt
3151 2805 3271 2865 post
3294 2809 3449 2850 suum

1847 2895 1913 2949 ad
1951 2897 2132 2951 aulam
2188 2908 2503 2956 accessum,
2563 2892 2784 2948 minime
2840 2891 3129 2946 conveniat
3176 2899 3288 2945 tum
3335 2889 3453 2943 dia-

1847 2990 1968 3042 coni
2000 2987 2201 3053 ol‘ticio,
2237 2996 2349 3043 tum
2381 2985 2768 3056 pietati,quam
2802 2983 2988 3038 Romae
3016 2997 3129 3052 prta
3149 2997 3208 3037 se
3228 2981 3448 3049 tulerat,

1850 3083 1974 3136 hinc
2002 3081 2185 3152 colligi
2217 3082 2413 3152 poterit
2440 3081 2685 3135 moribus
2706 3079 2844 3133 sulm
2891 3076 3121 3133 fractum
3145 3077 3449 3132 declinasse

160 3173 587 3240 repugnantibus,
617 3171 704 3226 vix
738 3187 844 3226 non
873 3186 972 3243 pro
1010 3173 1231 3242 spuriis,
1259 3182 1316 3228 et
1342 3173 1602 3230 addititiis
1646 3173 1743 3229 ha—
1770 3169 1815 3233 C
1849 3178 2000 3232 illum
2033 3177 2300 3245 tantisper
2346 3190 2374 3228 a
2424 3173 2650 3245 pristina
2683 3174 3007 3228 sanctitate:
3058 3186 3124 3225 an
3158 3186 3289 3226 vero
3347 3169 3450 3226 hoc

162 3259 320 3317 beant.
363 3263 500 3320 Scio
544 3277 652 3318 non
697 3263 893 3320 deesse
924 3264 1070 3319 viros
1107 3264 1477 3333 doctissimos,
1521 3268 1610 3337 qui
1643 3266 1747 3324 hoc

162 3372 277 3424 opus
307 3358 486 3414 eidem
531 3358 764 3414 diacono
792 3358 1126 3428 abjudicant,
1158 3374 1336 3428 neque
1363 3359 1495 3415 mihi
1534 3361 1747 3417 animus

163 3458 244 3515 est,
276 3459 329 3505 ut
355 3466 538 3505 meam
591 3450 781 3506 iaciam
827 3450 969 3507 hanc
1016 3450 1188 3506 litem.
1225 3451 1425 3506 Fateor
1474 3461 1650 3508 tamen
1680 3469 1746 3511 ea

171 3543 307 3598 verba
332 3546 415 3599 vix
446 3558 560 3599 non
592 3544 826 3608 elﬁcere,
852 3553 911 3599 ut
928 3545 1378 3599 commentarium
1404 3544 1533 3600 illud
1556 3546 1625 3601 ab
1648 3547 1743 3601 ali-

162 3650 249 3705 quo
273 3636 458 3694 saltem
497 3648 726 3693 auctore
755 3638 1015 3705 scriptum
1046 3637 1374 3706 existimem,
1404 3639 1497 3709 qui
1535 3639 1748 3696 Lucife-

162 3729 343 3785 riauam
391 3741 446 3787 et
508 3730 913 3789 schismaticam
965 3741 1169 3787 sectam
1242 3731 1521 3802 professus
1585 3742 1744 3789 antea

163 3817 319 3877 fuerit.
350 3822 636 3894 Siquidem
678 3837 800 3879 eum
828 3824 864 3881 ii
894 3837 1070 3893 neque
1103 3823 1402 3891 Liberium,
1441 3841 1616 3896 neque
1644 3827 1747 3881 Da-

163 3928 344 3969 masum
402 3917 673 3971 haberent
718 3931 817 3984 pro
866 3915 1123 3987 legitimis
1175 3916 1432 3972 Romanae
1482 3918 1747 3975 Ecclesia:

164 4009 425 4079 episcopis,
475 4023 686 4078 eosque
734 4009 1100 4083 Hieronymus
1151 4013 1451 4067 monuisset
1498 4010 1747 4068 Ecclesia:

163 4101 353 4157 salutem
381 4104 437 4159 in
494 4103 684 4157 suntrati
738 4102 1022 4158 sacerdotis
1068 4103 1320 4173 dignitate
1370 4104 1590 4175 pendere
1633 4104 1744 4176 (ά),

167 4195 421 4253 videbatur
448 4197 551 4253 viri
578 4206 706 4252 tunc
730 4198 797 4252 ad
825 4196 1128 4254 Ecclesiam
1175 4197 1348 4265 ipsam
1400 4199 1615 4255 sincere
1660 4213 1746 4254 re-

163 4285 349 4344 deuntis
376 4305 525 4355 esse,
552 4290 711 4345 ﬁdem
736 4290 787 4343 iu
817 4304 886 4345 eo
908 4288 1086 4360 capite
1105 4304 1258 4344 suam
1287 4289 1625 4360 argumentis
1647 4290 1747 4346 mi-

164 4382 287 4438 nime
312 4384 492 4441 dubiis
522 4384 697 4455 palam
726 4384 1047 4455 publiceque
1071 4390 1322 4439 testatam
1350 4383 1553 4452 latuere,
1580 4400 1743 4456 quam

162 4476 304 4532 etiam
332 4480 402 4533 ob
430 4491 676 4544 causam,
707 4477 958 4535 iteratum
990 4476 1350 4547 baptismum,
1394 4475 1539 4545 quod
1584 4486 1742 4531 antea

1848 3271 2081 3337 mirum,
2113 3277 2165 3323 ct
2198 3269 2467 3323 insuetum
2491 3267 2515 3321 Ἰ
2542 3264 2810 3321 Οωιετιιιη
2840 3264 3106 3335 quidquid
3129 3262 3320 3319 horum
3342 3265 3447 3331 sit,

1847 3363 2017 3429 vides,
2050 3362 2253 3425 lector.
2283 3376 2440 3427 quam
2490 3360 2632 3413 acris
2667 3358 2971 3427 maturique
2988 3355 3176 3426 judicii
3208 3358 3261 3409 in
3315 3354 3451 3409 deli-

1844 3455 2040 3526 gendis
2066 3454 2195 3510 viris
2220 3454 2480 3510 Damasus
2503 3452 2686 3507 fuerit.
2713 3450 3083 3507 Theodosium
3110 3464 3240 3503 vero
3265 3447 3450 3504 lautia-

1847 3552 1992 3605 veris
2016 3590 2033 3617 ,
2064 3548 2212 3620 quod
2244 3547 2474 3603 Libauio
2498 3589 2511 3615 ,
2550 3545 2960 3615 'l‘hentistiuque
2991 3543 3240 3615 neglecto
3265 3584 3281 3610 ,
3311 3559 3447 3613 quos

1848 3642 2080 3698 Arcadio
2113 3649 2475 3711 praeceptores
2504 3640 2635 3695 dare
2662 3644 2906 3709 poterat,
2951 3636 3236 3692 Arsenium
3264 3635 3444 3703 eli-ge-

1849 3739 1954 3800 rit,
1983 3738 2130 3790 velut
2176 3738 2267 3806 qui
2304 3735 2476 3805 probe
2524 3739 2728 3797 sciret,
2775 3730 3113 3794 doctrinam,
3140 3737 3447 3798 ceteraque

1847 3837 2162 3885 ornamenta
2190 3844 2218 3882 α
2246 3829 2456 3883 sincera
2486 3826 2685 3897 pietate
2706 3866 2720 3891 ,
2757 3840 2820 3879 ac
2848 3824 3108 3893 religione
3156 3823 3401 3892 sejuncta
3427 3862 3442 3886 ,

1849 3924 2185 3995 principibus
2214 3922 2546 3992 Reipublicae
2599 3918 2956 3976 admovendis
3003 3918 3200 3973 obesse
3246 3916 3447 3986 saepius

1849 4018 2019 4087 magis
2060 4029 2221 4086 quam
2251 4014 2529 4085 prodesse.

2422 4148 2651 4206 CAPUT
2680 4148 2869 4205 XXIII.

1847 4267 1891 4329 I.
1932 4268 2147 4335 Damasi
2184 4266 2404 4340 epistola
2449 4266 2518 4321 ad
2570 4263 2893 4330 Orientales,
2933 4277 3033 4332 quo
3078 4274 3236 4324 anno,
3286 4271 3449 4328 quave

1920 4362 2188 4423 occasione
2228 4359 2423 4428 scripta
2470 4359 2533 4413 sit
2552 4397 2566 4422 ,
2590 4372 2652 4419 ap
2674 4355 2738 4411 de
2756 4352 3019 4413 Timotheo
3050 4350 3441 4423 Apollinarium

1923 4454 1986 4517 II.
2022 4452 2099 4511 De
2129 4453 2377 4526 Symboio
2408 4453 2460 4507 in
2485 4451 2627 4511 Actis
2676 4449 2956 4527 Ephesium
2979 4446 3198 4519 synodi.
3227 4442 3448 4507 Nicwno

162 4582 267 4627 ουκ
295 4570 671 4635 Luciferianus
697 4578 861 4633 esset.
904 4578 1249 4633 asseruerat.
1278 4570 1454 4641 palam
1484 4569 1684 4629 deinde
1711 4586 1742 4625 a
1771 4557 1822 4617 D
1918 4547 2139 4613 Familia
2169 4548 2430 4611 attributa.

164 4676 214 4719 se
255 4664 399 4734 rejici
432 4673 691 4735 oportere
715 4662 1079 4730 existimavit,
1138 4677 1261 4732 cap.
1310 4678 1325 4717 ι
1377 4662 1551 4733 Epist.
1605 4662 1627 4725 ι
1676 4663 1743 4718 ad

167 4750 386 4811 Corinth.
418 4756 548 4813 Haec
573 4766 753 4815 autem
784 4772 907 4813 cum
942 4757 1014 4810 ita
1040 4757 1172 4823 sint,
1204 4769 1414 4826 nosque
1443 4755 1743 4824 impellant,

166 4854 216 4900 at
250 4851 697 4907 eotnmentarium
750 4850 880 4909 illud
907 4865 936 4909 ι
968 4848 1313 4907 Luciferiano
1351 4848 1415 4903 ad
1448 4848 1745 4905 Ecclesium

168 4939 343 4999 reduce
362 4944 622 5012 scriptum
650 4942 819 5001 fuisse
844 4942 1152 5012 opinemur,
1176 4956 1274 4997 cur
1295 4957 1403 5001 non
1425 4942 1494 4997 ab
1519 4942 1745 5010 Hilario,

167 5033 318 5091 cuiS.
347 5037 681 5108 Augustinus
730 5037 863 5093 illud
907 5036 1196 5095 attribuit?
1242 5038 1534 5092 Auctorem
1583 5052 1746 5107 porro

168 5121 449 5185 Romanum
495 5130 685 5194 fuisse,
716 5138 878 5199 atque
909 5129 961 5185 in
992 5127 1140 5185 Urbe
1179 5127 1325 5189 circa
1355 5127 1472 5183 hate
1499 5138 1745 5198 tempora

165 5213 279 5273 illud
324 5219 610 5293 scripsisse
650 5230 865 5283 constat
911 5236 979 5281 es
1013 5219 1300 5283 l'l‘imotli,
1351 5236 1439 5287 tu,
1491 5220 1582 5276 ubi
1630 5220 1748 5279 haec

164 5307 263 5365 ait:
298 5311 449 5368 Nam:
470 5323 645 5373 autem
669 5324 862 5384 septem
900 5314 1144 5373 diaconos
1182 5329 1291 5369 esse
1314 5322 1514 5382 oportet
1552 5324 1600 5369 et
1640 5314 1746 5370 ali-

162 5414 361 5469 quantus
387 5409 726 5479 presbyteros,
760 5416 816 5467 ut
844 5406 950 5467 bini
972 5407 1096 5473 sint,
1130 5422 1223 5475 per
1246 5405 1521 5472 Ecclesia,
1549 5415 1597 5467 et
1614 5423 1747 5465 unus

228 5562 304 5705 zz)
350 5567 619 5649 Quesnell.
651 5567 872 5624 dissert.
906 5565 995 5633 M,
1022 5583 1078 5623 n.
1100 5566 1160 5633 6.

281 5638 299 5705 )
355 5637 473 5705 για,
515 5640 645 5705 Pag.
688 5640 758 5705 ad
801 5654 1002 5705 Inuum
1044 5637 1160 5705 352;

251 5636 299 5707 b)
355 5637 473 5705 Viti,
515 5640 645 5710 Pag.
688 5640 758 5705 ad
801 5654 1002 5707 annum
1044 5637 1172 5709 362,
1221 5656 1281 5697 n.
1322 5639 1397 5709 il;
1427 5638 1547 5705 Nat.
1583 5639 1741 5707 Alex.

172 5718 269 5762 sec.
298 5723 370 5772 tv,
403 5724 512 5781 cap.
542 5710 596 5779 6,
632 5721 734 5770 art.
768 5710 858 5770 Η.
1214 5774 1217 5777 .

235 5777 302 5857 (ο)
340 5780 401 5839 in
425 5784 661 5868 Append.
692 5783 857 5862 Oper.
886 5784 1110 5859 Ambr.,
1137 5790 1268 5845 tom.
1296 5781 1381 5858 ιι,
1406 5799 1461 5862 p.
1490 5786 1619 5852 295.

1922 4665 1962 4722 Ι.
2008 4664 2120 4719 line
2146 4663 2338 4720 eodem
2360 4675 2504 4716 armo
2528 4659 2785 4730 scriptam
2815 4675 2842 4711 a
2882 4657 3112 4711 [lauisse
3140 4654 3209 4707 ad
3242 4652 3448 4711 Orien—

1850 4759 1979 4823 tales
2000 4756 2282 4826 epistolam
2316 4764 2443 4824 puto
2463 4794 2479 4821 ,
2511 4767 2672 4824 quam
2723 4767 2751 4805 a
2774 4748 3116 4804 Theodereto
3168 4755 3447 4817 acceptam

1853 4851 2191 4922 Epiphanius
2223 4848 2389 4905 latine
2440 4844 2707 4909 reddidit,
2743 4851 2997 4915 postremo
3027 4841 3147 4895 loco
3176 4854 3205 4893 a
3238 4855 3322 4893 me
3361 4854 3447 4893 re-

1851 4945 2135 5001 censitam.
2169 4940 2571 5012 Apollinaristae
2594 4938 2737 4995 enim
2784 4946 2841 4992 et
2869 4936 2913 4990 si
2958 4935 3027 4989 ab
3070 4949 3136 4989 eo
3192 4932 3448 5003 pontiﬁce

1850 5038 2018 5093 semel
2047 5046 2208 5107 atque
2230 5036 2423 5091 iterum
2444 5032 2683 5087 damnati
2706 5029 2940 5092 fuerant,
2969 5026 3149 5082 ntdixi
3172 5066 3185 5091 ,
3214 5040 3275 5079 ac
3296 5024 3449 5079 dein-

1850 5131 1919 5185 de
1947 5146 1978 5193 a
2004 5127 2603 5197 ConstantinOpulitana
2653 5120 2895 5195 synodo,
2945 5133 3068 5175 sese
3112 5125 3290 5172 tamen
3316 5158 3333 5185 ,
3388 5126 3448 5173 ut

1853 5224 2094 5279 haeretici
2120 5221 2335 5285 solent,
2368 5220 2421 5274 in
2455 5216 2678 5290 perﬁdia
2707 5212 3158 5276 obﬁrmaverunt,
3206 5217 3367 5280 atque
3392 5210 3447 5266 in

1851 5334 1913 5374 ea
1945 5314 2349 5373 disseminanda
2380 5315 2510 5369 telis
2537 5313 2743 5367 viribus
2777 5306 3169 5364 allaborabant.
3215 5305 3450 5362 Aiebaut

1850 5426 1987 5467 vero
2010 5409 2385 5481 impudenter,
2414 5420 2480 5464 se
2511 5405 2677 5461 veluti
2700 5409 2866 5459 recta:
2896 5399 3019 5455 ﬁdei
3037 5399 3448 5455 consentientes

1949 5572 2004 5642 ά)
2052 5571 2190 5628 Adv.
2223 5569 2400 5626 Lucii.
2426 5568 2626 5642 cap.9.

1950 5634 1999 5711 ei
2040 5646 2162 5699 Bar.
2196 5644 2261 5698 ad
2293 5657 2422 5697 anu.
2457 5634 2583 5705 580,
2614 5653 2667 5693 η.
2700 5634 2792 5696 22.

1952 5718 1996 5793 ι’)
2036 5714 2156 5775 Lib.
2184 5730 2291 5785 xu,
2324 5729 2447 5795 cap.
2470 5711 2562 5775 23.
