3950 6330
492 251 601 311 255

1668 250 1983 313 SANCTUS
2020 250 2345 312 DAMASUS
2382 251 2585 311 PAPA.

3635 257 3724 317 256

492 369 563 428 ab
590 367 922 427 Occidentali
947 368 1185 426 Ecclesia
1214 375 1502 441 susceptos
1528 383 1680 438 esse,
1711 378 1766 428 et
1787 370 1987 427 nullam
2019 385 2087 427 ex
2113 374 2162 433 Α
2190 371 2585 444 ipscdamnatus
2600 376 2755 438 est,nt
2772 367 3337 445 Leontinsait(d),tum
3348 370 3725 443 quicumntiserat

497 462 707 536 legibus
726 505 742 528 ,
766 479 887 533 quae
914 462 1173 519 adversus
1194 462 1482 521 haereticos
1503 463 1855 536 promulgatae
1881 462 2095 523 fuerant

506 557 724 613 obstare
751 554 854 611 sibi
879 555 1168 627 quominus
1182 555 1427 626 religioni
1450 564 1739 625 vacarent,
1753 570 1817 612 ac
1837 570 1951 612 snte
1971 569 2092 612 sec-

499 658 569 707 ιω
595 649 845 720 dogmata
875 647 1237 719 praedicarent
1259 648 1479 721 ubique.
1512 648 1650 706 Hinc
1688 648 1934 719 publicos
1984 648 2099 704 col-

499 740 736 814 ligebant
762 749 966 807 cretus,
994 740 1411 812 pr0phanasqne
1440 740 1673 813 agebant
1697 740 1942 814 Synaxcs
1962 781 1977 806 .
2033 755 2097 797 ac

500 832 804 890 circnibant
832 835 1005 904 palam
1037 849 1135 905 per
1159 832 1452 906 Egyptnm
1476 877 1493 904 ,
1521 835 1737 909 Syriam
1759 877 1776 905 ,
1807 834 2095 907 Cappado-

502 926 676 996 ciam,
720 935 999 1000 totnmqne
1019 927 1253 984 Orientis
1275 937 1502 985 tractum
1521 971 1536 997 ,
1565 931 1945 1004 mysteriorum
1973 945 2100 987 suo-

500 1037 620 1080 rum
642 1064 659 1089 ,
710 1032 802 1078 aut
828 1022 1233 1079 ordinationnnt
1281 1025 1708 1081 exercendarum
1752 1040 1912 1082 causa
1934 1067 1951 1094 ,
1980 1040 2101 1094 qua:

502 1114 622 1171 ﬁeri
653 1129 763 1171 non
807 1123 1062 1187 poterant
1096 1114 1300 1186 absque
1345 1116 1683 1188 gravissimis
1732 1116 2100 1174 Ecclesiarnm

506 1209 645 1266 bene
683 1209 1098 1265 constitutarum
1166 1224 1231 1265 ac
1283 1211 1672 1267 catholicorum
1724 1212 2100 1284 episcoporum

504 1302 896 1369 incommodis,
923 1318 987 1359 ac
1018 1302 1284 1359 molestiis
1302 1344 1318 1371 ,
1342 1318 1479 1375 quas
1499 1303 1868 1361 Nazianzenus
1910 1303 2101 1376 Olym-

505 1400 597 1471 pio
637 1408 763 1454 tunc
783 1398 1140 1470 Cappadociae
1168 1398 1384 1470 prasidi
1429 1406 1647 1455 enarrat
1692 1398 1810 1454 haec
1859 1399 2104 1456 scribens

507 1494 585 1569 (a)
614 1511 627 1550 :
660 1493 858 1549 Praeter
899 1493 1005 1553 alia
1028 1494 1201 1549 omnia
1244 1510 1305 1549 eo
1331 1509 1534 1564 quoque
1568 1493 1806 1549 audaciae
1856 1510 2107 1566 prorupe-

510 1597 677 1653 runt,
709 1598 766 1641 ut
807 1587 1075 1660 episcopos
1114 1587 1269 1641 etiam
1315 1585 1565 1656 quosdam
1590 1628 1605 1650 ,
1649 1586 1833 1655 quibus
1880 1586 2107 1658 dignitas

507 1679 572 1735 ab
597 1679 874 1735 universali
899 1677 1301 1734 Orientaliumet
1319 1676 1730 1734 Occidentalium
1749 1680 1945 1750 synodo
1956 1680 2109 1733 abro-

2197 464 2550 535 Apollinarius
2571 480 2591 531 ;
2613 479 2679 519 es
2709 479 2817 534 qno
2838 464 3036 520 factum
3061 504 3077 529 ,
3105 475 3163 520 ut
3187 465 3339 537 longe
3372 465 3723 537 obstinatiores,

2196 568 2253 616 et
2277 558 2597 616 audaciores
2624 559 2815 617 nefarii
2840 559 3090 616 homines
3113 560 3417 628 evaserint,
3447 571 3500 616 ut
3522 561 3631 618 alibi
3664 562 3731 619 di-

2196 652 2412 718 ximus;
2440 666 2763 723 quamquam
2803 650 2996 707 eodem
3023 659 3307 722 tempore,
3349 652 3514 723 quoad
3557 655 3729 724 potuit,

2199 752 2575 816 perseveraret
2623 743 2713 800 ille
2736 758 2797 799 se
2826 743 3155 800 catholicum
3181 758 3423 801 asserere
3442 787 3456 810 ,
3486 759 3545 801 ac
3567 746 3732 803 subdo-

2200 837 2268 893 lis
2292 878 2307 902 ,
2339 837 2703 908 captiosisqne
2755 836 3001 893 formulis
3025 835 3381 905 simpliciores
3404 835 3663 907 decipere,
3688 846 3736 895 ut

2199 939 2415 987 constat
2465 946 2532 987 ex
2593 931 2958 1003 pseudo-Julii
3005 932 3236 1005 epistola
3282 930 3347 986 ad
3393 931 3737 1001 Prosdocium,

2199 1039 2307 1096 qua
2335 1025 2420 1081 vix
2452 1041 2558 1081 non
2589 1027 2895 1098 assequitur
2921 1069 2934 1091 ,
2968 1035 3027 1082 ut
3055 1035 3233 1092 recte,
3260 1040 3323 1081 ac
3347 1040 3463 1081 cum
3490 1023 3738 1083 Catholicis

2201 1120 2404 1175 sentire
2449 1118 2740 1187 videatur;
2770 1120 3037 1192 siquidem
3057 1136 3176 1177 eam
3198 1122 3299 1192 ipsi
3313 1121 3583 1178 Timotheo
3598 1121 3743 1178 Leon-

2203 1212 2309 1269 tius
2357 1212 2668 1282 adjndicat;
2720 1214 3081 1287 rejicinntqne
3107 1214 3209 1270 viri
3254 1214 3395 1271 docti
3425 1215 3740 1287 Leqnienins,

2203 1305 2581 1372 Constantius,
2615 1319 2679 1361 ac
2706 1305 3031 1363 Mnratorius
3058 1306 3203 1363 inter
3250 1322 3345 1363 eas
3396 1322 3523 1378 quas
3576 1307 3747 1378 Apolli-

2204 1400 2421 1455 naristm
2448 1398 2591 1455 .lnlio
2613 1415 2764 1470 βψω
2785 1399 3146 1465 afﬁnxernut;
3171 1400 3315 1455 aliud
3343 1402 3498 1457 etiarn
3519 1401 3746 1457 simulata

2204 1489 2274 1545 ab
2300 1504 2367 1546 eo
2395 1491 2672 1560 religionis
2702 1503 3077 1561 argumentum
3099 1491 3314 1547 ducitur
3342 1506 3409 1547 ex
3430 1491 3749 1562 Polemiiope

2206 1598 2266 1640 re
2286 1592 2473 1640 contra
2496 1584 2646 1641 illum
2668 1585 2891 1654 scripto,
2924 1586 3078 1655 cujus
3098 1584 3238 1655 apud
3269 1584 3508 1640 Photinm
3527 1584 3636 1640 cod.
3669 1584 3749 1641 no

2208 1675 2569 1748 fragmentum
2600 1686 2872 1749 superest,
2901 1678 2995 1733 ubi
3021 1677 3338 1734 Timotheus
3366 1677 3747 1749 reprehenditur,

507 1780 631 1843 gata
659 1775 857 1842 fuerat,
888 1780 1220 1839 acccrsentes,
1273 1779 1363 1825 aut
1413 1771 1791 1826 transeuntibus
1837 1772 2102 1828 abutentes
2136 1767 2179 1829 Β
2207 1770 2350 1842 quod
2377 1785 2499 1828 esse
2555 1786 2616 1826 se
2642 1786 2707 1827 ex
2733 1770 3053 1842 Apollinarii
3082 1770 3362 1842 discipulis
3393 1772 3550 1827 videri
3576 1771 3744 1839 vellet,

514 1862 867 1935 imperialibus
908 1862 1140 1918 omnibus
1170 1862 1650 1932 constitutionibus,
1679 1874 1834 1936 atque
1875 1863 2111 1919 omnibus

511 1957 692 2013 vestris
721 1955 901 2012 edictis
916 1956 1141 2023 violatis,
1171 1956 1377 2011 cuidam
1397 1956 1545 2026 impii
1566 1997 1580 2022 ,
1635 1965 1684 2012 ct
1707 1954 1982 2011 adulterini
2029 1955 2112 2012 sui

517 2051 687 2124 gregis
715 2047 1005 2123 (Nazianzi
1028 2048 1258 2120 scilicet)
1287 2048 1515 2120 episcopi
1536 2049 2112 2117 nomenimposuerunt.

585 2143 922 2216 Quamquam
947 2142 1128 2215 plures
1146 2142 1315 2199 fuisse
1340 2151 1556 2213 oportet
1576 2142 1969 2199 deambulones
1991 2142 2112 2199 illos

514 2235 1034 2309 pseudo-episcOpos
1060 2278 1076 2304 ,
1101 2250 1393 2308 paucorum
1416 2236 1634 2291 nomina
1655 2234 1723 2292 ad
1749 2250 1850 2292 nos
1877 2251 1907 2291 a
1940 2236 2113 2293 Leon-

515 2329 592 2386 tio
615 2328 929 2385 transmissa
958 2336 1104 2385 sunt.
1126 2328 1198 2384 At
1220 2329 1423 2400 primas
1442 2330 1582 2385 inter
1602 2343 1699 2385 eos
1721 2328 1916 2399 agebat
1934 2337 2113 2399 partes

515 2423 857 2495 Apollinario
882 2423 1298 2490 tuncdet‘uncto,
1316 2422 1638 2481 Timotheus
1667 2423 1786 2495 ejus
1816 2423 2113 2496 discipulus

515 2532 838 2574 arcanorum
865 2518 1107 2575 omnium
1139 2520 1411 2591 particeps
1435 2560 1451 2585 ,
1483 2529 1644 2592 atque
1665 2520 1855 2592 ingens
1872 2519 1984 2591 jam
2012 2519 2113 2576 sub

518 2612 712 2670 eodem
766 2617 1026 2684 magistro
1069 2612 1329 2671 Ecclesiae
1354 2614 1556 2670 turbo:
1589 2628 1716 2671 nam
1763 2630 1925 2687 quam
1954 2616 2113 2671 aliam

517 2704 589 2761 ob
615 2719 834 2761 causam
860 2704 975 2775 ejus
1006 2705 1345 2775 potissimum
1373 2706 1777 2763 damnationem
1806 2705 2114 2765 Orientales

518 2810 551 2852 a
584 2795 813 2851 Damaso
842 2797 1002 2852 enixe
1040 2795 1465 2868 efﬂagitassent,
1515 2798 1616 2853 nisi
1663 2799 1785 2869 quia
1833 2799 1923 2855 ille
1978 2814 2116 2855 unus

520 2890 759 2946 omnium
774 2890 945 2945 instar
955 2904 1077 2945 curn
1090 2899 1386 2955 esset,enm
1402 2890 1712 2947 nominatim
1726 2890 1967 2947 damnari
1985 2892 2115 2948 tanti
2142 2942 2145 2943 ν

520 2983 788 3039 interesse
819 2983 1335 3054 putaveruntlﬂnuc
1357 2983 1576 3058 Berythi
1606 2984 1917 3057 episcopum
1949 2986 2117 3043 fuisse

519 3074 663 3131 idem
706 3074 967 3132 Leontius
991 3078 1100 3144 ait,
1150 3075 1293 3149 quod
1342 3086 1519 3134 tamen
1564 3078 1743 3135 nnllns
1772 3094 1838 3135 eo
1891 3090 2117 3137 auctore

2210 1872 2372 1933 atque
2400 1878 2464 1919 ea
2491 1905 2505 1929 ,
2536 1879 2656 1933 quae
2687 1863 2950 1920 docuerat
2980 1864 3071 1920 ille
3095 1865 3301 1921 sentire
3327 1906 3341 1931 ,
3371 1879 3655 1936 quamquam
3691 1864 3752 1918 bi-

2212 1958 2420 2011 narium
2448 1969 2753 2013 naturarum
2783 1958 3091 2029 pradicant
3115 1999 3132 2026 ,
3170 1968 3320 2031 atque
3347 1960 3414 2013 ad
3441 1958 3754 2032 Cappadocum

2212 2049 2399 2121 dogma
2440 2060 2489 2105 et
2511 2048 2541 2103 Ι
2546 2049 2764 2105 talorum
2791 2052 3142 2123 arrogantiam
3171 2051 3451 2107 accederet.

2284 2141 2579 2214 Gregorius
2605 2143 2784 2214 itaque
2807 2141 3176 2199 Nazianzenus
3221 2143 3312 2215 qui
3354 2157 3629 2211 summum,
3670 2156 3754 2214 quo

2214 2236 2519 2302 tenebatur,
2539 2236 2818 2307 religionis
2848 2239 3083 2293 studium
3112 2239 3337 2295 minime
3368 2253 3485 2294 cum
3519 2238 3642 2295 solio
3681 2238 3756 2293 de-

2214 2340 2496 2401 posuerat,
2522 2340 2719 2402 practer
2754 2330 2963 2386 litteras
2990 2330 3058 2386 ad
3101 2330 3412 2404 Olympium
3451 2329 3757 2401 Cappadocis

2216 2422 2529 2495 praesidem,
2562 2423 2695 2478 alias
2723 2422 2875 2480 dedit
2891 2423 2961 2479 ad
2984 2423 3298 2480 Nectarinm
3314 2421 3758 2492 Constantinopolis

2215 2517 2554 2591 episcopum,
2578 2520 2894 2590 rogavitque
2906 2527 2967 2573 ut
2990 2519 3373 2589 imperatorem
3402 2517 3582 2583 adiret,
3610 2527 3761 2572 mone-

2215 2620 2429 2682 retqne,
2453 2610 2585 2667 nihil
2613 2611 2873 2667 Ecclesia:
2901 2610 3203 2667 rediturum
3232 2627 3300 2668 ex
3328 2611 3443 2681 ejus
3481 2610 3657 2681 pietate
3680 2608 3761 2663 uti-

2218 2702 2386 2758 litatis
2414 2744 2430 2770 ,
2485 2702 2530 2757 si
2570 2717 2689 2758 eam
2728 2702 3239 2773 Apollinaristarnm
3293 2701 3555 2758 licentiam
3596 2698 3761 2755 diutius

2218 2794 2401 2850 valere
2432 2794 2769 2864 permitteret
2822 2794 2888 2849 ad
2934 2802 3098 2850 recta:
3156 2794 3281 2851 ﬁdei
3333 2794 3647 2851 eversionem
3685 2788 3759 2863 (ε).

2216 2886 2629 2956 Scripsitetiam
2652 2886 3040 2944 Posthumiano
3086 2888 3190 2944 PP.
3242 2888 3494 2956 Orientis,
3525 2884 3761 2957 petiitque,

2221 2988 2280 3036 ut
2307 2996 2428 3036 cum
2452 2980 2691 3051 episcopi
2717 2980 2768 3035 in
2791 2980 2938 3050 regia
2969 2980 3102 3036 urbe
3129 2979 3382 3037 iteratam
3414 2978 3654 3052 synodum
3692 2990 3760 3030 ce-

2221 3075 2706 3140 lebraturiessent,
2735 3075 3100 3132 Ecclesiarnm
3132 3076 3254 3146 paci
3301 3076 3370 3130 ab
3413 3072 3659 3129 haereticis
3681 3067 3765 3124 illis

526 3168 687 3239 paulo
715 3170 992 3243 antiquior
1040 3173 1294 3228 asseruit.
1329 3171 1465 3229 llinc
1508 3188 1701 3230 vereor
1740 3188 1809 3230 ne
1863 3174 1957 3231 ille
1984 3175 2112 3232 subv
2143 3158 2189 3223 Ο
2224 3170 2564 3241 potiSSimum
2591 3169 2957 3235 labefaCIalm.
2991 3183 3091 3239 ι)το
3132 3184 3197 3225 ea
3244 3184 3470 3233 summa.
3524 3181 3616 3237 (ιω
3658 3177 3768 3235 Pri“

520 3262 906 3333 scriptionibns
930 3264 1310 3337 episcoporum
1337 3307 1354 3334 ,
1399 3267 1491 3338 qui
1522 3267 2119 3340 Constantinopolitano

520 3352 543 3410 Ι
568 3356 802 3413 concilio
822 3356 1106 3414 adfuerunt
1132 3399 1149 3427 ,
1177 3358 1437 3432 deceptus
1462 3360 1567 3428 sit,
1592 3376 1657 3418 ac
1687 3362 1830 3435 quod
1859 3363 2002 3419 inter
2024 3379 2120 3420 eos

521 3445 864 3504 Timotheum
878 3449 1098 3521 Berytlti
1127 3451 1338 3524 legerit,
1355 3469 1519 3509 unum
1550 3469 1651 3525 pro
1674 3455 1785 3511 alio
1810 3457 2118 3526 acceperit:

524 3556 702 3613 neque
730 3543 875 3599 enim
902 3542 1017 3601 fieri
1048 3546 1288 3616 potuisse
1332 3547 1549 3604 videtur
1572 3588 1588 3613 ,
1621 3548 1797 3605 virum
1828 3549 1971 3606 hunc
1996 3566 2120 3622 per-

523 3635 653 3692 ditae
678 3636 831 3693 fama:
848 3679 864 3706 ,
896 3646 951 3693 et
970 3639 1140 3711 gradu
1158 3641 1270 3709 jam
1297 3648 1452 3698 antea
1478 3641 1751 3712 dejectum
1773 3684 1787 3708 .
1815 3643 2022 3700 sedisse
2042 3645 2125 3699 in-

529 3739 612 3785 ter
638 3730 936 3788 catholicos
967 3734 1226 3804 praesules
1252 3776 1266 3800 ,
1294 3750 1359 3791 ac
1387 3737 1711 3793 sententiam
1758 3749 2018 3809 praeterea
2068 3739 2123 3794 in

529 3820 926 3893 Apollinarium
973 3839 1131 3880 suum
1161 3826 1401 3890 dixisse.
1433 3839 1598 3900 atque
1645 3829 1772 3886 ideo
1804 3830 1954 3886 illum
1986 3832 2126 3888 inter

530 3927 628 3969 eos
680 3913 858 3984 potius
912 3917 1307 3974 numerandum
1339 3928 1468 3989 puto
1491 3961 1508 3988 ,
1537 3935 1675 3992 quos
1725 3921 1949 3993 profane
1974 3923 2123 3980 ordi-

530 4013 687 4061 natos
708 4004 1077 4075 Apollinarius
1102 4007 1208 4063 huc
1244 4010 1375 4066 illuc
1404 4027 1712 4070 commeare
1737 4014 1973 4085 iusserat
1999 4057 2015 4083 ,
2070 4028 2128 4072 nt

529 4096 804 4154 Ecclesias
834 4098 970 4155 bene
1014 4105 1335 4159 constitutas
1363 4104 1674 4162 scinderent
1695 4147 1712 4173 ,
1756 4121 2000 4179 quosque
2028 4108 2129 4164 Ba-

528 4191 683 4248 silius
710 4204 1013 4263 memorat,
1036 4203 1090 4251 ct
1117 4195 1235 4250 sine
1269 4198 1466 4266 popqu
1488 4241 1502 4263 ,
1533 4198 1652 4255 sine
1681 4199 1841 4255 Clero
1863 4201 2127 4258 obambu-

530 4285 745 4357 lantes,
779 4302 843 4346 ac
887 4289 1091 4346 nudum
1148 4290 1389 4363 episcopi
1438 4308 1637 4350 nomen
1680 4293 2131 4355 circumferentes

529 4381 770 4451 appellat
814 4383 916 4456 (ὁ).
945 4384 1264 4441 Timotheus
1290 4394 1469 4443 autem
1500 4389 1602 4445 iste
1640 4390 1811 4445 semel
1840 4399 2004 4462 atque
2030 4392 2132 4448 ite-

533 4486 651 4528 rum
684 4472 910 4530 Romam
950 4486 1174 4533 venerat
1220 4479 1395 4550 primo
1424 4491 1552 4538 ante
1579 4481 1786 4539 obitum
1814 4483 2128 4553 Athanasii,

2223 3262 2396 3319 fectus
2445 3264 2697 3333 pra-torio
2746 3262 3034 3328 utebatur,
3092 3262 3417 3318 auctoritate
3465 3257 3766 3331 provideret.

2223 3356 2434 3413 etiamsi
2466 3358 2710 3429 asperius
2740 3356 2942 3428 aliquid
2970 3366 3213 3412 statuere
3249 3371 3476 3412 necesse
3514 3364 3674 3410 esset:
3695 3350 3770 3405 has

2224 3452 2370 3507 enim
2400 3450 2612 3506 litteras
2633 3465 2795 3521 agere
2815 3459 3051 3517 constat,
3079 3450 3147 3506 de
3167 3450 3382 3523 synodo
3405 3449 3513 3514 illa,
3530 3460 3669 3519 quam
3689 3442 3771 3498 So-

2224 3554 2402 3601 crates
2426 3557 2479 3601 et
2511 3544 2847 3601 Sozomenus
2873 3544 2982 3600 hoc
3005 3558 3149 3598 anno
3195 3558 3227 3597 a
3263 3541 3566 3599 Theodosio
3612 3548 3773 3593 convo-

2225 3649 2399 3695 catam
2430 3639 2672 3696 scribunt
2693 3637 2783 3712 (θ’),
2810 3639 2935 3709 quia
2953 3652 3097 3693 anno
3118 3636 3389 3707 superiori
3406 3631 3773 3691 Posthnmianns

2228 3732 2464 3788 nonduin
2491 3742 2710 3789 evectus
2735 3731 2804 3787 ad
2832 3730 3071 3788 Orientis
3092 3728 3472 3801 praefecturam
3503 3726 3676 3783 fuerat.
3701 3720 3775 3777 tli-

2228 3826 2372 3881 nime
2399 3839 2532 3880 vero
2560 3840 2661 3897 ego
2682 3824 2891 3891 dubito,
2935 3825 3063 3893 quin
3113 3832 3380 3894 prarterea
3419 3818 3686 3891 Gregorius
3724 3811 3774 3866 ad

2228 3918 2365 3976 alios
2385 3917 2690 3987 scripserit,
2732 3916 2799 3971 ad
2849 3916 3057 3971 amicos
3104 3913 3342 3982 scilicet,
3374 3913 3661 3986 probosque
3688 3904 3777 3973 epi-

2228 4025 2445 4081 scopos,
2475 4009 2539 4064 ad
2565 4025 2685 4065 eam
2703 4008 2968 4082 synodum
2988 4018 3342 4075 convocatos,
3365 4015 3421 4062 et
3440 4004 3505 4061 ad
3520 4003 3774 4075 Nyssenutn

2230 4104 2523 4176 praecipue,
2554 4118 2713 4174 quem
2741 4102 2975 4158 concilio
3007 4102 3083 4157 illi
3111 4099 3356 4157 adfuisse
3376 4099 3590 4165 scimus,
3626 4108 3681 4149 ac
3706 4092 3780 4146 hac

2232 4199 2414 4256 buisse
2459 4198 2763 4254 orationem
2804 4212 2923 4269 quae
2975 4196 3045 4254 de
3098 4195 3376 4253 Abraham
3428 4193 3624 4250 titulum
3673 4199 3780 4259 prte-

2232 4292 2340 4350 fert
2365 4292 2463 4365 (g).

2310 4385 2575 4441 Videntur
2596 4400 2726 4442 vero
2752 4384 3059 4455 Nectarins,
3084 4393 3138 4441 et
3167 4384 3261 4456 qui
3307 4373 3779 4448 Constantinopolim

2234 4486 2503 4534 venerant
2521 4476 2832 4535 Orientales
2860 4478 3126 4549 episcopi,
3150 4476 3474 4533 Nazianzeui
3495 4469 3693 4531 monitis
3713 4480 3785 4521 ex-

532 4577 563 4618 a
577 4578 684 4634 quo
695 4565 858 4620 etiam
870 4568 1338 4627 comrnendatitias
1349 4572 1415 4627 ad
1429 4574 2117 4636 Damasnmcnmattnlissc‘

2237 4571 2410 4640 citati,
2443 4570 2877 4641 expostulavisse
2905 4572 3251 4642 imperatoris
3273 4586 3457 4643 opem,
3487 4583 3549 4624 ae
3568 4570 3784 4638 praeterea

535 4659 804 4716 simulatae
835 4670 963 4717 tunc
990 4663 1115 4720 lidei
1147 4680 1304 4732 rens,
1330 4667 1539 4725 litteras
1568 4671 1621 4725 in
1649 4669 1927 4729 Orientem
1951 4673 2136 4730 retulit

536 4765 651 4808 sua:
677 4765 800 4809 cum
826 4754 956 4810 sede
984 4757 1280 4827 apostolica
1318 4760 1716 4817 communionis
1738 4771 1939 4829 testes,
1972 4776 2135 4837 atque

540 4843 703 4914 hujus
732 4845 893 4915 primi
939 4846 1057 4917 ejus
1080 4846 1313 4905 Romani
1340 4852 1550 4908 itineris
1575 4842 1775 4923 praeter
1800 4855 2084 4913 Leontium
2114 4899 2131 4924 ,

541 4936 829 4994 Facundns
851 4938 1257 4997 Hermianensis
1296 4944 1541 5001 meminit
1582 4945 1678 5019 (c).
1736 4945 1897 5015 Venit
1941 4950 2136 5007 iterum

540 5029 837 5087 Athanasio
872 5031 985 5103 jam
1010 5032 1267 5089 defuncto
1315 5036 1385 5091 ab
1426 5036 1762 5108 Apollinario
1807 5041 2044 5110 missus,
2077 5051 2139 5098 ut

542 5138 711 5185 secta:
756 5145 871 5186 sum
909 5131 1128 5201 negotia
1166 5132 1646 5203 procuraretapnd
1683 5134 1979 5191 Romanum
2003 5152 2141 5207 pon-

544 5221 900 5285 tilicem;sed
943 5221 1454 5293 Apollinaristarum
1495 5224 1685 5282 fraude
1733 5236 1861 5283 tunc
1889 5228 2136 5297 detecta,

526 5314 602 5377 ,ln
630 5314 865 5371 concilio
888 5314 1035 5386 quod
1067 5315 1313 5372 habitttm
1359 5316 1530 5375 fuisse
1559 5316 1673 5373 disi
1702 5332 1845 5375 anno
1895 5321 2001 5377 576
2049 5330 2143 5377 aut

546 5407 719 5466 altero
752 5408 973 5468 ineunte
996 5452 1013 5479 ,
1069 5409 1232 5469 Petro
1269 5411 1638 5470 Alexandrino
1686 5423 1991 5486 praesente,
2031 5425 2141 5472 tum

621 5572 706 5644 (a)
745 5572 919 5644 Epist.
946 5574 1037 5631 77.

648 5643 703 5703 bl
742 5643 917 5703 Epist.
943 5645 1072 5703 265.

622 5573 680 5642 (a
745 5572 919 5644 Epist.
946 5574 1037 5631 77.

622 5572 917 5860 glj‘Ejlijst.
943 5645 1072 5764 2625.
1180 5721 1214 5776 3

649 5714 876 5859 ‘r'i'av'.
893 5731 1234 5860 ἓῖίεῗὲΡλρί

689 5774 876 5859 i’sav.
901 5774 1347 5863 Fraudisppon.
1379 5791 1434 5850 in
1456 5791 1554 5849 ﬁn.

2238 4666 2526 4737 scripsisse
2544 4664 2791 4721 Romano
2812 4665 3051 4736 pontiﬁci
3076 4682 3092 4732 ;
3121 4666 3409 4737 responsio
3429 4663 3567 4719 enim
3590 4650 3782 4716 Damasi.

2237 4774 2359 4832 quae
2385 4760 2637 4832 episcOpis
2671 4758 2932 4815 Orientem
2978 4759 3380 4833 gubernantibus
3424 4755 3664 4824 inscripta
3702 4754 3782 4809 05b

2240 4870 2349 4911 non
2379 4855 2610 4911 obscure
2638 4855 2840 4910 indicat
2870 4855 3059 4925 plures
3072 4868 3138 4909 ac
3165 4853 3329 4910 simul
3355 4850 3608 4908 collectos
3631 4843 3782 4901 fuisse.

2238 4949 2330 5021 qui
2356 4948 2631 5005 communi
2657 4949 2879 5005 nomine
2899 4948 3235 5019 scripserant
3262 4966 3275 5001 :
3300 4954 3557 5019 quantum
3573 4953 3690 4997 vero
3708 4932 3788 4991 col'

2240 5042 2332 5113 ligi
2357 5058 2425 5098 ex
2448 5043 2637 5099 eadem
2671 5041 3032 5111 responsione
3052 5049 3252 5112 potest,
3275 5037 3577 5095 Orientales
3599 5033 3790 5089 Damaso

2241 5138 2709 5205 renuntiaverant,
2736 5134 3079 5191 Timotheum
3109 5134 3381 5205 praecipue
3399 5132 3600 5203 jactare
3644 5138 3711 5187 se,
3742 5130 3791 5173 ac

2243 5232 2298 5286 in
2325 5230 2518 5301 vulgus
2537 5243 2817 5301 spargere,
2841 5238 2936 5284 ant
2963 5243 3023 5285 se
3053 5228 3276 5285 minime
3293 5225 3480 5281 Romae
3499 5222 3787 5279 damnatum.

2243 5323 2553 5378 antiterum
2579 5323 2731 5379 velut
2765 5321 3093 5378 catholicum
3145 5320 3213 5377 ad
3258 5318 3676 5377 communionem
3720 5301 3793 5360 θά-

2244 5418 2499 5485 missum,
2524 5432 2697 5489 eaque
2724 5414 2911 5473 fraude
2937 5416 3127 5487 ingens
3155 5428 3300 5473 sana
3327 5410 3580 5470 doctrinae
3627 5409 3678 5462 et
3713 5397 3795 5456 Et.

2328 5579 2404 5651 (ε)
2431 5578 2687 5651 Nazianz.
2716 5595 2799 5638 or.
2827 5578 2919 5638 46.

2324 5629 2400 5796 Si),
2423 5629 2985 5725 saéii'ia‘t.‘a'.,'éip.
3004 5650 3105 5722 to;
3129 5651 3351 5721 50mm,
3373 5648 3465 5707 lib.
3483 5660 3577 5712 νη,
3592 5652 3699 5712 cap.
3722 5629 3792 5689 η.

2354 5724 2411 5796 9)
2434 5721 2597 5796 Oper.
2631 5736 2763 5787 tom.
2787 5724 2832 5796 Ι,
2863 5742 2917 5796 ρ,
2945 5723 3072 5784 89⁸,

2354 5721 2411 5799 9)
2434 5721 2597 5796 Oper.
2631 5736 2763 5787 tom.
2787 5724 2832 5798 l,
2863 5742 2917 5801 p.
2934 5721 3072 5784 ⁷898.
