3950 6330
128 301 219 357 Ξ57

1444 276 1946 341 PROLEGOMENA
1960 320 1971 332 .

3265 269 3372 329 258

127 415 376 470 clesiarum
400 403 765 478 tranquillitati
791 401 1178 459 detrimentum
1211 398 1263 454 in
1288 399 1577 470 praesentia
1596 397 1674 452 af-
1700 400 1753 463 Α
1779 396 2010 467 primum
2044 399 2204 464 atque
2234 391 2431 448 iterum
2483 391 2569 447 hic
2597 389 2823 461 repetit,
2865 396 2925 445 ut
2979 387 3212 445 Νἱεωηω
3250 387 3371 458 ﬁdei

126 505 256 571 ferri,
278 519 334 558 ac
361 502 409 557 in
432 508 695 570 posterum
739 497 1024 552 imminere
1054 537 1069 562 ,
1113 495 1215 549 nisi
1263 493 1414 548 illum
1466 509 1496 546 a
1544 492 1675 548 sede

127 596 385 668 apostolica
408 592 596 664 publici
629 592 965 656 damnatum,
988 603 1052 643 ac
1077 586 1337 657 rejectum
1383 585 1546 641 fuisse
1577 583 1677 638 Ec-

126 690 280 748 elesiis
307 688 546 742 omnibus
574 684 749 755 palam
777 682 949 738 ﬁeret.

184 783 299 851 Quis
323 795 499 835 earum
528 793 710 834 rerum
739 770 1465 842 eventus-Constantinopoli
1522 768 1682 824 fuerit

127 883 286 945 aperte
309 871 560 927 discimus
581 886 645 926 ex
675 870 711 923 l.
736 869 772 922 ‘2
795 868 929 924 Cod.
963 866 1175 923 Theod.
1208 866 1277 922 de
1306 865 1505 921 Haeret.
1558 876 1682 932 pro-

129 968 273 1039 posita
302 966 384 1020 die
412 966 443 1019 4
471 963 806 1034 Septembris
835 961 936 1016 hoc
962 975 1103 1015 anno
1125 1001 1139 1027 ,
1172 967 1225 1014 et
1246 956 1420 1014 eidem
1453 953 1685 1010 Posthu-

126 1061 278 1119 tniano
300 1059 571 1130 inscripta.
598 1057 707 1113 [lac
730 1056 872 1113 enim
897 1071 1020 1110 cum
1049 1054 1264 1110 caeteris
1317 1049 1591 1106 haereticis
1618 1062 1686 1103 eo

128 1155 226 1209 locn
247 1152 530 1223 expressis,
561 1148 901 1206 Theodosius
946 1145 1367 1218 Apollinarianos
1394 1184 1407 1209 ,
1454 1155 1684 1212 quorum

127 1245 249 1302 nulla
273 1244 324 1299 in
353 1243 612 1299 anteactis
631 1239 1112 1298 constitutionibus
1134 1237 1339 1292 mentio
1365 1235 1560 1299 fuerat,
1576 1248 1690 1288 ma-

129 1338 290 1392 nifeste
316 1345 584 1401 recenset,
632 1348 838 1404 eosque
877 1341 1063 1398 vetat,
1125 1338 1184 1384 ut
1222 1327 1514 1399 Gregorius
1575 1324 1690 1380 ﬁeri

129 1439 345 1502 oportere
357 1428 721 1490 existimabat,
746 1443 810 1482 ne
829 1426 1087 1482 collectas
1103 1432 1264 1494 agant
1283 1418 1690 1492 quoquomodo,

131 1542 183 1580 ne
209 1521 462 1580 Ecclesias
491 1521 856 1584 constituant,
905 1533 1042 1574 neve
1084 1515 1418 1572 adulterinas
1472 1513 1692 1569 ordina-

132 1617 276 1673 tiones
299 1615 551 1680 habeant,
580 1627 738 1685 atque
766 1621 869 1668 uta
898 1611 1149 1676 canibus,
1172 1608 1415 1678 locisque
1442 1605 1696 1661 omnibus

131 1728 154 1766 a
181 1712 354 1782 quibus
378 1708 626 1764 extranei
648 1716 796 1772 sunt,
830 1705 1199 1774 expellanlur,
1249 1711 1303 1758 et
1348 1700 1415 1756 ad
1460 1708 1634 1755 terras
1664 1713 1694 1752 a

1778 489 2215 552 subseriberent;
2249 497 2411 558 atque
2442 485 2567 540 hinc
2588 494 2851 557 praeterea
2875 485 3247 557 intelligimus,
3276 499 3374 539 cur

1782 581 2011 652 \‘igilius
2051 579 2344 650 Tapsensis
2369 621 2383 645 ,
2435 590 2720 651 postquam
2752 579 3066 647 scripserat,
3125 577 3375 633 Macedo-

1782 675 1930 730 nium
1955 674 2236 730 incusasse
2270 673 2689 729 Alexandrinam
2718 673 3008 746 synodum,
3041 671 3184 744 quod
3208 688 3238 727 a
3270 672 3373 728 Pa-

1783 779 1924 825 trum
1950 771 2218 825 seutentia
2249 769 2588 834 recessisset,
2615 785 2752 824 nova
2780 767 3126 825 decernendo
3154 765 3222 822 dc
3251 766 3377 836 Spi-

1784 864 1889 918 ritu
1919 873 2130 930 sancto,
2160 879 2280 934 qua:
2301 879 2330 918 a
2361 861 2580 917 Nicaana
2613 861 2718 917 ﬁde
2753 861 2946 917 tradita
2991 876 3097 916 non
3143 859 3378 927 fuerant,

1785 955 2003 1025 adjiciat
2043 957 2246 1017 statim,
2288 957 2478 1011 eadem
2517 970 2736 1027 quoque
2789 954 3083 1023 impietatis
3137 952 3384 1025 prmscri~

1788 1047 1973 1117 ptione
2001 1058 2190 1103 contra
2222 1046 2520 1103 Ecclesiam
2566 1063 2723 1102 usum
2773 1045 2942 1102 fuisse
2985 1044 3381 1118 Apollinarium

1790 1141 1882 1214 (t);
1916 1155 2038 1195 nam
2068 1155 2188 1195 cum
2213 1155 2409 1211 negare
2440 1157 2546 1196 non
2571 1151 2775 1210 posset,
2799 1140 2929 1210 quin
2953 1138 3168 1195 Nieama
3198 1137 3387 1195 eadem

1792 1235 2030 1307 synodus
2042 1233 2280 1292 Verbum
2303 1237 2699 1290 inltumanatum
2723 1233 2888 1292 fuisse
2902 1235 3124 1300 diceret,
3146 1234 3388 1290 Ecclesia

1794 1330 1924 1383 vero
1951 1327 2110 1398 hujus
2131 1331 2278 1384 vocis
2308 1329 2415 1383 vim
2446 1330 2516 1384 ita
2543 1328 2861 1399 explicaret,
2908 1337 2966 1382 ut
3005 1325 3240 1383 Verbum
3293 1326 3392 1381 hu-

1796 1437 2009 1478 manam
2034 1432 2292 1488 mentem,
2323 1432 2486 1492 atque
2514 1420 2748 1477 animam
2772 1437 2893 1476 cum
2916 1435 3098 1484 carne,
3126 1435 3190 1475 ac
3220 1428 3390 1474 totum

1799 1513 2204 1584 perfectumque
2233 1514 2352 1569 sine
2383 1523 2603 1584 peccato
2636 1512 2909 1568 hominem
2929 1511 3287 1583 assumpsisse
3307 1526 3393 1567 as-

1799 1616 2042 1673 sereret,
2099 1623 2162 1661 ac
2189 1606 2324 1662 duas
2361 1607 2412 1662 in
2451 1623 2552 1662 una
2610 1622 2840 1678 persona
2886 1616 3107 1662 naturas
3153 1606 3396 1678 perfecte

1801 1701 1978 1756 unitas
2001 1710 2283 1766 statueret,
2309 1701 2534 1773 ejusque
2565 1701 2816 1757 haeresim
2864 1709 3174 1764 everteret,
3207 1699 3392 1755 catho-

133 1804 294 1874 quibus
315 1813 491 1856 ortum
524 1809 798 1856 traxerant
834 1797 1211 1862 amandentur,
1244 1811 1273 1849 a
1306 1795 1502 1860 quibus
1548 1792 1695 1847 insu-
1726 1806 1774 1867 Β
1802 1794 1960 1850 licam
1994 1796 2440 1867 verissimamque
2489 1797 2991 1866 interpretationem
3039 1796 3398 1851 calumniatus

135 1913 210 1967 per
231 1896 333 1950 vult
361 1911 427 1951 ne
457 1910 715 1965 umquam
743 1891 1022 1948 discedere
1077 1890 1268 1945 iisdem
1320 1889 1505 1944 liceat.
1550 1886 1699 1940 Hanc

134 1989 366 2062 synodum
393 1989 675 2058 latamque
705 1986 823 2058 ejus
849 1985 1137 2041 occasione
1169 1985 1340 2054 legem
1367 1981 1701 2037 Sozomenus

135 2091 366 2138 memorat
386 2079 498 2150 (α),
527 2094 698 2149 eaque
727 2078 926 2133 factum
975 2075 1150 2146 inquit
1202 2075 1308 2130 alio
1363 2073 1482 2128 loco
1515 2070 1612 2144 (ὁ),
1646 2080 1704 2126 ut

137 2175 486 2230 haereticorum
513 2171 679 2227 duces
700 2186 767 2227 ex
798 2170 1188 2227 amoenioribus
1219 2167 1430 2238 imperii
1475 2163 1702 2219 Romani

139 2265 245 2321 locis
283 2266 332 2320 itt
360 2263 644 2335 squalidas
669 2279 732 2318 ac
751 2262 995 2317 desertas
1014 2258 1266 2330 regiones
1283 2256 1549 2329 deportati
1579 2265 1706 2309 tunc

143 2357 329 2422 fuerint,
360 2372 503 2429 quos
552 2359 691 2411 inter
717 2354 1063 2410 Timotheum
1106 2350 1499 2407 numerandum
1550 2359 1702 2418 puto,

142 2452 370 2522 siquidem
395 2451 553 2506 illum
585 2451 800 2522 Byziam
825 2464 1008 2519 regum
1027 2446 1275 2502 Thraciae
1303 2459 1505 2512 arcem,
1539 2442 1708 2513 impe-

145 2545 309 2600 ratoris
331 2545 491 2614 jussu
517 2543 811 2614 relegatum
836 2541 1003 2596 fuisse
1024 2539 1225 2594 scimus
1255 2536 1351 2610 (c).

196 2639 289 2695 Sed
317 2655 496 2710 neque
525 2639 814 2692 Damasum
855 2634 1099 2690 defuisse
1149 2633 1330 2688 ofﬁcio
1381 2647 1482 2687 suo
1516 2671 1531 2698 ,
1593 2629 1709 2685 hmo

143 2734 234 2803 ejus
251 2733 312 2788 ad
339 2732 653 2790 Orientales
682 2730 909 2801 epistola
937 2727 1202 2784 certiores
1247 2740 1345 2781 nos
1387 2724 1538 2780 facit.
1572 2722 1709 2778 Hinc

144 2843 247 2882 tero
271 2841 486 2883 auctum
515 2835 619 2890 est,
653 2824 915 2879 adversus
954 2820 1274 2892 Gregorium
1321 2827 1375 2873 et
1421 2818 1709 2873 Damasum

146 2923 313 2992 ipsum,
333 2923 496 2992 cujus
525 2919 901 2976 auctoritatem
934 2917 1313 2972 hmreticorum
1343 2929 1516 2981 more,
1561 2927 1715 2967 arro-

145 3021 310 3088 ganti‘J:
331 3020 451 3076 loco
479 3017 810 3082 habuerunt,
847 3013 1356 3085 Apollinaristarum
1409 3009 1614 3074 odium,
1660 3016 1717 3062 ut

147 3129 198 3170 ex
221 3125 513 3170 memorato
540 3111 768 3169 Polemii
795 3112 1100 3182 fragmento
1144 3107 1401 3171 vidimus,
1458 3121 1521 3160 ac
1578 3118 1717 3174 pra:-

1805 1889 1900 1944 ille
1931 1900 2033 1952 est,
2064 1890 2288 1959 perinde
2314 1906 2378 1946 ac
2404 1891 2448 1946 si
2471 1891 2704 1963 aliquam
2733 1892 2952 1947 Nieaeno
2980 1891 3226 1964 symbolo
3248 1890 3402 1946 addi-

1807 1982 2008 2038 tionem
2040 1983 2344 2040 induceret.
2381 1985 2493 2041 Hoc
2521 1985 2718 2041 deinde
2738 1995 3114 2056 argumentum
3141 1986 3210 2042 ab
3236 1985 3403 2056 Apol-

1808 2076 2002 2131 linario
2031 2080 2289 2148 magistro
2327 2095 2428 2135 suo
2458 2080 2708 2135 haustum
2738 2079 2983 2135 adhibuit
3007 2078 3281 2152 Eutyches
3309 2079 3405 2135 de-

1807 2170 1941 2226 lirus
1963 2188 2151 2239 senex,
2188 2173 2344 2244 cujus
2382 2174 2540 2230 verba
2582 2174 2775 2230 eodem
2828 2174 2948 2230 loco
2990 2174 3282 2244 Tapsensis
3327 2172 3407 2227 af-

1811 2265 1916 2322 fert
1949 2284 1961 2320 :
1994 2282 2167 2338 neque
2193 2268 2336 2323 enim
2378 2268 2688 2338 intelligere
2721 2277 3030 2340 potuerunt,
3091 2277 3186 2322 aut
3222 2268 3409 2322 volue-

1812 2369 1938 2413 runt
1968 2375 2164 2414 vesana
2193 2361 2388 2430 capita,
2422 2376 2529 2432 quo
2552 2372 2710 2433 pacto
2741 2362 2987 2417 Christus
3041 2362 3304 2417 Dominus
3349 2359 3406 2416 in

1813 2453 2022 2510 duabus
2050 2466 2102 2510 et
2127 2470 2191 2510 ex
2217 2455 2425 2512 duabus
2457 2458 2662 2512 naturis
2695 2463 2838 2511 totus
2863 2471 2984 2512 esse
3015 2465 3218 2528 posset,
3249 2463 3408 2526 atque

1816 2562 1921 2602 tina
1979 2563 2208 2618 persona
2262 2548 2573 2619 complecti,
2625 2549 2884 2620 quidquid
2933 2549 3148 2618 utrique
3202 2558 3412 2605 natura:

1816 2642 1980 2697 unita:
2003 2642 2273 2709 convenit,
2301 2643 2428 2714 quin
2453 2642 2572 2697 dua:
2601 2657 2869 2713 personae,
2901 2658 2962 2698 ac
2983 2642 3090 2697 duo
3127 2641 3220 2697 ﬁlii
3264 2655 3408 2707 esse,

1819 2748 1883 2789 ac
1907 2734 2012 2791 dici
2045 2735 2312 2790 deberent
2343 2752 2356 2788 :
2389 2734 2663 2790 hominem
2693 2735 2877 2805 itaque
2923 2734 3119 2789 factum
3142 2732 3416 2789 Christum

1824 2827 2134 2892 Dominum,
2178 2843 2414 2899 eumque
2444 2826 2744 2899 pet-fectum
2780 2827 3052 2883 hominem
3083 2825 3418 2883 conﬁteban-

1823 2911 2050 2978 turcum
2082 2922 2316 2978 Nicaenis
2345 2924 2612 2987 Patribus,
2661 2924 2732 2978 ita
2766 2932 2944 2978 tamen
2971 2932 3028 2977 ut
3057 2923 3283 2979 duarum
3325 2938 3428 2978 na-

1823 3026 2064 3072 turarum
2097 3018 2350 3072 unionem
2372 3016 2489 3071 sine
2521 3015 2910 3072 commixtione
2935 3016 3246 3085 rejicerent,
3277 3015 3426 3072 velut

1824 3125 1996 3178 nuper
2017 3108 2248 3164 Nicaenze
2275 3109 2397 3164 ﬁdei
2426 3109 2666 3164 additum
2691 3110 2904 3178 dogma,
2929 3125 2993 3165 ae
3013 3108 3286 3166 Christum
3315 3110 3425 3165 Do-

147 3214 264 3262 terca
293 3208 604 3279 colligimus
658 3221 724 3260 ex
779 3203 844 3258 iis
894 3219 1014 3274 quae
1064 3199 1369 3256 Eunotnius
1398 3199 1618 3253 Beroea:
1660 3199 1711 3252 in
1744 3205 1790 3268 C
1822 3201 2026 3256 minutn
2059 3200 2336 3256 hominem
2371 3201 2631 3267 dicerent,
2665 3201 2838 3255 divina
2864 3211 3068 3256 tantum
3115 3200 3428 3272 perfectione

150 3297 341 3353 Thracia
371 3296 906 3370 pseudo-episcopus
929 3293 1131 3362 scripta
1162 3292 1376 3361 reliquit
1400 3290 1504 3361 (ιι),
1527 3289 1722 3359 quibus

152 3389 419 3461 £gyptt'os,
446 3388 786 3459 Cappadoces
829 3397 877 3440 et
910 3384 1171 3438 Romanos
1208 3383 1579 3454 perstringere
1624 3395 1722 3434 au-

155 3482 242 3550 det,
269 3499 329 3540 eo
356 3483 504 3554 quod
534 3482 805 3552 duplicem
849 3489 1096 3534 naturam
1129 3476 1512 3546 praedicarent,
1565 3488 1725 3544 quam

157 3589 358 3632 vesanus
387 3577 740 3631 illeunatnex
769 3582 998 3642 utraque
1021 3570 1376 3640 compositam
1406 3576 1460 3624 et
1486 3575 1729 3623 contem-

159 3681 388 3739 peratam,
424 3680 488 3725 ut
518 3668 884 3740 Apollinarius
909 3666 1259 3729 deliraverat,
1285 3679 1407 3719 esse
1429 3662 1727 3717 asserebat.

214 3765 268 3820 ll.
305 3763 722 3822 Observandum
753 3761 914 3818 modo
940 3771 1044 3826 est,
1074 3761 1127 3815 in
1161 3760 1349 3816 eadem
1378 3760 1589 3812 Damasi
1619 3754 1733 3825 epi-

161 3859 269 3912 stola
295 3859 505 3914 moneri
537 3857 840 3912 Orientales
870 3855 1041 3925 ipsos,
1071 3864 1127 3908 ut
1171 3853 1226 3908 in
1276 3853 1382 3908 ﬁde
1429 3867 1458 3906 a
1513 3850 1734 3905 Niczeno

161 3953 358 4008 concilio
380 3952 583 4008 tradita
614 3948 921 4004 immobiles
953 3955 1220 4017 perstent.
1254 3944 1338 4000 An
1370 3945 1508 4000 forte
1526 3943 1738 4014 Apolli—

166 4044 350 4099 narista:
378 4044 619 4100 Nicaeum
651 4041 774 4096 ﬁdei
798 4039 1164 4110 repugnabant
1188 4039 1212 4092 ‘I
1243 4037 1354 4093 Hoc
1378 4037 1619 4108 profecto
1645 4051 1740 4092 ve-

164 4134 404 4192 rissimum
433 4154 448 4200 ;
480 4135 681 4191 Nicmni
706 4133 850 4191 enim
880 4132 1072 4188 Patres
1116 4133 1186 4186 ita
1217 4131 1544 4186 incarnatum
1587 4143 1739 4183 asse-

168 4240 273 4282 runt
293 4230 568 4286 Christum
593 4229 900 4292 Dominum,
921 4226 1138 4281 tttillum
1162 4226 1324 4279 etiam
1348 4225 1742 4278 inlmntanatnm

169 4331 392 4392 statuant,
419 4325 474 4380 id
507 4332 592 4380 est
622 4323 894 4379 hominem
928 4319 1197 4392 prodiisse
1248 4321 1300 4374 in
1352 4318 1517 4374 simili
1543 4325 1744 4372 nostra:

172 4413 313 4472 forma
344 4434 405 4473 ac
427 4416 634 4489 specie,
683 4417 860 4471 anima
892 4429 956 4470 ac
983 4422 1164 4469 mente
1190 4411 1414 4467 minime
1442 4417 1741 4474 carentem,

172 4511 454 4568 utexulicat
493 4508 941 4565 Chalcedonense
973 4505 1265 4564 concilium
1315 4505 1368 4559 in
1418 4503 1748 4558 allocutione

1826 3294 2127 3366 perfectum,
2161 3294 2337 3349 Verbo
2368 3294 2576 3349 scilicet
2623 3294 2871 3349 humanae
2899 3294 3095 3350 mentis
3142 3295 3428 3365 supplente

1828 3388 1974 3444 vices
2005 3388 2070 3442 ad
2099 3387 2302 3455 omnia,
2330 3398 2387 3443 ut
2415 3389 2485 3443 ait
2518 3389 2629 3444 Leo
2672 3387 2916 3460 Magnus,
2962 3388 3192 3444 rationis
3247 3387 3430 3443 ofﬁcia

1832 3480 1929 3553 (g).
1955 3481 2086 3548 Quae
2109 3481 2351 3550 profecm
2380 3495 2502 3536 cum
2529 3481 2600 3537 ita
2633 3480 2764 3548 sint,
2797 3481 2942 3535 nulla
2967 3489 3052 3538 est
3073 3481 3242 3538 solida
3267 3481 3430 3549 ratio.

1833 3589 1931 3630 cur
1954 3574 2202 3630 Valesius
2234 3574 2314 3647 (It)
2350 3584 2402 3630 et
2432 3575 2628 3646 Pagius
2663 3573 2724 3646 (ἑ)
2753 3589 3004 3646 magnum
3029 3574 3318 3630 Baronium
3349 3590 3436 3631 re-

1833 3668 2117 3739 darguant,
2145 3669 2235 3739 qui
2269 3684 2388 3724 eam
2416 3667 2542 3724 ﬁdei
2576 3669 2996 3739 expositionem,
3021 3683 3143 3739 qua:
3165 3667 3217 3722 itt
3239 3668 3433 3738 graecis

1837 3759 1973 3815 actis
2002 3760 2286 3830 Ephesinac
2317 3761 2530 3832 synodi,
2563 3760 2795 3817 Nicatnis
2825 3761 3072 3817 l’atribus
3093 3762 3437 3818 librariorum

1839 3853 1979 3909 forte
2019 3868 2210 3910 errore
2261 3853 2513 3909 tribuitur
2546 3854 2640 3928 (j),
2685 3855 2873 3910 Latina
2905 3857 3076 3911 veteri
3111 3857 3438 3926 interpreta-

1842 3948 1991 4002 tione
2019 3961 2171 4016 usus,
2197 3948 2536 4004 Antiocheno
2564 3959 2750 4006 contra
2777 3950 3002 4005 Paulum
3025 3950 3440 4006 Samosatenutn

1842 4042 2074 4097 concilio
2099 4041 2510 4113 adjudicaverit,
2571 4046 2948 4116 putaveritque
2995 4044 3286 4100 Eusebium
3313 4043 3442 4098 dolo

1845 4132 1990 4188 malo
2020 4148 2084 4189 ac
2111 4133 2292 4190 studio
2320 4135 2504 4190 Ariani
2537 4135 2801 4206 dogmatis
2833 4138 2884 4190 in
2917 4152 2979 4191 ea
3009 4135 3289 4191 referenda
3325 4150 3445 4190 ver-

1846 4236 2022 4280 satum
2051 4244 2063 4278 :
2098 4242 2257 4298 quatn
2288 4226 2486 4284 deinde
2509 4227 2726 4282 Baronii
2757 4228 3085 4284 sententiain
3122 4227 3320 4284 eruditi
3353 4225 3445 4280 alii

1848 4321 2146 4391 scriptores
2169 4323 2362 4378 merito
2391 4322 2660 4392 complexi
2694 4332 2818 4378 sunt
2864 4337 2893 4376 a
2938 4321 3187 4378 Fabricio
3239 4337 3449 4376 memo-

1853 4417 1949 4471 rati
1985 4416 2086 4488 (k),
2129 4433 2193 4473 ac
2236 4433 2405 4490 nuper
2434 4419 2598 4474 etiam
2652 4419 2720 4474 el.
2782 4419 3048 4476 Bcncinus
3080 4460 3096 4488 ,
3156 4419 3247 4490 qui
3299 4419 3447 4476 illam

1851 4521 2120 4580 sumptam
2153 4511 2431 4566 existimat
2475 4528 2539 4568 ex
2580 4513 2782 4568 veteris
2813 4513 3056 4584 ejusdem
3096 4513 3452 4571 Antiochense

175 4599 226 4653 ad
255 4602 574 4659 Marcianum
601 4602 986 4672 imperatorem
1012 4617 1024 4653 :
1058 4599 1201 4669 quod
1228 4597 1392 4654 etiam
1433 4596 1694 4651 docemur

1819 4603 1830 4650 ι
1855 4602 2048 4674 synodi
2069 4605 2362 4677 encyclicis
2391 4605 2588 4662 litteris
2607 4607 2692 4679 (ι),
2718 4623 2841 4663 nam
2870 4623 2992 4663 cum
3025 4623 3088 4664 ea
3117 4607 3242 4664 ﬁdei
3269 4610 3454 4665 ecthe-

176 4692 331 4753 Leone
357 4700 573 4770 Magno,
596 4713 717 4754 cum
746 4695 988 4768 scripsit,
1009 4693 1063 4749 id
1094 4693 1270 4764 ipsum
1294 4691 1437 4762 quod
1464 4707 1493 4746 a
1529 4689 1752 4746 Chalce-

180 4785 374 4846 donensi
425 4790 656 4848 concilio
685 4789 755 4846 de
778 4789 993 4844 Domini
1023 4789 1193 4843 nostri
1226 4787 1602 4842 incarnatione
1630 4793 1748 4840 tra-

180 4879 324 4940 ditum
366 4886 561 4953 fuerat,
607 4884 748 4957 apud
791 4883 1026 4941 Nicaeam
1069 4883 1231 4938 etiam
1260 4881 1540 4937 deﬁnitum
1589 4889 1749 4934 antea

183 4973 324 5032 luisse
355 4979 446 5050 (ε).
479 4979 607 5034 Haec
634 4980 816 5049 itaque
842 4986 928 5034 est
948 4977 1108 5043 ratio,
1140 4985 1255 5031 'cur
1302 4973 1444 5030 idem
1494 4973 1752 5028 Damasus

184 5063 228 5120 in
251 5069 399 5137 priori
427 5071 490 5127 ad
511 5071 796 5128 Paulinum
824 5069 1220 5125 Antiochenutn
1251 5065 1503 5137 epistola,
1528 5081 1630 5137 qua
1648 5065 1756 5120 for-

188 5160 360 5216 mulam
392 5165 716 5236 prreseripsit
761 5161 1186 5233 Apollinaristis,
1222 5160 1314 5232 qui
1354 5159 1422 5216 ad
1456 5158 1754 5215 Ecclesiam

188 5256 564 5314 revertebantur
595 5298 611 5324 ,
647 5254 976 5327 recipiendis
1027 5251 1532 5320 accommodatam,
1587 5249 1757 5306 edixit

249 5394 316 5470 (tt)
345 5396 457 5470 Lib.
487 5415 579 5467 vn,
613 5413 734 5470 cap.
763 5398 854 5470 12.

277 5467 325 5533 b)
356 5469 463 5525 Lib.
490 5488 565 5537 v1,
597 5467 719 5539 cap.
749 5469 843 5525 26.

197 5535 319 5661 ed(ii)
353 5541 480 5598 Add.
511 5535 579 5599 ad
603 5535 742 5614 Aug.
772 5541 842 5597 de
867 5539 1010 5596 liter.
1053 5538 1108 5595 in
1148 5537 1239 5594 ﬁn.
1291 5545 1424 5594 tom.
1473 5551 1566 5594 vttt
1616 5535 1754 5595 Ven.

261 5626 311 5662 Ιῐ.

255 5679 331 5757 (ά)
358 5681 609 5757 [λεαιιῐθη.
644 5685 864 5757 dissert.
889 5683 1032 5757 2,7n.
1065 5681 1158 5740 21.

260 5751 322 5828 (ε)
358 5751 520 5828 Epist.
553 5759 643 5820 79.
674 5756 846 5828 Lugd.
880 5755 1010 5811 edit.

263 5824 329 5894 (Γ)
356 5822 501 5886 Cont.
528 5822 878 5902 Eutychflib.
911 5843 965 5883 v.

1857 4701 1933 4755 sis
1956 4697 2232 4755 Christum
2269 4701 2552 4756 Dominum
2583 4702 2634 4758 in
2667 4701 2898 4766 duabus,
2939 4712 2993 4758 et
3019 4718 3084 4758 ex
3113 4702 3323 4760 duabus
3353 4718 3453 4758 na-

1855 4793 1988 4847 turis
2048 4794 2394 4864 apertissime
2441 4794 2702 4864 deﬁniat,
2754 4811 2817 4853 ac
2871 4795 3020 4852 velut
3075 4796 3454 4853 inconcussum

1852 4885 2047 4958 dogma
2076 4887 2412 4944 credendum
2448 4900 2740 4960 pr0pouat,
2778 4905 2887 4946 non
2909 4898 3025 4947 erat
3053 4905 3151 4945 cur
3179 4890 3457 4961 Apollina-

1858 4979 1968 5035 rius
2000 5021 2015 5045 ,
2070 4980 2295 5052 ejusque
2352 4983 2574 5038 assecla:
2625 4982 2937 5040 Catltulicos
2994 4982 3456 5049 criminarentur,

1858 5072 2000 5142 quod
2027 5088 2164 5127 nova
2196 5072 2420 5130 Nicmno
2445 5074 2680 5132 concilio
2707 5074 2921 5132 decreta
2949 5073 3307 5140 addidissent,
3329 5070 3377 5127 si
3398 5086 3463 5128 ea

1855 5163 1967 5235 jam
1998 5163 2132 5222 ﬁdes
2153 5181 2182 5222 a
2205 5166 2443 5224 Niczenis
2472 5168 2728 5226 Patribus
2745 5168 3077 5240 conscripta,
3101 5181 3166 5222 ac
3187 5165 3462 5238 preposita

1859 5253 2058 5314 fuerat.

1959 5399 2014 5468 ς)
2047 5398 2123 5455 De
2150 5398 2327 5455 Nativ.
2357 5400 2537 5458 Serm.
2571 5402 2625 5459 8.

1962 5469 2018 5545 It)
2040 5468 2122 5525 Ad
2156 5471 2355 5545 Euseb.
2391 5472 2486 5529 lib.
2516 5490 2614 5545 vn,
2642 5489 2764 5544 cap.
2791 5475 2882 5532 30.

1965 5540 2002 5612 ε)
2031 5546 2110 5596 au
2141 5557 2232 5598 an.
2256 5544 2383 5598 272.

1993 5614 2010 5686 )
2045 5612 2212 5686 Cone.
2249 5613 2382 5671 Ven.
2412 5617 2545 5674 edit.
2581 5627 2621 5674 t.
2651 5617 2738 5682 III,
2773 5611 3014 5686 p.1502.

1940 5632 2010 5737 (Α)
2043 5632 2212 5738 ὅστις.
2246 5632 2382 5698 yen.
2412 5632 2545 5674 eatt.
2581 5632 2621 5674 t.
2651 5632 2738 5682 ul,
2773 5633 2824 5686 p.
2852 5632 3014 5674 15oz.

1940 5632 2016 5828 il
2050 5685 2744 5828 otia..":.-..;‘.:.f;t.at~
2769 5687 2896 5758 δεδι
2928 5698 2966 5746 ι·
2995 5687 3091 5745 κι-

1965 5756 2006 5827 ι)
2050 5758 2124 5814 De
2153 5758 2234 5814 lit.
2262 5774 2475 5832 encye.,
2498 5756 2552 5833 [ἱ.
2583 5756 2711 5818 272.

1936 5396 1958 5679 Ξ

3882 1013 3883 1030 l

3883 1088 3885 1108 l

3886 1182 3887 1204 l

3887 1274 3889 1298 t

3890 1368 3891 1394 l

3893 1552 3895 1582 l

3896 1646 3897 1668 l
