3950 6330
525 252 633 313 959
1808 241 2119 305 εΑΝατυδ

2229 241 2478 306 αλιυδ
2514 245 2716 307 ΡᾹΡΑ.
3659 261 3741 319 ΕΜ

604 370 824 427 Videtur
860 366 1134 425 nonnullis
1172 366 1373 423 mirum
1437 373 1601 435 atque
1640 364 1911 422 insuetum
1938 405 1954 430 ,
1985 361 2128 435 quod
2156 361 2213 431 Α
2235 363 2579 431 proconsule,
2618 378 2801 422 rerum
2836 362 3041 419 domini
3070 362 3268 432 eﬁ‘ecti,
3296 364 3565 426 catholicos
3582 372 3745 445 aliquoi

528 464 792 520 Damasus
816 462 1118 533 episcopos,
1150 460 1346 531 quibus
1374 459 1586 528 scribit,
1615 459 1847 530 ﬁliorum
1867 458 2131 515 vocabulo

526 554 835 628 compellet.
860 552 928 610 At
951 552 1053 608 hoc
1076 552 1326 623 exemplo
1354 568 1462 608 non
1480 562 1655 618 caret,
1678 550 1943 621 siquidem
1968 550 2133 605 Atha—

526 652 730 713 nasius,
759 648 1048 704 Diodorum
1076 646 1203 718 Tyri
1233 647 1402 717 ﬁlium
1427 654 1674 712 vocat,et
1701 644 2132 701 amantissimum

526 744 865 800 sacerdotem
897 760 912 796 -.
940 756 1006 797 ac
1034 750 1321 812 propterea
1350 740 1452 797 hoc
1470 738 1878 796 concedendum
1907 747 2019 793 tum
2042 752 2133 793 se-

522 836 608 892 dis
637 836 920 907 dignitati,
952 834 1024 890 ob
1065 849 1226 906 quam
1263 834 1581 889 Ambrosius
1622 832 1876 889 Siricium
1917 829 2131 888 Damasi

522 944 929 995 successorem,
952 936 1215 998 parentem
1238 936 1397 982 vocat
1428 926 1532 998 (α),
1568 937 1680 981 tum
1711 925 1994 991 charitati,
2025 939 2131 996 qua

523 1014 667 1080 idem
699 1023 938 1094 pontifex
967 1036 1062 1077 eos
1089 1021 1145 1079 in
1182 1022 1304 1077 sinu
1333 1036 1432 1077 suo
1476 1030 1691 1090 gestare
1720 1019 1891 1076 videri
1918 1018 2083 1074 voluit
2113 1055 2129 1084 ,

524 1126 634 1172 tum
682 1116 989 1188 grandzcva:
1045 1118 1164 1186 ejus
1217 1114 1395 1179 aetati,
1423 1113 1512 1168 cui
1560 1122 1760 1177 tamen,
1791 1113 1838 1169 si
1895 1111 1962 1166 ad
2009 1124 2129 1167 eam

522 1208 806 1278 epistolam
835 1206 1115 1274 attendas,
1144 1206 1213 1262 de
1257 1214 1518 1263 consueta
1565 1205 1765 1277 ingenii
1797 1204 1848 1260 vi
1885 1204 2020 1260 nihil
2051 1204 2132 1259 in-

523 1308 672 1358 terea
694 1300 1001 1357 decessisse
1028 1300 1298 1357 videatur.

596 1395 720 1450 llaec
743 1410 864 1451 cum
889 1395 1075 1450 Romae
1103 1402 1396 1466 agerentur
1422 1394 1683 1452 Gratiano
1702 1394 1792 1450 die
1813 1394 1885 1450 25
1903 1392 2130 1463 Augusti

520 1487 800 1555 defuncto,
831 1504 895 1543 ac
920 1487 1153 1545 Maximo
1186 1504 1283 1559 per
1313 1487 1650 1560 tyrannidem
1682 1488 1967 1558 imperium
1997 1487 2131 1542 ade-

524 1590 646 1651 pto,
674 1596 865 1650 magna
893 1596 1073 1636 rerum
1110 1582 1337 1637 mutatio
1368 1580 1509 1637 facta
1532 1590 1655 1645 est;
1685 1580 1754 1635 de
1780 1596 1880 1651 qua
1916 1592 2127 1647 tamen,

521 1672 747 1740 majoris
776 1673 1171 1742 perspicuitatis
1192 1714 1208 1738 ,
1233 1682 1394 1744 atque
1424 1674 1633 1729 ordinis
1659 1672 1913 1729 servandi
1932 1675 2125 1744 gratia,

519 1764 785 1835 agendum
813 1775 1059 1835 superest
1091 1765 1337 1837 sequenti
1365 1781 1430 1822 ac
1452 1774 1728 1837 postremo
1749 1765 1965 1823 Damasi
1994 1782 2128 1837 pon-

521 1858 754 1915 tilicatus
774 1873 937 1914 anno.

1087 1971 1318 2029 CAPUT
1358 1971 1555 2030 XXIV.

517 2084 625 2142 εει
648 2128 661 2152 ,
716 2086 919 2144 Dum
970 2103 1354 2145 PONTIFICATUS
1398 2103 1697 2158 POS'l'Bl-ZIIO,
1730 2088 2025 2147 CLstncno
2054 2105 2124 2146 ιτ

1070 2181 1394 2238 Ricuousne
1423 2196 1568 2237 coss.

514 2287 731 2346 Damasi
771 2288 841 2347 ad
876 2293 1296 2349 Valentinianum
1356 2312 1450 2364 pro
1489 2295 1801 2366 Symmacho
1828 2297 2035 2364 litterw;
2064 2298 2128 2353 de

587 2382 923 2450 Prisciliano,
955 2394 1005 2440 et
1057 2384 1425 2458 Burdigalensi
1455 2387 1673 2459 synodo.
1696 2386 1877 2461 Hujus
1912 2390 2128 2461 ponti/i-

585 2476 661 2530 cis
700 2474 888 2545 obitus,
913 2476 1252 2549 depositionis
1283 2480 1425 2534 locus
1444 2522 1457 2546 ,
1487 2488 1533 2534 et
1563 2478 1749 2552 elogia.

587 2588 649 2644 lli
685 2591 938 2646 consules
975 2600 1313 2662 postremum
1362 2595 1579 2664 signant
1631 2592 1857 2669 Damasi
1904 2595 2125 2665 pontifi-

513 2695 666 2739 catus
691 2700 893 2739 annum
925 2702 937 2738 :
967 2686 1084 2755 ejus
1114 2684 1381 2755 siquidem
1410 2697 1536 2741 tunc
1556 2688 1865 2755 superstitis
1896 2688 2129 2743 Ambro-

513 2779 631 2831 sius
654 2778 900 2832 meminit
914 2778 963 2831 in
978 2776 1207 2847 epistola
1230 2777 1296 2831 ad
1309 2777 1748 2834 Valentinianum
1762 2789 1947 2835 contra
1961 2779 2126 2852 Synt-

513 2859 977 2942 ntaclturn,cnjus,
1003 2887 1120 2941 cap.
1151 2870 1243 2935 9.0,
1277 2872 1445 2927 verba
1470 2872 1644 2939 attuli,
1672 2888 1735 2927 ac
1766 2872 2125 2946 Symmachus

514 2956 630 3035 ipse
659 2972 784 3019 tunc
811 2961 975 3020 Urbis
1004 2962 1291 3035 pra-lectus
1324 2964 1374 3018 in
1404 2963 1598 3018 litteris
1628 2964 1693 3018 ad
1725 2963 2123 3031 Theodosium,

513 3058 947 3115 Valentinianum
979 3069 1034 3115 et
1060 3056 1352 3115 Arcadium
1397 3076 1495 3131 pro
1539 3076 1598 3116 se
1634 3061 1850 3132 scriptis
1874 3063 1993 3133 (b):
2034 3061 2124 3117 hic

512 3149 657 3205 enim
707 3150 922 3206 delatus
963 3151 1382 3222 imperatoribus
1408 3192 1422 3217 ,
1457 3151 1598 3220 quod
1644 3162 1912 3223 praetextu
1941 3152 2121 3224 inqui-

511 3245 665 3300 rendi
698 3246 1035 3315 publicorum
1074 3257 1518 3302 ornamentorum
1549 3248 1872 3318 spoliatores
1899 3292 1913 3316 ,
1948 3248 2125 3305 Chris-

510 3339 680 3393 tianos
707 3354 771 3393 ea:
788 3336 1046 3397 Ecclesia:
1070 3342 1419 3412 penetralibus
1446 3340 1514 3394 ad
1556 3349 1811 3395 tormenta
1834 3342 2123 3411 rapuisset,

509 3449 569 3485 ac
590 3428 654 3487 de
677 3433 967 3504 longinquis
985 3436 1319 3506 ﬁnitimisque
1338 3435 1548 3490 urbibus
1569 3436 1822 3490 antistites
1841 3436 1896 3489 in
1918 3436 2125 3493 vincula

511 3524 759 3589 duxisset,
786 3527 1109 3597 tragicasque
1154 3527 1218 3580 de
1268 3528 1517 3581 ministris
1571 3526 1819 3583 Ecclesia:
1857 3529 2126 3583 catholicae

512 3617 821 3686 quwstiones
852 3618 1114 3688 agitasset,
1137 3620 1319 3689 specie
1340 3618 1560 3689 quidem
1594 3619 1859 3674 mandatis
1890 3620 2124 3690 impera-

513 3721 688 3765 torum
716 3709 1098 3776 obsecuturos,
1156 3719 1211 3765 at
1236 3725 1422 3766 revera
1446 3715 1572 3782 fana
1593 3725 1686 3765 sua
1714 3712 1913 3780 diruta,
1935 3728 1999 3767 ac
2026 3713 2123 3769 de-

510 3810 712 3858 structa
726 3801 1038 3856 Christianae
1057 3803 1186 3874 legis
1210 3804 1420 3878 injuriis
1433 3805 1808 3872 vindicaturus,
1829 3816 1885 3859 ut
1909 3821 1969 3862 se
1995 3822 2122 3876 pur-

510 3906 660 3967 garet
684 3939 699 3965 ,
730 3898 1018 3952 Damasum
1061 3897 1391 3953 innocentia:
1429 3912 1543 3953 sum
1583 3906 1776 3955 testem
1817 3899 1999 3967 dedit,
2028 3902 2120 3971 qui

510 3988 703 4045 litteris
762 3987 1143 4045 Valentiniano
1201 3989 1343 4045 datis
1393 3990 1719 4062 significavit
1780 3990 2118 4050 Christianos

508 4084 715 4139 nullam
773 4083 998 4137 omnino
1049 4098 1079 4137 a
1138 4082 1395 4153 praefecto
1441 4084 1824 4141 contumeliam
1887 4100 2116 4155 passos;

508 4170 867 4248 Symmachus
894 4175 1076 4242 addit,
1109 4177 1250 4231 inter
1277 4172 1460 4247 plures
1490 4191 1625 4249 quos
1656 4177 1708 4232 in
1741 4178 1985 4232 custodia
2016 4178 2108 4234 ha-

507 4269 671 4324 bebat
720 4270 992 4325 variorum
1038 4270 1326 4325 criminum
1370 4284 1534 4337 reos,
1583 4270 1788 4327 nullum
1817 4270 1986 4328 fuisse
2027 4287 2117 4328 re-

507 4358 723 4432 pertum
765 4362 1074 4418 christiana!
1106 4363 1240 4435 legis
1269 4364 1536 4419 cultorem
1588 4380 1600 4416 :
1643 4363 1785 4437 quod
1817 4364 1915 4419 viri
1956 4363 2023 4419 ab
2052 4379 2113 4420 ea

509 4456 771 4525 religione
796 4457 957 4511 alieni
986 4457 1350 4513 testimonium
1376 4473 1566 4514 eorum
1598 4463 1903 4528 temporum
1934 4473 2117 4514 mores

511 4545 654 4601 haud
682 4560 870 4617 parum
899 4550 1265 4605 commendat.

2238 455 2525 527 episcopos
2549 458 2614 512 ad
2648 457 2823 528 fugam
2856 457 3242 525 compulerunt.
3268 456 3572 530 Quamquam
3605 464 3747 537 itaque

2235 546 2521 615 Maximus,
2551 548 2679 603 dum
2712 549 2828 603 haec
2865 548 3196 619 agebantur,
3228 549 3277 604 in
3319 550 3502 608 Gallias
3526 563 3748 623 penetras-

2235 648 2340 705 set,
2393 637 2709 695 Gratianum
2761 641 3252 711 magnaceleritate
3279 644 3752 714 oppressisset,Gal-

2235 730 2336 791 llas
2361 734 2462 788 sibi
2492 735 2656 802 ipsas,
2691 748 2757 789 ac
2794 734 3076 804 Hispanias
3101 736 3441 807 adjunxisset.
3474 739 3676 808 pontifex
3694 753 3753 794 ta-

2236 839 2360 880 men
2384 824 2450 879 ad
2479 839 2604 881 eum
2634 824 2857 882 minime
2877 825 3098 896 scripsit
3115 869 3130 893 ,
3154 828 3266 883 sive
3282 829 3425 898 gravi
3447 842 3564 884 casu
3589 832 3755 899 percul-

2234 930 2352 980 sus,
2375 915 2494 972 sive
2517 916 2731 973 consilii
2763 918 2919 988 inops
2935 927 2991 973 et
3014 917 3291 985 dubitans,
3308 934 3372 975 ne
3389 918 3754 975 Valentinianum

2234 1008 2462 1065 lustinus
2501 1012 2688 1067 matris
2712 1011 2921 1067 artibus
2952 1011 3007 1068 in
3051 1012 3312 1083 religione
3341 1022 3459 1070 tunc
3494 1022 3756 1083 nutantem,

2234 1117 2265 1159 tt
2297 1102 2588 1160 Catholicis
2613 1106 2786 1177 magis
2814 1104 3055 1162 alienum
3074 1105 3297 1174 faceret,
3325 1116 3475 1179 atque
3495 1110 3553 1163 ad
3581 1109 3761 1165 Ariano-

2234 1210 2356 1250 rum
2400 1206 2577 1265 partes
2625 1212 2847 1266 prorsus
2875 1198 3200 1269 impelleret.
3247 1199 3324 1254 Ex
3372 1199 3596 1270 ejusdem
3640 1201 3762 1271 igitur

2234 1290 2449 1345 Maximi
2470 1291 2664 1347 litteris
2688 1291 2757 1347 ad
2784 1292 2999 1348 Damasi
3023 1307 3388 1349 successorem
3404 1333 3418 1357 ,
3448 1307 3545 1348 non
3567 1292 3646 1347 diu
3672 1304 3766 1363 post

2233 1392 2549 1453 usurpatum
2578 1385 2866 1455 imperium
2893 1386 3036 1440 datis
3061 1385 3438 1456 intelligimus,
3468 1385 3686 1442 Sit-icium
3706 1387 3767 1456 ip—

2231 1492 2351 1531 sum
2386 1478 2615 1546 primum
2659 1479 2710 1533 in
2748 1478 3035 1534 scribendo
3068 1479 3268 1546 fuisse,
3300 1495 3363 1535 ac
3391 1494 3573 1534 novum
3608 1480 3765 1550 princi-

2233 1584 2355 1640 pem
2378 1572 2445 1625 ad
2466 1572 2749 1627 catholicae
2774 1573 2898 1629 lidel
2925 1574 3294 1631 defensionem
3320 1574 3633 1631 cohortatum
3652 1591 3763 1633 esse.

2232 1664 2365 1721 Cum
2396 1683 2526 1723 vero
2556 1669 2816 1725 Maximus
2847 1670 3045 1726 Siricio
3089 1672 3427 1736 rescribens,
3458 1685 3515 1727 se
3541 1672 3696 1725 statim
3722 1686 3770 1726 ac

2236 1760 2289 1813 itt
2317 1759 2523 1816 Gallias
2549 1761 2804 1829 advenit,
2833 1762 3102 1835 religioni,
3129 1779 3288 1835 quam
3307 1765 3660 1819 sceleratorum
3678 1761 3773 1818 labe

2234 1851 2492 1920 pollutam
2519 1854 2988 1924 deprehenderat,
3017 1871 3177 1928 opem
3199 1857 3449 1913 celeriter
3472 1856 3692 1912 atullisse
3707 1870 3772 1910 as-

2231 1957 2399 2012 serat,
2423 1946 2548 2002 hinc
2574 1948 2770 2004 merito
2798 1948 2899 2003 viri
2927 1949 3071 2003 docti
3115 1949 3411 2005 coniiciunt
3444 1949 3776 2019 Burdigalense

2230 2038 2519 2093 concilium
2547 2039 2614 2095 ad
2639 2053 2840 2094 annum
2867 2039 2973 2096 584
3004 2041 3330 2111 Damasique
3353 2041 3695 2113 pontiﬁcatum
3718 2055 3777 2094 re

2231 2131 2360 2187 ferri
2387 2141 2644 2202 oportere
2673 2148 2687 2186 :
2714 2147 2838 2187 cum
2869 2134 3019 2189 enim
3047 2150 3153 2190 non
3175 2134 3270 2189 diu
3303 2143 3423 2206 post
3447 2132 3667 2190 Gratiani
3689 2132 3777 2187 obl-

2230 2230 2344 2278 tum
2391 2222 2646 2280 Treviros
2697 2224 2961 2281 Maximus
2997 2228 3172 2282 victor
3221 2228 3493 2299 ingressus
3530 2228 3614 2293 sit,
3653 2236 3780 2295 atque

2231 2332 2354 2375 eum
2393 2316 2629 2373 Ithacius
2669 2319 2956 2391 episcopus
2983 2321 3129 2377 illico
3158 2322 3470 2387 accesserit,
3499 2336 3612 2377 cum
3635 2320 3781 2375 statim

2231 2410 2427 2468 deinde
2468 2411 2721 2481 collapsis
2752 2412 3017 2468 Ecclesia:
3061 2414 3227 2470 rebus
3263 2413 3601 2472 restituendis
3640 2411 3784 2468 consi-

2231 2502 2338 2567 lia,
2372 2516 2698 2573 manumque
2750 2502 3057 2560 admoverit
3107 2505 3508 2576 Burdigalensis
3556 2504 3781 2578 synodus,

2230 2608 2374 2649 anno
2420 2593 2530 2651 585
2577 2598 2863 2650 cttnvocari
2893 2635 2910 2664 ,
2937 2598 3097 2668 eique
3143 2612 3338 2655 omnes
3390 2599 3624 2670 sequenti
3673 2609 3787 2651 anno

2231 2688 2422 2744 adesse
2473 2690 2763 2746 commode
2809 2698 3129 2761 potuerunt,
3176 2692 3409 2749 Damaso
3455 2692 3674 2748 nondum
3714 2688 3789 2744 deo

2231 2781 2437 2837 iuncto.
2475 2782 2615 2839 Hinc
2662 2798 2763 2855 ego
2819 2786 2906 2840 vis
2938 2785 3127 2842 dubito
3174 2788 3309 2858 quin
3358 2789 3533 2843 omnia
3573 2788 3635 2841 ad
3670 2786 3786 2839 illum

2231 2875 2398 2929 relata
2442 2874 2511 2931 de
2557 2891 2709 2931 more
2756 2875 2994 2945 fuerint;
3050 2889 3107 2933 at
3154 2879 3360 2935 fractas
3412 2881 3581 2945 senio,
3610 2874 3787 2933 tristitia

2230 2968 2531 3036 morboque
2552 2968 2697 3025 vires
2732 2969 2785 3024 itt
2826 2983 2987 3025 causa
3018 2969 3187 3027 fuisse
3220 2982 3385 3043 puto,
3416 2988 3513 3027 cur
3536 2971 3632 3026 hoc
3660 2982 3794 3038 nego-

2227 3060 2372 3115 cium
2419 3061 2725 3118 successori
2751 3062 3150 3133 expedientlum
3180 3066 3494 3137 reliquerit,
3518 3063 3651 3135 quod
3684 3061 3794 3118 Siri-

2233 3155 2351 3209 cius
2385 3155 2565 3209 statim
2596 3169 2663 3210 ac
2703 3155 3074 3225 pontiﬁcatum
3105 3159 3229 3214 iniit
3254 3201 3267 3224 ,
3307 3158 3593 3230 diligenter
3614 3152 3795 3228 aggredi

2152 3214 2201 3281 α
2232 3250 2376 3303 visus
2398 3256 2501 3315 est,
2536 3259 2593 3305 ut
2622 3265 2687 3305 ex
2723 3251 3037 3305 memoratis
3076 3251 3143 3306 ad
3179 3268 3307 3307 eum
3337 3252 3553 3307 Maximi
3578 3249 3749 3305 litteris
3771 3260 3795 3299 a

2231 3341 2464 3396 Baronio
2505 3340 2578 3414 (c)
2618 3341 2894 3411 productis
2939 3350 3201 3408 constat;
3244 3360 3407 3415 quas,
3434 3353 3493 3399 ut
3540 3343 3700 3399 obiter
3735 3338 3799 3394 di-

2227 3450 2371 3504 cam,
2405 3437 2448 3490 si
2495 3436 2615 3506 quis
2641 3445 2848 3493 attente
2880 3438 3042 3506 legat,
3066 3437 3358 3509 videatque
3403 3435 3796 3493 Prisciilianista-

2228 3546 2345 3585 rum
2384 3532 2577 3586 scelera
2621 3547 2724 3584 non
2759 3530 3108 3601 argumentis,
3133 3547 3299 3601 neque
3337 3530 3702 3602 suspicionibus
3725 3525 3802 3579 da-

2227 3623 2345 3691 biis,
2370 3625 2450 3679 vel
2468 3624 2697 3689 incertis,
2725 3624 2813 3679 sed
2836 3624 3069 3695 ipsorum
3094 3624 3512 3697 confessionibus
3537 3625 3659 3678 inter
3673 3617 3798 3693 judia

2225 3717 2308 3771 cia
2354 3715 2571 3786 prolatis
2626 3716 2681 3771 in
2732 3723 2923 3783 aperto
2976 3717 3173 3785 posita,
3218 3732 3400 3788 eaque
3453 3717 3507 3771 in
3553 3715 3705 3787 gestis
3749 3706 3801 3763 ad

2223 3809 2474 3866 eumdem
2535 3808 2846 3878 pontilicem
2907 3807 3243 3864 transmissis
3290 3809 3573 3880 exposita;
3617 3806 3658 3861 si
3705 3801 3803 3873 quis

2223 3902 2386 3957 etiam
2416 3916 2639 3966 omnes,
2670 3916 2859 3957 eorum
2905 3912 3212 3972 temporum
3257 3902 3524 3959 historias
3553 3899 3804 3959 consulat,

2222 4007 2406 4051 secum
2442 3992 2684 4062 proiecto
2723 4000 2958 4061 statuet,
2992 4010 3152 4065 quam
3199 3996 3431 4063 leviter,
3465 4011 3537 4052 ne
3557 3994 3718 4049 dicam
3744 4000 3806 4043 te-

2223 4102 2394 4155 mere,
2428 4087 2793 4145 Beausohrius
2810 4103 2931 4144 eam
2963 4088 3245 4144 hominum
3274 4090 3494 4157 faecem,
3522 4098 3809 4160 turpemque

2221 4197 2410 4238 eorum
2467 4197 2687 4238 causam
2751 4180 3146 4238 defendendam
3200 4186 3562 4255 susceperit;
3616 4180 3805 4251 dignum

2222 4290 2445 4346 prorsus
2487 4275 2685 4347 patella
2732 4274 3051 4345 operculum
3081 4275 3207 4348 (tl);
3254 4278 3358 4333 sed
3398 4278 3516 4348 jam
3562 4275 3626 4341 ad
3672 4271 3807 4327 linem

2222 4384 2558 4520 peng:masus
2588 4466 2767 4534 itaque
2799 4474 2920 4536 post
2947 4465 3012 4522 18
3043 4467 3098 4522 in
3120 4467 3453 4537 pontiﬁcatu
3482 4472 3697 4523 exactos
3734 4475 3813 4515 an‘

2154 4596 2198 4633 h
2224 4571 2343 4622 nos,
2379 4571 2593 4614 menses
2622 4558 2781 4623 duos,
2803 4574 2869 4615 ae
2894 4559 3012 4615 dies
3028 4560 3244 4628 decem,
3269 4577 3443 4633 prope
3460 4555 3807 4631 octogeni-ius.

684 4606 699 4617 .
2379 4606 2592 4614 mw"-
2626 4606 2781 4623 --νη
2804 4606 2868 4615 --
2896 4606 3012 4615 --ν-
3030 4606 3244 4628 una...
3309 4606 3367 4617 -ν
3413 4606 3441 4616 ν
3461 4606 3755 4631 --.τευ-πη
3800 4606 3807 4615 ν

582 4637 737 4693 Nunc
768 4646 824 4693 ut
850 4640 916 4693 ad
947 4656 1147 4694 annum
1177 4641 1417 4711 elapsum
1447 4650 1812 4711 revertamur,
1844 4644 1973 4715 quin
1994 4659 2118 4716 gra-
2141 4606 2199 4671 D
2226 4663 2282 4708 ut
2312 4652 2673 4725 Hieronymus
2700 4655 2774 4708 ait
2802 4652 2876 4727 (ε)
2898 4694 2915 4720 ,
2958 4654 3123 4712 rebus
3167 4606 3436 4712 humanis
3467 4663 3685 4725 ereptus
3710 4658 3810 4711 est,

509 4731 786 4786 vissimatn
819 4731 1051 4787 Damaso
1081 4733 1383 4789 molestiam
1413 4735 1681 4790 attulisset
1709 4734 1951 4792 Gratiani
1981 4739 2119 4794 intc-

509 4824 668 4887 riltts,
695 4824 784 4879 vix
826 4823 1190 4892 dubitaverit,
1221 4827 1313 4896 qui
1356 4841 1538 4882 secum
1590 4839 1803 4899 reputet
1857 4833 2118 4901 optimum

510 4917 661 4973 illum
712 4917 1014 4990 principem
1056 4918 1125 4974 ab
1166 4934 1232 4973 eo
1272 4920 1526 4989 pontiﬁce
1556 4919 1649 4975 lilii
1694 4922 1813 4978 loco
1852 4924 2117 4982 habitum.

506 5011 831 5068 Accesserat
858 5019 1120 5082 prmterea
1173 5011 1239 5066 ad
1283 5011 1618 5084 aegritudinis
1656 5016 1932 5072 cumulum
1974 5016 2117 5076 fatda

509 5103 767 5161 Ecclesiae
795 5104 958 5161 facies
982 5106 1051 5163 ob
1087 5105 1248 5176 impia
1281 5106 1811 5167 Priscillianistarum
1848 5098 2110 5172 facinora.

509 5198 574 5252 lli
605 5200 749 5254 enim
779 5208 1033 5271 corrupto
1054 5198 1368 5255 Macedonio
1392 5198 1693 5258 officiorum
1721 5208 2002 5275 magistro,
2031 5224 2118 5267 se-

506 5289 604 5345 des
649 5306 676 5344 a
718 5292 914 5361 quibus
959 5291 1116 5362 ejecti
1167 5292 1381 5348 fuerant
1433 5295 1627 5350 iterum
1677 5280 2113 5370 occupaverant,

505 5390 788 5455 tractoque
843 5384 913 5441 ad
968 5399 1094 5441 suas
1147 5395 1332 5457 partes
1391 5386 1679 5447 Volventio
1737 5390 2114 5466 HiSpaniarum

605 5542 658 5630 'a‘)
679 5543 860 5630 st.
894 5542 996 5630 85..

596 5612 651 5681 ὁ)
679 5612 794 5673 Lib.
825 5635 881 5681 ι,
913 5616 1073 5681 epist.
1105 5612 1196 5674 34.

597 5685 648 5755 c)
678 5688 757 5742 Ad
795 5704 923 5744 ann.
950 5685 1082 5755 387,
1109 5703 1166 5743 n.
1194 5685 1283 5743 65.

571 5756 654 5828 (ά)
686 5757 911 5815 Dissert.
957 5759 1026 5816 de
1051 5758 1345 5815 Praedam.
1397 5756 1543 5831 apud
1568 5757 1797 5819 Lsnfant
1822 5802 1837 5831 ,
1886 5762 2088 5823 Hister.

2224 4746 2316 4802 die
2339 4746 2549 4803 scilicet
2576 4746 2643 4803 10
2664 4746 2978 4804 Decembris
3000 4788 3017 4815 ,
3044 4763 3150 4818 qua
3176 4750 3561 4804 vetustissima
3585 4741 3814 4801 kalenda-

2226 4838 2306 4893 ria
2333 4841 2451 4907 ejus
2478 4837 2872 4908 depositionem
2901 4840 3189 4896 collocant.
3246 4840 3516 4912 Sepultus
3561 4839 3656 4913 fuit
3679 4838 3816 4909 justo

2228 4940 2441 4987 matrem
2466 4947 2613 4987 suam
2633 4949 2693 4987 ac
2714 4949 3009 5003 germanam
3029 4934 3084 4988 its
3112 4934 3334 4989 basilica
3350 4952 3384 4989 a
3415 4951 3470 4989 se
3493 4933 3726 4993 usitata,
3746 4927 3815 4980 sil

2223 5025 2507 5081 Ardeatino
2533 5025 2588 5081 in
2610 5023 2977 5093 Catacuntbis;
3007 5042 3130 5082 cum
3159 5042 3295 5083 vero
3322 5028 3510 5085 locum
3538 5028 3727 5097 ipsum,
3752 5018 3820 5073 vi-

2224 5121 2301 5177 ris
2324 5120 2637 5176 clarissimis
2668 5120 2915 5178 Boldetto
2943 5131 2997 5177 et
3024 5120 3390 5192 Harangonio
3440 5125 3615 5177 lucem
3643 5113 3817 5189 prtefe

2223 5217 2490 5284 rentibus,
2523 5218 2677 5287 quasi
2706 5217 2877 5288 digito
2900 5217 3201 5274 ostenderit
3243 5218 3660 5276 illustrissimus
3684 5209 3818 5270 Esi-

2224 5327 2326 5367 nus
2365 5312 2651 5382 episcopus
2674 5351 2690 5377 ,
2722 5324 2896 5382 eoque
2936 5311 3193 5367 lectorem
3224 5326 3342 5367 non
3385 5313 3512 5368 sine
3550 5309 3714 5366 multa
3740 5316 3820 5358 vo-

2223 5405 2428 5477 luptate
2476 5420 2638 5460 manu
2695 5403 2858 5460 ducat
2902 5403 2969 5475 (f)
3006 5444 3023 5472 ,
3073 5400 3177 5475 ego
3224 5402 3392 5476 plura
3457 5419 3571 5467 non
3622 5396 3819 5460 addant.

2214 5558 2285 5614 du
2309 5557 2519 5615 Concil.
2544 5548 2612 5615 de
2637 5557 2803 5615 Basil.

2269 5630 2352 5773 ἐξ)
2382 5629 2460 5686 De
2489 5630 2547 5688 S.
2578 5630 2670 5699 E.,
2699 5646 2820 5701 cap.
2850 5630 2975 5691 108.

2293 5706 2337 5772 Γ)
2369 5701 2488 5757 Lib.
2512 5718 2552 5767 ι,
2580 5716 2699 5773 cap.
2725 5700 2778 5757 8.

2293 5700 2337 5772 Γ)
2369 5701 2488 5757 Lib.
2512 5718 2552 5767 ι,
2580 5716 2699 5773 cap.
