3950 6330
191 240 270 304 Ibi

1538 220 2070 293 ιιιιοιειςοιιειιι.

3318 227 3425 285 ωε

191 358 465 426 Quamquam
509 360 626 403 cum
669 345 811 404 idem
859 347 933 403 el.
973 345 1334 417 Harangonus
1384 361 1499 404 rem
1553 352 1718 404 totam
1749 358 1802 419 Α
1827 362 1916 403 res
1944 354 2051 410 est,
2083 344 2285 401 amisso
2322 346 2554 414 scilicet,
2587 343 2924 416 disjectoque
2954 344 3223 415 superiori
3251 343 3427 417 lapide

188 443 432 505 narraverit
476 441 658 496 iterum
706 438 761 494 in
793 438 1183 494 Commentariis
1227 439 1296 493 ad
1326 437 1724 510 Chronologiam

187 538 479 596 Romanorum
524 532 821 604 pontificum
866 532 922 587 in
963 533 1178 603 picturis
1212 531 1462 587 Ostiensis
1501 533 1726 589 basilica:

188 629 457 701 superstitem
481 668 494 690 ,
518 640 636 694 qua!
664 639 836 695 nuper
867 624 1179 694 prodierunt
1210 665 1225 690 ,
1258 625 1375 694 ejus
1407 623 1576 694 ipsius
1607 640 1722 681 ver-

186 724 250 780 bis
276 722 397 775 velut
429 719 650 774 futuram
699 718 887 774 lectori
925 718 1342 790 jucundiorem,
1394 719 1722 788 descriptam

183 815 325 871 dabo:
355 812 444 878 Qui
474 812 621 867 etiam
660 812 894 883 sepultus
920 821 992 869 est
1017 813 1098 866 via
1125 812 1408 867 Ardeatino
1432 812 1489 867 in
1510 812 1725 869 basilica

181 924 284 973 sua,
316 909 456 979 juxta
500 914 714 957 matrem
757 920 908 959 suam
949 912 997 959 et
1047 920 1349 977 germmsam
1381 943 1394 957 .
1429 945 1443 959 .
1482 945 1496 960 .
1551 905 1724 961 Situm

180 998 368 1073 ejusdem
392 996 606 1051 basilicte
628 996 761 1051 inter
787 997 1128 1051 cosmeterium
1157 996 1370 1052 Callixti
1394 1037 1410 1062 ,
1458 1013 1550 1052 seu
1580 997 1724 1053 Prte-

180 1092 319 1147 testati
341 1129 354 1153 ,
396 1098 437 1141 et
479 1090 611 1143 viam
639 1089 973 1145 Ardeatinam
997 1129 1013 1154 ,
1060 1100 1302 1159 putamus
1342 1107 1436 1146 nos
1470 1091 1726 1148 detexisse

176 1198 283 1238 anno
310 1180 452 1246 l756,
492 1198 595 1235 una
623 1198 740 1236 cum
759 1182 1011 1253 sepulcris
1039 1190 1147 1237 tum
1175 1183 1334 1238 etiam
1363 1184 1543 1238 matris
1569 1194 1725 1256 atque

174 1273 344 1327 sororis.
397 1270 517 1326 Cum
557 1274 694 1327 enim
734 1290 874 1329 anno
926 1274 1040 1345 ipso
1069 1274 1293 1343 [asseres
1336 1274 1725 1331 eminentissimi

175 1365 406 1419 cardinalis
433 1366 605 1418 vicarii
629 1366 722 1418 sub
754 1366 963 1421 custode
992 1364 1173 1420 Marso
1214 1366 1432 1421 Antonio
1465 1364 1724 1423 Buldetlto

173 1460 214 1512 in
233 1476 281 1513 ea
300 1467 428 1530 parte
454 1461 723 1514 cwmeterii
750 1461 892 1528 aperi
925 1463 1293 1527 incumberent,
1322 1460 1414 1515 sub
1442 1462 1588 1515 uinea
1605 1472 1725 1516 tunc

171 1549 427 1623 llargaritce
452 1549 656 1605 Bellotti
681 1553 779 1608 sita
808 1552 941 1607 inter
966 1552 1099 1607 viam
1119 1552 1344 1623 Appiam
1370 1594 1385 1617 ,
1411 1561 1459 1607 et
1484 1552 1725 1607 Ardeati-

170 1658 287 1708 nam,
315 1644 601 1697 invenerunt
636 1645 1015 1716 sarcOp/tagum
1068 1661 1414 1700 marmoreum
1454 1661 1517 1699 ea:
1545 1644 1725 1700 candi-

201 1734 209 1743 o
256 1734 266 1745 ο

1828 441 2169 512 sarcopliagi,
2200 442 2253 497 in
2285 456 2391 511 quo
2416 456 2540 497 eum
2570 439 2881 509 pontiﬁcem
2925 440 3229 509 depositum
3260 438 3423 494 fuisse

1826 534 2124 603 conjiciunt
2154 534 2255 588 viri
2297 533 2372 589 illi
2401 532 2709 589 clarissimi.
2755 531 3028 589 Vaticana)
3057 531 3310 587 Ecclesiae
3336 545 3433 587 co-

1825 626 1971 694 dex,
2016 628 2326 698 cupientem
2370 627 2635 691 dissolvi,
2684 625 2813 696 febri
2838 635 3170 696 correptum,
3221 631 3436 695 sumpto

1826 734 2057 790 corpore
2082 728 2138 776 et
2169 721 2431 792 sanguine
2469 720 2722 786 Domini,
2762 719 3097 787 elevatisque
3146 720 3199 777 in
3236 720 3434 776 caelum

1825 814 2001 871 oculis
2026 829 2090 871 ac
2120 815 2370 870 manibus
2399 822 2643 869 orantem
2676 812 2878 868 obiisse
2922 813 3071 868 illum
3101 812 3285 880 refert,
3313 827 3433 882 quae

1827 907 1966 964 forte
1995 919 2079 963 est
2108 924 2271 965 causa
2292 950 2306 973 ,
2342 924 2440 964 cur
2468 923 2591 963 eum
2621 906 2994 964 febricitantes
3021 916 3306 978 patronum
3330 906 3433 962 alio

1825 999 2046 1071 quando
2070 1000 2336 1071 elegerint
2362 997 2462 1071 (a).
2518 998 2688 1068 Hujus
2711 997 3041 1061 sanctissimi
3068 1040 3085 1067 ,
3133 1014 3198 1054 ac
3223 999 3438 1068 sapien-

1826 1091 2025 1147 tissimi
2052 1093 2320 1163 pontilicis
2344 1092 2396 1147 in
2421 1091 2617 1148 tuenda
2640 1091 2904 1147 catholica
2928 1090 3034 1147 ﬁde
3049 1092 3432 1158 constantiam,

1827 1182 1881 1239 in
1915 1184 2157 1241 moribus
2186 1186 2548 1256 integritatem
2577 1199 2705 1256 erga
2733 1199 3003 1256 pauperes
3031 1192 3434 1256 oppressosque

1827 1279 2117 1348 episcopos
2157 1278 2611 1343 misericordiam,
2638 1285 2800 1348 atque
2831 1277 3218 1332 humanitatem
3246 1318 3263 1344 ,
3292 1277 3438 1333 chri-

1826 1370 2057 1427 stianum
2103 1368 2495 1432 humilitatem,
2533 1368 2879 1436 doctrinam,
2930 1383 3210 1425 sacrorum
3266 1369 3439 1425 sedili-

1826 1462 2035 1516 ciorum
2065 1476 2268 1523 curam.
2303 1462 2543 1531 aliasque
2568 1461 2856 1530 praeclaras
2878 1462 3124 1529 virtutes,
3155 1462 3315 1517 allata
3338 1477 3437 1532 per

1831 1550 2182 1610 Sarazanium
2234 1570 2297 1609 ac
2346 1552 2407 1607 P.
2436 1551 2813 1608 Constantium
2864 1553 3176 1610 Graecorum
3205 1569 3269 1609 ac
3297 1554 3443 1611 Lali-

1829 1661 2023 1702 norum
2056 1648 2274 1702 Patrum
2309 1649 2639 1713 testimonia,
2673 1662 2735 1703 ac
2759 1646 2877 1718 ejus
2906 1659 3173 1718 praeterea
3199 1663 3321 1719 qua:
3346 1663 3437 1703 su-

170 1733 337 1788 dissimo
367 1732 516 1787 Pario
550 1734 722 1805 lapide
745 1736 928 1807 ﬁgura:
966 1737 1127 1791 ovalis
1153 1777 1166 1799 ,
1201 1738 1491 1807 palmorum
1518 1738 1627 1808 fere
1656 1734 1722 1793 l4
1754 1751 1801 1813 Β
1830 1749 2055 1812 persnnt
2080 1742 2300 1811 scripta,
2329 1742 2405 1796 ita
2437 1740 2839 1808 commendant,
2874 1750 2932 1797 ut
2957 1741 3156 1799 frustra
3179 1746 3291 1798 sint
3318 1758 3436 1796 om-

168 1826 472 1898 longitudinis,
495 1844 590 1883 sea:
615 1827 924 1896 altitudinis,
961 1828 1124 1884 latum
1149 1832 1392 1901 quinque,
1421 1831 1573 1898 cujus
1602 1846 1723 1899 pro-

166 1930 326 1991 spectas
366 1921 640 1995 spiralibus
682 1923 835 1978 undis
876 1925 931 1977 in
967 1928 1137 1996 fronte
1168 1932 1443 1979 exornatus
1479 1932 1590 1979 erat
1614 1964 1629 1991 ,
1676 1931 1725 1977 et

168 2015 361 2083 utrinque
406 2015 644 2070 desinens
691 2016 745 2068 in
796 2017 1118 2089 prtegrandis
1171 2022 1352 2088 forma:
1390 2018 1519 2071 duos
1556 2016 1726 2072 leones

166 2105 324 2172 aﬂabre
348 2107 596 2178 scalptos.
650 2104 733 2162 Ea:
759 2102 858 2162 isoc
876 2107 1084 2181 jamdiu
1119 2125 1308 2178 corpus
1335 2109 1606 2179 diligenter
1644 2126 1728 2165 ea:-

167 2210 349 2254 tractum
390 2203 554 2272 fuisse
581 2202 900 2272 apparebat,
951 2203 1041 2257 sed
1083 2212 1378 2272 coopertum
1422 2210 1590 2256 tamen
1619 2210 1726 2257 erat

165 2294 413 2366 pragrandi
438 2336 453 2360 ,
481 2294 578 2349 sed
600 2295 785 2351 diversi
815 2294 1015 2365 generis
1044 2310 1298 2348 marmore
1329 2292 1541 2362 effracto
1567 2335 1581 2359 ,
1626 2310 1728 2364 quo

165 2403 287 2456 super
335 2400 493 2443 erecta
525 2390 699 2458 fuerat
727 2389 926 2458 fabrica
957 2389 1183 2443 lateritia
1209 2430 1222 2452 ,
1262 2404 1378 2460 qua:
1415 2389 1729 2462 pertingebat

166 2496 293 2550 usque
317 2483 379 2536 ad
406 2484 726 2552 superiorem
756 2494 953 2553 partem
990 2484 1213 2538 cubiculi
1249 2500 1268 2538 :
1297 2484 1447 2549 iuxta
1476 2500 1592 2538 vero
1626 2500 1734 2537 sar-

164 2577 408 2649 cOphagum
464 2580 517 2631 in
548 2578 802 2648 superiori
826 2588 974 2650 parte
1012 2578 1191 2632 aderat
1209 2579 1380 2648 janua
1410 2594 1571 2648 parva
1593 2618 1610 2644 ,
1645 2594 1734 2647 per

165 2681 286 2736 quam
301 2668 680 2737 patebataditus
693 2672 747 2725 in
769 2688 869 2726 non
882 2671 1157 2725 admodum
1178 2671 1407 2742 amplum
1419 2670 1731 2737 cubiculum,

163 2773 218 2812 xv
240 2763 332 2832 fere
362 2781 614 2835 passuum
642 2765 955 2829 latitudinis,
981 2764 1294 2836 totidemque
1323 2764 1662 2833 longitudinis
1687 2773 1735 2819 et

166 2854 409 2910 altitudinis
424 2875 443 2925 ;
467 2860 518 2912 in
544 2859 696 2926 cuius
723 2858 893 2927 fronte
916 2858 1096 2912 aderat
1117 2860 1247 2913 alter
1275 2859 1494 2927 simplex
1515 2875 1739 2914 marmo-

164 2961 256 2998 reus
298 2950 683 3023 sarraphagus,
713 2951 863 3005 sicuti
893 2952 944 3004 in
974 2950 1134 3005 latere
1155 2951 1340 3005 similis
1369 2954 1551 3023 formae
1577 2952 1735 3019 alius,

165 3039 231 3105 qui
242 3042 414 3110 pariter
430 3045 581 3098 vacui
606 3046 794 3116 reperti
817 3052 954 3098 sunt.
983 3042 1111 3099 Post
1126 3061 1316 3115 paucos
1332 3045 1486 3099 etiam
1506 3044 1614 3098 dies
1635 3061 1737 3098 non

1829 1851 1929 1892 nes
1959 1836 2325 1908 antiquorum,
2350 1852 2412 1893 ac
2436 1836 2733 1893 recentium
2764 1834 3147 1893 haereticorum
3177 1836 3440 1895 adversus

1829 1930 1980 1986 illum
2013 1931 2316 1987 calumniae.

1826 2066 1856 2131 ς
1886 2066 1927 2131 I,
1950 2094 2011 2105 -—
2034 2065 2230 2116 Damasi
2268 2068 2450 2131 serjpta
2488 2066 2796 2131 referuntur.
2833 2067 2930 2118 Cur
2970 2068 3154 2131 Marius
3192 2067 3440 2118 Mercator

1893 2130 2145 2193 Bonosuni
2163 2132 2225 2179 ab
2249 2143 2311 2179 eo
2335 2128 2573 2193 Pontiﬁce
2594 2130 2980 2193 prwdamnatum
3004 2130 3217 2193 dixerit;
3253 2145 3314 2180 an
3343 2131 3440 2180 Bo-

1891 2190 2372 2256 nosiaciqPiiotiuiani
2393 2190 2603 2256 fuerint,
2625 2204 2687 2241 an
2734 2193 2841 2256 ejus
2880 2200 3067 2243 tantum
3101 2190 3314 2243 haeresis
3349 2208 3439 2244 su-

1890 2256 2046 2317 Specti
2077 2254 2232 2303 habiti
2246 2254 2380 2306 sint?

1910 2384 2270 2458 Hieronymus
2337 2384 2479 2441 inter
2527 2386 2820 2455 scriptores
2874 2384 3272 2441 ecclesiasticos
3337 2385 3444 2440 Da-

1839 2494 1993 2534 masn
2023 2478 2197 2533 locum
2234 2476 2404 2546 dedit,
2432 2476 2655 2549 ejusque
2676 2476 2895 2549 elegans
2934 2479 2985 2531 in
3013 2478 3261 2534 versibus
3290 2493 3445 2534 com-

1836 2568 2101 2642 p0nendis
2129 2570 2402 2638 ingenium
2427 2611 2441 2635 ,
2487 2568 2761 2641 multaque
2792 2573 2841 2623 iu
2866 2584 2931 2624 eo
2952 2584 3152 2641 genere
3182 2571 3441 2641 opuscula

1834 2662 2016 2719 laudat
2056 2662 2151 2736 (ὁ).
2200 2662 2321 2719 Alio
2369 2663 2487 2720 loco
2533 2671 2797 2718 memorat
2844 2679 2965 2734 quae
2995 2663 3059 2718 de
3090 2662 3439 2735 Virginitate,

1837 2769 2014 2814 metro
2044 2774 2312 2829 prosaque
2342 2766 2745 2827 composuerat,
2774 2757 3231 2829 Eustocliiumque
3258 2765 3448 2815 monet

1839 2863 1895 2908 ut
1918 2867 1978 2905 ea
2009 2851 2149 2922 legat
2184 2866 2287 2906 non
2314 2862 2469 2906 secus
2495 2866 2558 2906 ac
2591 2849 2928 2921 Tertulliani,
2950 2850 3203 2921 Cypriani
3237 2863 3291 2909 et
3316 2850 3450 2908 Am-

1839 2943 2004 2998 brosii
2032 2942 2232 3013 scripta
2261 2942 2355 3014 (c).
2383 2942 2506 2997 Haec
2533 2943 2792 3013 opuscula
2822 2942 3085 2998 Baronius
3106 2942 3249 3000 Ireni
3269 2943 3447 2998 sorori

1840 3036 1909 3092 ab
1938 3035 2126 3092 eodem
2160 3036 2415 3105 inscripta
2445 3033 2613 3090 fuisse
2646 3042 2797 3104 putat
2822 3076 2835 3099 ,
2863 3033 3004 3105 quod
3034 3040 3146 3089 tum
3186 3043 3449 3115 praeterea

165 3129 284 3203 longe
306 3133 363 3187 ab
388 3135 501 3205 ipso
531 3138 795 3191 mausoleo
817 3147 1019 3205 reperta
1046 3139 1142 3208 fuit
1169 3136 1405 3205 qutedam
1431 3136 1606 3205 ampla
1620 3152 1735 3191 sca—
1762 3158 1808 3222 ρ
1842 3140 1957 3186 acta
1988 3132 2236 3199 ejusdem
2269 3128 2489 3200 virginis
2530 3144 2559 3183 a
2591 3126 2852 3183 Bollando
2885 3126 3140 3197 producta
3170 3168 3184 3191 ,
3235 3128 3449 3187 tametsi

167 3224 205 3275 ia
221 3265 233 3288 ,
252 3242 329 3279 seu
353 3228 628 3283 descensus
648 3271 662 3293 ,
693 3247 782 3299 per
805 3246 956 3301 quem
986 3231 1255 3299 ipsummet
1277 3247 1365 3283 vas
1388 3245 1733 3284 marmoreum

164 3314 474 3375 introductum
523 3320 653 3374 olim
690 3322 787 3392 [ait
817 3323 870 3375 in
921 3323 1287 3377 caemeterium.
1341 3320 1500 3376 Hisce
1540 3329 1734 3376 attente

164 3410 459 3465 consideratis
489 3413 553 3465 in
573 3414 745 3465 animo
774 3414 871 3484 fuit
906 3414 1049 3468 nobis
1097 3412 1370 3484 explorare
1394 3413 1653 3482 quodnam
1681 3414 1736 3467 in

163 3502 378 3566 εκμεήονὶ
402 3512 555 3571 parte
583 3504 739 3577 hujus
768 3505 868 3560 loci
897 3506 1092 3559 adesset
1118 3507 1428 3573 (edi/icium,
1467 3504 1603 3576 quod
1634 3505 1739 3574 ful—

166 3591 319 3646 cimur
338 3610 394 3647 eo
413 3611 591 3661 muro,
619 3612 706 3649 seu
738 3598 981 3650 columna
1009 3596 1234 3651 structili
1263 3598 1542 3651 constituta
1582 3614 1740 3669 supra

165 3686 325 3752 grande
349 3686 481 3741 illud
510 3704 853 3745 marmoreum
876 3692 1170 3758 sepulcrum
1210 3707 1229 3755 ;
1281 3689 1419 3745 unde
1455 3691 1740 3761 reperimus

166 3776 310 3832 adesse
336 3782 604 3853 antiquant
648 3786 868 3854 formam
901 3782 1143 3838 Ecclesiae
1170 3783 1510 3855 longitudinis
1541 3785 1740 3854 palmo-

164 3882 255 3923 tum
282 3875 379 3943 fere
426 3875 524 3939 60,
555 3878 607 3930 in
633 3881 782 3950 cujus
813 3889 959 3948 parte
984 3880 1390 3950 septemtrionali
1415 3891 1615 3934 exstant
1640 3889 1742 3934 tres

152 3959 328 4019 'absidc
344 3968 625 4023 circulares
648 3987 668 4035 ;
690 3970 826 4024 unde
854 3970 1170 4044 dignoscitur
1200 3987 1312 4026 eam
1343 3972 1465 4025 olim
1489 3973 1743 4027 exstitisse

166 4048 442 4127 Ecclesiam,
472 4076 592 4130 qua:
620 4062 790 4115 locum
814 4064 1132 4133 superiorem
1162 4073 1269 4117 tum
1290 4064 1511 4119 cubiculi
1532 4066 1743 4137 inferio-

166 4147 250 4211 ris,
286 4158 383 4204 trim
426 4152 744 4226 sarcophagi
794 4155 1075 4225 occupabat
1114 4173 1126 4210 :
1171 4156 1379 4229 insuper
1418 4159 1746 4226 cognovimus

167 4238 286 4295 illam
313 4245 475 4312 fuisse
514 4247 640 4301 olim
674 4248 927 4318 depictam
968 4264 1032 4303 ea:
1068 4248 1377 4319 quibusdam
1408 4250 1631 4305 residuis
1661 4266 1747 4304 co-

170 4332 355 4403 laribus,
386 4342 473 4409 qui
504 4341 676 4394 adhuc
704 4350 997 4409 supersunt.
1053 4341 1136 4396 Ea:
1173 4340 1255 4397 his
1283 4343 1438 4414 igitur
1468 4342 1747 4412 probabili-

170 4426 243 4485 bus
274 4437 581 4506 coniecturis
610 4436 964 4510 judicavimus
1005 4436 1139 4491 hanc
1188 4454 1295 4491 esse
1323 4438 1548 4506 potuisse
1575 4436 1747 4491 basili-

1839 3225 1980 3280 haud
2001 3225 2177 3295 magni
2206 3222 2461 3295 ponderis
2483 3220 3067 3291 sint,conlirmant(d).
3096 3220 3442 3291 Eginliartus,

1838 3317 1991 3387 cujus
2018 3317 2123 3371 alio
2157 3317 2274 3370 loco
2302 3315 2671 3369 testimonium
2704 3313 2897 3380 attuli,
2941 3323 3063 3368 acta
3093 3312 3191 3369 SS.
3224 3313 3368 3369 Petri
3396 3321 3453 3369 et

1840 3407 2134 3464 Marcellini
2175 3406 2242 3459 ab
2284 3422 2350 3461 eo
2382 3405 2632 3477 pontiﬁce
2660 3404 2726 3459 ad
2756 3418 2853 3458 nos
2879 3405 3190 3460 transmissa
3214 3409 3449 3471 asserit;

1842 3506 1935 3562 sed
1964 3521 2085 3577 quin
2118 3520 2258 3559 nunc
2285 3503 2425 3575 apud
2457 3502 2701 3568 Surium,
2728 3511 2781 3558 et
2800 3501 3182 3556 Bollandianos
3210 3500 3274 3554 aii
3304 3498 3449 3554 diem

1842 3598 1878 3653 2
1934 3596 2072 3654 1ιιιιίἰ
2118 3596 2467 3661 referuntur,
2518 3596 2679 3649 alitnn
2725 3605 3000 3649 auctorem
3046 3593 3264 3649 habent.
3316 3592 3454 3658 Quia

1846 3706 1979 3745 vero
2021 3691 2071 3744 in
2104 3692 2239 3744 actis
2269 3689 2399 3759 ipsis
2427 3686 2658 3759 legimus
2701 3685 3074 3761 Dorotheum,
3124 3700 3153 3739 a
3202 3700 3309 3756 quo
3352 3682 3452 3740 SS.

1847 3794 2114 3857 martyres
2157 3784 2403 3855 percussi
2448 3783 2655 3840 fuerant
2684 3823 2699 3849 ,
2763 3779 3078 3853 ptenitentia
3128 3788 3347 3851 peracta
3388 3775 3457 3832 ad

1844 3880 2171 3951 baptismum
2202 3876 2497 3933 admissum
2518 3876 2618 3931 sub
2640 3875 2804 3943 Julio,
2822 3875 2910 3946 qui
2932 3873 3305 3930 Pontificatum
3331 3871 3455 3926 iniit

1848 3989 1992 4030 anno
2015 3974 2141 4041 557;
2162 3971 2335 4027 videri
2366 3982 2573 4043 posset,
2603 3971 2887 4026 Damasum
2919 3971 3254 4041 pubertatem
3268 3982 3452 4039 egres-

1849 4080 1970 4121 sum
2001 4080 2063 4119 ac
2094 4064 2214 4135 plus
2256 4064 2431 4118 minus
2462 4061 2679 4134 triginta
2712 4077 2976 4115 annorum
3011 4060 3177 4114 fuisse
3197 4100 3213 4128 ,
3245 4074 3365 4115 cum
3390 4073 3453 4113 ea

1850 4157 2088 4227 scripsit,
2120 4171 2277 4212 secus
2306 4171 2369 4211 ac
2399 4155 2516 4225 ipse
2546 4155 2613 4210 de
2640 4168 2699 4208 se
2724 4162 2778 4209 et
2802 4152 3131 4225 Eginhartus
3160 4151 3236 4205 ait
3256 4149 3327 4221 (ε)
3354 4167 3368 4213 ;
3399 4160 3455 4204 at

1852 4264 1974 4306 cum
2000 4250 2116 4305 lieri
2143 4248 2300 4304 facile
2328 4249 2517 4319 possit,
2548 4255 2605 4301 ut
2634 4246 2937 4303 Dorotlieus
2978 4245 3095 4310 ille,
3121 4260 3215 4299 seu
3246 4253 3454 4311 coacte,

1854 4360 1952 4401 seu
1999 4353 2194 4415 sponte
2239 4358 2337 4416 per
2380 4343 2563 4413 plures
2609 4354 2784 4396 annos
2834 4339 2980 4394 inter
3033 4337 3458 4393 cathecnmenos

1855 4440 2156 4506 manserit,
2189 4455 2282 4495 sua
2313 4436 2541 4510 proinde
2582 4445 2692 4493 tum
2732 4436 2866 4491 actis
2892 4476 2907 4501 ,
2936 4449 3057 4504 quae
3083 4432 3460 4488 Tillemontius

171 4536 262 4577 ωηι
288 4525 344 4581 S.
376 4528 612 4595 Damasi,
644 4530 736 4584 sub
758 4546 856 4601 qua
886 4530 945 4587 S.
968 4532 1201 4603 pontifex
1225 4542 1461 4597 matrem,
1492 4546 1748 4583 sororem-
1780 4553 1829 4614 D
1857 4545 1911 4591 et
1934 4536 2189 4590 BaiIietus
2217 4532 2410 4589 frustra
2440 4530 2757 4593 sollicitant,
2790 4543 2851 4583 ac
2876 4528 2946 4584 cl.
2968 4525 3277 4583 Mazocbius
3301 4540 3461 4596 egre-

172 4630 251 4683 qtte
288 4620 559 4690 defunctas
606 4623 835 4693 sepelivit
884 4623 938 4676 in
983 4639 1144 4693 supra
1183 4630 1461 4676 memorato
1512 4620 1750 4675 cubiculo

177 4715 438 4779 atmeterii,
460 4715 620 4785 juxta
643 4731 769 4785 quas
797 4723 845 4769 et
868 4715 976 4786 ipse
1001 4713 1210 4784 sepeliri
1248 4712 1407 4770 voluit
1431 4715 1486 4768 in
1510 4730 1569 4769 ea
1611 4721 1754 4784 parte

177 4809 456 4876 armeterii,
505 4825 622 4881 quae
668 4820 842 4881 postea
870 4806 1085 4863 Damasi
1114 4808 1375 4879 appellata
1406 4808 1502 4880 fuit
1526 4850 1541 4874 ,
1595 4824 1756 4880 prope

177 4895 292 4949 riam
337 4900 690 4958 Ardeatinam.
742 4902 1005 4957 Baronius
1052 4901 1385 4973 epitaphium
1438 4900 1645 4971 profert
1690 4917 1756 4958 es

180 5000 471 5056 pervetusto
497 4996 685 5053 codice
710 4996 1047 5052 Trevirensis
1080 4995 1421 5052 bibliotheca:
1447 5011 1478 5050 a
1502 4997 1758 5051 Brovvero

181 5086 511 5155 esset-ipsum.
543 5090 686 5159 quod
715 5090 815 5146 sibi
849 5091 982 5160 ipsi,
1012 5090 1055 5145 si
1084 5090 1255 5146 codici
1287 5090 1421 5145 ﬁdes
1450 5131 1464 5157 ,
1492 5089 1759 5145 Damasus

180 5168 381 5233 fecerat.
434 5178 569 5237 Illud
620 5185 815 5239 iterum
846 5184 1166 5240 Sirmondus
1216 5183 1357 5240 inter
1388 5200 1555 5253 Opera
1584 5183 1761 5239 Theo-

182 5265 347 5338 dulphi
370 5275 776 5331 Aurelianensis
802 5275 896 5332 lib.
917 5292 979 5341 ιι,
1004 5290 1173 5331 carm.
1198 5277 1288 5343 14,
1317 5278 1369 5331 in
1393 5275 1529 5331 obitu
1551 5275 1763 5330 Damasi

184 5353 506 5434 inscriptum,
533 5382 595 5423 ac
617 5376 893 5439 postremo
913 5368 1235 5425 Sarazanius
1264 5367 1471 5425 edidit:
1505 5368 1648 5440 quod
1681 5378 1763 5422 ta-

182 5463 291 5509 men
316 5473 382 5511 an
411 5474 598 5519 revera
625 5463 839 5518 tumulo
865 5462 1093 5519 incisum
1124 5460 1286 5519 fuerit
1316 5504 1331 5531 ,
1376 5475 1521 5519 nunc
1562 5460 1764 5518 incerta

244 5592 314 5669 (ᾳ)
343 5594 573 5669 ξὀιιεεο.
607 5600 703 5657 lib.
736 5615 776 5669 ι,
804 5613 924 5669 cap.
956 5599 1044 5657 ιθ.

250 5665 323 5810 ib;
348 5668 439 5752 De
458 5670 514 5729 S.
541 5672 605 5728 E.
638 5665 918 5743 “p.103.

253 5735 297 5807 (ι
344 5738 513 5810 Epist.
544 5744 636 5800 22.
668 5760 725 5799 ιι.
760 5742 848 5810 12,
874 5740 1003 5801 Ver.
1030 5740 1114 5800 edi

253 5735 321 5810 (ι)
344 5738 513 5811 Epist.
544 5744 636 5800 22.
668 5735 725 5799 n'.
760 5742 848 5811 12,
874 5740 1003 5801 Ver.
1030 5740 1164 5800 edit.

1856 4628 1957 4698 giis
1987 4625 2128 4681 notis
2159 4625 2392 4680 illustrat
2430 4622 2497 4696 (ι’)
2529 4663 2546 4690 ,
2587 4630 2700 4677 tum
2735 4620 2951 4675 Damasi
2981 4618 3138 4676 (lictis
3171 4617 3302 4673 litles
3328 4632 3461 4672 con-

1858 4717 2261 4776 stat.0ldoinus
2274 4716 2398 4771 huic
2421 4726 2679 4785 praeterea
2709 4710 2947 4783 pontiﬁci
2970 4709 3229 4766 adscribit
3248 4712 3310 4763 de
3332 4707 3467 4763 Fide

1860 4822 2041 4866 contra
2069 4810 2338 4864 tuereticos
2368 4807 2554 4861 librum
2583 4820 2766 4871 unum,
2798 4820 2858 4859 ac
2876 4803 2938 4857 de
2959 4800 3212 4857 Trinitate
3233 4801 3464 4856 libellum

1864 4919 2045 4966 unum,
2072 4916 2232 4972 quem
2260 4914 2362 4954 ms.
2383 4896 2695 4963 Verderins,
2722 4905 2776 4951 et
2804 4894 3130 4950 Passerinus
3154 4891 3466 4949 Constanti-

1865 4992 2048 5065 nopoli
2082 4992 2280 5047 vidisse
2306 4992 2476 5045 aiunt.
2501 4987 2571 5044 At
2601 5004 2725 5043 eum
2752 4986 2815 5041 de
2840 4985 2975 5040 Fide
2998 4995 3175 5039 contra
3205 4983 3469 5037 lrwreticos

1866 5087 2106 5154 librum,
2154 5086 2304 5143 illum
2329 5087 2507 5155 ipsum
2560 5081 2727 5138 fuisse
2763 5090 2891 5152 puto
2935 5096 3092 5150 quem
3137 5078 3471 5135 Tritltemius

1868 5183 2031 5238 etiam
2061 5180 2263 5236 indicat
2293 5222 2307 5248 ,
2353 5178 2578 5233 alteram
2610 5177 2815 5232 scilicet
2854 5174 2919 5229 ad
2962 5173 3243 5229 Paulinum
3270 5173 3474 5243 episto—

1869 5274 1975 5330 lam
2003 5315 2017 5338 .
2050 5271 2119 5329 de
2158 5290 2262 5345 qua
2290 5289 2318 5327 a
2350 5287 2436 5327 me
2463 5281 2643 5327 actum
2670 5278 2753 5324 est
2783 5284 2905 5338 cap.
2936 5266 3025 5323 15.
3076 5266 3311 5320 Libellus
3342 5279 3474 5321 vero

1872 5367 1943 5424 de
1973 5365 2223 5423 Trinitate
2250 5406 2264 5431 ,
2295 5363 2436 5420 aliud
2460 5362 2709 5421 fortassis
2738 5376 2843 5416 non
2870 5368 2955 5415 est
2981 5373 3140 5430 quam
3170 5356 3473 5429 symbolum

1875 5461 2093 5517 Damasi
2121 5462 2338 5516 nomine
2359 5472 2504 5531 saepe
2528 5455 2872 5527 inscriptum,
2894 5451 2963 5509 de
2983 5465 3089 5525 quo
3120 5466 3245 5507 mox
3278 5449 3475 5509 dicam.

1969 5596 2026 5680 ά)
2170 5595 2312 5652 diem
2339 5594 2412 5651 28
2440 5592 2629 5661 νῶι-η
2657 5587 2900 5649 tom.lll.

1969 5598 2026 5668 ά)
2061 5598 2140 5680 Ad
2170 5598 2312 5652 diem
2339 5598 2412 5651 28
2440 5598 2629 5661 Febr.,
2657 5601 2793 5649 tom.
2812 5598 2900 5645 lu.

1944 5598 2022 5811 ἐκ
2421 5734 2647 5806 Nespol.
2674 5734 2733 5791 ιι
2770 5730 2943 5789 Junii.
