3950 6330
524 254 635 315 263

1775 253 2093 315 SANCTUS
2132 250 2451 313 DAMASUS
2477 251 2682 311 PAPA.
3659 264 3742 323 εει

524 371 604 430 Ex
656 372 722 430 iis
747 380 929 433 tamen
955 414 971 442 ,
1020 387 1139 445 qua
1170 372 1476 444 supersunt
1513 371 1826 445 fragmentis
1850 414 1866 440 ,
1917 371 2120 445 liquido
2147 375 2202 437 Α
2224 370 2448 425 dividit?
2472 369 2576 437 Qui
2603 370 2709 425 duo
2734 367 2838 424 sint
2865 368 2987 440 ﬁlii,
3004 368 3095 440 qui
3111 368 3289 442 major,
3316 373 3414 429 sive
3432 374 3612 433 minor?
3635 379 3746 447 quo.

524 477 757 532 constat,
787 468 913 524 huic
940 468 1158 540 egregio
1190 466 1451 538 pontiﬁci,
1480 482 1582 524 nec
1605 466 1805 539 ingenii
1830 508 1845 533 ,
1873 465 2127 537 necjudi-

523 559 615 627 cii,
651 575 750 617 nec
776 560 1038 617 doctrinre
1075 559 1388 632 praesidium
1415 559 1653 617 defuisse
1673 600 1688 623 .
1723 574 1900 631 neque
1933 560 2126 615 imme-

522 650 630 708 rito
653 666 775 709 eum
800 652 1090 712 Ambrosio
1113 663 1170 711 et
1197 652 1471 727 Cypriano
1496 697 1511 724 ,
1556 670 1586 710 a
1609 653 1955 711 Tlieodoreto
1983 653 2129 725 ejus-

524 747 650 805 dem
662 748 914 806 doctrina:
934 751 1105 823 gratia
1128 751 1435 821 comparari
1452 750 1550 825 (a).

594 839 863 897 Caeterum
889 881 906 910 ,
959 857 1288 915 quamquam
1347 842 1439 899 ille
1491 841 1825 914 gravissimis
1870 838 2129 897 Ecclesia:

522 932 791 990 utiiversa:
832 934 1189 1005 expediendis
1219 934 1454 1008 negotiis
1481 944 1777 1007 occupatus
1813 933 1956 990 haud
1985 933 2129 989 mul-

524 1037 601 1097 ta,
641 1038 697 1086 et
720 1038 920 1102 praeter
937 1030 1321 1087 necessitatem
1351 1029 1648 1102 scripserit,
1678 1029 1732 1086 in
1763 1044 1929 1087 causa
1951 1039 2128 1086 tamen

524 1121 626 1179 fuit
650 1163 666 1191 ,
694 1133 750 1179 et
774 1123 928 1195 plura
963 1123 1279 1197 Hieronymi
1311 1123 1568 1196 opuscula
1597 1165 1612 1191 ,
1638 1123 1835 1196 quibus
1865 1122 2005 1179 forte
2039 1135 2132 1177 ca-

527 1219 828 1277 ruissemus
850 1262 868 1290 ,
915 1236 947 1277 a
991 1221 1149 1278 nobis
1177 1221 1557 1293 possideantur
1579 1262 1596 1289 ,
1636 1231 1697 1277 ut
1726 1230 1854 1277 sunt
1881 1229 2131 1276 tractatus

526 1312 591 1369 de
623 1313 920 1387 Seraphim,
948 1315 1081 1371 bime
1112 1314 1351 1388 Origenis
1385 1315 1614 1371 hosniliae
1641 1315 1696 1371 in
1718 1313 1934 1370 Cantica
1953 1312 2133 1371 Canti-

525 1423 723 1473 corum,
756 1408 885 1464 liber
918 1408 1131 1481 Didymi
1156 1408 1222 1464 de
1246 1407 1452 1481 Spiritu
1482 1418 1682 1476 sancto,
1709 1424 1770 1463 ac
1797 1407 1860 1463 de
1886 1417 2131 1478 perpetua

527 1498 592 1555 Β.
625 1497 703 1554 Μ.
732 1500 1025 1575 virginitate
1047 1513 1237 1558 contra
1262 1501 1592 1570 Helvidium,
1626 1517 1785 1572 quem
1813 1501 1882 1556 ab
1909 1516 1977 1557 eo
2000 1515 2133 1572 pon-

528 1592 674 1650 tiﬁce
718 1594 917 1651 lectum
963 1602 1122 1651 antea
1164 1599 1559 1667 probatumque
1605 1595 1967 1668 Hieronymus
2014 1595 2132 1666 ipse

528 1687 703 1745 innuit
727 1690 783 1746 in
813 1690 1009 1765 litteris
1034 1688 1102 1747 ad
1130 1690 1536 1748 Pammachium
1567 1690 1664 1765 (ὁ).
1713 1690 1990 1747 Helvidius
2016 1690 2132 1760 ipse

2229 465 2382 520 modo
2425 465 2593 520 minor
2631 473 2898 536 acceptam
2940 464 3274 520 substantiam
3315 483 3425 522 cum
3462 473 3747 530 meretricibus

2230 558 2447 629 dissipat
2478 558 2504 612 .’
2548 556 2713 614 Fame
2760 558 2899 629 facta
2923 576 2957 614 a
2980 559 3214 632 principe
3244 561 3450 634 regionis
3490 567 3748 636 praponitsr

2230 652 2402 723 porcis
2420 692 2435 718 ,
2467 650 2682 724 siliquas
2705 653 2956 720 comedit,
2989 652 3060 706 ad
3078 662 3267 725 patrem
3291 654 3445 722 redit,
3472 659 3632 728 accipit
3649 676 3750 715 ans-

2230 744 2340 799 lum
2369 753 2417 800 et
2440 745 2649 813 stolam,
2680 755 2729 801 et
2760 745 3056 801 immolatur
3083 747 3128 801 ei
3157 746 3340 802 vitulus
3363 748 3633 821 saginatus?
3653 749 3751 817 Quis

2231 837 2298 892 sit
2320 838 2488 910 major
2514 842 2694 909 frater,
2722 848 2770 893 et
2799 839 3055 910 quomodo
3071 839 3134 893 de
3148 855 3270 911 agro
3293 841 3481 896 ueniens
3498 842 3752 912 susceptioni

2231 931 2409 1003 fratris
2442 932 2703 987 inuideat?
2747 931 2813 986 Et
2858 942 3041 988 cratera
3078 948 3195 1004 qui:
3218 934 3269 988 in
3301 932 3560 1007 Evangelia
3590 936 3752 1007 planius

2232 1028 2575 1100 explicantur.
2610 1028 2774 1083 Addis
2793 1030 3021 1102 insuper,
3056 1028 3179 1085 Scio
3202 1030 3379 1085 multos
3404 1030 3457 1085 in
3479 1029 3564 1085 hac
3586 1029 3756 1086 lectione

2232 1121 2432 1197 diversa
2457 1122 2669 1191 dixisse,
2700 1132 2746 1177 et
2776 1124 2989 1195 fratrem
3017 1125 3259 1197 majorem
3282 1122 3531 1191 Iudicum,
3558 1124 3753 1179 minorem

2232 1194 2551 1273 et'ciitimasse
2576 1194 2859 1272 Gentilium
2890 1194 3175 1287 populum;
3216 1218 3302 1274 sed
3326 1234 3515 1290 qutero,
3550 1217 3756 1290 quomodo

2230 1310 2456 1367 Iudaico
2488 1313 2680 1385 populo
2709 1314 2872 1385 possit
2900 1315 3069 1387 aptari
3103 1329 3122 1369 :
3167 1312 3306 1371 Ecce
3335 1323 3407 1371 tot
3431 1314 3570 1370 annis
3604 1314 3759 1370 servivi

2231 1405 2351 1474 tibi,
2380 1416 2435 1463 et
2465 1421 2757 1477 numquam
2789 1405 3100 1462 mandatum
3134 1414 3280 1463 tuum
3305 1407 3549 1478 praeterii,
3573 1417 3620 1464 et
3642 1422 3763 1462 num-

2234 1514 2393 1571 quam
2421 1498 2617 1556 dedisti
2647 1499 2781 1555 mihi
2812 1499 3047 1568 haedum,
3077 1509 3133 1556 ut
3170 1516 3292 1557 cum
3314 1502 3491 1557 amicis
3514 1501 3631 1557 meis
3662 1516 3764 1571 epu-

2234 1590 2415 1658 larer;
2446 1600 2495 1646 et
2519 1591 2654 1646 illud
2678 1633 2692 1659 ,
2722 1590 2847 1659 Fili,
2882 1601 2938 1648 tu
2969 1607 3182 1650 mecum
3207 1609 3420 1666 semper
3444 1609 3521 1660 es,
3557 1605 3605 1649 et
3624 1593 3765 1649 omnia

2235 1700 2353 1742 mea
2384 1695 2472 1741 tua
2498 1694 2661 1742 sunt:
2703 1687 2749 1742 si
2771 1697 2967 1755 autem,
2997 1698 3053 1743 ut
3077 1689 3155 1743 ais
3174 1729 3190 1756 ,
3232 1688 3294 1743 de
3309 1691 3450 1762 justo
3475 1697 3521 1744 et
3557 1696 3767 1758 peccatore

528 1792 659 1839 tunc
688 1795 950 1854 praeterea
980 1784 1050 1841 ab
1070 1799 1136 1842 eo
1161 1784 1415 1856 pontiﬁce
1440 1784 1652 1841 videtur
1680 1784 1886 1856 ejectus
1930 1783 1999 1839 ab
2028 1781 2130 1839 Ec-
2160 1791 2210 1853 Β
2234 1778 2544 1835 voluerimus
2565 1795 2673 1835 esse
2698 1780 3017 1853 parabolam,
3038 1782 3185 1850 justo
3213 1798 3313 1837 non
3340 1782 3513 1852 poterit
3536 1780 3768 1848 convenire,

525 1874 694 1933 clesia
722 1876 886 1934 luisse
914 1920 929 1947 ,
980 1876 1248 1949 siquidem
1292 1877 1494 1934 Marius
1523 1877 1785 1934 Mercator
1809 1876 2075 1933 Bonosum
2102 1894 2134 1933 a

529 1966 758 2033 Damaso
788 1970 1197 2042 prendamnatum
1227 1972 1476 2044 scripsit,
1530 1972 1583 2028 in
1612 1970 1859 2028 Helvidio
1886 1972 2133 2041 scilicet,

530 2072 592 2119 ut
630 2078 733 2135 ego
771 2064 1042 2134 conjicio:
1090 2065 1385 2124 enimvero
1414 2067 1685 2123 Bonosum
1729 2066 1800 2123 ob
1825 2082 1945 2123 eam
1972 2082 2131 2139 quam

528 2155 810 2215 Helvidius
844 2159 1119 2230 professus
1151 2161 1349 2229 fuerat,
1384 2162 1633 2219 haeresim
1665 2177 1693 2215 a
1726 2162 1923 2220 Siricio
1949 2179 2136 2234 repre-

529 2248 760 2306 liensum
791 2262 1004 2309 constat
1043 2253 1270 2325 epistola
1305 2253 1372 2310 ad
1413 2253 1655 2311 Anisium
1683 2253 2134 2312 Thessalonicen-

527 2357 668 2413 sem,
700 2359 862 2415 quam
888 2346 1175 2403 Ambrosio
1209 2346 1414 2418 pridem
1443 2347 1783 2420 inscriptam,
1819 2348 2137 2406 Holstenius

528 2433 656 2492 huic
684 2436 925 2508 pontiﬁci
953 2439 1191 2495 restituit
1222 2440 1317 2513 (c).
1344 2440 1428 2498 Me
1455 2457 1562 2498 non
1590 2442 1745 2511 latet,
1780 2441 2134 2500 Mercatorem

528 2528 705 2600 ipsum
730 2529 991 2599 scribere,
1008 2530 1294 2601 Bonosum,
1320 2532 1569 2601 Ebionis,
1592 2534 1745 2591 Pauli
1771 2534 2135 2603 Samosateni,

526 2634 594 2677 ac
640 2620 859 2678 Pltotini
890 2634 1234 2681 exsecratum
1267 2624 1463 2697 dogma
1491 2634 1739 2684 secutum
1769 2643 1931 2693 esse;
1973 2627 2137 2686 Gela-

530 2711 672 2769 sium
701 2721 963 2785 praeterea
981 2756 997 2784 ,
1031 2729 1094 2770 ac
1124 2715 1459 2774 Arelatensis
1480 2733 1518 2775 ιι
1544 2718 1761 2775 concilii
1787 2718 1999 2787 Patres,
2025 2718 2136 2774 Bo-

528 2808 765 2866 nosiacos
790 2809 985 2866 eodem
1030 2825 1155 2884 cum
1180 2811 1516 2869 Pltotinianis
1543 2828 1605 2870 ac
1633 2814 2010 2870 Paulinavistis
2050 2830 2137 2870 er-

527 2914 655 2957 rore
680 2900 936 2973 abreptos
962 2916 1230 2961 asserere.
1274 2904 1345 2959 At
1375 2904 1477 2961 hoc
1506 2904 1701 2961 factum
1722 2947 1737 2973 ,
1790 2906 1915 2979 quia
1943 2921 2065 2962 cum
2098 2905 2134 2962 ii

529 3003 845 3067 perpetuam
868 2995 929 3051 Β.
954 2995 1024 3052 Μ.
1051 2998 1417 3069 virginitatem
1440 3013 1564 3056 cum
1588 2998 1833 3057 Helvidio
1851 3009 2133 3073 negarent,

528 3089 725 3145 merito
752 3087 808 3145 in
835 3091 1202 3163 suspicionem
1229 3101 1527 3160 venerant,
1569 3093 1639 3149 de
1683 3109 1789 3151 non
1835 3104 2049 3151 servata
2082 3095 2133 3149 in

2238 1880 2295 1925 ut
2321 1873 2384 1926 de
2406 1873 2571 1927 salute
2624 1873 2834 1928 alterius
2897 1883 2946 1929 et
2987 1875 3212 1931 maxime
3260 1875 3435 1947 fratris
3478 1874 3768 1933 contristetur.

2237 1962 2378 2033 Quid
2408 1980 2539 2021 vero
2583 1965 2651 2022 ad
2682 1965 2799 2023 lucc
2844 1969 3120 2038 proposita
3160 1967 3320 2024 dubia
3353 1967 3675 2039 Hieronymus
3711 1979 3773 2020 re-

2238 2057 2538 2128 sponderit,
2579 2073 2648 2113 ex
2669 2058 2858 2115 eadem
2887 2059 3114 2131 epistola
3143 2059 3338 2132 cupido
3365 2059 3547 2115 lectori
3574 2064 3774 2113 constare

2238 2149 2457 2220 poterit.
2518 2149 2657 2206 Alias
2713 2150 3168 2209 circumferuntur
3216 2151 3427 2209 Damasi
3472 2150 3684 2222 ejusdem
3725 2146 3775 2201 ad

2237 2241 2623 2315 Hieronymum
2652 2285 2667 2310 ,
2702 2253 2756 2298 et
2787 2244 3098 2318 Hieronymi
3143 2246 3211 2302 ad
3243 2247 3519 2301 Damasum
3546 2241 3774 2314 epistola;

2236 2337 2334 2394 sed
2360 2341 2488 2410 quin
2528 2339 2743 2409 utrique
2767 2338 2903 2395 falso
2932 2341 3222 2411 adscriptae
3262 2342 3372 2397 sint
3398 2339 3484 2396 vix
3505 2335 3679 2406 estqui
3704 2333 3780 2389 du-

2236 2430 2391 2487 bitet.
2418 2430 2675 2502 Ejusdem
2704 2431 2867 2487 etiam
2898 2432 3110 2502 generis
3133 2442 3292 2501 sunt,
3321 2445 3453 2504 quas
3481 2428 3623 2499 hujus
3643 2423 3780 2497 ponti-

2238 2525 2357 2585 ﬁcis
2383 2530 2602 2586 nomine
2629 2530 2697 2586 ad
2737 2530 3059 2604 Stephanum
3083 2531 3521 2604 archiepiscopum
3539 2536 3581 2583 et
3608 2520 3782 2579 concilia

2237 2622 2498 2695 Aphricae,
2532 2623 2598 2679 ad
2620 2623 2942 2695 Prosperum
2969 2622 3239 2680 Numidia:
3270 2624 3447 2694 prima
3479 2621 3603 2677 sedis
3628 2618 3783 2689 episeo-

2237 2732 2358 2787 pum
2383 2756 2399 2781 ,
2428 2716 2496 2770 ad
2518 2717 2784 2788 episcopos
2810 2715 2987 2772 Italia:
3009 2758 3026 2785 ,
3055 2726 3103 2772 et
3130 2717 3344 2773 Aurelio
3372 2716 3598 2788 episcopo
3619 2753 3633 2780 ,
3657 2710 3784 2766 Sara-

2237 2810 2423 2865 zanius
2450 2810 2617 2867 edidit
2643 2829 2868 2870 numero
2889 2815 2944 2882 8,
2968 2814 3022 2878 9,
3048 2814 3108 2870 ll
3132 2823 3189 2869 et
3218 2812 3471 2885 l2.|Hinc
3492 2811 3661 2867 Petrus
3675 2804 3785 2861 Com

2237 2905 2467 2960 stantius
2512 2907 2710 2963 merito
2735 2923 2828 2964 eas
2855 2923 3046 2964 omnes
3070 2907 3249 2979 rejicit
3275 2924 3306 2963 a
3335 2921 3552 2963 numero
3578 2898 3785 2973 epistula-

2236 3012 2355 3053 rum
2409 2998 2620 3057 Damasi
2666 3016 2697 3056 a
2728 3016 2789 3057 se
2832 3001 3098 3059 editarum
3122 3043 3137 3069 ,
3181 3000 3340 3072 cujus
3377 3015 3475 3072 ego
3503 2997 3787 3062 aliorumque

2231 3092 2491 3165 judicium
2515 3105 2754 3163 secutus,
2772 3097 2891 3153 illas
2916 3097 3215 3166 dumtaxat,
3246 3111 3367 3169 quae
3398 3102 3557 3153 certa:
3582 3100 3785 3166 prorsus.

526 3179 648 3254 ipso
684 3184 849 3240 etiam
901 3194 1058 3256 partu
1092 3185 1401 3258 integritate
1431 3188 1601 3257 Ipsius
1630 3186 1874 3260 Deiparm
1898 3228 1915 3256 ,
1962 3204 2135 3260 eoque
2160 3183 2205 3248 C
2238 3196 2291 3243 et
2317 3187 2537 3245 minime
2565 3189 2744 3246 dubia:
2776 3189 2897 3247 ﬁdei
2926 3200 3074 3256 sunt,
3099 3192 3321 3247 retinui.

529 3290 600 3334 ex
627 3278 805 3349 capite
825 3294 948 3335 cum
976 3279 1209 3337 Pliotino
1238 3290 1293 3337 et
1322 3281 1456 3337 Ario
1482 3280 1660 3338 facere
1690 3281 2043 3349 videbantur,
2073 3298 2137 3338 ac

529 3367 705 3427 Deum
728 3372 848 3443 puri
882 3370 1120 3429 hominis
1142 3372 1261 3430 loco
1291 3372 1530 3442 habere,
1570 3389 1636 3431 ex
1661 3373 1893 3446 quadam
1924 3374 2140 3431 dumta-

530 3469 623 3515 xat
652 3461 845 3517 nefarii
875 3461 1143 3534 dogmatis
1184 3466 1592 3522 consecutione.
1643 3465 1756 3523 Hoc
1786 3467 1962 3523 innuit
2000 3467 2136 3524 Siri-

528 3552 647 3610 cius
672 3554 786 3625 ipse
814 3570 936 3612 cum
964 3571 1084 3624 eos,
1117 3558 1213 3623 ait,
1242 3559 1333 3631 qui
1366 3559 1468 3615 hoc
1498 3559 1805 3629 adstruunt,
1826 3561 1971 3617 aliud
2002 3560 2136 3617 nihil

532 3644 842 3715 adstruere,
866 3664 1025 3720 quam
1037 3647 1343 3705 Ιιιάωοτιιηι
1365 3651 1641 3724 perﬁdiam
1658 3670 1676 3720 ,-
1700 3663 1858 3725 atque
1871 3653 1986 3709 haec
2000 3670 2137 3725 pra:-

531 3746 683 3797 terea
709 3749 793 3797 est
816 3740 989 3810 ratio,
1020 3756 1119 3798 cur
1145 3741 1465 3801 Ambrosius
1488 3788 1503 3814 ,
1535 3760 1656 3801 cum
1689 3755 1946 3817 perpetua
1977 3744 2037 3801 Β.
2063 3745 2133 3802 Μ.

528 3832 840 3907 integritate
875 3835 1136 3892 adversus
1177 3836 1449 3893 Bonosum
1482 3838 1657 3910 ipsum
1684 3880 1699 3905 ,
1748 3838 1873 3895 Filii
1921 3855 2137 3912 quoque

527 3925 866 3985 divinitatem
894 3926 1288 3987 defendendam
1317 3931 1558 4002 suscepit
1583 3932 1697 4005 (ά).
1745 3933 1951 4003 optimo
1984 3932 2138 3997 scili-

531 4029 661 4092 cet,
692 4022 1030 4095 sapientique
1060 4023 1289 4082 consilio
1326 4025 1614 4083 advertens
1641 4068 1656 4095 ,
1695 4044 1855 4099 quam
1886 4028 2003 4086 haec
2028 4029 2136 4086 duo

530 4114 675 4172 inter
704 4129 767 4175 se
794 4126 945 4175 arcte
968 4117 1277 4191 conjuncta,
1306 4134 1371 4177 ac
1391 4120 1642 4193 colligata
1667 4121 1806 4188 sint;
1829 4131 1989 4195 atque
2011 4123 2138 4179 hinc

528 4216 797 4279 praeterea
822 4207 1043 4277 factum,
1075 4220 1134 4266 ut
1156 4211 1491 4269 Arelatensis
1513 4227 1550 4268 ιι
1582 4212 1840 4287 synodus,
1861 4215 2137 4285 quzePho-

526 4299 768 4359 tinianos
796 4311 852 4359 ct
882 4302 1210 4362 Bonosiaeos
1253 4322 1317 4362 ex
1360 4308 1538 4363 eodem
1572 4324 1743 4363 errore
1764 4309 2031 4366 'venientes
2054 4309 2137 4366 di-

529 4403 726 4462 xerat,
757 4394 881 4451 illos
927 4396 996 4453 ad
1042 4397 1341 4455 Eeelesiam
1380 4398 1673 4457 redeuntes
1702 4400 1990 4476 baptizari,
2037 4402 2136 4458 hos

2310 3284 2381 3339 At
2404 3282 2634 3340 fructum
2666 3284 3020 3356 praecipuum,
3058 3300 3223 3357 quem
3273 3284 3432 3357 hujus
3461 3277 3708 3356 pontiﬁcis
3744 3272 3787 3330 in

2238 3392 2428 3433 sacras
2467 3378 2674 3434 litteras
2702 3377 2940 3434 studium
2988 3377 3056 3435 ab
3087 3378 3421 3452 Hieronymo
3458 3374 3689 3435 obtinuit,
3712 3381 3790 3440 ego

2239 3470 2398 3528 facile
2435 3472 2822 3528 collocaverim
2871 3474 2925 3529 in
2969 3473 3093 3529 novi
3136 3472 3471 3530 Testamenti
3514 3470 3577 3527 ad
3611 3468 3791 3526 Graecos

2238 3565 2480 3635 codices,
2510 3578 2566 3623 et
2593 3567 2845 3624 Psalterii
2867 3568 3018 3639 juxta
3038 3567 3184 3624 LXX
3213 3567 3589 3641 castigatione.
3616 3558 3732 3632 Quid
3750 3558 3790 3613 in

2239 3659 2365 3714 novi
2406 3658 2742 3717 Testamenti
2785 3662 3168 3718 emendatione
3209 3662 3525 3735 prmstiterit
3572 3658 3793 3725 Hierony-

2240 3767 2382 3819 mus,
2415 3753 2650 3825 cxplicat
2694 3755 2809 3826 ipse
2837 3755 2892 3810 in
2920 3755 3240 3826 prmiatione
3265 3755 3334 3813 ad
3370 3754 3612 3812 eumdem
3637 3750 3793 3805 Dama-

2239 3864 2383 3915 sum,
2434 3864 2502 3905 ex
2536 3865 2643 3921 qua
2692 3859 2953 3920 praeterea
3002 3850 3337 3921 colligimus,
3387 3864 3508 3921 qua:
3545 3845 3709 3907 fuerit,
3752 3843 3793 3894 el

2238 3950 2437 4011 quanta
2460 3942 2671 3998 consilii
2698 3942 2767 3998 ab
2801 3943 2990 4000 eodem
3020 3946 3162 4015 capti
3191 3945 3494 4001 necessitas
3529 3950 3582 3997 et
3606 3935 3792 3993 utilitas.
3888 4014 3891 4017 _

2239 4030 2565 4090 Psalterium
2620 4051 2774 4102 vero,
2821 4035 2979 4107 cujus
3023 4035 3139 4107 ipse
3187 4036 3247 4094 S.
3292 4037 3454 4093 Pater
3501 4028 3722 4091 meminit
3752 4022 3791 4079 in

2238 4124 2475 4195 epistola
2502 4126 2569 4182 ad
2596 4125 2846 4197 Paulam,
2873 4139 2928 4184 et
2949 4129 3329 4196 Eustochium,
3360 4128 3495 4185 illud
3522 4126 3681 4198 ipsum
3699 4130 3795 4175 esse

2238 4216 2502 4287 creditur,
2534 4235 2643 4291 quo
2672 4236 2775 4277 una
2804 4220 3089 4277 dumtaxat
3115 4220 3382 4279 Vaticana
3426 4220 3639 4277 basilica
3683 4221 3795 4270 nunc

2240 4310 2429 4381 utitur,
2471 4311 2777 4369 Romanum
2804 4313 3001 4370 deinde
3035 4314 3399 4387 appellatum,
3429 4313 3569 4386 quod
3593 4312 3653 4366 ab
3676 4305 3795 4363 initio

2238 4414 2385 4462 esset
2411 4404 2637 4462 Romani
2673 4406 2805 4463 cleri
2835 4408 3135 4479 proprium,
3164 4408 3332 4481 eique
3355 4424 3387 4463 a
3419 4410 3638 4463 Damaso
3662 4396 3796 4457 tradi-

527 4497 661 4541 vero
681 4486 843 4542 veluti
864 4486 989 4557 jure
1016 4500 1320 4561 suspectos,
1344 4494 1387 4547 si
1409 4494 1706 4565 interrogati
1725 4494 1884 4565 [idem
1903 4506 2133 4551 nostram
2160 4563 2207 4575 ﬁ
2243 4510 2355 4556 tum
2387 4518 2403 4557 :
2429 4499 2555 4558 hinc
2580 4500 2721 4557 idem
2769 4502 3132 4575 Hieranymus
3161 4503 3432 4561 adversus
3460 4502 3694 4559 Ruﬁnum
3721 4493 3795 4557 ait,

529 4592 596 4633 ex
615 4587 719 4634 toto
741 4579 897 4635 corde
918 4584 1138 4654 confessi
1174 4586 1363 4655 fuerint
1389 4628 1403 4652 ,
1434 4603 1550 4642 cum
1582 4563 1856 4644 clrrisinate
1878 4630 1895 4657 ,
1937 4602 1985 4644 et
2022 4607 2132 4645 ma—
2158 4563 2213 4624 D
2236 4593 2549 4650 Psalterium
2576 4613 2776 4668 quoque
2810 4605 2944 4652 certe
2974 4563 3467 4653 emendatissimum
3501 4599 3648 4670 juxta
3681 4581 3798 4645 LXX

531 4686 690 4726 nuum
715 4671 1064 4744 impositione,
1094 4674 1230 4733 Can.
1266 4678 1332 4734 l7
1362 4688 1419 4735 et
1451 4682 1518 4737 l8
1542 4723 1557 4749 ,
1590 4683 1908 4755 recipiendos
1930 4695 2135 4741 statue-

530 4762 643 4832 rit;
674 4763 772 4821 sed
802 4764 994 4822 iterum
1020 4767 1091 4824 ad
1118 4785 1254 4826 rem.

603 4856 677 4916 Ut
706 4857 939 4916 Damaso
962 4860 1063 4916 hos
1090 4860 1401 4937 Hieronymi
1426 4872 1687 4922 tractatus
1716 4908 1731 4935 ,
1770 4867 1842 4924 ita
1872 4867 2136 4942 Hierony-

530 4967 623 5011 mo
644 4950 905 5010 debemus
931 4953 1086 5012 binas
1127 4957 1339 5013 Damasi
1365 4959 1623 5031 epistolas
1650 5003 1665 5028 ,
1708 4977 1842 5034 quas
1874 4962 1968 5020 ille
1996 4964 2135 5020 inter

531 5059 661 5103 suas
687 5047 922 5104 servavit
950 5048 1210 5121 integras,
1239 5059 1402 5122 atque
1421 5052 1538 5123 ejus
1562 5065 1826 5125 praeterea
1858 5098 1875 5124 ,
1904 5072 2023 5128 qua
2048 5065 2133 5113 est

531 5138 603 5196 de
631 5137 771 5195 Filio
800 5140 1067 5197 luxurioso
1090 5152 1138 5197 et
1167 5143 1329 5217 frugi,
1355 5154 1583 5216 partem.
1616 5148 1749 5219 Quae
1783 5148 2008 5220 integra:
2041 5166 2133 5207 su-

532 5240 759 5303 persunt
783 5248 884 5289 suo
920 5231 1042 5291 loco
1064 5237 1332 5291 recensui.
1361 5238 1659 5296 Postrema:
1682 5256 1831 5310 vero,
1861 5258 1981 5314 qua:
2008 5259 2132 5315 per-

532 5324 639 5396 iit,
697 5340 816 5382 eam
885 5341 1047 5398 quam
1104 5326 1466 5402 Hieronymus
1511 5333 1777 5401 retinuit,
1818 5343 1878 5390 ut
1916 5335 2132 5393 Damasi

532 5414 839 5487 propriam,
869 5415 975 5473 hoc
1012 5417 1133 5474 loco
1162 5428 1370 5490 partem
1416 5422 1585 5480 aﬂ'ero
1615 5425 1708 5497 (ε).
1772 5424 1865 5481 Ais
1902 5429 2017 5499 quis
2060 5439 2133 5485 est

528 5507 627 5564 iste
650 5508 706 5565 in
741 5507 1022 5585 anngelio
1048 5522 1227 5585 pater,
1274 5513 1365 5585 qui
1397 5515 1597 5573 duobus
1636 5518 1762 5587 [iliis
1796 5520 2132 5580 substantiam

605 5642 686 5770 fa;
720 5645 889 5731 Epist.
922 5647 1050 5713 μϐ,
1080 5646 1245 5723 Oper.
1277 5658 1409 5734 tom.
1441 5648 1529 5708 111.

630 5714 659 5768 b
716 5716 886 5770 Emst.
916 5720 1008 5770 48.
1048 5719 1174 5770 Ver.
1204 5723 1336 5770 etin-

763 5719 886 5784 pist.
916 5720 1008 5784 48,
1048 5719 1174 5777 Ver.
1204 5722 1336 5779 edit.

607 5773 681 5860 ζα)
702 5773 843 5845 con.
865 5773 1025 5847 nam.
1054 5773 1174 5863 pii,
1199 5773 1411 5865 5.789.

2236 4690 2539 4762 interpretes
2592 4696 2768 4748 nostro
2821 4692 3038 4761 labore,
3092 4691 3266 4748 Roma
3317 4692 3571 4764 suscepit,
3623 4677 3799 4741 Damasi

2239 4798 2437 4854 nempe
2460 4782 2638 4855 jussu,
2669 4800 2829 4855 quem
2861 4796 3125 4856 praeterea
3151 4786 3252 4842 hac
3289 4793 3514 4858 accepta
3555 4776 3801 4837 occasione

2240 4875 2489 4945 diuinam,
2524 4886 2583 4932 ut
2607 4877 2930 4934 Anastasius
2958 4878 3053 4947 ait,
3083 4879 3351 4935 ordinasse
3363 4875 3802 4951 psalmodiam,pu‘

2240 4978 2356 5026 tant
2384 4970 2484 5026 viri
2516 4969 2683 5039 docti,
2712 4982 2862 5029 recto
2901 4972 3112 5030 scilicet
3142 4973 3411 5044 psallendi
3443 4986 3541 5044 per
3570 4961 3714 5026 Urbis
3733 4974 3801 5015 ec-

2238 5065 2437 5122 clesias
2464 5064 2659 5122 ordine
2695 5068 3016 5121 constituto.
3056 5065 3191 5121 Huic
3218 5065 3423 5121 deinde
3463 5062 3597 5119 illud
3622 5067 3805 5117 succes-

2236 5159 2327 5225 sit,
2373 5158 2518 5229 quod
2561 5158 2621 5215 S.
2665 5158 2828 5215 Pater
2878 5158 3181 5216 Bethlhemi
3232 5160 3448 5230 positus
3487 5172 3554 5214 ex
3598 5145 3804 5210 Hebreis

2235 5252 2477 5310 fontibus
2516 5255 2698 5320 vertit,
2746 5270 2809 5310 ac
2857 5255 3058 5325 ubique
3103 5266 3472 5327 praeterquam
3502 5256 3555 5311 in
3586 5250 3806 5308 Vaticana

2237 5345 2428 5404 eadem
2463 5346 2685 5403 basilica
2712 5357 2989 5420 postremo
3014 5348 3283 5416 obtinuit;
3319 5365 3426 5421 qua
3459 5357 3635 5405 tamen
3661 5342 3723 5398 de
3740 5350 3804 5402 re.

2239 5453 2308 5495 ne
2333 5438 2463 5511 (ἰυῖά
2501 5455 2603 5511 ego
2630 5441 2863 5512 amplius
2891 5441 3110 5510 addam,
3143 5442 3271 5499 fecit
3301 5442 3496 5500 labore
3531 5455 3628 5496 suo
3650 5437 3723 5490 vir
3747 5429 3805 5485 cl.

2238 5533 2406 5591 abbas
2426 5535 2693 5592 Antonius
2712 5536 3053 5593 Martinettus
3080 5536 3329 5609 ejusdem
3342 5536 3586 5594 basilica:
3609 5525 3806 5606 presbl'

2334 5667 2393 5745 d)
2415 5668 2703 5745 Qe‘Justit.
2734 5670 2897 5745 V_irg._
2910 5688 3037 5745 cap.
3061 5673 3097 5730 5
3123 5672 3191 5730 ad
3224 5672 3312 5733 12.

2333 5739 2381 5813 e)
2415 5739 2537 5800 Vid.
2571 5741 2727 5816 epist.
2752 5739 2858 5814 εις
2881 5739 3006 5802 γετὶ
3040 5744 3171 5802 edit.
