  <div class='ocr_page' id='page_1' title='image "/cluster/home/n/w/nwhite01/storage/ocr_20150623/13/hvd.32044015471295/138.png"; bbox 0 0 3950 6330; ppageno 0'>
   <div class='ocr_carea' id='block_1_1' title="bbox 260 226 2148 285">
    <p class='ocr_par' dir='ltr' id='par_1_1' title="bbox 260 226 2148 285">
     <span class='ocr_line' id='line_1_1' title="bbox 260 226 2148 285; baseline 0 -3"><span class='ocrx_word' id='word_1_1' title='bbox 260 226 347 284; x_wconf 75' lang='lat'><strong>9.65</strong></span> <span class='ocrx_word' id='word_1_2' title='bbox 1621 226 2148 285; x_wconf 69' lang='lat' dir='ltr'><strong>PROLEGOMENA.</strong></span> 
     </span>
    </p>
   </div>
   <div class='ocr_carea' id='block_1_2' title="bbox 3443 239 3548 298">
    <p class='ocr_par' dir='ltr' id='par_1_2' title="bbox 3443 239 3548 298">
     <span class='ocr_line' id='line_1_2' title="bbox 3443 239 3548 298; baseline 0.038 -4"><span class='ocrx_word' id='word_1_3' title='bbox 3443 239 3548 298; x_wconf 70' lang='lat'><strong>266</strong></span> 
     </span>
    </p>
   </div>
   <div class='ocr_carea' id='block_1_3' title="bbox 257 344 3547 416">
    <p class='ocr_par' dir='ltr' id='par_1_3' title="bbox 257 344 3547 416">
     <span class='ocr_line' id='line_1_3' title="bbox 257 344 3547 416; baseline 0.002 -14"><span class='ocrx_word' id='word_1_4' title='bbox 257 356 325 402; x_wconf 88' lang='lat' dir='ltr'><strong>ter</strong></span> <span class='ocrx_word' id='word_1_5' title='bbox 360 345 735 410; x_wconf 81' lang='lat' dir='ltr'><strong>lieneliciatus,</strong></span> <span class='ocrx_word' id='word_1_6' title='bbox 789 344 1046 415; x_wconf 79' lang='lat' dir='ltr'><strong>singulari</strong></span> <span class='ocrx_word' id='word_1_7' title='bbox 1093 344 1410 416; x_wconf 81' lang='lat' dir='ltr'><strong>eruditaqne</strong></span> <span class='ocrx_word' id='word_1_8' title='bbox 1456 345 1839 401; x_wconf 86' lang='lat' dir='ltr'><strong>dissertatione</strong></span> <span class='ocrx_word' id='word_1_9' title='bbox 1868 352 1916 411; x_wconf 80' lang='grc' dir='ltr'><strong>Λ</strong></span> <span class='ocrx_word' id='word_1_10' title='bbox 1946 344 2304 416; x_wconf 77' lang='lat' dir='ltr'><strong>exscriptum,</strong></span> <span class='ocrx_word' id='word_1_11' title='bbox 2340 346 2390 401; x_wconf 89' lang='lat' dir='ltr'><strong>in</strong></span> <span class='ocrx_word' id='word_1_12' title='bbox 2417 345 2763 402; x_wconf 85' lang='lat' dir='ltr'><strong>Barberiuam</strong></span> <span class='ocrx_word' id='word_1_13' title='bbox 2813 348 2917 403; x_wconf 86' lang='lat' dir='ltr'><strong>BB.</strong></span> <span class='ocrx_word' id='word_1_14' title='bbox 2954 349 3304 416; x_wconf 86' lang='lat' dir='ltr'><strong>illatum,tibi</strong></span> <span class='ocrx_word' id='word_1_15' title='bbox 3351 354 3547 411; x_wconf 88' lang='lat' dir='ltr'><strong>sisten-</strong></span> 
     </span>
    </p>
   </div>
   <div class='ocr_carea' id='block_1_4' title="bbox 254 439 1838 511">
    <p class='ocr_par' dir='ltr' id='par_1_4' title="bbox 254 439 1838 511">
     <span class='ocr_line' id='line_1_4' title="bbox 254 439 1838 511; baseline -0.001 -16"><span class='ocrx_word' id='word_1_16' title='bbox 254 441 312 496; x_wconf 89' lang='lat' dir='ltr'><strong>dc</strong></span> <span class='ocrx_word' id='word_1_17' title='bbox 343 439 579 494; x_wconf 85' lang='lat' dir='ltr'><strong>Romano</strong></span> <span class='ocrx_word' id='word_1_18' title='bbox 624 439 886 494; x_wconf 89' lang='lat' dir='ltr'><strong>Psalterio</strong></span> <span class='ocrx_word' id='word_1_19' title='bbox 934 439 1216 511; x_wconf 81' lang='lat' dir='ltr'><strong>inscripta,</strong></span> <span class='ocrx_word' id='word_1_20' title='bbox 1250 455 1409 511; x_wconf 86' lang='lat' dir='ltr'><strong>quam</strong></span> <span class='ocrx_word' id='word_1_21' title='bbox 1445 448 1516 508; x_wconf 91' lang='lat' dir='ltr'><strong>te,</strong></span> <span class='ocrx_word' id='word_1_22' title='bbox 1547 440 1592 495; x_wconf 88' lang='lat' dir='ltr'><strong>si</strong></span> <span class='ocrx_word' id='word_1_23' title='bbox 1636 442 1838 507; x_wconf 91' lang='lat' dir='ltr'><strong>lubeat,</strong></span> 
     </span>
    </p>
   </div>
   <div class='ocr_carea' id='block_1_5' title="bbox 256 533 965 606">
    <p class='ocr_par' dir='ltr' id='par_1_5' title="bbox 256 533 965 606">
     <span class='ocr_line' id='line_1_5' title="bbox 256 533 965 606; baseline -0.004 -15"><span class='ocrx_word' id='word_1_24' title='bbox 256 535 577 591; x_wconf 84' lang='lat' dir='ltr'><strong>consuluisse</strong></span> <span class='ocrx_word' id='word_1_25' title='bbox 604 550 710 590; x_wconf 92' lang='lat' dir='ltr'><strong>non</strong></span> <span class='ocrx_word' id='word_1_26' title='bbox 740 533 965 606; x_wconf 86' lang='lat' dir='ltr'><strong>pigebit.</strong></span> 
     </span>
    </p>
   </div>
   <div class='ocr_carea' id='block_1_6' title="bbox 314 627 1838 701">
    <p class='ocr_par' dir='ltr' id='par_1_6' title="bbox 314 627 1838 701">
     <span class='ocr_line' id='line_1_6' title="bbox 314 627 1838 701; baseline 0 -16"><span class='ocrx_word' id='word_1_27' title='bbox 314 628 415 685; x_wconf 84' lang='lat' dir='ltr'><strong>Sed</strong></span> <span class='ocrx_word' id='word_1_28' title='bbox 440 628 581 694; x_wconf 73' lang='lat' dir='ltr'><strong>lucc,</strong></span> <span class='ocrx_word' id='word_1_29' title='bbox 609 643 731 698; x_wconf 76' lang='lat' dir='ltr'><strong>qua:</strong></span> <span class='ocrx_word' id='word_1_30' title='bbox 752 642 853 699; x_wconf 88' lang='lat' dir='ltr'><strong>ego</strong></span> <span class='ocrx_word' id='word_1_31' title='bbox 876 627 1049 700; x_wconf 86' lang='lat' dir='ltr'><strong>attigi,</strong></span> <span class='ocrx_word' id='word_1_32' title='bbox 1074 628 1226 699; x_wconf 82' lang='lat' dir='ltr'><strong>iuvat</strong></span> <span class='ocrx_word' id='word_1_33' title='bbox 1257 644 1398 684; x_wconf 90' lang='lat' dir='ltr'><strong>nunc</strong></span> <span class='ocrx_word' id='word_1_34' title='bbox 1423 630 1475 685; x_wconf 92' lang='lat' dir='ltr'><strong>in</strong></span> <span class='ocrx_word' id='word_1_35' title='bbox 1504 630 1660 701; x_wconf 77' lang='lat' dir='ltr'><strong>gestis</strong></span> <span class='ocrx_word' id='word_1_36' title='bbox 1690 629 1838 700; x_wconf 85' lang='lat' dir='ltr'><strong>ejus-</strong></span> 
     </span>
    </p>
   </div>
   <div class='ocr_carea' id='block_1_7' title="bbox 251 722 1842 794">
    <p class='ocr_par' dir='ltr' id='par_1_7' title="bbox 251 722 1842 794">
     <span class='ocr_line' id='line_1_7' title="bbox 251 722 1842 794; baseline 0.003 -16"><span class='ocrx_word' id='word_1_37' title='bbox 251 722 358 780; x_wconf 89' lang='lat' dir='ltr'><strong>dem</strong></span> <span class='ocrx_word' id='word_1_38' title='bbox 398 723 617 778; x_wconf 84' lang='lat' dir='ltr'><strong>Damasi</strong></span> <span class='ocrx_word' id='word_1_39' title='bbox 663 738 728 779; x_wconf 85' lang='lat' dir='ltr'><strong>ex</strong></span> <span class='ocrx_word' id='word_1_40' title='bbox 775 722 1017 779; x_wconf 88' lang='lat' dir='ltr'><strong>archivio</strong></span> <span class='ocrx_word' id='word_1_41' title='bbox 1071 723 1343 779; x_wconf 62' lang='lat' dir='ltr'><strong>Vaticanus</strong></span> <span class='ocrx_word' id='word_1_42' title='bbox 1373 724 1541 794; x_wconf 90' lang='lat' dir='ltr'><strong>ipsius</strong></span> <span class='ocrx_word' id='word_1_43' title='bbox 1595 726 1842 783; x_wconf 75' lang='lat' dir='ltr'><strong>ecclesia:</strong></span> 
     </span>
    </p>
   </div>
   <div class='ocr_carea' id='block_1_8' title="bbox 251 814 1837 886">
    <p class='ocr_par' dir='ltr' id='par_1_8' title="bbox 251 814 1837 886">
     <span class='ocr_line' id='line_1_8' title="bbox 251 814 1837 886; baseline 0.003 -16"><span class='ocrx_word' id='word_1_44' title='bbox 251 815 461 871; x_wconf 85' lang='lat' dir='ltr'><strong>uberius</strong></span> <span class='ocrx_word' id='word_1_45' title='bbox 511 830 771 886; x_wconf 73' lang='lat' dir='ltr'><strong>expressa</strong></span> <span class='ocrx_word' id='word_1_46' title='bbox 823 814 1078 871; x_wconf 84' lang='lat' dir='ltr'><strong>referre:</strong></span> <span class='ocrx_word' id='word_1_47' title='bbox 1113 816 1296 872; x_wconf 80' lang='lat' dir='ltr'><strong>Sciens</strong></span> <span class='ocrx_word' id='word_1_48' title='bbox 1342 817 1506 872; x_wconf 85' lang='lat' dir='ltr'><strong>virum</strong></span> <span class='ocrx_word' id='word_1_49' title='bbox 1552 818 1837 886; x_wconf 90' lang='lat' dir='ltr'><strong>(sanctum</strong></span> 
     </span>
    </p>
   </div>
   <div class='ocr_carea' id='block_1_9' title="bbox 252 908 1840 984">
    <p class='ocr_par' dir='ltr' id='par_1_9' title="bbox 252 908 1840 984">
     <span class='ocr_line' id='line_1_9' title="bbox 252 908 1840 984; baseline 0.002 -20"><span class='ocrx_word' id='word_1_50' title='bbox 252 908 667 982; x_wconf 85' lang='lat' dir='ltr'><strong>Hieronymum)</strong></span> <span class='ocrx_word' id='word_1_51' title='bbox 696 910 747 964; x_wconf 90' lang='lat' dir='ltr'><strong>in</strong></span> <span class='ocrx_word' id='word_1_52' title='bbox 772 910 1001 965; x_wconf 89' lang='lat' dir='ltr'><strong>amniunt</strong></span> <span class='ocrx_word' id='word_1_53' title='bbox 1032 910 1325 966; x_wconf 76' lang='lat' dir='ltr'><strong>diversitate</strong></span> <span class='ocrx_word' id='word_1_54' title='bbox 1353 912 1651 983; x_wconf 78' lang='lat' dir='ltr'><strong>linguarum</strong></span> <span class='ocrx_word' id='word_1_55' title='bbox 1694 913 1840 984; x_wconf 72' lang='grc' dir='ltr'><strong>ευσε-</strong></span> 
     </span>
    </p>
   </div>
   <div class='ocr_carea' id='block_1_10' title="bbox 251 1004 1842 1076">
    <p class='ocr_par' dir='ltr' id='par_1_10' title="bbox 251 1004 1842 1076">
     <span class='ocr_line' id='line_1_10' title="bbox 251 1004 1842 1076; baseline 0.004 -19"><span class='ocrx_word' id='word_1_56' title='bbox 251 1004 425 1058; x_wconf 86' lang='lat' dir='ltr'><strong>cienter</strong></span> <span class='ocrx_word' id='word_1_57' title='bbox 452 1004 779 1069; x_wconf 87' lang='lat' dir='ltr'><strong>instructum,</strong></span> <span class='ocrx_word' id='word_1_58' title='bbox 809 1005 960 1076; x_wconf 69' lang='lat' dir='ltr'><strong>erepit</strong></span> <span class='ocrx_word' id='word_1_59' title='bbox 1005 1022 1120 1061; x_wconf 90' lang='lat' dir='ltr'><strong>eum</strong></span> <span class='ocrx_word' id='word_1_60' title='bbox 1157 1006 1225 1059; x_wconf 90' lang='lat' dir='ltr'><strong>ad</strong></span> <span class='ocrx_word' id='word_1_61' title='bbox 1265 1006 1683 1076; x_wconf 75' lang='lat' dir='ltr'><strong>explanationem</strong></span> <span class='ocrx_word' id='word_1_62' title='bbox 1710 1009 1842 1064; x_wconf 84' lang='lat' dir='ltr'><strong>divi-</strong></span> 
     </span>
    </p>
   </div>
   <div class='ocr_carea' id='block_1_11' title="bbox 250 1097 1842 1173">
    <p class='ocr_par' dir='ltr' id='par_1_11' title="bbox 250 1097 1842 1173">
     <span class='ocr_line' id='line_1_11' title="bbox 250 1097 1842 1173; baseline 0.005 -24"><span class='ocrx_word' id='word_1_63' title='bbox 250 1114 421 1151; x_wconf 86' lang='lat' dir='ltr'><strong>narum</strong></span> <span class='ocrx_word' id='word_1_64' title='bbox 455 1097 848 1168; x_wconf 83' lang='lat' dir='ltr'><strong>Scripturarnnt</strong></span> <span class='ocrx_word' id='word_1_65' title='bbox 872 1099 1156 1168; x_wconf 78' lang='lat' dir='ltr'><strong>impellere,</strong></span> <span class='ocrx_word' id='word_1_66' title='bbox 1187 1110 1234 1154; x_wconf 88' lang='lat' dir='ltr'><strong>et</strong></span> <span class='ocrx_word' id='word_1_67' title='bbox 1258 1101 1623 1166; x_wconf 82' lang='lat' dir='ltr'><strong>qtucstianibus</strong></span> <span class='ocrx_word' id='word_1_68' title='bbox 1647 1101 1842 1173; x_wconf 72' lang='lat' dir='ltr'><strong>difﬁcil-</strong></span> 
     </span>
    </p>
   </div>
   <div class='ocr_carea' id='block_1_12' title="bbox 249 1191 1840 1268">
    <p class='ocr_par' dir='ltr' id='par_1_12' title="bbox 249 1191 1840 1268">
     <span class='ocr_line' id='line_1_12' title="bbox 249 1191 1840 1268; baseline 0.005 -24"><span class='ocrx_word' id='word_1_69' title='bbox 249 1191 371 1245; x_wconf 80' lang='lat' dir='ltr'><strong>limis</strong></span> <span class='ocrx_word' id='word_1_70' title='bbox 400 1192 631 1264; x_wconf 84' lang='lat' dir='ltr'><strong>pulsare.</strong></span> <span class='ocrx_word' id='word_1_71' title='bbox 667 1193 730 1247; x_wconf 80' lang='lat' dir='ltr'><strong>At</strong></span> <span class='ocrx_word' id='word_1_72' title='bbox 756 1193 846 1247; x_wconf 86' lang='lat' dir='ltr'><strong>ille</strong></span> <span class='ocrx_word' id='word_1_73' title='bbox 884 1194 1093 1248; x_wconf 75' lang='lat' dir='ltr'><strong>libenter</strong></span> <span class='ocrx_word' id='word_1_74' title='bbox 1123 1194 1389 1261; x_wconf 80' lang='lat' dir='ltr'><strong>obedims,</strong></span> <span class='ocrx_word' id='word_1_75' title='bbox 1435 1197 1596 1251; x_wconf 91' lang='lat' dir='ltr'><strong>multa</strong></span> <span class='ocrx_word' id='word_1_76' title='bbox 1623 1200 1840 1268; x_wconf 82' lang='lat' dir='ltr'><strong>posteris</strong></span> 
     </span>
    </p>
   </div>
   <div class='ocr_carea' id='block_1_13' title="bbox 247 1287 1840 1360">
    <p class='ocr_par' dir='ltr' id='par_1_13' title="bbox 247 1287 1840 1360">
     <span class='ocr_line' id='line_1_13' title="bbox 247 1287 1840 1360; baseline 0.004 -23"><span class='ocrx_word' id='word_1_77' title='bbox 247 1290 509 1359; x_wconf 77' lang='lat' dir='ltr'><strong>profutura</strong></span> <span class='ocrx_word' id='word_1_78' title='bbox 536 1289 646 1356; x_wconf 82' lang='lat' dir='ltr'><strong>ejus</strong></span> <span class='ocrx_word' id='word_1_79' title='bbox 666 1287 861 1341; x_wconf 81' lang='lat' dir='ltr'><strong>nomini</strong></span> <span class='ocrx_word' id='word_1_80' title='bbox 890 1287 1167 1354; x_wconf 77' lang='lat' dir='ltr'><strong>dedicavit,</strong></span> <span class='ocrx_word' id='word_1_81' title='bbox 1199 1306 1413 1358; x_wconf 89' lang='lat' dir='ltr'><strong>quarunt</strong></span> <span class='ocrx_word' id='word_1_82' title='bbox 1443 1290 1679 1360; x_wconf 71' lang='lat' dir='ltr'><strong>qua&#39;dam</strong></span> <span class='ocrx_word' id='word_1_83' title='bbox 1710 1291 1840 1344; x_wconf 81' lang='lat' dir='ltr'><strong>inter</strong></span> 
     </span>
    </p>
   </div>
   <div class='ocr_carea' id='block_1_14' title="bbox 247 1380 1838 1454">
    <p class='ocr_par' dir='ltr' id='par_1_14' title="bbox 247 1380 1838 1454">
     <span class='ocr_line' id='line_1_14' title="bbox 247 1380 1838 1454; baseline 0.002 -21"><span class='ocrx_word' id='word_1_84' title='bbox 247 1383 342 1454; x_wconf 85' lang='lat' dir='ltr'><strong>ejus</strong></span> <span class='ocrx_word' id='word_1_85' title='bbox 369 1380 622 1451; x_wconf 77' lang='lat' dir='ltr'><strong>epistolas</strong></span> <span class='ocrx_word' id='word_1_86' title='bbox 648 1381 991 1447; x_wconf 84' lang='lat' dir='ltr'><strong>continentur,</strong></span> <span class='ocrx_word' id='word_1_87' title='bbox 1022 1391 1077 1436; x_wconf 87' lang='lat' dir='ltr'><strong>ut</strong></span> <span class='ocrx_word' id='word_1_88' title='bbox 1123 1391 1243 1436; x_wconf 92' lang='lat' dir='ltr'><strong>sunt</strong></span> <span class='ocrx_word' id='word_1_89' title='bbox 1276 1382 1559 1437; x_wconf 83' lang='lat' dir='ltr'><strong>solutiones</strong></span> <span class='ocrx_word' id='word_1_90' title='bbox 1596 1401 1838 1454; x_wconf 88' lang='lat' dir='ltr'><strong>quarunt-</strong></span> 
     </span>
    </p>
   </div>
   <div class='ocr_carea' id='block_1_15' title="bbox 247 1476 1839 1547">
    <p class='ocr_par' dir='ltr' id='par_1_15' title="bbox 247 1476 1839 1547">
     <span class='ocr_line' id='line_1_15' title="bbox 247 1476 1839 1547; baseline 0.002 -19"><span class='ocrx_word' id='word_1_91' title='bbox 247 1476 353 1529; x_wconf 87' lang='lat' dir='ltr'><strong>dam</strong></span> <span class='ocrx_word' id='word_1_92' title='bbox 381 1478 729 1547; x_wconf 65' lang='lat' dir='ltr'><strong>quaestionum</strong></span> <span class='ocrx_word' id='word_1_93' title='bbox 770 1476 887 1531; x_wconf 86' lang='lat' dir='ltr'><strong>libri</strong></span> <span class='ocrx_word' id='word_1_94' title='bbox 930 1476 1162 1542; x_wconf 82' lang='lat' dir='ltr'><strong>Genesis,</strong></span> <span class='ocrx_word' id='word_1_95' title='bbox 1210 1478 1439 1533; x_wconf 73' lang='lat' dir='ltr'><strong>homiliat</strong></span> <span class='ocrx_word' id='word_1_96' title='bbox 1478 1480 1532 1532; x_wconf 90' lang='lat' dir='ltr'><strong>in</strong></span> <span class='ocrx_word' id='word_1_97' title='bbox 1570 1477 1839 1532; x_wconf 87' lang='lat' dir='ltr'><strong>Canticum</strong></span> 
     </span>
    </p>
   </div>
   <div class='ocr_carea' id='block_1_16' title="bbox 243 1554 1840 1638">
    <p class='ocr_par' dir='ltr' id='par_1_16' title="bbox 243 1554 1840 1638">
     <span class='ocr_line' id='line_1_16' title="bbox 243 1554 1840 1638; baseline 0.002 -16"><span class='ocrx_word' id='word_1_98' title='bbox 243 1569 577 1638; x_wconf 85' lang='lat' dir='ltr'><strong>canticorum,</strong></span> <span class='ocrx_word' id='word_1_99' title='bbox 608 1568 670 1623; x_wconf 86' lang='lat' dir='ltr'><strong>de</strong></span> <span class='ocrx_word' id='word_1_100' title='bbox 702 1566 951 1624; x_wconf 82' lang='lat' dir='ltr'><strong>Hasanna</strong></span> <span class='ocrx_word' id='word_1_101' title='bbox 979 1568 1105 1623; x_wconf 90' lang='lat' dir='ltr'><strong>liber</strong></span> <span class='ocrx_word' id='word_1_102' title='bbox 1131 1586 1284 1633; x_wconf 90' lang='lat' dir='ltr'><strong>unus,</strong></span> <span class='ocrx_word' id='word_1_103' title='bbox 1312 1570 1374 1623; x_wconf 91' lang='lat' dir='ltr'><strong>de</strong></span> <span class='ocrx_word' id='word_1_104' title='bbox 1396 1582 1559 1626; x_wconf 86' lang='lat' dir='ltr'><strong>morte</strong></span> <span class='ocrx_word' id='word_1_105' title='bbox 1589 1554 1840 1637; x_wconf 51' lang='lat' dir='ltr'><strong>(nitiade</strong></span> 
     </span>
    </p>
   </div>
   <div class='ocr_carea' id='block_1_17' title="bbox 247 1661 1839 1736">
    <p class='ocr_par' dir='ltr' id='par_1_17' title="bbox 247 1661 1839 1736">
     <span class='ocr_line' id='line_1_17' title="bbox 247 1661 1839 1736; baseline -0.001 -17"><span class='ocrx_word' id='word_1_106' title='bbox 247 1661 516 1733; x_wconf 84' lang='lat' dir='ltr'><strong>Seraphint</strong></span> <span class='ocrx_word' id='word_1_107' title='bbox 543 1671 589 1716; x_wconf 87' lang='lat' dir='ltr'><strong>et</strong></span> <span class='ocrx_word' id='word_1_108' title='bbox 618 1661 833 1717; x_wconf 83' lang='lat' dir='ltr'><strong>Calculo</strong></span> <span class='ocrx_word' id='word_1_109' title='bbox 860 1663 986 1717; x_wconf 89' lang='lat' dir='ltr'><strong>liber</strong></span> <span class='ocrx_word' id='word_1_110' title='bbox 1020 1680 1174 1732; x_wconf 85' lang='lat' dir='ltr'><strong>unus,</strong></span> <span class='ocrx_word' id='word_1_111' title='bbox 1202 1673 1251 1717; x_wconf 92' lang='lat' dir='ltr'><strong>et</strong></span> <span class='ocrx_word' id='word_1_112' title='bbox 1281 1662 1345 1717; x_wconf 90' lang='lat' dir='ltr'><strong>de</strong></span> <span class='ocrx_word' id='word_1_113' title='bbox 1375 1662 1608 1736; x_wconf 84' lang='lat' dir='ltr'><strong>Pradiga</strong></span> <span class='ocrx_word' id='word_1_114' title='bbox 1638 1665 1748 1734; x_wconf 86' lang='lat' dir='ltr'><strong>ﬁlia</strong></span> <span class='ocrx_word' id='word_1_115' title='bbox 1776 1663 1839 1717; x_wconf 90' lang='lat' dir='ltr'><strong>li-</strong></span> 
     </span>
    </p>
   </div>
   <div class='ocr_carea' id='block_1_18' title="bbox 247 1756 1839 1829">
    <p class='ocr_par' dir='ltr' id='par_1_18' title="bbox 247 1756 1839 1829">
     <span class='ocr_line' id='line_1_18' title="bbox 247 1756 1839 1829; baseline -0.002 -16"><span class='ocrx_word' id='word_1_116' title='bbox 247 1760 317 1813; x_wconf 86' lang='lat' dir='ltr'><strong>ber</strong></span> <span class='ocrx_word' id='word_1_117' title='bbox 341 1775 499 1813; x_wconf 85' lang='lat' dir='ltr'><strong>unus.</strong></span> <span class='ocrx_word' id='word_1_118' title='bbox 534 1757 733 1813; x_wconf 90' lang='lat' dir='ltr'><strong>Serient</strong></span> <span class='ocrx_word' id='word_1_119' title='bbox 751 1772 950 1829; x_wconf 90' lang='lat' dir='ltr'><strong>quoque</strong></span> <span class='ocrx_word' id='word_1_120' title='bbox 970 1766 1191 1827; x_wconf 85' lang='lat' dir='ltr'><strong>quatuor</strong></span> <span class='ocrx_word' id='word_1_121' title='bbox 1214 1756 1638 1828; x_wconf 80' lang='lat' dir='ltr'><strong>Evangeliorutn,</strong></span> <span class='ocrx_word' id='word_1_122' title='bbox 1672 1758 1839 1813; x_wconf 62' lang='lat' dir='ltr'><strong>divero</strong></span> 
     </span>
    </p>
   </div>
   <div class='ocr_carea' id='block_1_19' title="bbox 1949 442 3546 521">
    <p class='ocr_par' dir='ltr' id='par_1_19' title="bbox 1949 442 3546 521">
     <span class='ocr_line' id='line_1_19' title="bbox 1949 442 3546 521; baseline 0.006 -24"><span class='ocrx_word' id='word_1_123' title='bbox 1949 442 2075 498; x_wconf 91' lang='lat' dir='ltr'><strong>dum</strong></span> <span class='ocrx_word' id='word_1_124' title='bbox 2135 442 2237 498; x_wconf 89' lang='lat' dir='ltr'><strong>hoc</strong></span> <span class='ocrx_word' id='word_1_125' title='bbox 2286 443 2406 500; x_wconf 84' lang='lat' dir='ltr'><strong>loco</strong></span> <span class='ocrx_word' id='word_1_126' title='bbox 2457 445 2686 513; x_wconf 83' lang='lat' dir='ltr'><strong>censui,</strong></span> <span class='ocrx_word' id='word_1_127' title='bbox 2744 454 2803 500; x_wconf 90' lang='lat' dir='ltr'><strong>ut.</strong></span> <span class='ocrx_word' id='word_1_128' title='bbox 2859 446 3125 515; x_wconf 84' lang='lat' dir='ltr'><strong>dijudices</strong></span> <span class='ocrx_word' id='word_1_129' title='bbox 3167 457 3365 519; x_wconf 83' lang='lat' dir='ltr'><strong>quanta</strong></span> <span class='ocrx_word' id='word_1_130' title='bbox 3429 452 3546 521; x_wconf 83' lang='lat' dir='ltr'><strong>ejus</strong></span> 
     </span>
    </p>
   </div>
   <div class='ocr_carea' id='block_1_20' title="bbox 1946 536 3081 611">
    <p class='ocr_par' dir='ltr' id='par_1_20' title="bbox 1946 536 3081 611">
     <span class='ocr_line' id='line_1_20' title="bbox 1946 536 3081 611; baseline 0.003 -18"><span class='ocrx_word' id='word_1_131' title='bbox 1946 536 2110 593; x_wconf 87' lang='lat' dir='ltr'><strong>etiam</strong></span> <span class='ocrx_word' id='word_1_132' title='bbox 2159 539 2455 594; x_wconf 76' lang='lat' dir='ltr'><strong>auctoritas</strong></span> <span class='ocrx_word' id='word_1_133' title='bbox 2481 553 2603 595; x_wconf 88' lang='lat' dir='ltr'><strong>esse</strong></span> <span class='ocrx_word' id='word_1_134' title='bbox 2635 554 2792 611; x_wconf 83' lang='lat' dir='ltr'><strong>posse</strong></span> <span class='ocrx_word' id='word_1_135' title='bbox 2817 540 3081 598; x_wconf 79' lang='lat' dir='ltr'><strong>videatur.</strong></span> 
     </span>
    </p>
   </div>
   <div class='ocr_carea' id='block_1_21' title="bbox 2230 678 3255 757">
    <p class='ocr_par' dir='ltr' id='par_1_21' title="bbox 2230 678 3255 757">
     <span class='ocr_line' id='line_1_21' title="bbox 2230 678 3255 757; baseline 0.005 -24"><span class='ocrx_word' id='word_1_136' title='bbox 2230 678 2369 734; x_wconf 75' lang='lat' dir='ltr'><strong>Vin</strong></span> <span class='ocrx_word' id='word_1_137' title='bbox 2422 695 2488 734; x_wconf 77' lang='lat' dir='ltr'><strong>er</strong></span> <span class='ocrx_word' id='word_1_138' title='bbox 2529 695 2694 736; x_wconf 60' lang='lat' dir='ltr'><strong>serus</strong></span> <span class='ocrx_word' id='word_1_139' title='bbox 2734 680 2798 736; x_wconf 87' lang='grc' dir='ltr'><strong>Β.</strong></span> <span class='ocrx_word' id='word_1_140' title='bbox 2844 681 3047 738; x_wconf 61' lang='lat' dir='ltr'><strong>Duas:</strong></span> <span class='ocrx_word' id='word_1_141' title='bbox 3085 700 3255 757; x_wconf 56' lang='lat' dir='ltr'><strong>papa.</strong></span> 
     </span>
    </p>
   </div>
   <div class='ocr_carea' id='block_1_22' title="bbox 2019 816 3541 893">
    <p class='ocr_par' dir='ltr' id='par_1_22' title="bbox 2019 816 3541 893">
     <span class='ocr_line' id='line_1_22' title="bbox 2019 816 3541 893; baseline 0.004 -22"><span class='ocrx_word' id='word_1_142' title='bbox 2019 816 2313 887; x_wconf 88' lang='lat' dir='ltr'><strong>Imperante</strong></span> <span class='ocrx_word' id='word_1_143' title='bbox 2342 816 2644 873; x_wconf 88' lang='lat' dir='ltr'><strong>Constantio</strong></span> <span class='ocrx_word' id='word_1_144' title='bbox 2672 819 2781 885; x_wconf 84' lang='lat' dir='ltr'><strong>ﬁlia</strong></span> <span class='ocrx_word' id='word_1_145' title='bbox 2805 818 2986 893; x_wconf 81' lang='lat' dir='ltr'><strong>Magni</strong></span> <span class='ocrx_word' id='word_1_146' title='bbox 3015 820 3361 889; x_wconf 83' lang='lat' dir='ltr'><strong>Constantini,</strong></span> <span class='ocrx_word' id='word_1_147' title='bbox 3390 821 3541 878; x_wconf 81' lang='lat' dir='ltr'><strong>Libe-</strong></span> 
     </span>
    </p>
   </div>
   <div class='ocr_carea' id='block_1_23' title="bbox 1943 909 3549 985">
    <p class='ocr_par' dir='ltr' id='par_1_23' title="bbox 1943 909 3549 985">
     <span class='ocr_line' id='line_1_23' title="bbox 1943 909 3549 985; baseline 0.004 -21"><span class='ocrx_word' id='word_1_148' title='bbox 1943 909 2051 965; x_wconf 89' lang='lat' dir='ltr'><strong>rius</strong></span> <span class='ocrx_word' id='word_1_149' title='bbox 2092 910 2233 965; x_wconf 83' lang='lat' dir='ltr'><strong>urbis</strong></span> <span class='ocrx_word' id='word_1_150' title='bbox 2261 910 2440 967; x_wconf 74' lang='lat' dir='ltr'><strong>Roma:</strong></span> <span class='ocrx_word' id='word_1_151' title='bbox 2468 911 2772 981; x_wconf 79' lang='lat' dir='ltr'><strong>prcesidebat</strong></span> <span class='ocrx_word' id='word_1_152' title='bbox 2809 913 3098 984; x_wconf 83' lang='lat' dir='ltr'><strong>episcopus,</strong></span> <span class='ocrx_word' id='word_1_153' title='bbox 3131 915 3220 985; x_wconf 88' lang='lat' dir='ltr'><strong>qui</strong></span> <span class='ocrx_word' id='word_1_154' title='bbox 3264 916 3396 969; x_wconf 90' lang='lat' dir='ltr'><strong>mira</strong></span> <span class='ocrx_word' id='word_1_155' title='bbox 3434 917 3549 980; x_wconf 82' lang='lat' dir='ltr'><strong>qui-</strong></span> 
     </span>
    </p>
   </div>
   <div class='ocr_carea' id='block_1_24' title="bbox 1945 1003 3546 1077">
    <p class='ocr_par' dir='ltr' id='par_1_24' title="bbox 1945 1003 3546 1077">
     <span class='ocr_line' id='line_1_24' title="bbox 1945 1003 3546 1077; baseline 0.004 -21"><span class='ocrx_word' id='word_1_156' title='bbox 1945 1003 2064 1057; x_wconf 85' lang='lat' dir='ltr'><strong>dem</strong></span> <span class='ocrx_word' id='word_1_157' title='bbox 2086 1004 2339 1076; x_wconf 88' lang='lat' dir='ltr'><strong>sopientia</strong></span> <span class='ocrx_word' id='word_1_158' title='bbox 2368 1015 2415 1057; x_wconf 91' lang='lat' dir='ltr'><strong>et</strong></span> <span class='ocrx_word' id='word_1_159' title='bbox 2438 1005 2708 1059; x_wconf 82' lang='lat' dir='ltr'><strong>virtutibus</strong></span> <span class='ocrx_word' id='word_1_160' title='bbox 2739 1016 2964 1076; x_wconf 87' lang='lat' dir='ltr'><strong>tentpore</strong></span> <span class='ocrx_word' id='word_1_161' title='bbox 2988 1008 3211 1077; x_wconf 87' lang='lat' dir='ltr'><strong>quodattt</strong></span> <span class='ocrx_word' id='word_1_162' title='bbox 3241 1011 3444 1075; x_wconf 87' lang='lat' dir='ltr'><strong>enituit,</strong></span> <span class='ocrx_word' id='word_1_163' title='bbox 3473 1011 3546 1063; x_wconf 88' lang='lat' dir='ltr'><strong>ita</strong></span> 
     </span>
    </p>
   </div>
   <div class='ocr_carea' id='block_1_25' title="bbox 1944 1090 3546 1169">
    <p class='ocr_par' dir='ltr' id='par_1_25' title="bbox 1944 1090 3546 1169">
     <span class='ocr_line' id='line_1_25' title="bbox 1944 1090 3546 1169; baseline 0.003 -17"><span class='ocrx_word' id='word_1_164' title='bbox 1944 1099 2151 1169; x_wconf 84' lang='lat' dir='ltr'><strong>quidem</strong></span> <span class='ocrx_word' id='word_1_165' title='bbox 2191 1108 2245 1154; x_wconf 88' lang='lat' dir='ltr'><strong>ut</strong></span> <span class='ocrx_word' id='word_1_166' title='bbox 2276 1099 2666 1155; x_wconf 84' lang='lat' dir='ltr'><strong>Constantinum</strong></span> <span class='ocrx_word' id='word_1_167' title='bbox 2704 1099 2985 1155; x_wconf 80' lang='lat' dir='ltr'><strong>Christiani</strong></span> <span class='ocrx_word' id='word_1_168' title='bbox 3020 1090 3240 1157; x_wconf 80' lang='lat' dir='ltr'><strong>nominis</strong></span> <span class='ocrx_word' id='word_1_169' title='bbox 3280 1105 3546 1158; x_wconf 85' lang='lat' dir='ltr'><strong>inimicum</strong></span> 
     </span>
    </p>
   </div>
   <div class='ocr_carea' id='block_1_26' title="bbox 1943 1192 3547 1267">
    <p class='ocr_par' dir='ltr' id='par_1_26' title="bbox 1943 1192 3547 1267">
     <span class='ocr_line' id='line_1_26' title="bbox 1943 1192 3547 1267; baseline 0.004 -21"><span class='ocrx_word' id='word_1_170' title='bbox 1943 1192 2143 1264; x_wconf 82' lang='lat' dir='ltr'><strong>publice</strong></span> <span class='ocrx_word' id='word_1_171' title='bbox 2174 1192 2525 1266; x_wconf 84' lang='lat' dir='ltr'><strong>redargueret,</strong></span> <span class='ocrx_word' id='word_1_172' title='bbox 2554 1209 2788 1247; x_wconf 86' lang='lat' dir='ltr'><strong>asserens</strong></span> <span class='ocrx_word' id='word_1_173' title='bbox 2811 1210 2923 1247; x_wconf 87' lang='lat' dir='ltr'><strong>eum</strong></span> <span class='ocrx_word' id='word_1_174' title='bbox 2955 1205 3067 1265; x_wconf 87' lang='lat' dir='ltr'><strong>post</strong></span> <span class='ocrx_word' id='word_1_175' title='bbox 3093 1195 3403 1252; x_wconf 70' lang='lat' dir='ltr'><strong>Christiania</strong></span> <span class='ocrx_word' id='word_1_176' title='bbox 3421 1213 3547 1267; x_wconf 86' lang='lat' dir='ltr'><strong>pro-</strong></span> 
     </span>
    </p>
   </div>
   <div class='ocr_carea' id='block_1_27' title="bbox 1942 1287 3545 1359">
    <p class='ocr_par' dir='ltr' id='par_1_27' title="bbox 1942 1287 3545 1359">
     <span class='ocr_line' id='line_1_27' title="bbox 1942 1287 3545 1359; baseline 0.002 -17"><span class='ocrx_word' id='word_1_177' title='bbox 1942 1287 2179 1358; x_wconf 83' lang='lat' dir='ltr'><strong>fessionis</strong></span> <span class='ocrx_word' id='word_1_178' title='bbox 2218 1288 2609 1357; x_wconf 84' lang='lat' dir='ltr'><strong>susceptionem,</strong></span> <span class='ocrx_word' id='word_1_179' title='bbox 2642 1287 2852 1357; x_wconf 82' lang='lat' dir='ltr'><strong>[amulis</strong></span> <span class='ocrx_word' id='word_1_180' title='bbox 2884 1289 3243 1359; x_wconf 88' lang='lat' dir='ltr'><strong>omnipotentis</strong></span> <span class='ocrx_word' id='word_1_181' title='bbox 3272 1288 3371 1344; x_wconf 86' lang='lat' dir='ltr'><strong>Dei</strong></span> <span class='ocrx_word' id='word_1_182' title='bbox 3403 1308 3545 1345; x_wconf 73' lang='lat' dir='ltr'><strong>ento-</strong></span> 
     </span>
    </p>
   </div>
   <div class='ocr_carea' id='block_1_28' title="bbox 1941 1381 3549 1453">
    <p class='ocr_par' dir='ltr' id='par_1_28' title="bbox 1941 1381 3549 1453">
     <span class='ocr_line' id='line_1_28' title="bbox 1941 1381 3549 1453; baseline 0.002 -18"><span class='ocrx_word' id='word_1_183' title='bbox 1941 1381 2173 1436; x_wconf 86' lang='lat' dir='ltr'><strong>lumenta</strong></span> <span class='ocrx_word' id='word_1_184' title='bbox 2203 1398 2305 1435; x_wconf 89' lang='lat' dir='ltr'><strong>non</strong></span> <span class='ocrx_word' id='word_1_185' title='bbox 2345 1381 2667 1436; x_wconf 79' lang='lat' dir='ltr'><strong>incommoda</strong></span> <span class='ocrx_word' id='word_1_186' title='bbox 2695 1384 2933 1453; x_wconf 78' lang='lat' dir='ltr'><strong>conferre</strong></span> <span class='ocrx_word' id='word_1_187' title='bbox 2964 1382 3144 1437; x_wconf 81' lang='lat' dir='ltr'><strong>debere</strong></span> <span class='ocrx_word' id='word_1_188' title='bbox 3173 1400 3191 1438; x_wconf 90' lang='lat'><strong><em>:</em></strong></span> <span class='ocrx_word' id='word_1_189' title='bbox 3221 1384 3358 1437; x_wconf 91' lang='lat' dir='ltr'><strong>unde</strong></span> <span class='ocrx_word' id='word_1_190' title='bbox 3385 1385 3549 1439; x_wconf 84' lang='lat' dir='ltr'><strong>iratus</strong></span> 
     </span>
    </p>
   </div>
   <div class='ocr_carea' id='block_1_29' title="bbox 1942 1473 3548 1547">
    <p class='ocr_par' dir='ltr' id='par_1_29' title="bbox 1942 1473 3548 1547">
     <span class='ocr_line' id='line_1_29' title="bbox 1942 1473 3548 1547; baseline 0.001 -20"><span class='ocrx_word' id='word_1_191' title='bbox 1942 1473 2309 1529; x_wconf 87' lang='lat' dir='ltr'><strong>Constantinus</strong></span> <span class='ocrx_word' id='word_1_192' title='bbox 2338 1491 2452 1530; x_wconf 89' lang='lat' dir='ltr'><strong>eum</strong></span> <span class='ocrx_word' id='word_1_193' title='bbox 2483 1474 2633 1543; x_wconf 87' lang='lat' dir='ltr'><strong>quasi</strong></span> <span class='ocrx_word' id='word_1_194' title='bbox 2654 1474 2707 1528; x_wconf 91' lang='lat' dir='ltr'><strong>in</strong></span> <span class='ocrx_word' id='word_1_195' title='bbox 2741 1473 2985 1528; x_wconf 73' lang='lat' dir='ltr'><strong>exsilium</strong></span> <span class='ocrx_word' id='word_1_196' title='bbox 3014 1473 3281 1545; x_wconf 86' lang='lat' dir='ltr'><strong>deportari</strong></span> <span class='ocrx_word' id='word_1_197' title='bbox 3302 1477 3548 1547; x_wconf 71' lang='lat' dir='ltr'><strong>pra’cepit</strong></span> 
     </span>
    </p>
   </div>
   <div class='ocr_carea' id='block_1_30' title="bbox 1942 1566 3547 1633">
    <p class='ocr_par' dir='ltr' id='par_1_30' title="bbox 1942 1566 3547 1633">
     <span class='ocr_line' id='line_1_30' title="bbox 1942 1566 3547 1633; baseline 0.001 -12"><span class='ocrx_word' id='word_1_198' title='bbox 1942 1578 2086 1622; x_wconf 77' lang='lat' dir='ltr'><strong>extra</strong></span> <span class='ocrx_word' id='word_1_199' title='bbox 2123 1568 2399 1633; x_wconf 88' lang='lat' dir='ltr'><strong>civitatem,</strong></span> <span class='ocrx_word' id='word_1_200' title='bbox 2446 1576 2493 1622; x_wconf 88' lang='lat' dir='ltr'><strong>et</strong></span> <span class='ocrx_word' id='word_1_201' title='bbox 2533 1566 2778 1621; x_wconf 89' lang='lat' dir='ltr'><strong>habitavit</strong></span> <span class='ocrx_word' id='word_1_202' title='bbox 2823 1578 2970 1621; x_wconf 76' lang='lat' dir='ltr'><strong>extra</strong></span> <span class='ocrx_word' id='word_1_203' title='bbox 3018 1567 3263 1621; x_wconf 89' lang='lat' dir='ltr'><strong>milliaria</strong></span> <span class='ocrx_word' id='word_1_204' title='bbox 3307 1570 3454 1622; x_wconf 89' lang='lat' dir='ltr'><strong>tertio</strong></span> <span class='ocrx_word' id='word_1_205' title='bbox 3493 1569 3547 1622; x_wconf 91' lang='lat' dir='ltr'><strong>in</strong></span> 
     </span>
    </p>
   </div>
   <div class='ocr_carea' id='block_1_31' title="bbox 1943 1659 3551 1733">
    <p class='ocr_par' dir='ltr' id='par_1_31' title="bbox 1943 1659 3551 1733">
     <span class='ocr_line' id='line_1_31' title="bbox 1943 1659 3551 1733; baseline 0.001 -18"><span class='ocrx_word' id='word_1_206' title='bbox 1943 1664 2245 1726; x_wconf 74' lang='lat' dir='ltr'><strong>cmmeterio,</strong></span> <span class='ocrx_word' id='word_1_207' title='bbox 2280 1663 2417 1733; x_wconf 90' lang='lat' dir='ltr'><strong>quod</strong></span> <span class='ocrx_word' id='word_1_208' title='bbox 2457 1662 2643 1715; x_wconf 86' lang='lat' dir='ltr'><strong>dicitur</strong></span> <span class='ocrx_word' id='word_1_209' title='bbox 2686 1659 2891 1715; x_wconf 74' lang='lat' dir='ltr'><strong>Noella:</strong></span> <span class='ocrx_word' id='word_1_210' title='bbox 2935 1662 3017 1715; x_wconf 86' lang='lat' dir='ltr'><strong>via</strong></span> <span class='ocrx_word' id='word_1_211' title='bbox 3050 1661 3283 1716; x_wconf 85' lang='lat' dir='ltr'><strong>Salaria.</strong></span> <span class='ocrx_word' id='word_1_212' title='bbox 3317 1661 3424 1717; x_wconf 89' lang='lat' dir='ltr'><strong>Sed</strong></span> <span class='ocrx_word' id='word_1_213' title='bbox 3450 1661 3551 1717; x_wconf 88' lang='lat' dir='ltr'><strong>Itu-</strong></span> 
     </span>
    </p>
   </div>
   <div class='ocr_carea' id='block_1_32' title="bbox 1942 1752 3549 1825">
    <p class='ocr_par' dir='ltr' id='par_1_32' title="bbox 1942 1752 3549 1825">
     <span class='ocr_line' id='line_1_32' title="bbox 1942 1752 3549 1825; baseline 0.001 -18"><span class='ocrx_word' id='word_1_214' title='bbox 1942 1755 2082 1808; x_wconf 90' lang='lat' dir='ltr'><strong>mani</strong></span> <span class='ocrx_word' id='word_1_215' title='bbox 2109 1756 2309 1825; x_wconf 89' lang='lat' dir='ltr'><strong>generis</strong></span> <span class='ocrx_word' id='word_1_216' title='bbox 2330 1755 2570 1809; x_wconf 89' lang='lat' dir='ltr'><strong>inimicus</strong></span> <span class='ocrx_word' id='word_1_217' title='bbox 2597 1770 2803 1809; x_wconf 87' lang='lat' dir='ltr'><strong>sensum</strong></span> <span class='ocrx_word' id='word_1_218' title='bbox 2829 1752 3020 1807; x_wconf 85' lang='lat' dir='ltr'><strong>Liberii</strong></span> <span class='ocrx_word' id='word_1_219' title='bbox 3044 1755 3395 1817; x_wconf 85' lang='lat' dir='ltr'><strong>commutavit,</strong></span> <span class='ocrx_word' id='word_1_220' title='bbox 3420 1753 3549 1809; x_wconf 89' lang='lat' dir='ltr'><strong>adeo</strong></span> 
     </span>
    </p>
   </div>
   <div class='ocr_carea' id='block_1_33' title="bbox 245 1837 3551 1924">
    <p class='ocr_par' dir='ltr' id='par_1_33' title="bbox 245 1837 3551 1924">
     <span class='ocr_line' id='line_1_33' title="bbox 245 1837 3551 1924; baseline -0.002 -16"><span class='ocrx_word' id='word_1_221' title='bbox 245 1871 405 1909; x_wconf 86' lang='lat' dir='ltr'><strong>sarum</strong></span> <span class='ocrx_word' id='word_1_222' title='bbox 450 1852 671 1907; x_wconf 90' lang='lat' dir='ltr'><strong>arbitria</strong></span> <span class='ocrx_word' id='word_1_223' title='bbox 719 1852 987 1921; x_wconf 81' lang='lat' dir='ltr'><strong>confusam</strong></span> <span class='ocrx_word' id='word_1_224' title='bbox 1030 1851 1098 1904; x_wconf 87' lang='lat' dir='ltr'><strong>ad</strong></span> <span class='ocrx_word' id='word_1_225' title='bbox 1140 1860 1333 1905; x_wconf 87' lang='lat' dir='ltr'><strong>rectam</strong></span> <span class='ocrx_word' id='word_1_226' title='bbox 1369 1850 1557 1905; x_wconf 88' lang='lat' dir='ltr'><strong>lineam</strong></span> <span class='ocrx_word' id='word_1_227' title='bbox 1588 1853 1700 1924; x_wconf 89' lang='lat' dir='ltr'><strong>ejus</strong></span> <span class='ocrx_word' id='word_1_228' title='bbox 1722 1851 1840 1920; x_wconf 89' lang='lat' dir='ltr'><strong>jus-</strong></span> <span class='ocrx_word' id='word_1_229' title='bbox 1870 1837 1919 1897; x_wconf 85' lang='grc' dir='ltr'><strong>Β</strong></span> <span class='ocrx_word' id='word_1_230' title='bbox 1946 1858 1998 1903; x_wconf 93' lang='lat' dir='ltr'><strong>ut</strong></span> <span class='ocrx_word' id='word_1_231' title='bbox 2029 1847 2215 1904; x_wconf 68' lang='lat' dir='ltr'><strong>haeresi</strong></span> <span class='ocrx_word' id='word_1_232' title='bbox 2241 1846 2529 1903; x_wconf 86' lang='lat' dir='ltr'><strong>Constantii</strong></span> <span class='ocrx_word' id='word_1_233' title='bbox 2560 1846 2909 1902; x_wconf 83' lang='lat' dir='ltr'><strong>consentiret:</strong></span> <span class='ocrx_word' id='word_1_234' title='bbox 2938 1848 3112 1915; x_wconf 84' lang='lat' dir='ltr'><strong>{uerat</strong></span> <span class='ocrx_word' id='word_1_235' title='bbox 3162 1864 3380 1916; x_wconf 84' lang='lat' dir='ltr'><strong>namque</strong></span> <span class='ocrx_word' id='word_1_236' title='bbox 3414 1845 3551 1902; x_wconf 81' lang='lat' dir='ltr'><strong>Con-</strong></span> 
     </span>
    </p>
   </div>
   <div class='ocr_carea' id='block_1_34' title="bbox 244 1942 1841 2017">
    <p class='ocr_par' dir='ltr' id='par_1_34' title="bbox 244 1942 1841 2017">
     <span class='ocr_line' id='line_1_34' title="bbox 244 1942 1841 2017; baseline -0.003 -15"><span class='ocrx_word' id='word_1_237' title='bbox 244 1949 373 2002; x_wconf 85' lang='lat' dir='ltr'><strong>sione</strong></span> <span class='ocrx_word' id='word_1_238' title='bbox 398 1946 631 2008; x_wconf 79' lang='lat' dir='ltr'><strong>reduxit,</strong></span> <span class='ocrx_word' id='word_1_239' title='bbox 660 1945 751 2000; x_wconf 89' lang='lat' dir='ltr'><strong>sed</strong></span> <span class='ocrx_word' id='word_1_240' title='bbox 777 1955 822 1999; x_wconf 92' lang='lat' dir='ltr'><strong>et</strong></span> <span class='ocrx_word' id='word_1_241' title='bbox 852 1944 1155 2015; x_wconf 86' lang='lat' dir='ltr'><strong>psalterium</strong></span> <span class='ocrx_word' id='word_1_242' title='bbox 1176 1946 1333 2017; x_wconf 76' lang='lat' dir='ltr'><strong>juxta</strong></span> <span class='ocrx_word' id='word_1_243' title='bbox 1375 1942 1520 1998; x_wconf 78' lang='lat' dir='ltr'><strong>LXX</strong></span> <span class='ocrx_word' id='word_1_244' title='bbox 1541 1944 1841 2014; x_wconf 87' lang='lat' dir='ltr'><strong>interpretes</strong></span> 
     </span>
    </p>
   </div>
   <div class='ocr_carea' id='block_1_35' title="bbox 246 2036 1843 2107">
    <p class='ocr_par' dir='ltr' id='par_1_35' title="bbox 246 2036 1843 2107">
     <span class='ocr_line' id='line_1_35' title="bbox 246 2036 1843 2107; baseline -0.003 -13"><span class='ocrx_word' id='word_1_245' title='bbox 246 2042 298 2095; x_wconf 88' lang='lat' dir='ltr'><strong>de</strong></span> <span class='ocrx_word' id='word_1_246' title='bbox 325 2040 514 2096; x_wconf 66' lang='lat' dir='ltr'><strong>Graeco</strong></span> <span class='ocrx_word' id='word_1_247' title='bbox 546 2038 805 2094; x_wconf 86' lang='lat' dir='ltr'><strong>transtulit</strong></span> <span class='ocrx_word' id='word_1_248' title='bbox 844 2039 897 2091; x_wconf 90' lang='lat' dir='ltr'><strong>in</strong></span> <span class='ocrx_word' id='word_1_249' title='bbox 925 2036 1191 2103; x_wconf 91' lang='lat' dir='ltr'><strong>Latinum,</strong></span> <span class='ocrx_word' id='word_1_250' title='bbox 1242 2037 1389 2106; x_wconf 84' lang='lat' dir='ltr'><strong>cuius</strong></span> <span class='ocrx_word' id='word_1_251' title='bbox 1430 2046 1608 2107; x_wconf 89' lang='lat' dir='ltr'><strong>postea</strong></span> <span class='ocrx_word' id='word_1_252' title='bbox 1650 2052 1843 2090; x_wconf 86' lang='lat' dir='ltr'><strong>merant</strong></span> 
     </span>
    </p>
   </div>
   <div class='ocr_carea' id='block_1_36' title="bbox 246 2127 1842 2200">
    <p class='ocr_par' dir='ltr' id='par_1_36' title="bbox 246 2127 1842 2200">
     <span class='ocr_line' id='line_1_36' title="bbox 246 2127 1842 2200; baseline -0.003 -13"><span class='ocrx_word' id='word_1_253' title='bbox 246 2133 502 2187; x_wconf 79' lang='lat' dir='ltr'><strong>veritatem</strong></span> <span class='ocrx_word' id='word_1_254' title='bbox 536 2148 638 2185; x_wconf 89' lang='lat' dir='ltr'><strong>non</strong></span> <span class='ocrx_word' id='word_1_255' title='bbox 666 2146 731 2186; x_wconf 79' lang='lat' dir='ltr'><strong>ea:</strong></span> <span class='ocrx_word' id='word_1_256' title='bbox 751 2131 973 2184; x_wconf 89' lang='lat' dir='ltr'><strong>aliarunt</strong></span> <span class='ocrx_word' id='word_1_257' title='bbox 1002 2130 1298 2200; x_wconf 85' lang='lat' dir='ltr'><strong>linguarum</strong></span> <span class='ocrx_word' id='word_1_258' title='bbox 1324 2129 1451 2184; x_wconf 90' lang='lat' dir='ltr'><strong>rivis</strong></span> <span class='ocrx_word' id='word_1_259' title='bbox 1480 2127 1719 2195; x_wconf 87' lang='lat' dir='ltr'><strong>turbidis,</strong></span> <span class='ocrx_word' id='word_1_260' title='bbox 1753 2130 1842 2184; x_wconf 87' lang='lat' dir='ltr'><strong>sed</strong></span> 
     </span>
    </p>
   </div>
   <div class='ocr_carea' id='block_1_37' title="bbox 245 2222 1841 2300">
    <p class='ocr_par' dir='ltr' id='par_1_37' title="bbox 245 2222 1841 2300">
     <span class='ocr_line' id='line_1_37' title="bbox 245 2222 1841 2300; baseline -0.006 -16"><span class='ocrx_word' id='word_1_261' title='bbox 245 2245 300 2284; x_wconf 74' lang='lat' dir='ltr'><strong>es:</strong></span> <span class='ocrx_word' id='word_1_262' title='bbox 324 2229 441 2300; x_wconf 88' lang='lat' dir='ltr'><strong>ipsa</strong></span> <span class='ocrx_word' id='word_1_263' title='bbox 484 2226 644 2297; x_wconf 75' lang='lat' dir='ltr'><strong>[antis</strong></span> <span class='ocrx_word' id='word_1_264' title='bbox 680 2224 922 2279; x_wconf 78' lang='lat' dir='ltr'><strong>llebraici</strong></span> <span class='ocrx_word' id='word_1_265' title='bbox 963 2225 1190 2295; x_wconf 84' lang='lat' dir='ltr'><strong>puritate</strong></span> <span class='ocrx_word' id='word_1_266' title='bbox 1227 2223 1526 2294; x_wconf 77' lang='lat' dir='ltr'><strong>transfudit.</strong></span> <span class='ocrx_word' id='word_1_267' title='bbox 1560 2222 1689 2289; x_wconf 76' lang='lat' dir='ltr'><strong>Qua:</strong></span> <span class='ocrx_word' id='word_1_268' title='bbox 1728 2223 1841 2292; x_wconf 82' lang='lat' dir='ltr'><strong>qui-</strong></span> 
     </span>
    </p>
   </div>
   <div class='ocr_carea' id='block_1_38' title="bbox 245 2318 1845 2388">
    <p class='ocr_par' dir='ltr' id='par_1_38' title="bbox 245 2318 1845 2388">
     <span class='ocr_line' id='line_1_38' title="bbox 245 2318 1845 2388; baseline -0.002 -13"><span class='ocrx_word' id='word_1_269' title='bbox 245 2323 349 2375; x_wconf 88' lang='lat' dir='ltr'><strong>dem</strong></span> <span class='ocrx_word' id='word_1_270' title='bbox 371 2320 675 2386; x_wconf 87' lang='lat' dir='ltr'><strong>translatio,</strong></span> <span class='ocrx_word' id='word_1_271' title='bbox 708 2319 825 2375; x_wconf 87' lang='lat' dir='ltr'><strong>licet</strong></span> <span class='ocrx_word' id='word_1_272' title='bbox 848 2320 900 2373; x_wconf 90' lang='lat' dir='ltr'><strong>in</strong></span> <span class='ocrx_word' id='word_1_273' title='bbox 930 2319 1154 2373; x_wconf 88' lang='lat' dir='ltr'><strong>ecclesiis</strong></span> <span class='ocrx_word' id='word_1_274' title='bbox 1181 2335 1283 2372; x_wconf 88' lang='lat' dir='ltr'><strong>non</strong></span> <span class='ocrx_word' id='word_1_275' title='bbox 1310 2328 1557 2384; x_wconf 84' lang='lat' dir='ltr'><strong>cantetur,</strong></span> <span class='ocrx_word' id='word_1_276' title='bbox 1591 2334 1687 2371; x_wconf 90' lang='lat' dir='ltr'><strong>usu</strong></span> <span class='ocrx_word' id='word_1_277' title='bbox 1710 2318 1845 2388; x_wconf 87' lang='lat' dir='ltr'><strong>pris-</strong></span> 
     </span>
    </p>
   </div>
   <div class='ocr_carea' id='block_1_39' title="bbox 246 2409 1844 2485">
    <p class='ocr_par' dir='ltr' id='par_1_39' title="bbox 246 2409 1844 2485">
     <span class='ocr_line' id='line_1_39' title="bbox 246 2409 1844 2485; baseline -0.003 -17"><span class='ocrx_word' id='word_1_278' title='bbox 246 2416 344 2469; x_wconf 87' lang='lat' dir='ltr'><strong>tina</strong></span> <span class='ocrx_word' id='word_1_279' title='bbox 376 2413 714 2485; x_wconf 73' lang='lat' dir='ltr'><strong>prtevalente,</strong></span> <span class='ocrx_word' id='word_1_280' title='bbox 741 2413 809 2467; x_wconf 89' lang='lat' dir='ltr'><strong>ad</strong></span> <span class='ocrx_word' id='word_1_281' title='bbox 836 2411 1126 2468; x_wconf 81' lang='lat' dir='ltr'><strong>evitandum</strong></span> <span class='ocrx_word' id='word_1_282' title='bbox 1148 2421 1317 2466; x_wconf 89' lang='lat' dir='ltr'><strong>tamen</strong></span> <span class='ocrx_word' id='word_1_283' title='bbox 1351 2409 1693 2466; x_wconf 74' lang='lat' dir='ltr'><strong>Hebrworum</strong></span> <span class='ocrx_word' id='word_1_284' title='bbox 1721 2411 1844 2465; x_wconf 86' lang='lat' dir='ltr'><strong>illu-</strong></span> 
     </span>
    </p>
   </div>
   <div class='ocr_carea' id='block_1_40' title="bbox 246 2504 1845 2579">
    <p class='ocr_par' dir='ltr' id='par_1_40' title="bbox 246 2504 1845 2579">
     <span class='ocr_line' id='line_1_40' title="bbox 246 2504 1845 2579; baseline -0.006 -12"><span class='ocrx_word' id='word_1_285' title='bbox 246 2512 440 2567; x_wconf 84' lang='lat' dir='ltr'><strong>sionem</strong></span> <span class='ocrx_word' id='word_1_286' title='bbox 484 2510 705 2564; x_wconf 88' lang='lat' dir='ltr'><strong>multunt</strong></span> <span class='ocrx_word' id='word_1_287' title='bbox 734 2508 961 2579; x_wconf 85' lang='lat' dir='ltr'><strong>prodest.</strong></span> <span class='ocrx_word' id='word_1_288' title='bbox 1006 2507 1362 2578; x_wconf 81' lang='lat' dir='ltr'><strong>Epistolarum</strong></span> <span class='ocrx_word' id='word_1_289' title='bbox 1408 2516 1577 2561; x_wconf 90' lang='lat' dir='ltr'><strong>autem</strong></span> <span class='ocrx_word' id='word_1_290' title='bbox 1618 2506 1731 2575; x_wconf 85' lang='lat' dir='ltr'><strong>ejus</strong></span> <span class='ocrx_word' id='word_1_291' title='bbox 1776 2504 1845 2558; x_wconf 87' lang='lat' dir='ltr'><strong>ad</strong></span> 
     </span>
    </p>
   </div>
   <div class='ocr_carea' id='block_1_41' title="bbox 246 2599 1846 2669">
    <p class='ocr_par' dir='ltr' id='par_1_41' title="bbox 246 2599 1846 2669">
     <span class='ocr_line' id='line_1_41' title="bbox 246 2599 1846 2669; baseline -0.004 -10"><span class='ocrx_word' id='word_1_292' title='bbox 246 2605 482 2661; x_wconf 86' lang='lat' dir='ltr'><strong>eumdem</strong></span> <span class='ocrx_word' id='word_1_293' title='bbox 504 2606 729 2658; x_wconf 88' lang='lat' dir='ltr'><strong>incertus</strong></span> <span class='ocrx_word' id='word_1_294' title='bbox 754 2612 828 2657; x_wconf 92' lang='lat' dir='ltr'><strong>est</strong></span> <span class='ocrx_word' id='word_1_295' title='bbox 858 2616 1123 2665; x_wconf 90' lang='lat' dir='ltr'><strong>numerus,</strong></span> <span class='ocrx_word' id='word_1_296' title='bbox 1158 2617 1250 2655; x_wconf 87' lang='lat' dir='ltr'><strong>nec</strong></span> <span class='ocrx_word' id='word_1_297' title='bbox 1271 2599 1499 2654; x_wconf 79' lang='lat' dir='ltr'><strong>scientia:</strong></span> <span class='ocrx_word' id='word_1_298' title='bbox 1526 2609 1717 2653; x_wconf 77' lang='lat' dir='ltr'><strong>nostra:</strong></span> <span class='ocrx_word' id='word_1_299' title='bbox 1738 2613 1846 2669; x_wconf 79' lang='lat' dir='ltr'><strong>pra:</strong></span> 
     </span>
    </p>
   </div>
   <div class='ocr_carea' id='block_1_42' title="bbox 246 2693 1848 2770">
    <p class='ocr_par' dir='ltr' id='par_1_42' title="bbox 246 2693 1848 2770">
     <span class='ocr_line' id='line_1_42' title="bbox 246 2693 1848 2770; baseline -0.004 -17"><span class='ocrx_word' id='word_1_300' title='bbox 246 2700 576 2754; x_wconf 85' lang='lat' dir='ltr'><strong>multitudine</strong></span> <span class='ocrx_word' id='word_1_301' title='bbox 615 2698 841 2770; x_wconf 88' lang='lat' dir='ltr'><strong>subjacet</strong></span> <span class='ocrx_word' id='word_1_302' title='bbox 872 2712 890 2751; x_wconf 93' lang='lat'><strong><em>:</em></strong></span> <span class='ocrx_word' id='word_1_303' title='bbox 919 2696 1057 2767; x_wconf 90' lang='lat' dir='ltr'><strong>quod</strong></span> <span class='ocrx_word' id='word_1_304' title='bbox 1100 2696 1272 2766; x_wconf 85' lang='lat' dir='ltr'><strong>utique</strong></span> <span class='ocrx_word' id='word_1_305' title='bbox 1318 2694 1490 2748; x_wconf 90' lang='lat' dir='ltr'><strong>volens</strong></span> <span class='ocrx_word' id='word_1_306' title='bbox 1532 2694 1746 2747; x_wconf 90' lang='lat' dir='ltr'><strong>innuere</strong></span> <span class='ocrx_word' id='word_1_307' title='bbox 1772 2693 1848 2747; x_wconf 89' lang='lat' dir='ltr'><strong>vir</strong></span> 
     </span>
    </p>
   </div>
   <div class='ocr_carea' id='block_1_43' title="bbox 244 2786 1848 2856">
    <p class='ocr_par' dir='ltr' id='par_1_43' title="bbox 244 2786 1848 2856">
     <span class='ocr_line' id='line_1_43' title="bbox 244 2786 1848 2856; baseline -0.005 -10"><span class='ocrx_word' id='word_1_308' title='bbox 244 2793 331 2847; x_wconf 83' lang='lat' dir='ltr'><strong>ille</strong></span> <span class='ocrx_word' id='word_1_309' title='bbox 360 2792 714 2856; x_wconf 88' lang='lat' dir='ltr'><strong>doctissimus,</strong></span> <span class='ocrx_word' id='word_1_310' title='bbox 740 2792 795 2845; x_wconf 88' lang='lat' dir='ltr'><strong>in</strong></span> <span class='ocrx_word' id='word_1_311' title='bbox 820 2788 1174 2855; x_wconf 89' lang='lat' dir='ltr'><strong>quadamloca</strong></span> <span class='ocrx_word' id='word_1_312' title='bbox 1197 2788 1271 2842; x_wconf 87' lang='lat' dir='ltr'><strong>sic</strong></span> <span class='ocrx_word' id='word_1_313' title='bbox 1295 2788 1369 2843; x_wconf 88' lang='lat' dir='ltr'><strong>ait</strong></span> <span class='ocrx_word' id='word_1_314' title='bbox 1398 2803 1417 2841; x_wconf 87' lang='lat'><strong><em>:</em></strong></span> <span class='ocrx_word' id='word_1_315' title='bbox 1443 2786 1507 2841; x_wconf 88' lang='grc' dir='ltr'><em>Β.</em></span> <span class='ocrx_word' id='word_1_316' title='bbox 1539 2786 1617 2839; x_wconf 80' lang='grc' dir='ltr'><strong>Μ.</strong></span> <span class='ocrx_word' id='word_1_317' title='bbox 1654 2786 1848 2840; x_wconf 91' lang='lat' dir='ltr'><strong>Dama-</strong></span> 
     </span>
    </p>
   </div>
   <div class='ocr_carea' id='block_1_44' title="bbox 245 2878 1849 2952">
    <p class='ocr_par' dir='ltr' id='par_1_44' title="bbox 245 2878 1849 2952">
     <span class='ocr_line' id='line_1_44' title="bbox 245 2878 1849 2952; baseline -0.005 -13"><span class='ocrx_word' id='word_1_318' title='bbox 245 2902 331 2940; x_wconf 86' lang='lat' dir='ltr'><strong>sus</strong></span> <span class='ocrx_word' id='word_1_319' title='bbox 362 2902 510 2939; x_wconf 88' lang='lat' dir='ltr'><strong>meus</strong></span> <span class='ocrx_word' id='word_1_320' title='bbox 558 2901 722 2939; x_wconf 90' lang='lat' dir='ltr'><strong>sermo</strong></span> <span class='ocrx_word' id='word_1_321' title='bbox 752 2891 881 2950; x_wconf 85' lang='lat' dir='ltr'><strong>erat,</strong></span> <span class='ocrx_word' id='word_1_322' title='bbox 935 2893 982 2937; x_wconf 93' lang='lat' dir='ltr'><strong>et</strong></span> <span class='ocrx_word' id='word_1_323' title='bbox 1031 2882 1085 2935; x_wconf 87' lang='lat' dir='ltr'><strong>in</strong></span> <span class='ocrx_word' id='word_1_324' title='bbox 1115 2881 1448 2952; x_wconf 78' lang='lat' dir='ltr'><strong>Apologetico</strong></span> <span class='ocrx_word' id='word_1_325' title='bbox 1487 2879 1556 2933; x_wconf 90' lang='lat' dir='ltr'><strong>ad</strong></span> <span class='ocrx_word' id='word_1_326' title='bbox 1606 2878 1849 2934; x_wconf 89' lang='lat' dir='ltr'><strong>Pamma-</strong></span> 
     </span>
    </p>
   </div>
   <div class='ocr_carea' id='block_1_45' title="bbox 246 2974 1847 3049">
    <p class='ocr_par' dir='ltr' id='par_1_45' title="bbox 246 2974 1847 3049">
     <span class='ocr_line' id='line_1_45' title="bbox 246 2974 1847 3049; baseline -0.003 -17"><span class='ocrx_word' id='word_1_327' title='bbox 246 2978 441 3041; x_wconf 72' lang='lat' dir='ltr'><strong>rhium,</strong></span> <span class='ocrx_word' id='word_1_328' title='bbox 460 2996 612 3049; x_wconf 85' lang='lat' dir='ltr'><strong>quant</strong></span> <span class='ocrx_word' id='word_1_329' title='bbox 636 2979 839 3049; x_wconf 89' lang='lat' dir='ltr'><strong>sapiens</strong></span> <span class='ocrx_word' id='word_1_330' title='bbox 866 2977 1023 3045; x_wconf 80' lang='lat' dir='ltr'><strong>fuerit</strong></span> <span class='ocrx_word' id='word_1_331' title='bbox 1050 2976 1232 3030; x_wconf 88' lang='lat' dir='ltr'><strong>beatus</strong></span> <span class='ocrx_word' id='word_1_332' title='bbox 1257 2974 1540 3040; x_wconf 89' lang='lat' dir='ltr'><strong>Damasus,</strong></span> <span class='ocrx_word' id='word_1_333' title='bbox 1568 2991 1722 3047; x_wconf 89' lang='lat' dir='ltr'><strong>quam</strong></span> <span class='ocrx_word' id='word_1_334' title='bbox 1746 2990 1847 3044; x_wconf 90' lang='lat' dir='ltr'><strong>pu-</strong></span> 
     </span>
    </p>
   </div>
   <div class='ocr_carea' id='block_1_46' title="bbox 247 3067 1851 3127">
    <p class='ocr_par' dir='ltr' id='par_1_46' title="bbox 247 3067 1851 3127">
     <span class='ocr_line' id='line_1_46' title="bbox 247 3067 1851 3127; baseline -0.001 -2"><span class='ocrx_word' id='word_1_335' title='bbox 247 3073 393 3127; x_wconf 89' lang='lat' dir='ltr'><strong>dicus</strong></span> <span class='ocrx_word' id='word_1_336' title='bbox 433 3072 508 3127; x_wconf 91' lang='lat' dir='ltr'><strong>sic</strong></span> <span class='ocrx_word' id='word_1_337' title='bbox 534 3082 896 3127; x_wconf 85' lang='lat' dir='ltr'><strong>commemorat</strong></span> <span class='ocrx_word' id='word_1_338' title='bbox 923 3071 1087 3127; x_wconf 87' lang='lat' dir='ltr'><strong>:dum</strong></span> <span class='ocrx_word' id='word_1_339' title='bbox 1116 3070 1375 3126; x_wconf 90' lang='lat' dir='ltr'><strong>adviveret</strong></span> <span class='ocrx_word' id='word_1_340' title='bbox 1423 3069 1485 3125; x_wconf 89' lang='lat' dir='ltr'><strong>S.</strong></span> <span class='ocrx_word' id='word_1_341' title='bbox 1532 3068 1610 3123; x_wconf 85' lang='grc' dir='ltr'><strong>Μ.</strong></span> <span class='ocrx_word' id='word_1_342' title='bbox 1652 3067 1851 3123; x_wconf 83' lang='lat' dir='ltr'><strong>Dantu-</strong></span> 
     </span>
    </p>
   </div>
   <div class='ocr_carea' id='block_1_47' title="bbox 247 3162 1851 3234">
    <p class='ocr_par' dir='ltr' id='par_1_47' title="bbox 247 3162 1851 3234">
     <span class='ocr_line' id='line_1_47' title="bbox 247 3162 1851 3234; baseline -0.004 -13"><span class='ocrx_word' id='word_1_343' title='bbox 247 3183 357 3229; x_wconf 88' lang='lat' dir='ltr'><strong>sus,</strong></span> <span class='ocrx_word' id='word_1_344' title='bbox 389 3166 580 3220; x_wconf 89' lang='lat' dir='ltr'><strong>librum</strong></span> <span class='ocrx_word' id='word_1_345' title='bbox 610 3177 790 3221; x_wconf 89' lang='lat' dir='ltr'><strong>contra</strong></span> <span class='ocrx_word' id='word_1_346' title='bbox 821 3164 1117 3220; x_wconf 82' lang='lat' dir='ltr'><strong>Helvidium</strong></span> <span class='ocrx_word' id='word_1_347' title='bbox 1146 3164 1209 3219; x_wconf 89' lang='lat' dir='ltr'><strong>de</strong></span> <span class='ocrx_word' id='word_1_348' title='bbox 1235 3163 1299 3217; x_wconf 82' lang='grc' dir='ltr'><strong>Β.</strong></span> <span class='ocrx_word' id='word_1_349' title='bbox 1349 3162 1535 3218; x_wconf 68' lang='lat' dir='ltr'><strong>Mariis</strong></span> <span class='ocrx_word' id='word_1_350' title='bbox 1559 3162 1851 3234; x_wconf 76' lang='lat' dir='ltr'><strong>virginitate</strong></span> 
     </span>
    </p>
   </div>
   <div class='ocr_carea' id='block_1_48' title="bbox 1943 1939 3548 2011">
    <p class='ocr_par' dir='ltr' id='par_1_48' title="bbox 1943 1939 3548 2011">
     <span class='ocr_line' id='line_1_48' title="bbox 1943 1939 3548 2011; baseline -0.001 -13"><span class='ocrx_word' id='word_1_351' title='bbox 1943 1942 2162 1998; x_wconf 87' lang='lat' dir='ltr'><strong>stantius</strong></span> <span class='ocrx_word' id='word_1_352' title='bbox 2184 1943 2531 2011; x_wconf 73' lang='lat' dir='ltr'><strong>rebaptizatus</strong></span> <span class='ocrx_word' id='word_1_353' title='bbox 2557 1941 2621 1996; x_wconf 92' lang='lat' dir='ltr'><strong>ab</strong></span> <span class='ocrx_word' id='word_1_354' title='bbox 2646 1940 2865 1995; x_wconf 86' lang='lat' dir='ltr'><strong>Eusebio</strong></span> <span class='ocrx_word' id='word_1_355' title='bbox 2890 1939 2942 1994; x_wconf 85' lang='grc' dir='ltr'><em>Ν</em></span> <span class='ocrx_word' id='word_1_356' title='bbox 2948 1940 3274 1995; x_wconf 82' lang='lat' dir='ltr'><strong>icamediensi</strong></span> <span class='ocrx_word' id='word_1_357' title='bbox 3304 1942 3354 1995; x_wconf 91' lang='lat' dir='ltr'><strong>in</strong></span> <span class='ocrx_word' id='word_1_358' title='bbox 3387 1940 3548 2009; x_wconf 84' lang='lat' dir='ltr'><strong>Aqui-</strong></span> 
     </span>
    </p>
   </div>
   <div class='ocr_carea' id='block_1_49' title="bbox 1945 2033 3551 2105">
    <p class='ocr_par' dir='ltr' id='par_1_49' title="bbox 1945 2033 3551 2105">
     <span class='ocr_line' id='line_1_49' title="bbox 1945 2033 3551 2105; baseline 0 -16"><span class='ocrx_word' id='word_1_359' title='bbox 1945 2036 2082 2097; x_wconf 85' lang='lat' dir='ltr'><strong>lone,</strong></span> <span class='ocrx_word' id='word_1_360' title='bbox 2116 2034 2241 2089; x_wconf 86' lang='lat' dir='ltr'><strong>villa</strong></span> <span class='ocrx_word' id='word_1_361' title='bbox 2271 2037 2321 2089; x_wconf 91' lang='lat' dir='ltr'><strong>in</strong></span> <span class='ocrx_word' id='word_1_362' title='bbox 2345 2036 2656 2089; x_wconf 80' lang='lat' dir='ltr'><strong>Arianorum</strong></span> <span class='ocrx_word' id='word_1_363' title='bbox 2688 2035 2947 2105; x_wconf 87' lang='lat' dir='ltr'><strong>dogmate,</strong></span> <span class='ocrx_word' id='word_1_364' title='bbox 2972 2034 3082 2101; x_wconf 78' lang='lat' dir='ltr'><strong>sed,</strong></span> <span class='ocrx_word' id='word_1_365' title='bbox 3118 2035 3337 2089; x_wconf 86' lang='lat' dir='ltr'><strong>Domino</strong></span> <span class='ocrx_word' id='word_1_366' title='bbox 3368 2033 3551 2089; x_wconf 76' lang='lat' dir='ltr'><strong>Eccle-</strong></span> 
     </span>
    </p>
   </div>
   <div class='ocr_carea' id='block_1_50' title="bbox 1945 2124 3551 2199">
    <p class='ocr_par' dir='ltr' id='par_1_50' title="bbox 1945 2124 3551 2199">
     <span class='ocr_line' id='line_1_50' title="bbox 1945 2124 3551 2199; baseline -0.001 -18"><span class='ocrx_word' id='word_1_367' title='bbox 1945 2128 2356 2196; x_wconf 74' lang='lat' dir='ltr'><strong>sicepravidente</strong></span> <span class='ocrx_word' id='word_1_368' title='bbox 2398 2144 2596 2199; x_wconf 89' lang='lat' dir='ltr'><strong>pacem,</strong></span> <span class='ocrx_word' id='word_1_369' title='bbox 2628 2128 2680 2181; x_wconf 89' lang='lat' dir='ltr'><strong>in</strong></span> <span class='ocrx_word' id='word_1_370' title='bbox 2730 2124 3038 2181; x_wconf 82' lang='lat' dir='ltr'><strong>Nicomedia</strong></span> <span class='ocrx_word' id='word_1_371' title='bbox 3087 2136 3318 2182; x_wconf 87' lang='lat' dir='ltr'><strong>mortuus</strong></span> <span class='ocrx_word' id='word_1_372' title='bbox 3359 2136 3454 2193; x_wconf 90' lang='lat' dir='ltr'><strong>est,</strong></span> <span class='ocrx_word' id='word_1_373' title='bbox 3501 2137 3551 2181; x_wconf 89' lang='lat' dir='ltr'><strong>et</strong></span> 
     </span>
    </p>
   </div>
   <div class='ocr_carea' id='block_1_51' title="bbox 1947 2218 3548 2291">
    <p class='ocr_par' dir='ltr' id='par_1_51' title="bbox 1947 2218 3548 2291">
     <span class='ocr_line' id='line_1_51' title="bbox 1947 2218 3548 2291; baseline 0 -17"><span class='ocrx_word' id='word_1_374' title='bbox 1947 2220 2156 2274; x_wconf 72' lang='lat' dir='ltr'><strong>cessavit</strong></span> <span class='ocrx_word' id='word_1_375' title='bbox 2186 2220 2495 2291; x_wconf 88' lang='lat' dir='ltr'><strong>persecutia.</strong></span> <span class='ocrx_word' id='word_1_376' title='bbox 2528 2218 2794 2290; x_wconf 83' lang='lat' dir='ltr'><strong>Regnan:e</strong></span> <span class='ocrx_word' id='word_1_377' title='bbox 2825 2229 2995 2273; x_wconf 88' lang='lat' dir='ltr'><strong>autem</strong></span> <span class='ocrx_word' id='word_1_378' title='bbox 3023 2219 3409 2286; x_wconf 84' lang='lat' dir='ltr'><strong>Valentiniano,</strong></span> <span class='ocrx_word' id='word_1_379' title='bbox 3440 2232 3548 2277; x_wconf 90' lang='lat' dir='ltr'><strong>etc.</strong></span> 
     </span>
    </p>
   </div>
   <div class='ocr_carea' id='block_1_52' title="bbox 2020 2297 3552 2382">
    <p class='ocr_par' dir='ltr' id='par_1_52' title="bbox 2020 2297 3552 2382">
     <span class='ocr_line' id='line_1_52' title="bbox 2020 2297 3552 2382; baseline -0.001 -13"><span class='ocrx_word' id='word_1_380' title='bbox 2020 2315 2223 2369; x_wconf 67' lang='lat' dir='ltr'><strong>Praeter</strong></span> <span class='ocrx_word' id='word_1_381' title='bbox 2251 2315 2368 2369; x_wconf 71' lang='lat' dir='ltr'><strong>haec</strong></span> <span class='ocrx_word' id='word_1_382' title='bbox 2406 2297 2606 2382; x_wconf 74' lang='lat' dir='ltr'><strong>duplex</strong></span> <span class='ocrx_word' id='word_1_383' title='bbox 2647 2311 3032 2368; x_wconf 79' lang='lat' dir='ltr'><strong>circumfertur</strong></span> <span class='ocrx_word' id='word_1_384' title='bbox 3082 2313 3295 2367; x_wconf 66' lang='lat' dir='ltr'><strong>Damasi</strong></span> <span class='ocrx_word' id='word_1_385' title='bbox 3334 2315 3552 2368; x_wconf 82' lang='lat' dir='ltr'><strong>nomine</strong></span> 
     </span>
    </p>
   </div>
   <div class='ocr_carea' id='block_1_53' title="bbox 1948 2402 3556 2477">
    <p class='ocr_par' dir='ltr' id='par_1_53' title="bbox 1948 2402 3556 2477">
     <span class='ocr_line' id='line_1_53' title="bbox 1948 2402 3556 2477; baseline -0.001 -17"><span class='ocrx_word' id='word_1_386' title='bbox 1948 2407 2269 2476; x_wconf 88' lang='lat' dir='ltr'><strong>inscriptum</strong></span> <span class='ocrx_word' id='word_1_387' title='bbox 2322 2406 2662 2477; x_wconf 82' lang='lat' dir='ltr'><strong>Symbolum,</strong></span> <span class='ocrx_word' id='word_1_388' title='bbox 2711 2404 3031 2475; x_wconf 82' lang='lat' dir='ltr'><strong>particulam</strong></span> <span class='ocrx_word' id='word_1_389' title='bbox 3082 2402 3323 2473; x_wconf 78' lang='lat' dir='ltr'><strong>Filioque</strong></span> <span class='ocrx_word' id='word_1_390' title='bbox 3371 2405 3556 2474; x_wconf 75' lang='lat' dir='ltr'><strong>expri-</strong></span> 
     </span>
    </p>
   </div>
   <div class='ocr_carea' id='block_1_54' title="bbox 1949 2496 3553 2567">
    <p class='ocr_par' dir='ltr' id='par_1_54' title="bbox 1949 2496 3553 2567">
     <span class='ocr_line' id='line_1_54' title="bbox 1949 2496 3553 2567; baseline -0.002 -13"><span class='ocrx_word' id='word_1_391' title='bbox 1949 2515 2122 2554; x_wconf 87' lang='lat' dir='ltr'><strong>mens.</strong></span> <span class='ocrx_word' id='word_1_392' title='bbox 2150 2498 2395 2554; x_wconf 67' lang='lat' dir='ltr'><strong>Allet&#39;unt</strong></span> <span class='ocrx_word' id='word_1_393' title='bbox 2428 2497 2558 2552; x_wconf 88' lang='lat' dir='ltr'><strong>illud</strong></span> <span class='ocrx_word' id='word_1_394' title='bbox 2581 2506 2686 2563; x_wconf 88' lang='lat' dir='ltr'><strong>est,</strong></span> <span class='ocrx_word' id='word_1_395' title='bbox 2719 2496 2862 2567; x_wconf 74' lang='lat' dir='ltr'><strong>quod</strong></span> <span class='ocrx_word' id='word_1_396' title='bbox 2906 2496 3235 2567; x_wconf 88' lang='lat' dir='ltr'><strong>llieronynto</strong></span> <span class='ocrx_word' id='word_1_397' title='bbox 3280 2497 3441 2551; x_wconf 79' lang='lat' dir='ltr'><strong>etiam</strong></span> <span class='ocrx_word' id='word_1_398' title='bbox 3472 2506 3553 2551; x_wconf 83' lang='lat' dir='ltr'><strong>at-</strong></span> 
     </span>
    </p>
   </div>
   <div class='ocr_carea' id='block_1_55' title="bbox 1950 2589 3554 2662">
    <p class='ocr_par' dir='ltr' id='par_1_55' title="bbox 1950 2589 3554 2662">
     <span class='ocr_line' id='line_1_55' title="bbox 1950 2589 3554 2662; baseline -0.002 -15"><span class='ocrx_word' id='word_1_399' title='bbox 1950 2592 2195 2647; x_wconf 86' lang='lat' dir='ltr'><strong>tribuunt</strong></span> <span class='ocrx_word' id='word_1_400' title='bbox 2221 2607 2354 2647; x_wconf 75' lang='lat' dir='ltr'><strong>mss.</strong></span> <span class='ocrx_word' id='word_1_401' title='bbox 2400 2591 2607 2662; x_wconf 76' lang='lat' dir='ltr'><strong>aliquot</strong></span> <span class='ocrx_word' id='word_1_402' title='bbox 2645 2590 2882 2645; x_wconf 86' lang='lat' dir='ltr'><strong>codices.</strong></span> <span class='ocrx_word' id='word_1_403' title='bbox 2914 2590 3159 2646; x_wconf 85' lang='lat' dir='ltr'><strong>Alterum</strong></span> <span class='ocrx_word' id='word_1_404' title='bbox 3190 2604 3320 2645; x_wconf 87' lang='lat' dir='ltr'><strong>vero</strong></span> <span class='ocrx_word' id='word_1_405' title='bbox 3345 2589 3396 2644; x_wconf 93' lang='lat' dir='ltr'><strong>in</strong></span> <span class='ocrx_word' id='word_1_406' title='bbox 3428 2589 3554 2644; x_wconf 88' lang='lat' dir='ltr'><strong>Flu-</strong></span> 
     </span>
    </p>
   </div>
   <div class='ocr_carea' id='block_1_56' title="bbox 1950 2682 3555 2754">
    <p class='ocr_par' dir='ltr' id='par_1_56' title="bbox 1950 2682 3555 2754">
     <span class='ocr_line' id='line_1_56' title="bbox 1950 2682 3555 2754; baseline -0.004 -12"><span class='ocrx_word' id='word_1_407' title='bbox 1950 2686 2149 2743; x_wconf 88' lang='lat' dir='ltr'><strong>rentini</strong></span> <span class='ocrx_word' id='word_1_408' title='bbox 2177 2686 2391 2741; x_wconf 91' lang='lat' dir='ltr'><strong>concilii</strong></span> <span class='ocrx_word' id='word_1_409' title='bbox 2422 2684 2879 2754; x_wconf 82' lang='lat' dir='ltr'><strong>diSputatiombus</strong></span> <span class='ocrx_word' id='word_1_410' title='bbox 2920 2684 3048 2739; x_wconf 92' lang='lat' dir='ltr'><strong>coll.</strong></span> <span class='ocrx_word' id='word_1_411' title='bbox 3078 2682 3150 2738; x_wconf 78' lang='grc'><strong>25</strong></span> <span class='ocrx_word' id='word_1_412' title='bbox 3175 2694 3231 2737; x_wconf 89' lang='lat' dir='ltr'><strong>et</strong></span> <span class='ocrx_word' id='word_1_413' title='bbox 3274 2699 3304 2737; x_wconf 90' lang='lat' dir='ltr'><strong>a</strong></span> <span class='ocrx_word' id='word_1_414' title='bbox 3333 2683 3555 2739; x_wconf 82' lang='lat' dir='ltr'><strong>Genna-</strong></span> 
     </span>
    </p>
   </div>
   <div class='ocr_carea' id='block_1_57' title="bbox 1950 2776 3552 2849">
    <p class='ocr_par' dir='ltr' id='par_1_57' title="bbox 1950 2776 3552 2849">
     <span class='ocr_line' id='line_1_57' title="bbox 1950 2776 3552 2849; baseline -0.003 -15"><span class='ocrx_word' id='word_1_415' title='bbox 1950 2779 2042 2834; x_wconf 92' lang='lat' dir='ltr'><strong>dio</strong></span> <span class='ocrx_word' id='word_1_416' title='bbox 2072 2779 2341 2849; x_wconf 84' lang='lat' dir='ltr'><strong>prolatum</strong></span> <span class='ocrx_word' id='word_1_417' title='bbox 2386 2791 2467 2832; x_wconf 86' lang='lat' dir='ltr'><strong>eSt</strong></span> <span class='ocrx_word' id='word_1_418' title='bbox 2496 2776 2595 2849; x_wconf 89' lang='lat' dir='ltr'><strong>(a).</strong></span> <span class='ocrx_word' id='word_1_419' title='bbox 2630 2777 2866 2831; x_wconf 81' lang='lat' dir='ltr'><strong>Primum</strong></span> <span class='ocrx_word' id='word_1_420' title='bbox 2904 2784 3015 2829; x_wconf 88' lang='lat' dir='ltr'><strong>tum</strong></span> <span class='ocrx_word' id='word_1_421' title='bbox 3058 2776 3412 2848; x_wconf 77' lang='lat' dir='ltr'><strong>Hieronymo,</strong></span> <span class='ocrx_word' id='word_1_422' title='bbox 3444 2778 3552 2829; x_wconf 89' lang='lat' dir='ltr'><strong>tum</strong></span> 
     </span>
    </p>
   </div>
   <div class='ocr_carea' id='block_1_58' title="bbox 1955 2868 3557 2941">
    <p class='ocr_par' dir='ltr' id='par_1_58' title="bbox 1955 2868 3557 2941">
     <span class='ocr_line' id='line_1_58' title="bbox 1955 2868 3557 2941; baseline -0.002 -14"><span class='ocrx_word' id='word_1_423' title='bbox 1955 2873 2185 2927; x_wconf 90' lang='lat' dir='ltr'><strong>Damaso</strong></span> <span class='ocrx_word' id='word_1_424' title='bbox 2214 2871 2523 2941; x_wconf 65' lang='lat' dir='ltr'><strong>altjudieant</strong></span> <span class='ocrx_word' id='word_1_425' title='bbox 2552 2869 2727 2925; x_wconf 89' lang='lat' dir='ltr'><strong>critici</strong></span> <span class='ocrx_word' id='word_1_426' title='bbox 2756 2868 2826 2924; x_wconf 78' lang='lat' dir='ltr'><strong>oh</strong></span> <span class='ocrx_word' id='word_1_427' title='bbox 2856 2885 2973 2924; x_wconf 89' lang='lat' dir='ltr'><strong>eam</strong></span> <span class='ocrx_word' id='word_1_428' title='bbox 3020 2869 3362 2939; x_wconf 83' lang='lat' dir='ltr'><strong>potissimum</strong></span> <span class='ocrx_word' id='word_1_429' title='bbox 3390 2869 3557 2924; x_wconf 90' lang='lat' dir='ltr'><strong>ratio-</strong></span> 
     </span>
    </p>
   </div>
   <div class='ocr_carea' id='block_1_59' title="bbox 1954 2965 3555 3039">
    <p class='ocr_par' dir='ltr' id='par_1_59' title="bbox 1954 2965 3555 3039">
     <span class='ocr_line' id='line_1_59' title="bbox 1954 2965 3555 3039; baseline -0.001 -16"><span class='ocrx_word' id='word_1_430' title='bbox 1954 2984 2099 3032; x_wconf 91' lang='lat' dir='ltr'><strong>nem,</strong></span> <span class='ocrx_word' id='word_1_431' title='bbox 2133 2970 2274 3039; x_wconf 85' lang='lat' dir='ltr'><strong>quod</strong></span> <span class='ocrx_word' id='word_1_432' title='bbox 2304 2966 2508 3022; x_wconf 86' lang='lat' dir='ltr'><strong>additio</strong></span> <span class='ocrx_word' id='word_1_433' title='bbox 2537 2966 2655 3037; x_wconf 84' lang='lat' dir='ltr'><strong>ejus</strong></span> <span class='ocrx_word' id='word_1_434' title='bbox 2688 2966 2967 3035; x_wconf 76' lang='lat' dir='ltr'><strong>particula:</strong></span> <span class='ocrx_word' id='word_1_435' title='bbox 3007 2965 3328 3020; x_wconf 88' lang='lat' dir='ltr'><strong>recentioris</strong></span> <span class='ocrx_word' id='word_1_436' title='bbox 3377 2966 3555 3021; x_wconf 60' lang='lat' dir='ltr'><strong>artatis</strong></span> 
     </span>
    </p>
   </div>
   <div class='ocr_carea' id='block_1_60' title="bbox 1954 3058 3552 3133">
    <p class='ocr_par' dir='ltr' id='par_1_60' title="bbox 1954 3058 3552 3133">
     <span class='ocr_line' id='line_1_60' title="bbox 1954 3058 3552 3133; baseline -0.004 -14"><span class='ocrx_word' id='word_1_437' title='bbox 1954 3072 2068 3128; x_wconf 87' lang='lat' dir='ltr'><strong>est;</strong></span> <span class='ocrx_word' id='word_1_438' title='bbox 2098 3077 2220 3133; x_wconf 66' lang='lat' dir='ltr'><strong>quas</strong></span> <span class='ocrx_word' id='word_1_439' title='bbox 2253 3073 2430 3117; x_wconf 89' lang='lat' dir='ltr'><strong>tamen</strong></span> <span class='ocrx_word' id='word_1_440' title='bbox 2475 3061 2614 3114; x_wconf 86' lang='lat' dir='ltr'><strong>ratio</strong></span> <span class='ocrx_word' id='word_1_441' title='bbox 2644 3059 2783 3114; x_wconf 86' lang='lat' dir='ltr'><strong>haud</strong></span> <span class='ocrx_word' id='word_1_442' title='bbox 2824 3059 3129 3114; x_wconf 78' lang='lat' dir='ltr'><strong>decretoria</strong></span> <span class='ocrx_word' id='word_1_443' title='bbox 3163 3058 3409 3129; x_wconf 77' lang='lat' dir='ltr'><strong>proiecto</strong></span> <span class='ocrx_word' id='word_1_444' title='bbox 3448 3070 3552 3125; x_wconf 87' lang='lat' dir='ltr'><strong>est,</strong></span> 
     </span>
    </p>
   </div>
   <div class='ocr_carea' id='block_1_61' title="bbox 1955 3151 3557 3226">
    <p class='ocr_par' dir='ltr' id='par_1_61' title="bbox 1955 3151 3557 3226">
     <span class='ocr_line' id='line_1_61' title="bbox 1955 3151 3557 3226; baseline -0.002 -16"><span class='ocrx_word' id='word_1_445' title='bbox 1955 3156 2079 3226; x_wconf 85' lang='lat' dir='ltr'><strong>quia</strong></span> <span class='ocrx_word' id='word_1_446' title='bbox 2111 3171 2234 3211; x_wconf 91' lang='lat' dir='ltr'><strong>cum</strong></span> <span class='ocrx_word' id='word_1_447' title='bbox 2261 3171 2323 3211; x_wconf 86' lang='lat' dir='ltr'><strong>ea</strong></span> <span class='ocrx_word' id='word_1_448' title='bbox 2362 3153 2524 3209; x_wconf 81' lang='lat' dir='ltr'><strong>fuerit</strong></span> <span class='ocrx_word' id='word_1_449' title='bbox 2551 3168 2740 3208; x_wconf 91' lang='lat' dir='ltr'><strong>eorum</strong></span> <span class='ocrx_word' id='word_1_450' title='bbox 2768 3153 2931 3206; x_wconf 89' lang='lat' dir='ltr'><strong>etiam</strong></span> <span class='ocrx_word' id='word_1_451' title='bbox 2972 3160 3276 3221; x_wconf 86' lang='lat' dir='ltr'><strong>temporum</strong></span> <span class='ocrx_word' id='word_1_452' title='bbox 3310 3151 3467 3217; x_wconf 82' lang='lat' dir='ltr'><strong>ﬁdes,</strong></span> <span class='ocrx_word' id='word_1_453' title='bbox 3501 3161 3557 3206; x_wconf 90' lang='lat' dir='ltr'><strong>ut.</strong></span> 
     </span>
    </p>
   </div>
   <div class='ocr_carea' id='block_1_62' title="bbox 246 3235 3554 3337">
    <p class='ocr_par' dir='ltr' id='par_1_62' title="bbox 246 3235 3554 3337">
     <span class='ocr_line' id='line_1_62' title="bbox 246 3235 3554 3337; baseline -0.005 -21"><span class='ocrx_word' id='word_1_454' title='bbox 246 3271 495 3333; x_wconf 83' lang='lat' dir='ltr'><strong>perpetua</strong></span> <span class='ocrx_word' id='word_1_455' title='bbox 514 3262 837 3334; x_wconf 87' lang='lat' dir='ltr'><strong>scripsimus,</strong></span> <span class='ocrx_word' id='word_1_456' title='bbox 866 3262 920 3315; x_wconf 86' lang='lat' dir='ltr'><strong>in</strong></span> <span class='ocrx_word' id='word_1_457' title='bbox 944 3277 1046 3332; x_wconf 90' lang='lat' dir='ltr'><strong>qua</strong></span> <span class='ocrx_word' id='word_1_458' title='bbox 1076 3275 1277 3315; x_wconf 90' lang='lat' dir='ltr'><strong>necesse</strong></span> <span class='ocrx_word' id='word_1_459' title='bbox 1303 3257 1450 3312; x_wconf 91' lang='lat' dir='ltr'><strong>nobis</strong></span> <span class='ocrx_word' id='word_1_460' title='bbox 1474 3258 1571 3328; x_wconf 83' lang='lat' dir='ltr'><strong>fuit</strong></span> <span class='ocrx_word' id='word_1_461' title='bbox 1593 3256 1661 3309; x_wconf 91' lang='lat' dir='ltr'><strong>ad</strong></span> <span class='ocrx_word' id='word_1_462' title='bbox 1692 3255 1848 3326; x_wconf 85' lang='lat' dir='ltr'><strong>virgi—</strong></span> <span class='ocrx_word' id='word_1_463' title='bbox 1875 3235 1921 3300; x_wconf 71' lang='grc' dir='ltr'>Ο</span> <span class='ocrx_word' id='word_1_464' title='bbox 1951 3265 2020 3306; x_wconf 82' lang='lat' dir='ltr'><strong>ex</strong></span> <span class='ocrx_word' id='word_1_465' title='bbox 2053 3248 2368 3337; x_wconf 81' lang='lat' dir='ltr'><strong>Hieronymi</strong></span> <span class='ocrx_word' id='word_1_466' title='bbox 2398 3246 2587 3317; x_wconf 83' lang='lat' dir='ltr'><strong>ipsius,</strong></span> <span class='ocrx_word' id='word_1_467' title='bbox 2616 3245 2910 3310; x_wconf 85' lang='lat' dir='ltr'><strong>Ambrosii,</strong></span> <span class='ocrx_word' id='word_1_468' title='bbox 2948 3243 3160 3310; x_wconf 83' lang='lat' dir='ltr'><strong>Hilarii,</strong></span> <span class='ocrx_word' id='word_1_469' title='bbox 3212 3244 3554 3312; x_wconf 82' lang='lat' dir='ltr'><strong>aliorumque</strong></span> 
     </span>
    </p>
   </div>
   <div class='ocr_carea' id='block_1_63' title="bbox 246 3348 1849 3429">
    <p class='ocr_par' dir='ltr' id='par_1_63' title="bbox 246 3348 1849 3429">
     <span class='ocr_line' id='line_1_63' title="bbox 246 3348 1849 3429; baseline -0.006 -18"><span class='ocrx_word' id='word_1_470' title='bbox 246 3358 428 3412; x_wconf 76' lang='lat' dir='ltr'><strong>uitatis</strong></span> <span class='ocrx_word' id='word_1_471' title='bbox 458 3357 823 3413; x_wconf 87' lang='lat' dir='ltr'><strong>beatitudinem</strong></span> <span class='ocrx_word' id='word_1_472' title='bbox 869 3353 1266 3429; x_wconf 79' lang='lat' dir='ltr'><strong>prteferendunt,</strong></span> <span class='ocrx_word' id='word_1_473' title='bbox 1302 3353 1463 3407; x_wconf 88' lang='lat' dir='ltr'><strong>multa</strong></span> <span class='ocrx_word' id='word_1_474' title='bbox 1509 3348 1849 3420; x_wconf 83' lang='lat' dir='ltr'><strong>de_molestiis</strong></span> 
     </span>
    </p>
   </div>
   <div class='ocr_carea' id='block_1_64' title="bbox 244 3444 1849 3522">
    <p class='ocr_par' dir='ltr' id='par_1_64' title="bbox 244 3444 1849 3522">
     <span class='ocr_line' id='line_1_64' title="bbox 244 3444 1849 3522; baseline -0.005 -18"><span class='ocrx_word' id='word_1_475' title='bbox 244 3449 421 3505; x_wconf 83' lang='lat' dir='ltr'><strong>dicere</strong></span> <span class='ocrx_word' id='word_1_476' title='bbox 464 3452 760 3522; x_wconf 86' lang='lat' dir='ltr'><strong>nuptiarum</strong></span> <span class='ocrx_word' id='word_1_477' title='bbox 786 3467 952 3505; x_wconf 84' lang='lat' dir='ltr'><strong>:num</strong></span> <span class='ocrx_word' id='word_1_478' title='bbox 998 3450 1074 3505; x_wconf 92' lang='lat' dir='ltr'><strong>vir</strong></span> <span class='ocrx_word' id='word_1_479' title='bbox 1122 3449 1381 3521; x_wconf 87' lang='lat' dir='ltr'><strong>egregius,</strong></span> <span class='ocrx_word' id='word_1_480' title='bbox 1426 3457 1475 3501; x_wconf 91' lang='lat' dir='ltr'><strong>et</strong></span> <span class='ocrx_word' id='word_1_481' title='bbox 1519 3445 1750 3499; x_wconf 71' lang='lat' dir='ltr'><strong>eruditus</strong></span> <span class='ocrx_word' id='word_1_482' title='bbox 1794 3444 1849 3497; x_wconf 89' lang='lat' dir='ltr'><strong>in</strong></span> 
     </span>
    </p>
   </div>
   <div class='ocr_carea' id='block_1_65' title="bbox 249 3537 1847 3619">
    <p class='ocr_par' dir='ltr' id='par_1_65' title="bbox 249 3537 1847 3619">
     <span class='ocr_line' id='line_1_65' title="bbox 249 3537 1847 3619; baseline -0.008 -18"><span class='ocrx_word' id='word_1_483' title='bbox 249 3545 558 3619; x_wconf 83' lang='lat' dir='ltr'><strong>Scripturis.</strong></span> <span class='ocrx_word' id='word_1_484' title='bbox 593 3547 734 3616; x_wconf 89' lang='lat' dir='ltr'><strong>virgo</strong></span> <span class='ocrx_word' id='word_1_485' title='bbox 766 3546 980 3617; x_wconf 86' lang='lat' dir='ltr'><strong>virginis</strong></span> <span class='ocrx_word' id='word_1_486' title='bbox 1029 3543 1274 3598; x_wconf 78' lang='lat' dir='ltr'><strong>Ecclesia:</strong></span> <span class='ocrx_word' id='word_1_487' title='bbox 1333 3542 1514 3595; x_wconf 88' lang='lat' dir='ltr'><strong>doctor</strong></span> <span class='ocrx_word' id='word_1_488' title='bbox 1559 3538 1755 3609; x_wconf 89' lang='lat' dir='ltr'><strong>aliquid</strong></span> <span class='ocrx_word' id='word_1_489' title='bbox 1795 3537 1847 3590; x_wconf 89' lang='lat' dir='ltr'><strong>in</strong></span> 
     </span>
    </p>
   </div>
   <div class='ocr_carea' id='block_1_66' title="bbox 245 3630 1850 3713">
    <p class='ocr_par' dir='ltr' id='par_1_66' title="bbox 245 3630 1850 3713">
     <span class='ocr_line' id='line_1_66' title="bbox 245 3630 1850 3713; baseline -0.007 -19"><span class='ocrx_word' id='word_1_490' title='bbox 245 3639 337 3695; x_wconf 76' lang='lat' dir='ltr'><strong>illa</strong></span> <span class='ocrx_word' id='word_1_491' title='bbox 366 3658 606 3697; x_wconf 87' lang='lat' dir='ltr'><strong>sermone</strong></span> <span class='ocrx_word' id='word_1_492' title='bbox 628 3639 999 3713; x_wconf 83' lang='lat' dir='ltr'><strong>reprehendit?</strong></span> <span class='ocrx_word' id='word_1_493' title='bbox 1027 3638 1131 3693; x_wconf 62' lang='lat' dir='ltr'><strong>Sed</strong></span> <span class='ocrx_word' id='word_1_494' title='bbox 1161 3645 1208 3691; x_wconf 74' lang='lat' dir='ltr'><strong>rt</strong></span> <span class='ocrx_word' id='word_1_495' title='bbox 1241 3636 1415 3690; x_wconf 89' lang='lat' dir='ltr'><strong>beatus</strong></span> <span class='ocrx_word' id='word_1_496' title='bbox 1440 3632 1704 3687; x_wconf 81' lang='lat' dir='ltr'><strong>Damasus</strong></span> <span class='ocrx_word' id='word_1_497' title='bbox 1731 3630 1850 3699; x_wconf 85' lang='lat' dir='ltr'><strong>plu-</strong></span> 
     </span>
    </p>
   </div>
   <div class='ocr_carea' id='block_1_67' title="bbox 244 3722 1851 3806">
    <p class='ocr_par' dir='ltr' id='par_1_67' title="bbox 244 3722 1851 3806">
     <span class='ocr_line' id='line_1_67' title="bbox 244 3722 1851 3806; baseline -0.007 -19"><span class='ocrx_word' id='word_1_498' title='bbox 244 3752 327 3789; x_wconf 86' lang='lat' dir='ltr'><strong>res</strong></span> <span class='ocrx_word' id='word_1_499' title='bbox 355 3736 620 3790; x_wconf 86' lang='lat' dir='ltr'><strong>luculenta</strong></span> <span class='ocrx_word' id='word_1_500' title='bbox 647 3735 784 3806; x_wconf 81' lang='lat' dir='ltr'><strong>stylo</strong></span> <span class='ocrx_word' id='word_1_501' title='bbox 812 3732 1019 3805; x_wconf 86' lang='lat' dir='ltr'><strong>scripsit</strong></span> <span class='ocrx_word' id='word_1_502' title='bbox 1061 3730 1324 3802; x_wconf 86' lang='lat' dir='ltr'><strong>epistolas,</strong></span> <span class='ocrx_word' id='word_1_503' title='bbox 1356 3743 1574 3799; x_wconf 83' lang='lat' dir='ltr'><strong>quorum</strong></span> <span class='ocrx_word' id='word_1_504' title='bbox 1612 3722 1851 3793; x_wconf 72' lang='lat' dir='ltr'><strong>qua&#39;dant</strong></span> 
     </span>
    </p>
   </div>
   <div class='ocr_carea' id='block_1_68' title="bbox 246 3822 1852 3903">
    <p class='ocr_par' dir='ltr' id='par_1_68' title="bbox 246 3822 1852 3903">
     <span class='ocr_line' id='line_1_68' title="bbox 246 3822 1852 3903; baseline -0.007 -20"><span class='ocrx_word' id='word_1_505' title='bbox 246 3830 381 3884; x_wconf 87' lang='lat' dir='ltr'><strong>inter</strong></span> <span class='ocrx_word' id='word_1_506' title='bbox 408 3830 656 3903; x_wconf 90' lang='lat' dir='ltr'><strong>epistolas</strong></span> <span class='ocrx_word' id='word_1_507' title='bbox 692 3828 997 3899; x_wconf 79' lang='lat' dir='ltr'><strong>Hieronymi</strong></span> <span class='ocrx_word' id='word_1_508' title='bbox 1025 3827 1369 3881; x_wconf 87' lang='lat' dir='ltr'><strong>continentur.</strong></span> <span class='ocrx_word' id='word_1_509' title='bbox 1401 3822 1627 3890; x_wconf 87' lang='lat' dir='ltr'><strong>Scripsit</strong></span> <span class='ocrx_word' id='word_1_510' title='bbox 1658 3829 1704 3875; x_wconf 90' lang='lat' dir='ltr'><strong>et</strong></span> <span class='ocrx_word' id='word_1_511' title='bbox 1729 3835 1852 3890; x_wconf 88' lang='lat' dir='ltr'><strong>pas—</strong></span> 
     </span>
    </p>
   </div>
   <div class='ocr_carea' id='block_1_69' title="bbox 248 3912 1849 3988">
    <p class='ocr_par' dir='ltr' id='par_1_69' title="bbox 248 3912 1849 3988">
     <span class='ocr_line' id='line_1_69' title="bbox 248 3912 1849 3988; baseline -0.007 -12"><span class='ocrx_word' id='word_1_512' title='bbox 248 3923 445 3978; x_wconf 89' lang='lat' dir='ltr'><strong>sionem</strong></span> <span class='ocrx_word' id='word_1_513' title='bbox 476 3922 585 3980; x_wconf 85' lang='lat' dir='ltr'><strong>SS.</strong></span> <span class='ocrx_word' id='word_1_514' title='bbox 618 3921 936 3988; x_wconf 81' lang='lat' dir='ltr'><strong>Marcellini,</strong></span> <span class='ocrx_word' id='word_1_515' title='bbox 970 3930 1015 3975; x_wconf 93' lang='lat' dir='ltr'><strong>et</strong></span> <span class='ocrx_word' id='word_1_516' title='bbox 1050 3918 1217 3987; x_wconf 81' lang='lat' dir='ltr'><strong>Petri,</strong></span> <span class='ocrx_word' id='word_1_517' title='bbox 1260 3933 1414 3988; x_wconf 84' lang='lat' dir='ltr'><strong>quant</strong></span> <span class='ocrx_word' id='word_1_518' title='bbox 1439 3914 1533 3969; x_wconf 86' lang='lat' dir='ltr'><strong>sibi</strong></span> <span class='ocrx_word' id='word_1_519' title='bbox 1557 3912 1849 3967; x_wconf 87' lang='lat' dir='ltr'><strong>earumdem</strong></span> 
     </span>
    </p>
   </div>
   <div class='ocr_carea' id='block_1_70' title="bbox 249 4003 1852 4089">
    <p class='ocr_par' dir='ltr' id='par_1_70' title="bbox 249 4003 1852 4089">
     <span class='ocr_line' id='line_1_70' title="bbox 249 4003 1852 4089; baseline -0.009 -18"><span class='ocrx_word' id='word_1_520' title='bbox 249 4018 620 4089; x_wconf 84' lang='lat' dir='ltr'><strong>spiculatorem</strong></span> <span class='ocrx_word' id='word_1_521' title='bbox 648 4017 700 4071; x_wconf 88' lang='lat' dir='ltr'><strong>in</strong></span> <span class='ocrx_word' id='word_1_522' title='bbox 732 4033 826 4071; x_wconf 89' lang='lat' dir='ltr'><strong>sua</strong></span> <span class='ocrx_word' id='word_1_523' title='bbox 852 4014 1196 4069; x_wconf 83' lang='lat' dir='ltr'><strong>adolescentia</strong></span> <span class='ocrx_word' id='word_1_524' title='bbox 1222 4011 1402 4066; x_wconf 90' lang='lat' dir='ltr'><strong>asserit</strong></span> <span class='ocrx_word' id='word_1_525' title='bbox 1433 4007 1730 4063; x_wconf 84' lang='lat' dir='ltr'><strong>tradidisse.</strong></span> <span class='ocrx_word' id='word_1_526' title='bbox 1761 4003 1852 4057; x_wconf 89' lang='lat' dir='ltr'><strong>Li-</strong></span> 
     </span>
    </p>
   </div>
   <div class='ocr_carea' id='block_1_71' title="bbox 253 4107 1853 4185">
    <p class='ocr_par' dir='ltr' id='par_1_71' title="bbox 253 4107 1853 4185">
     <span class='ocr_line' id='line_1_71' title="bbox 253 4107 1853 4185; baseline -0.008 -21"><span class='ocrx_word' id='word_1_527' title='bbox 253 4111 402 4167; x_wconf 87' lang='lat' dir='ltr'><strong>brum</strong></span> <span class='ocrx_word' id='word_1_528' title='bbox 418 4129 618 4185; x_wconf 85' lang='lat' dir='ltr'><strong>quoque</strong></span> <span class='ocrx_word' id='word_1_529' title='bbox 642 4112 704 4167; x_wconf 87' lang='lat' dir='ltr'><strong>de</strong></span> <span class='ocrx_word' id='word_1_530' title='bbox 732 4111 885 4166; x_wconf 89' lang='lat' dir='ltr'><strong>laude</strong></span> <span class='ocrx_word' id='word_1_531' title='bbox 914 4107 1239 4181; x_wconf 80' lang='lat' dir='ltr'><strong>Virginitatis</strong></span> <span class='ocrx_word' id='word_1_532' title='bbox 1260 4122 1409 4160; x_wconf 88' lang='lat' dir='ltr'><strong>versu</strong></span> <span class='ocrx_word' id='word_1_533' title='bbox 1435 4118 1687 4175; x_wconf 83' lang='lat' dir='ltr'><strong>prosaque</strong></span> <span class='ocrx_word' id='word_1_534' title='bbox 1712 4115 1853 4155; x_wconf 89' lang='lat' dir='ltr'><strong>cam-</strong></span> 
     </span>
    </p>
   </div>
   <div class='ocr_carea' id='block_1_72' title="bbox 256 4197 1852 4276">
    <p class='ocr_par' dir='ltr' id='par_1_72' title="bbox 256 4197 1852 4276">
     <span class='ocr_line' id='line_1_72' title="bbox 256 4197 1852 4276; baseline -0.009 -15"><span class='ocrx_word' id='word_1_535' title='bbox 256 4207 449 4276; x_wconf 82' lang='lat' dir='ltr'><strong>posuit,</strong></span> <span class='ocrx_word' id='word_1_536' title='bbox 481 4205 573 4260; x_wconf 88' lang='lat' dir='ltr'><strong>sed</strong></span> <span class='ocrx_word' id='word_1_537' title='bbox 601 4215 645 4260; x_wconf 86' lang='lat' dir='ltr'><strong>et</strong></span> <span class='ocrx_word' id='word_1_538' title='bbox 689 4219 940 4260; x_wconf 86' lang='lat' dir='ltr'><strong>summam</strong></span> <span class='ocrx_word' id='word_1_539' title='bbox 984 4200 1327 4274; x_wconf 90' lang='lat' dir='ltr'><strong>quorumdam</strong></span> <span class='ocrx_word' id='word_1_540' title='bbox 1371 4197 1711 4261; x_wconf 88' lang='lat' dir='ltr'><strong>voluminum,</strong></span> <span class='ocrx_word' id='word_1_541' title='bbox 1747 4204 1852 4248; x_wconf 89' lang='lat' dir='ltr'><strong>tant</strong></span> 
     </span>
    </p>
   </div>
   <div class='ocr_carea' id='block_1_73' title="bbox 256 4290 1853 4371">
    <p class='ocr_par' dir='ltr' id='par_1_73' title="bbox 256 4290 1853 4371">
     <span class='ocr_line' id='line_1_73' title="bbox 256 4290 1853 4371; baseline -0.008 -17"><span class='ocrx_word' id='word_1_542' title='bbox 256 4299 394 4355; x_wconf 79' lang='lat' dir='ltr'><strong>Novi</strong></span> <span class='ocrx_word' id='word_1_543' title='bbox 437 4300 768 4365; x_wconf 87' lang='lat' dir='ltr'><strong>Testamenti,</strong></span> <span class='ocrx_word' id='word_1_544' title='bbox 825 4314 980 4371; x_wconf 91' lang='lat' dir='ltr'><strong>quant</strong></span> <span class='ocrx_word' id='word_1_545' title='bbox 1014 4296 1226 4363; x_wconf 87' lang='lat' dir='ltr'><strong>Veteris,</strong></span> <span class='ocrx_word' id='word_1_546' title='bbox 1261 4292 1569 4350; x_wconf 73' lang='lat' dir='ltr'><strong>hexametris</strong></span> <span class='ocrx_word' id='word_1_547' title='bbox 1624 4290 1853 4346; x_wconf 84' lang='lat' dir='ltr'><strong>versibus</strong></span> 
     </span>
    </p>
   </div>
   <div class='ocr_carea' id='block_1_74' title="bbox 253 4394 561 4464">
    <p class='ocr_par' dir='ltr' id='par_1_74' title="bbox 253 4394 561 4464">
     <span class='ocr_line' id='line_1_74' title="bbox 253 4394 561 4464; baseline 0.01 -19"><span class='ocrx_word' id='word_1_548' title='bbox 253 4394 561 4464; x_wconf 86' lang='lat' dir='ltr'><strong>composuit.</strong></span> 
     </span>
    </p>
   </div>
   <div class='ocr_carea' id='block_1_75' title="bbox 326 4478 1854 4557">
    <p class='ocr_par' dir='ltr' id='par_1_75' title="bbox 326 4478 1854 4557">
     <span class='ocr_line' id='line_1_75' title="bbox 326 4478 1854 4557; baseline -0.006 -17"><span class='ocrx_word' id='word_1_549' title='bbox 326 4485 648 4542; x_wconf 84' lang='lat' dir='ltr'><strong>Sarazanius</strong></span> <span class='ocrx_word' id='word_1_550' title='bbox 691 4485 947 4557; x_wconf 86' lang='lat' dir='ltr'><strong>operibus</strong></span> <span class='ocrx_word' id='word_1_551' title='bbox 990 4500 1020 4539; x_wconf 93' lang='lat' dir='ltr'><strong>a</strong></span> <span class='ocrx_word' id='word_1_552' title='bbox 1066 4499 1124 4539; x_wconf 90' lang='lat' dir='ltr'><strong>sc</strong></span> <span class='ocrx_word' id='word_1_553' title='bbox 1159 4480 1322 4539; x_wconf 85' lang='lat' dir='ltr'><strong>editis</strong></span> <span class='ocrx_word' id='word_1_554' title='bbox 1356 4479 1564 4536; x_wconf 87' lang='lat' dir='ltr'><strong>addidit</strong></span> <span class='ocrx_word' id='word_1_555' title='bbox 1592 4486 1711 4534; x_wconf 89' lang='lat' dir='ltr'><strong>aeta</strong></span> <span class='ocrx_word' id='word_1_556' title='bbox 1755 4478 1854 4531; x_wconf 85' lang='lat' dir='ltr'><strong>Da-</strong></span> 
     </span>
    </p>
   </div>
   <div class='ocr_carea' id='block_1_76' title="bbox 259 4569 1851 4651">
    <p class='ocr_par' dir='ltr' id='par_1_76' title="bbox 259 4569 1851 4651">
     <span class='ocr_line' id='line_1_76' title="bbox 259 4569 1851 4651; baseline -0.005 -18"><span class='ocrx_word' id='word_1_557' title='bbox 259 4580 413 4646; x_wconf 81' lang='lat' dir='ltr'><strong>masi,</strong></span> <span class='ocrx_word' id='word_1_558' title='bbox 464 4595 562 4636; x_wconf 91' lang='lat' dir='ltr'><strong>seu</strong></span> <span class='ocrx_word' id='word_1_559' title='bbox 604 4579 783 4651; x_wconf 86' lang='lat' dir='ltr'><strong>potius</strong></span> <span class='ocrx_word' id='word_1_560' title='bbox 830 4576 1169 4643; x_wconf 81' lang='lat' dir='ltr'><strong>lertionaria,</strong></span> <span class='ocrx_word' id='word_1_561' title='bbox 1198 4590 1320 4647; x_wconf 69' lang='lat' dir='ltr'><strong>quae</strong></span> <span class='ocrx_word' id='word_1_562' title='bbox 1363 4590 1428 4630; x_wconf 81' lang='lat' dir='ltr'><strong>ex</strong></span> <span class='ocrx_word' id='word_1_563' title='bbox 1465 4569 1851 4629; x_wconf 64' lang='lat' dir='ltr'><strong>Vallicellianaz</strong></span> 
     </span>
    </p>
   </div>
   <div class='ocr_carea' id='block_1_77' title="bbox 260 4666 1849 4735">
    <p class='ocr_par' dir='ltr' id='par_1_77' title="bbox 260 4666 1849 4735">
     <span class='ocr_line' id='line_1_77' title="bbox 260 4666 1849 4735; baseline -0.006 -9"><span class='ocrx_word' id='word_1_564' title='bbox 260 4681 317 4726; x_wconf 91' lang='lat' dir='ltr'><strong>et</strong></span> <span class='ocrx_word' id='word_1_565' title='bbox 345 4672 613 4729; x_wconf 71' lang='lat' dir='ltr'><strong>Vaticana:</strong></span> <span class='ocrx_word' id='word_1_566' title='bbox 641 4672 901 4729; x_wconf 75' lang='lat' dir='ltr'><strong>Ecclesia:</strong></span> <span class='ocrx_word' id='word_1_567' title='bbox 925 4670 1165 4727; x_wconf 86' lang='lat' dir='ltr'><strong>arcltivio</strong></span> <span class='ocrx_word' id='word_1_568' title='bbox 1187 4666 1454 4724; x_wconf 82' lang='lat' dir='ltr'><strong>Baronius</strong></span> <span class='ocrx_word' id='word_1_569' title='bbox 1470 4681 1615 4735; x_wconf 79' lang='lat' dir='ltr'><strong>saepe</strong></span> <span class='ocrx_word' id='word_1_570' title='bbox 1641 4678 1849 4720; x_wconf 82' lang='lat' dir='ltr'><strong>memo-</strong></span> 
     </span>
    </p>
   </div>
   <div class='ocr_carea' id='block_1_78' title="bbox 266 4758 1852 4839">
    <p class='ocr_par' dir='ltr' id='par_1_78' title="bbox 266 4758 1852 4839">
     <span class='ocr_line' id='line_1_78' title="bbox 266 4758 1852 4839; baseline -0.006 -18"><span class='ocrx_word' id='word_1_571' title='bbox 266 4777 376 4834; x_wconf 85' lang='lat' dir='ltr'><strong>rat;</strong></span> <span class='ocrx_word' id='word_1_572' title='bbox 413 4779 468 4823; x_wconf 87' lang='lat' dir='ltr'><strong>at</strong></span> <span class='ocrx_word' id='word_1_573' title='bbox 504 4785 569 4825; x_wconf 81' lang='lat' dir='ltr'><strong>ex</strong></span> <span class='ocrx_word' id='word_1_574' title='bbox 598 4768 685 4835; x_wconf 90' lang='lat' dir='ltr'><strong>iis,</strong></span> <span class='ocrx_word' id='word_1_575' title='bbox 734 4767 778 4822; x_wconf 93' lang='lat' dir='ltr'><strong>si</strong></span> <span class='ocrx_word' id='word_1_576' title='bbox 809 4781 977 4839; x_wconf 85' lang='lat' dir='ltr'><strong>pauca</strong></span> <span class='ocrx_word' id='word_1_577' title='bbox 1018 4763 1279 4833; x_wconf 81' lang='lat' dir='ltr'><strong>excipias,</strong></span> <span class='ocrx_word' id='word_1_578' title='bbox 1312 4776 1431 4833; x_wconf 74' lang='lat' dir='ltr'><strong>qum</strong></span> <span class='ocrx_word' id='word_1_579' title='bbox 1470 4774 1569 4815; x_wconf 87' lang='lat' dir='ltr'><strong>suo</strong></span> <span class='ocrx_word' id='word_1_580' title='bbox 1600 4758 1721 4813; x_wconf 91' lang='lat' dir='ltr'><strong>loco</strong></span> <span class='ocrx_word' id='word_1_581' title='bbox 1751 4770 1852 4827; x_wconf 85' lang='lat' dir='ltr'><strong>ego</strong></span> 
     </span>
    </p>
   </div>
   <div class='ocr_carea' id='block_1_79' title="bbox 269 4848 1854 4934">
    <p class='ocr_par' dir='ltr' id='par_1_79' title="bbox 269 4848 1854 4934">
     <span class='ocr_line' id='line_1_79' title="bbox 269 4848 1854 4934; baseline -0.007 -20"><span class='ocrx_word' id='word_1_582' title='bbox 269 4862 483 4918; x_wconf 91' lang='lat' dir='ltr'><strong>minime</strong></span> <span class='ocrx_word' id='word_1_583' title='bbox 535 4861 770 4934; x_wconf 78' lang='lat' dir='ltr'><strong>neglexi,</strong></span> <span class='ocrx_word' id='word_1_584' title='bbox 814 4860 900 4915; x_wconf 80' lang='lat' dir='ltr'><strong>vix</strong></span> <span class='ocrx_word' id='word_1_585' title='bbox 946 4858 1169 4928; x_wconf 79' lang='lat' dir='ltr'><strong>colligas</strong></span> <span class='ocrx_word' id='word_1_586' title='bbox 1229 4854 1371 4910; x_wconf 90' lang='lat' dir='ltr'><strong>unde</strong></span> <span class='ocrx_word' id='word_1_587' title='bbox 1414 4850 1655 4908; x_wconf 90' lang='lat' dir='ltr'><strong>diuturni</strong></span> <span class='ocrx_word' id='word_1_588' title='bbox 1693 4848 1854 4917; x_wconf 87' lang='lat' dir='ltr'><strong>hujus</strong></span> 
     </span>
    </p>
   </div>
   <div class='ocr_carea' id='block_1_80' title="bbox 271 4943 1854 5025">
    <p class='ocr_par' dir='ltr' id='par_1_80' title="bbox 271 4943 1854 5025">
     <span class='ocr_line' id='line_1_80' title="bbox 271 4943 1854 5025; baseline -0.007 -18"><span class='ocrx_word' id='word_1_589' title='bbox 271 4954 602 5021; x_wconf 82' lang='lat' dir='ltr'><strong>pontiﬁcatus</strong></span> <span class='ocrx_word' id='word_1_590' title='bbox 643 4964 808 5025; x_wconf 87' lang='lat' dir='ltr'><strong>atque</strong></span> <span class='ocrx_word' id='word_1_591' title='bbox 836 4967 1026 5008; x_wconf 89' lang='lat' dir='ltr'><strong>eorum</strong></span> <span class='ocrx_word' id='word_1_592' title='bbox 1058 4959 1360 5019; x_wconf 89' lang='lat' dir='ltr'><strong>temporum</strong></span> <span class='ocrx_word' id='word_1_593' title='bbox 1395 4945 1675 5001; x_wconf 74' lang='lat' dir='ltr'><strong>historiam</strong></span> <span class='ocrx_word' id='word_1_594' title='bbox 1706 4943 1854 4997; x_wconf 90' lang='lat' dir='ltr'><strong>illus-</strong></span> 
     </span>
    </p>
   </div>
   <div class='ocr_carea' id='block_1_81' title="bbox 276 5035 1854 5117">
    <p class='ocr_par' dir='ltr' id='par_1_81' title="bbox 276 5035 1854 5117">
     <span class='ocr_line' id='line_1_81' title="bbox 276 5035 1854 5117; baseline -0.004 -20"><span class='ocrx_word' id='word_1_595' title='bbox 276 5050 411 5101; x_wconf 87' lang='lat' dir='ltr'><strong>trare</strong></span> <span class='ocrx_word' id='word_1_596' title='bbox 446 5048 656 5116; x_wconf 85' lang='lat' dir='ltr'><strong>possis;</strong></span> <span class='ocrx_word' id='word_1_597' title='bbox 711 5055 873 5117; x_wconf 86' lang='lat' dir='ltr'><strong>atque</strong></span> <span class='ocrx_word' id='word_1_598' title='bbox 921 5044 1043 5099; x_wconf 87' lang='lat' dir='ltr'><strong>hinc</strong></span> <span class='ocrx_word' id='word_1_599' title='bbox 1085 5042 1316 5112; x_wconf 90' lang='lat' dir='ltr'><strong>conjicio</strong></span> <span class='ocrx_word' id='word_1_600' title='bbox 1373 5049 1492 5094; x_wconf 91' lang='lat' dir='ltr'><strong>acta</strong></span> <span class='ocrx_word' id='word_1_601' title='bbox 1538 5038 1638 5093; x_wconf 88' lang='lat' dir='ltr'><strong>ista</strong></span> <span class='ocrx_word' id='word_1_602' title='bbox 1678 5035 1854 5091; x_wconf 72' lang='lat' dir='ltr'><strong>aetatis</strong></span> 
     </span>
    </p>
   </div>
   <div class='ocr_carea' id='block_1_82' title="bbox 277 5132 1852 5209">
    <p class='ocr_par' dir='ltr' id='par_1_82' title="bbox 277 5132 1852 5209">
     <span class='ocr_line' id='line_1_82' title="bbox 277 5132 1852 5209; baseline -0.006 -18"><span class='ocrx_word' id='word_1_603' title='bbox 277 5151 444 5196; x_wconf 78' lang='lat' dir='ltr'><strong>esses</strong></span> <span class='ocrx_word' id='word_1_604' title='bbox 493 5141 724 5195; x_wconf 87' lang='lat' dir='ltr'><strong>Datnaso</strong></span> <span class='ocrx_word' id='word_1_605' title='bbox 771 5138 1089 5209; x_wconf 76' lang='lat' dir='ltr'><strong>longissime</strong></span> <span class='ocrx_word' id='word_1_606' title='bbox 1130 5144 1376 5197; x_wconf 61' lang='lat' dir='ltr'><strong>remotas,</strong></span> <span class='ocrx_word' id='word_1_607' title='bbox 1409 5143 1573 5203; x_wconf 85' lang='lat' dir='ltr'><strong>atque</strong></span> <span class='ocrx_word' id='word_1_608' title='bbox 1617 5132 1687 5187; x_wconf 89' lang='lat' dir='ltr'><strong>ob</strong></span> <span class='ocrx_word' id='word_1_609' title='bbox 1732 5143 1852 5185; x_wconf 89' lang='lat' dir='ltr'><strong>eam</strong></span> 
     </span>
    </p>
   </div>
   <div class='ocr_carea' id='block_1_83' title="bbox 277 5223 1857 5299">
    <p class='ocr_par' dir='ltr' id='par_1_83' title="bbox 277 5223 1857 5299">
     <span class='ocr_line' id='line_1_83' title="bbox 277 5223 1857 5299; baseline -0.005 -12"><span class='ocrx_word' id='word_1_610' title='bbox 277 5248 479 5290; x_wconf 84' lang='lat' dir='ltr'><strong>causam</strong></span> <span class='ocrx_word' id='word_1_611' title='bbox 506 5236 692 5291; x_wconf 88' lang='lat' dir='ltr'><strong>censui</strong></span> <span class='ocrx_word' id='word_1_612' title='bbox 726 5234 815 5290; x_wconf 90' lang='lat' dir='ltr'><strong>illa</strong></span> <span class='ocrx_word' id='word_1_613' title='bbox 856 5232 1033 5289; x_wconf 87' lang='lat' dir='ltr'><strong>omitti</strong></span> <span class='ocrx_word' id='word_1_614' title='bbox 1063 5232 1182 5287; x_wconf 88' lang='lat' dir='ltr'><strong>sine</strong></span> <span class='ocrx_word' id='word_1_615' title='bbox 1209 5227 1496 5299; x_wconf 88' lang='lat' dir='ltr'><strong>dispendio</strong></span> <span class='ocrx_word' id='word_1_616' title='bbox 1528 5240 1708 5298; x_wconf 75' lang='lat' dir='ltr'><strong>passe.</strong></span> <span class='ocrx_word' id='word_1_617' title='bbox 1743 5223 1857 5279; x_wconf 91' lang='lat' dir='ltr'><strong>lloc</strong></span> 
     </span>
    </p>
   </div>
   <div class='ocr_carea' id='block_1_84' title="bbox 278 5316 1855 5389">
    <p class='ocr_par' dir='ltr' id='par_1_84' title="bbox 278 5316 1855 5389">
     <span class='ocr_line' id='line_1_84' title="bbox 278 5316 1855 5389; baseline -0.008 -8"><span class='ocrx_word' id='word_1_618' title='bbox 278 5335 444 5385; x_wconf 88' lang='lat' dir='ltr'><strong>tamen</strong></span> <span class='ocrx_word' id='word_1_619' title='bbox 486 5329 767 5385; x_wconf 80' lang='lat' dir='ltr'><strong>dumtaxat</strong></span> <span class='ocrx_word' id='word_1_620' title='bbox 811 5334 865 5383; x_wconf 81' lang='lat' dir='ltr'><strong>te</strong></span> <span class='ocrx_word' id='word_1_621' title='bbox 914 5327 1173 5381; x_wconf 87' lang='lat' dir='ltr'><strong>monitmn</strong></span> <span class='ocrx_word' id='word_1_622' title='bbox 1225 5322 1390 5389; x_wconf 85' lang='lat' dir='ltr'><strong>volui,</strong></span> <span class='ocrx_word' id='word_1_623' title='bbox 1446 5320 1579 5375; x_wconf 77' lang='lat' dir='ltr'><strong>Vita:</strong></span> <span class='ocrx_word' id='word_1_624' title='bbox 1620 5316 1855 5384; x_wconf 88' lang='lat' dir='ltr'><strong>Damasi,</strong></span> 
     </span>
    </p>
   </div>
   <div class='ocr_carea' id='block_1_85' title="bbox 277 5410 1860 5492">
    <p class='ocr_par' dir='ltr' id='par_1_85' title="bbox 277 5410 1860 5492">
     <span class='ocr_line' id='line_1_85' title="bbox 277 5410 1860 5492; baseline -0.007 -17"><span class='ocrx_word' id='word_1_625' title='bbox 277 5434 426 5492; x_wconf 86' lang='lat' dir='ltr'><strong>quam</strong></span> <span class='ocrx_word' id='word_1_626' title='bbox 469 5423 797 5480; x_wconf 80' lang='lat' dir='ltr'><strong>Sarazanius</strong></span> <span class='ocrx_word' id='word_1_627' title='bbox 820 5420 996 5491; x_wconf 86' lang='lat' dir='ltr'><strong>primo</strong></span> <span class='ocrx_word' id='word_1_628' title='bbox 1026 5420 1148 5475; x_wconf 84' lang='lat' dir='ltr'><strong>loco</strong></span> <span class='ocrx_word' id='word_1_629' title='bbox 1196 5417 1516 5486; x_wconf 54' lang='lat' dir='ltr'><strong>impressam</strong></span> <span class='ocrx_word' id='word_1_630' title='bbox 1557 5411 1725 5479; x_wconf 84' lang='lat' dir='ltr'><strong>dedit,</strong></span> <span class='ocrx_word' id='word_1_631' title='bbox 1759 5410 1860 5465; x_wconf 85' lang='lat' dir='ltr'><strong>itii-</strong></span> 
     </span>
    </p>
   </div>
   <div class='ocr_carea' id='block_1_86' title="bbox 278 5504 1854 5587">
    <p class='ocr_par' dir='ltr' id='par_1_86' title="bbox 278 5504 1854 5587">
     <span class='ocr_line' id='line_1_86' title="bbox 278 5504 1854 5587; baseline -0.006 -21"><span class='ocrx_word' id='word_1_632' title='bbox 278 5512 402 5570; x_wconf 89' lang='lat' dir='ltr'><strong>tium</strong></span> <span class='ocrx_word' id='word_1_633' title='bbox 438 5516 647 5583; x_wconf 87' lang='lat' dir='ltr'><strong>deesse,</strong></span> <span class='ocrx_word' id='word_1_634' title='bbox 697 5514 842 5587; x_wconf 86' lang='lat' dir='ltr'><strong>quod</strong></span> <span class='ocrx_word' id='word_1_635' title='bbox 892 5528 993 5584; x_wconf 88' lang='lat' dir='ltr'><strong>ego</strong></span> <span class='ocrx_word' id='word_1_636' title='bbox 1034 5528 1103 5568; x_wconf 87' lang='lat' dir='ltr'><strong>ex</strong></span> <span class='ocrx_word' id='word_1_637' title='bbox 1149 5511 1372 5580; x_wconf 80' lang='lat' dir='ltr'><strong>antiquo</strong></span> <span class='ocrx_word' id='word_1_638' title='bbox 1423 5508 1685 5564; x_wconf 83' lang='lat' dir='ltr'><strong>Vaticano</strong></span> <span class='ocrx_word' id='word_1_639' title='bbox 1732 5504 1854 5561; x_wconf 90' lang='lat' dir='ltr'><strong>cod.</strong></span> 
     </span>
    </p>
   </div>
   <div class='ocr_carea' id='block_1_87' title="bbox 278 5603 1856 5675">
    <p class='ocr_par' dir='ltr' id='par_1_87' title="bbox 278 5603 1856 5675">
     <span class='ocr_line' id='line_1_87' title="bbox 278 5603 1856 5675; baseline -0.006 -13"><span class='ocrx_word' id='word_1_640' title='bbox 278 5608 399 5665; x_wconf 86' lang='lat' dir='ltr'><strong>olim</strong></span> <span class='ocrx_word' id='word_1_641' title='bbox 443 5611 498 5669; x_wconf 92' lang='lat' dir='ltr'><strong>S.</strong></span> <span class='ocrx_word' id='word_1_642' title='bbox 547 5611 728 5666; x_wconf 67' lang='lat' dir='ltr'><strong>Mariae</strong></span> <span class='ocrx_word' id='word_1_643' title='bbox 788 5607 1071 5675; x_wconf 61' lang='lat' dir='ltr'><strong>Rotundie,</strong></span> <span class='ocrx_word' id='word_1_644' title='bbox 1125 5616 1184 5661; x_wconf 88' lang='lat' dir='ltr'><strong>ut</strong></span> <span class='ocrx_word' id='word_1_645' title='bbox 1239 5603 1549 5660; x_wconf 85' lang='lat' dir='ltr'><strong>llolstenius</strong></span> <span class='ocrx_word' id='word_1_646' title='bbox 1589 5607 1856 5667; x_wconf 89' lang='lat' dir='ltr'><strong>annotat,</strong></span> 
     </span>
    </p>
   </div>
   <div class='ocr_carea' id='block_1_88' title="bbox 350 5688 1234 5775">
    <p class='ocr_par' dir='ltr' id='par_1_88' title="bbox 350 5688 1234 5775">
     <span class='ocr_line' id='line_1_88' title="bbox 350 5688 1234 5775; baseline -0.014 -13"><span class='ocrx_word' id='word_1_647' title='bbox 350 5701 423 5775; x_wconf 81' lang='grc' dir='ltr'><strong>(α)</strong></span> <span class='ocrx_word' id='word_1_648' title='bbox 451 5704 526 5759; x_wconf 88' lang='lat' dir='ltr'><strong>De</strong></span> <span class='ocrx_word' id='word_1_649' title='bbox 558 5704 712 5760; x_wconf 87' lang='lat' dir='ltr'><strong>Prae.</strong></span> <span class='ocrx_word' id='word_1_650' title='bbox 738 5703 832 5771; x_wconf 77' lang='lat' dir='ltr'><strong>Sp.</strong></span> <span class='ocrx_word' id='word_1_651' title='bbox 864 5702 946 5770; x_wconf 87' lang='lat' dir='ltr'><strong>S.,</strong></span> <span class='ocrx_word' id='word_1_652' title='bbox 973 5688 1107 5758; x_wconf 82' lang='lat' dir='ltr'><strong>sect.</strong></span> <span class='ocrx_word' id='word_1_653' title='bbox 1132 5713 1234 5775; x_wconf 62' lang='lat' dir='ltr'><strong>vti.</strong></span> 
     </span>
    </p>
   </div>
   <div class='ocr_carea' id='block_1_89' title="bbox 353 5769 1219 5847">
    <p class='ocr_par' dir='ltr' id='par_1_89' title="bbox 353 5769 1219 5847">
     <span class='ocr_line' id='line_1_89' title="bbox 353 5769 1219 5847; baseline -0.006 -18"><span class='ocrx_word' id='word_1_654' title='bbox 353 5769 421 5842; x_wconf 70' lang='lat' dir='ltr'><strong>(lt)</strong></span> <span class='ocrx_word' id='word_1_655' title='bbox 445 5776 629 5833; x_wconf 85' lang='lat' dir='ltr'><strong>Contr.</strong></span> <span class='ocrx_word' id='word_1_656' title='bbox 664 5769 905 5847; x_wconf 79' lang='lat' dir='ltr'><strong>llotting.</strong></span> <span class='ocrx_word' id='word_1_657' title='bbox 926 5817 941 5841; x_wconf 96' lang='lat'><strong>,</strong></span> <span class='ocrx_word' id='word_1_658' title='bbox 974 5789 1093 5843; x_wconf 87' lang='lat' dir='ltr'><strong>cap.</strong></span> <span class='ocrx_word' id='word_1_659' title='bbox 1124 5769 1219 5827; x_wconf 76' lang='lat'><strong>20.</strong></span> 
     </span>
    </p>
   </div>
   <div class='ocr_carea' id='block_1_90' title="bbox 710 5866 1207 5932">
    <p class='ocr_par' dir='ltr' id='par_1_90' title="bbox 710 5866 1207 5932">
     <span class='ocr_line' id='line_1_90' title="bbox 710 5866 1207 5932; baseline -0.014 0"><span class='ocrx_word' id='word_1_660' title='bbox 710 5872 986 5932; x_wconf 76' lang='lat' dir='ltr'><strong>PATROL.</strong></span> <span class='ocrx_word' id='word_1_661' title='bbox 1033 5866 1207 5929; x_wconf 81' lang='lat' dir='ltr'><strong>XIII.</strong></span> 
     </span>
    </p>
   </div>
   <div class='ocr_carea' id='block_1_91' title="bbox 1951 3336 3557 3421">
    <p class='ocr_par' dir='ltr' id='par_1_91' title="bbox 1951 3336 3557 3421">
     <span class='ocr_line' id='line_1_91' title="bbox 1951 3336 3557 3421; baseline -0.005 -22"><span class='ocrx_word' id='word_1_662' title='bbox 1951 3345 2171 3399; x_wconf 88' lang='lat' dir='ltr'><strong>Patrum</strong></span> <span class='ocrx_word' id='word_1_663' title='bbox 2221 3336 2435 3412; x_wconf 74' lang='lat' dir='ltr'><strong>Scriptis</strong></span> <span class='ocrx_word' id='word_1_664' title='bbox 2469 3342 2657 3411; x_wconf 88' lang='lat' dir='ltr'><strong>liquet,</strong></span> <span class='ocrx_word' id='word_1_665' title='bbox 2705 3340 2836 3394; x_wconf 82' lang='lat' dir='ltr'><strong>nilid</strong></span> <span class='ocrx_word' id='word_1_666' title='bbox 2880 3338 3152 3408; x_wconf 80' lang='lat' dir='ltr'><strong>prohibet,</strong></span> <span class='ocrx_word' id='word_1_667' title='bbox 3181 3338 3362 3421; x_wconf 77' lang='lat' dir='ltr'><strong>judice</strong></span> <span class='ocrx_word' id='word_1_668' title='bbox 3404 3336 3557 3391; x_wconf 89' lang='lat' dir='ltr'><strong>Alla-</strong></span> 
     </span>
    </p>
   </div>
   <div class='ocr_carea' id='block_1_92' title="bbox 1952 3430 3555 3510">
    <p class='ocr_par' dir='ltr' id='par_1_92' title="bbox 1952 3430 3555 3510">
     <span class='ocr_line' id='line_1_92' title="bbox 1952 3430 3555 3510; baseline -0.005 -17"><span class='ocrx_word' id='word_1_669' title='bbox 1952 3439 2027 3493; x_wconf 90' lang='lat' dir='ltr'><strong>tio</strong></span> <span class='ocrx_word' id='word_1_670' title='bbox 2053 3437 2152 3510; x_wconf 92' lang='lat' dir='ltr'><strong>(b),</strong></span> <span class='ocrx_word' id='word_1_671' title='bbox 2183 3436 2311 3507; x_wconf 89' lang='lat' dir='ltr'><strong>quin</strong></span> <span class='ocrx_word' id='word_1_672' title='bbox 2341 3436 2603 3489; x_wconf 77' lang='lat' dir='ltr'><strong>Damasus</strong></span> <span class='ocrx_word' id='word_1_673' title='bbox 2638 3435 2689 3487; x_wconf 91' lang='lat' dir='ltr'><strong>in</strong></span> <span class='ocrx_word' id='word_1_674' title='bbox 2721 3433 2925 3503; x_wconf 86' lang='lat' dir='ltr'><strong>privata</strong></span> <span class='ocrx_word' id='word_1_675' title='bbox 2958 3447 3070 3485; x_wconf 70' lang='lat' dir='ltr'><strong>sum</strong></span> <span class='ocrx_word' id='word_1_676' title='bbox 3100 3430 3222 3485; x_wconf 74' lang='lat' dir='ltr'><strong>fidei</strong></span> <span class='ocrx_word' id='word_1_677' title='bbox 3255 3430 3458 3485; x_wconf 84' lang='lat' dir='ltr'><strong>eetliesi</strong></span> <span class='ocrx_word' id='word_1_678' title='bbox 3490 3447 3555 3486; x_wconf 88' lang='lat' dir='ltr'><strong>ea</strong></span> 
     </span>
    </p>
   </div>
   <div class='ocr_carea' id='block_1_93' title="bbox 1953 3524 3553 3600">
    <p class='ocr_par' dir='ltr' id='par_1_93' title="bbox 1953 3524 3553 3600">
     <span class='ocr_line' id='line_1_93' title="bbox 1953 3524 3553 3600; baseline -0.008 -11"><span class='ocrx_word' id='word_1_679' title='bbox 1953 3532 2177 3589; x_wconf 83' lang='lat' dir='ltr'><strong>formula</strong></span> <span class='ocrx_word' id='word_1_680' title='bbox 2210 3532 2283 3585; x_wconf 93' lang='lat' dir='ltr'><strong>uti</strong></span> <span class='ocrx_word' id='word_1_681' title='bbox 2318 3529 2573 3600; x_wconf 78' lang='lat' dir='ltr'><strong>potuerit,</strong></span> <span class='ocrx_word' id='word_1_682' title='bbox 2605 3542 2725 3598; x_wconf 65' lang='lat' dir='ltr'><strong>quas</strong></span> <span class='ocrx_word' id='word_1_683' title='bbox 2759 3535 3023 3595; x_wconf 66' lang='lat' dir='ltr'><strong>praeterea</strong></span> <span class='ocrx_word' id='word_1_684' title='bbox 3052 3524 3169 3593; x_wconf 86' lang='lat' dir='ltr'><strong>ejus</strong></span> <span class='ocrx_word' id='word_1_685' title='bbox 3205 3532 3423 3579; x_wconf 70' lang='lat' dir='ltr'><strong>tetatem</strong></span> <span class='ocrx_word' id='word_1_686' title='bbox 3464 3538 3553 3578; x_wconf 89' lang='lat' dir='ltr'><strong>sa-</strong></span> 
     </span>
    </p>
   </div>
   <div class='ocr_carea' id='block_1_94' title="bbox 1953 3616 3554 3699">
    <p class='ocr_par' dir='ltr' id='par_1_94' title="bbox 1953 3616 3554 3699">
     <span class='ocr_line' id='line_1_94' title="bbox 1953 3616 3554 3699; baseline -0.007 -17"><span class='ocrx_word' id='word_1_687' title='bbox 1953 3630 2052 3699; x_wconf 91' lang='lat' dir='ltr'><strong>pit,</strong></span> <span class='ocrx_word' id='word_1_688' title='bbox 2091 3635 2145 3682; x_wconf 91' lang='lat' dir='ltr'><strong>et</strong></span> <span class='ocrx_word' id='word_1_689' title='bbox 2174 3642 2203 3680; x_wconf 90' lang='lat' dir='ltr'><strong>a</strong></span> <span class='ocrx_word' id='word_1_690' title='bbox 2236 3623 2593 3694; x_wconf 89' lang='lat' dir='ltr'><strong>scriptoribus</strong></span> <span class='ocrx_word' id='word_1_691' title='bbox 2633 3620 2812 3676; x_wconf 80' lang='lat' dir='ltr'><strong>octavi</strong></span> <span class='ocrx_word' id='word_1_692' title='bbox 2853 3618 3036 3674; x_wconf 64' lang='lat' dir='ltr'><strong>surculi</strong></span> <span class='ocrx_word' id='word_1_693' title='bbox 3069 3617 3279 3671; x_wconf 83' lang='lat' dir='ltr'><strong>laudata</strong></span> <span class='ocrx_word' id='word_1_694' title='bbox 3320 3628 3426 3672; x_wconf 89' lang='lat' dir='ltr'><strong>est.</strong></span> <span class='ocrx_word' id='word_1_695' title='bbox 3460 3616 3554 3672; x_wconf 52' lang='lat' dir='ltr'><strong>Al-</strong></span> 
     </span>
    </p>
   </div>
   <div class='ocr_carea' id='block_1_95' title="bbox 1951 3714 3552 3791">
    <p class='ocr_par' dir='ltr' id='par_1_95' title="bbox 1951 3714 3552 3791">
     <span class='ocr_line' id='line_1_95' title="bbox 1951 3714 3552 3791; baseline -0.006 -14"><span class='ocrx_word' id='word_1_696' title='bbox 1951 3732 2126 3778; x_wconf 88' lang='lat' dir='ltr'><strong>terum</strong></span> <span class='ocrx_word' id='word_1_697' title='bbox 2176 3719 2318 3791; x_wconf 87' lang='lat' dir='ltr'><strong>quod</strong></span> <span class='ocrx_word' id='word_1_698' title='bbox 2366 3717 2419 3773; x_wconf 91' lang='lat' dir='ltr'><strong>in</strong></span> <span class='ocrx_word' id='word_1_699' title='bbox 2472 3716 2690 3773; x_wconf 90' lang='lat' dir='ltr'><strong>concilii</strong></span> <span class='ocrx_word' id='word_1_700' title='bbox 2742 3714 3041 3770; x_wconf 88' lang='lat' dir='ltr'><strong>Florentini</strong></span> <span class='ocrx_word' id='word_1_701' title='bbox 3096 3714 3552 3784; x_wconf 81' lang='lat' dir='ltr'><strong>diSptitationibns</strong></span> 
     </span>
    </p>
   </div>
   <div class='ocr_carea' id='block_1_96' title="bbox 1954 3805 3545 3881">
    <p class='ocr_par' dir='ltr' id='par_1_96' title="bbox 1954 3805 3545 3881">
     <span class='ocr_line' id='line_1_96' title="bbox 1954 3805 3545 3881; baseline -0.006 -12"><span class='ocrx_word' id='word_1_702' title='bbox 1954 3815 2228 3869; x_wconf 81' lang='lat' dir='ltr'><strong>laudatum</strong></span> <span class='ocrx_word' id='word_1_703' title='bbox 2258 3812 2393 3877; x_wconf 85' lang='lat' dir='ltr'><strong>dixi,</strong></span> <span class='ocrx_word' id='word_1_704' title='bbox 2418 3808 2720 3881; x_wconf 80' lang='lat' dir='ltr'><strong>majorique</strong></span> <span class='ocrx_word' id='word_1_705' title='bbox 2766 3807 2819 3862; x_wconf 90' lang='lat' dir='ltr'><strong>in</strong></span> <span class='ocrx_word' id='word_1_706' title='bbox 2852 3806 3026 3876; x_wconf 87' lang='lat' dir='ltr'><strong>pretio</strong></span> <span class='ocrx_word' id='word_1_707' title='bbox 3057 3806 3271 3861; x_wconf 85' lang='lat' dir='ltr'><strong>videtur</strong></span> <span class='ocrx_word' id='word_1_708' title='bbox 3299 3805 3482 3861; x_wconf 86' lang='lat' dir='ltr'><strong>haberi</strong></span> <span class='ocrx_word' id='word_1_709' title='bbox 3515 3822 3545 3859; x_wconf 88' lang='lat' dir='ltr'><strong>a</strong></span> 
     </span>
    </p>
   </div>
   <div class='ocr_carea' id='block_1_97' title="bbox 1953 3898 3556 3977">
    <p class='ocr_par' dir='ltr' id='par_1_97' title="bbox 1953 3898 3556 3977">
     <span class='ocr_line' id='line_1_97' title="bbox 1953 3898 3556 3977; baseline -0.007 -14"><span class='ocrx_word' id='word_1_710' title='bbox 1953 3907 2267 3977; x_wconf 84' lang='lat' dir='ltr'><strong>Lequienio,</strong></span> <span class='ocrx_word' id='word_1_711' title='bbox 2298 3904 2464 3960; x_wconf 88' lang='lat' dir='ltr'><strong>veluti</strong></span> <span class='ocrx_word' id='word_1_712' title='bbox 2502 3919 2567 3958; x_wconf 81' lang='lat' dir='ltr'><strong>ex</strong></span> <span class='ocrx_word' id='word_1_713' title='bbox 2592 3899 2973 3971; x_wconf 85' lang='lat' dir='ltr'><strong>antiquissimo</strong></span> <span class='ocrx_word' id='word_1_714' title='bbox 2995 3898 3293 3969; x_wconf 82' lang='lat' dir='ltr'><strong>exemplari</strong></span> <span class='ocrx_word' id='word_1_715' title='bbox 3322 3900 3556 3967; x_wconf 83' lang='lat' dir='ltr'><strong>produc-</strong></span> 
     </span>
    </p>
   </div>
   <div class='ocr_carea' id='block_1_98' title="bbox 1956 3991 3556 4073">
    <p class='ocr_par' dir='ltr' id='par_1_98' title="bbox 1956 3991 3556 4073">
     <span class='ocr_line' id='line_1_98' title="bbox 1956 3991 3556 4073; baseline -0.008 -16"><span class='ocrx_word' id='word_1_716' title='bbox 1956 3999 2177 4073; x_wconf 87' lang='lat' dir='ltr'><strong>Ium(c),</strong></span> <span class='ocrx_word' id='word_1_717' title='bbox 2212 3998 2360 4054; x_wconf 90' lang='lat' dir='ltr'><strong>aliud</strong></span> <span class='ocrx_word' id='word_1_718' title='bbox 2406 3997 2540 4052; x_wconf 84' lang='lat' dir='ltr'><strong>nihil</strong></span> <span class='ocrx_word' id='word_1_719' title='bbox 2572 4005 2678 4060; x_wconf 85' lang='lat' dir='ltr'><strong>est,</strong></span> <span class='ocrx_word' id='word_1_720' title='bbox 2707 4010 2866 4064; x_wconf 88' lang='lat' dir='ltr'><strong>quam</strong></span> <span class='ocrx_word' id='word_1_721' title='bbox 2902 4007 3026 4063; x_wconf 86' lang='lat' dir='ltr'><strong>pars</strong></span> <span class='ocrx_word' id='word_1_722' title='bbox 3068 3992 3255 4056; x_wconf 84' lang='lat' dir='ltr'><strong>libelli,</strong></span> <span class='ocrx_word' id='word_1_723' title='bbox 3289 3991 3381 4061; x_wconf 84' lang='lat' dir='ltr'><strong>qui</strong></span> <span class='ocrx_word' id='word_1_724' title='bbox 3413 3993 3556 4046; x_wconf 85' lang='lat' dir='ltr'><strong>inter</strong></span> 
     </span>
    </p>
   </div>
   <div class='ocr_carea' id='block_1_99' title="bbox 1954 4084 3554 4167">
    <p class='ocr_par' dir='ltr' id='par_1_99' title="bbox 1954 4084 3554 4167">
     <span class='ocr_line' id='line_1_99' title="bbox 1954 4084 3554 4167; baseline -0.008 -16"><span class='ocrx_word' id='word_1_725' title='bbox 1954 4094 2241 4167; x_wconf 82' lang='lat' dir='ltr'><strong>Augustini</strong></span> <span class='ocrx_word' id='word_1_726' title='bbox 2286 4106 2450 4162; x_wconf 86' lang='lat' dir='ltr'><strong>Opera</strong></span> <span class='ocrx_word' id='word_1_727' title='bbox 2495 4089 2710 4160; x_wconf 78' lang='lat' dir='ltr'><strong>legitur,</strong></span> <span class='ocrx_word' id='word_1_728' title='bbox 2756 4087 2808 4141; x_wconf 90' lang='lat' dir='ltr'><strong>in</strong></span> <span class='ocrx_word' id='word_1_729' title='bbox 2849 4084 3099 4141; x_wconf 88' lang='lat' dir='ltr'><strong>Toletani</strong></span> <span class='ocrx_word' id='word_1_730' title='bbox 3138 4085 3354 4139; x_wconf 89' lang='lat' dir='ltr'><strong>concilii</strong></span> <span class='ocrx_word' id='word_1_731' title='bbox 3403 4086 3554 4139; x_wconf 86' lang='lat' dir='ltr'><strong>calce</strong></span> 
     </span>
    </p>
   </div>
   <div class='ocr_carea' id='block_1_100' title="bbox 1954 4175 3549 4258">
    <p class='ocr_par' dir='ltr' id='par_1_100' title="bbox 1954 4175 3549 4258">
     <span class='ocr_line' id='line_1_100' title="bbox 1954 4175 3549 4258; baseline -0.01 -12"><span class='ocrx_word' id='word_1_732' title='bbox 1954 4204 2075 4255; x_wconf 88' lang='lat' dir='ltr'><strong>cap.</strong></span> <span class='ocrx_word' id='word_1_733' title='bbox 2105 4188 2191 4253; x_wconf 70' lang='grc'><strong>40,</strong></span> <span class='ocrx_word' id='word_1_734' title='bbox 2220 4199 2543 4258; x_wconf 85' lang='lat' dir='ltr'><strong>quamquam</strong></span> <span class='ocrx_word' id='word_1_735' title='bbox 2566 4181 2734 4237; x_wconf 87' lang='lat' dir='ltr'><strong>codex</strong></span> <span class='ocrx_word' id='word_1_736' title='bbox 2759 4179 2845 4235; x_wconf 90' lang='lat' dir='ltr'><strong>hic</strong></span> <span class='ocrx_word' id='word_1_737' title='bbox 2868 4177 3127 4249; x_wconf 85' lang='lat' dir='ltr'><strong>particula</strong></span> <span class='ocrx_word' id='word_1_738' title='bbox 3152 4178 3264 4245; x_wconf 84' lang='lat' dir='ltr'><strong>illa,</strong></span> <span class='ocrx_word' id='word_1_739' title='bbox 3290 4175 3549 4247; x_wconf 85' lang='lat' dir='ltr'><strong>Filioque,</strong></span> 
     </span>
    </p>
   </div>
   <div class='ocr_carea' id='block_1_101' title="bbox 1955 4272 3554 4343">
    <p class='ocr_par' dir='ltr' id='par_1_101' title="bbox 1955 4272 3554 4343">
     <span class='ocr_line' id='line_1_101' title="bbox 1955 4272 3554 4343; baseline -0.009 -2"><span class='ocrx_word' id='word_1_740' title='bbox 1955 4293 2160 4341; x_wconf 87' lang='lat' dir='ltr'><strong>careat.</strong></span> <span class='ocrx_word' id='word_1_741' title='bbox 2192 4280 2321 4337; x_wconf 81' lang='lat' dir='ltr'><strong>Mihi</strong></span> <span class='ocrx_word' id='word_1_742' title='bbox 2350 4293 2478 4335; x_wconf 89' lang='lat' dir='ltr'><strong>vero</strong></span> <span class='ocrx_word' id='word_1_743' title='bbox 2522 4276 2575 4331; x_wconf 90' lang='lat' dir='ltr'><strong>in</strong></span> <span class='ocrx_word' id='word_1_744' title='bbox 2627 4284 2770 4329; x_wconf 90' lang='lat' dir='ltr'><strong>tanta</strong></span> <span class='ocrx_word' id='word_1_745' title='bbox 2823 4273 3066 4329; x_wconf 89' lang='lat' dir='ltr'><strong>codicum</strong></span> <span class='ocrx_word' id='word_1_746' title='bbox 3111 4281 3272 4343; x_wconf 86' lang='lat' dir='ltr'><strong>atque</strong></span> <span class='ocrx_word' id='word_1_747' title='bbox 3341 4272 3554 4340; x_wconf 82' lang='lat' dir='ltr'><strong>Opinio-</strong></span> 
     </span>
    </p>
   </div>
   <div class='ocr_carea' id='block_1_102' title="bbox 1957 4367 3551 4439">
    <p class='ocr_par' dir='ltr' id='par_1_102' title="bbox 1957 4367 3551 4439">
     <span class='ocr_line' id='line_1_102' title="bbox 1957 4367 3551 4439; baseline -0.008 -5"><span class='ocrx_word' id='word_1_748' title='bbox 1957 4394 2084 4433; x_wconf 90' lang='lat' dir='ltr'><strong>num</strong></span> <span class='ocrx_word' id='word_1_749' title='bbox 2116 4375 2399 4439; x_wconf 83' lang='lat' dir='ltr'><strong>varietate,</strong></span> <span class='ocrx_word' id='word_1_750' title='bbox 2444 4386 2565 4426; x_wconf 89' lang='lat' dir='ltr'><strong>cum</strong></span> <span class='ocrx_word' id='word_1_751' title='bbox 2607 4368 2772 4424; x_wconf 88' lang='lat' dir='ltr'><strong>etiam</strong></span> <span class='ocrx_word' id='word_1_752' title='bbox 2804 4367 2935 4421; x_wconf 89' lang='lat' dir='ltr'><strong>illud</strong></span> <span class='ocrx_word' id='word_1_753' title='bbox 2980 4381 3191 4421; x_wconf 87' lang='lat' dir='ltr'><strong>mecum</strong></span> <span class='ocrx_word' id='word_1_754' title='bbox 3243 4376 3551 4435; x_wconf 83' lang='lat' dir='ltr'><strong>reputarem</strong></span> 
     </span>
    </p>
   </div>
   <div class='ocr_carea' id='block_1_103' title="bbox 1957 4460 3554 4545">
    <p class='ocr_par' dir='ltr' id='par_1_103' title="bbox 1957 4460 3554 4545">
     <span class='ocr_line' id='line_1_103' title="bbox 1957 4460 3554 4545; baseline -0.008 -17"><span class='ocrx_word' id='word_1_755' title='bbox 1957 4488 2145 4545; x_wconf 89' lang='lat' dir='ltr'><strong>parum</strong></span> <span class='ocrx_word' id='word_1_756' title='bbox 2174 4469 2301 4525; x_wconf 87' lang='lat' dir='ltr'><strong>inde</strong></span> <span class='ocrx_word' id='word_1_757' title='bbox 2333 4465 2510 4522; x_wconf 91' lang='lat' dir='ltr'><strong>laudis</strong></span> <span class='ocrx_word' id='word_1_758' title='bbox 2544 4471 2636 4519; x_wconf 84' lang='lat' dir='ltr'><strong>aut</strong></span> <span class='ocrx_word' id='word_1_759' title='bbox 2664 4476 3030 4528; x_wconf 90' lang='lat' dir='ltr'><strong>accessurum,</strong></span> <span class='ocrx_word' id='word_1_760' title='bbox 3061 4472 3156 4515; x_wconf 86' lang='lat' dir='ltr'><strong>aut</strong></span> <span class='ocrx_word' id='word_1_761' title='bbox 3195 4460 3423 4516; x_wconf 87' lang='lat' dir='ltr'><strong>Damaso</strong></span> <span class='ocrx_word' id='word_1_762' title='bbox 3451 4461 3554 4517; x_wconf 86' lang='lat' dir='ltr'><strong>de-</strong></span> 
     </span>
    </p>
   </div>
   <div class='ocr_carea' id='block_1_104' title="bbox 1956 4555 3557 4634">
    <p class='ocr_par' dir='ltr' id='par_1_104' title="bbox 1956 4555 3557 4634">
     <span class='ocr_line' id='line_1_104' title="bbox 1956 4555 3557 4634; baseline -0.009 -9"><span class='ocrx_word' id='word_1_763' title='bbox 1956 4581 2261 4630; x_wconf 89' lang='lat' dir='ltr'><strong>cessurum,</strong></span> <span class='ocrx_word' id='word_1_764' title='bbox 2290 4571 2650 4634; x_wconf 59' lang='lat' dir='ltr'><strong>praeterquam</strong></span> <span class='ocrx_word' id='word_1_765' title='bbox 2682 4557 2825 4630; x_wconf 88' lang='lat' dir='ltr'><strong>quod</strong></span> <span class='ocrx_word' id='word_1_766' title='bbox 2850 4557 3009 4612; x_wconf 71' lang='lat' dir='ltr'><strong>nulla:</strong></span> <span class='ocrx_word' id='word_1_767' title='bbox 3040 4555 3091 4611; x_wconf 90' lang='lat' dir='ltr'><strong>in</strong></span> <span class='ocrx_word' id='word_1_768' title='bbox 3123 4566 3406 4629; x_wconf 86' lang='lat' dir='ltr'><strong>utramque</strong></span> <span class='ocrx_word' id='word_1_769' title='bbox 3436 4574 3557 4629; x_wconf 86' lang='lat' dir='ltr'><strong>par-</strong></span> 
     </span>
    </p>
   </div>
   <div class='ocr_carea' id='block_1_105' title="bbox 1878 4631 3559 4723">
    <p class='ocr_par' dir='ltr' id='par_1_105' title="bbox 1878 4631 3559 4723">
     <span class='ocr_line' id='line_1_105' title="bbox 1878 4631 3559 4723; baseline -0.006 -4"><span class='ocrx_word' id='word_1_770' title='bbox 1878 4631 1930 4693; x_wconf 81' lang='lat' dir='ltr'><strong>D</strong></span> <span class='ocrx_word' id='word_1_771' title='bbox 1959 4674 2065 4719; x_wconf 91' lang='lat' dir='ltr'><strong>tem</strong></span> <span class='ocrx_word' id='word_1_772' title='bbox 2097 4660 2230 4716; x_wconf 90' lang='lat' dir='ltr'><strong>satis</strong></span> <span class='ocrx_word' id='word_1_773' title='bbox 2255 4655 2448 4712; x_wconf 68' lang='lat' dir='ltr'><strong>validm</strong></span> <span class='ocrx_word' id='word_1_774' title='bbox 2481 4654 2741 4720; x_wconf 86' lang='lat' dir='ltr'><strong>rationes,</strong></span> <span class='ocrx_word' id='word_1_775' title='bbox 2772 4652 2867 4708; x_wconf 88' lang='lat' dir='ltr'><strong>sed</strong></span> <span class='ocrx_word' id='word_1_776' title='bbox 2900 4652 3050 4707; x_wconf 83' lang='lat' dir='ltr'><strong>leves</strong></span> <span class='ocrx_word' id='word_1_777' title='bbox 3092 4661 3297 4706; x_wconf 87' lang='lat' dir='ltr'><strong>tantum</strong></span> <span class='ocrx_word' id='word_1_778' title='bbox 3340 4652 3559 4723; x_wconf 88' lang='lat' dir='ltr'><strong>conjec-</strong></span> 
     </span>
    </p>
   </div>
   <div class='ocr_carea' id='block_1_106' title="bbox 1958 4746 3555 4823">
    <p class='ocr_par' dir='ltr' id='par_1_106' title="bbox 1958 4746 3555 4823">
     <span class='ocr_line' id='line_1_106' title="bbox 1958 4746 3555 4823; baseline -0.006 -11"><span class='ocrx_word' id='word_1_779' title='bbox 1958 4765 2089 4812; x_wconf 83' lang='lat' dir='ltr'><strong>tura:</strong></span> <span class='ocrx_word' id='word_1_780' title='bbox 2121 4752 2304 4809; x_wconf 81' lang='lat' dir='ltr'><strong>afferri</strong></span> <span class='ocrx_word' id='word_1_781' title='bbox 2334 4748 2565 4823; x_wconf 88' lang='lat' dir='ltr'><strong>possint,</strong></span> <span class='ocrx_word' id='word_1_782' title='bbox 2604 4746 2736 4802; x_wconf 87' lang='lat' dir='ltr'><strong>nihil</strong></span> <span class='ocrx_word' id='word_1_783' title='bbox 2782 4755 3021 4801; x_wconf 88' lang='lat' dir='ltr'><strong>statuere</strong></span> <span class='ocrx_word' id='word_1_784' title='bbox 3058 4747 3229 4800; x_wconf 89' lang='lat' dir='ltr'><strong>visunt</strong></span> <span class='ocrx_word' id='word_1_785' title='bbox 3260 4755 3364 4801; x_wconf 88' lang='lat' dir='ltr'><strong>est.</strong></span> <span class='ocrx_word' id='word_1_786' title='bbox 3409 4746 3555 4802; x_wconf 86' lang='lat' dir='ltr'><strong>Nihil</strong></span> 
     </span>
    </p>
   </div>
   <div class='ocr_carea' id='block_1_107' title="bbox 1956 4836 3557 4911">
    <p class='ocr_par' dir='ltr' id='par_1_107' title="bbox 1956 4836 3557 4911">
     <span class='ocr_line' id='line_1_107' title="bbox 1956 4836 3557 4911; baseline -0.007 -6"><span class='ocrx_word' id='word_1_787' title='bbox 1956 4850 2121 4905; x_wconf 88' lang='lat' dir='ltr'><strong>etiam</strong></span> <span class='ocrx_word' id='word_1_788' title='bbox 2151 4848 2346 4902; x_wconf 87' lang='lat' dir='ltr'><strong>attinet</strong></span> <span class='ocrx_word' id='word_1_789' title='bbox 2386 4842 2455 4899; x_wconf 90' lang='lat' dir='ltr'><strong>de</strong></span> <span class='ocrx_word' id='word_1_790' title='bbox 2486 4838 2792 4910; x_wconf 84' lang='lat' dir='ltr'><strong>Ponti/icali</strong></span> <span class='ocrx_word' id='word_1_791' title='bbox 2821 4838 2982 4893; x_wconf 88' lang='lat' dir='ltr'><strong>verba</strong></span> <span class='ocrx_word' id='word_1_792' title='bbox 3018 4836 3221 4905; x_wconf 85' lang='lat' dir='ltr'><strong>facere,</strong></span> <span class='ocrx_word' id='word_1_793' title='bbox 3250 4854 3409 4911; x_wconf 89' lang='lat' dir='ltr'><strong>quem</strong></span> <span class='ocrx_word' id='word_1_794' title='bbox 3453 4839 3557 4894; x_wconf 88' lang='lat' dir='ltr'><strong>Da-</strong></span> 
     </span>
    </p>
   </div>
   <div class='ocr_carea' id='block_1_108' title="bbox 1958 4931 3556 5011">
    <p class='ocr_par' dir='ltr' id='par_1_108' title="bbox 1958 4931 3556 5011">
     <span class='ocr_line' id='line_1_108' title="bbox 1958 4931 3556 5011; baseline -0.008 -11"><span class='ocrx_word' id='word_1_795' title='bbox 1958 4958 2130 5010; x_wconf 88' lang='lat' dir='ltr'><strong>inaso,</strong></span> <span class='ocrx_word' id='word_1_796' title='bbox 2159 4941 2315 5011; x_wconf 89' lang='lat' dir='ltr'><strong>cujus</strong></span> <span class='ocrx_word' id='word_1_797' title='bbox 2346 4936 2483 4993; x_wconf 81' lang='lat' dir='ltr'><strong>falso</strong></span> <span class='ocrx_word' id='word_1_798' title='bbox 2511 4936 2613 4991; x_wconf 88' lang='lat' dir='ltr'><strong>l&#39;ert</strong></span> <span class='ocrx_word' id='word_1_799' title='bbox 2640 4948 2862 4997; x_wconf 89' lang='lat' dir='ltr'><strong>nomen,</strong></span> <span class='ocrx_word' id='word_1_800' title='bbox 2888 4931 3087 4989; x_wconf 90' lang='lat' dir='ltr'><strong>eruditi</strong></span> <span class='ocrx_word' id='word_1_801' title='bbox 3118 4948 3308 4988; x_wconf 89' lang='lat' dir='ltr'><strong>omnes</strong></span> <span class='ocrx_word' id='word_1_802' title='bbox 3344 4933 3556 5003; x_wconf 89' lang='lat' dir='ltr'><strong>abjudi-</strong></span> 
     </span>
    </p>
   </div>
   <div class='ocr_carea' id='block_1_109' title="bbox 1958 5027 3558 5106">
    <p class='ocr_par' dir='ltr' id='par_1_109' title="bbox 1958 5027 3558 5106">
     <span class='ocr_line' id='line_1_109' title="bbox 1958 5027 3558 5106; baseline -0.008 -12"><span class='ocrx_word' id='word_1_803' title='bbox 1958 5048 2082 5095; x_wconf 89' lang='lat' dir='ltr'><strong>cant</strong></span> <span class='ocrx_word' id='word_1_804' title='bbox 2117 5056 2130 5091; x_wconf 88' lang='lat'><strong>:</strong></span> <span class='ocrx_word' id='word_1_805' title='bbox 2159 5034 2304 5106; x_wconf 86' lang='lat' dir='ltr'><strong>quod</strong></span> <span class='ocrx_word' id='word_1_806' title='bbox 2337 5047 2467 5087; x_wconf 88' lang='lat' dir='ltr'><strong>vero</strong></span> <span class='ocrx_word' id='word_1_807' title='bbox 2497 5029 2566 5102; x_wconf 86' lang='lat' dir='ltr'><strong>ad</strong></span> <span class='ocrx_word' id='word_1_808' title='bbox 2602 5027 2996 5084; x_wconf 87' lang='lat' dir='ltr'><strong>Bucberianum</strong></span> <span class='ocrx_word' id='word_1_809' title='bbox 3051 5028 3357 5098; x_wconf 81' lang='lat' dir='ltr'><strong>cataIOgum</strong></span> <span class='ocrx_word' id='word_1_810' title='bbox 3402 5043 3558 5098; x_wconf 81' lang='lat' dir='ltr'><strong>Spec-</strong></span> 
     </span>
    </p>
   </div>
   <div class='ocr_carea' id='block_1_110' title="bbox 1965 5120 3561 5199">
    <p class='ocr_par' dir='ltr' id='par_1_110' title="bbox 1965 5120 3561 5199">
     <span class='ocr_line' id='line_1_110' title="bbox 1965 5120 3561 5199; baseline -0.006 -12"><span class='ocrx_word' id='word_1_811' title='bbox 1965 5140 2066 5199; x_wconf 88' lang='lat' dir='ltr'><strong>tat,</strong></span> <span class='ocrx_word' id='word_1_812' title='bbox 2091 5129 2184 5199; x_wconf 89' lang='lat' dir='ltr'><strong>qui</strong></span> <span class='ocrx_word' id='word_1_813' title='bbox 2214 5128 2271 5183; x_wconf 91' lang='lat' dir='ltr'><strong>in</strong></span> <span class='ocrx_word' id='word_1_814' title='bbox 2299 5123 2516 5182; x_wconf 88' lang='lat' dir='ltr'><strong>Liberio</strong></span> <span class='ocrx_word' id='word_1_815' title='bbox 2545 5122 2784 5178; x_wconf 89' lang='lat' dir='ltr'><strong>nondum</strong></span> <span class='ocrx_word' id='word_1_816' title='bbox 2823 5138 2854 5176; x_wconf 90' lang='lat' dir='ltr'><strong>e</strong></span> <span class='ocrx_word' id='word_1_817' title='bbox 2896 5121 3035 5176; x_wconf 83' lang='lat' dir='ltr'><strong>vivis</strong></span> <span class='ocrx_word' id='word_1_818' title='bbox 3069 5121 3281 5175; x_wconf 85' lang='lat' dir='ltr'><strong>sublato</strong></span> <span class='ocrx_word' id='word_1_819' title='bbox 3307 5120 3561 5179; x_wconf 87' lang='lat' dir='ltr'><strong>desinere</strong></span> 
     </span>
    </p>
   </div>
   <div class='ocr_carea' id='block_1_111' title="bbox 1966 5214 3561 5293">
    <p class='ocr_par' dir='ltr' id='par_1_111' title="bbox 1966 5214 3561 5293">
     <span class='ocr_line' id='line_1_111' title="bbox 1966 5214 3561 5293; baseline -0.005 -13"><span class='ocrx_word' id='word_1_820' title='bbox 1966 5224 2201 5290; x_wconf 87' lang='lat' dir='ltr'><strong>videtur,</strong></span> <span class='ocrx_word' id='word_1_821' title='bbox 2229 5233 2557 5293; x_wconf 77' lang='lat' dir='ltr'><strong>quamquam</strong></span> <span class='ocrx_word' id='word_1_822' title='bbox 2598 5215 2741 5270; x_wconf 87' lang='lat' dir='ltr'><strong>nulla</strong></span> <span class='ocrx_word' id='word_1_823' title='bbox 2771 5222 2856 5270; x_wconf 82' lang='lat' dir='ltr'><strong>est</strong></span> <span class='ocrx_word' id='word_1_824' title='bbox 2898 5227 3061 5269; x_wconf 83' lang='lat' dir='ltr'><strong>causa</strong></span> <span class='ocrx_word' id='word_1_825' title='bbox 3106 5228 3202 5269; x_wconf 91' lang='lat' dir='ltr'><strong>cur</strong></span> <span class='ocrx_word' id='word_1_826' title='bbox 3244 5215 3312 5268; x_wconf 87' lang='lat' dir='ltr'><strong>ab</strong></span> <span class='ocrx_word' id='word_1_827' title='bbox 3366 5214 3561 5272; x_wconf 89' lang='lat' dir='ltr'><strong>eodem</strong></span> 
     </span>
    </p>
   </div>
   <div class='ocr_carea' id='block_1_112' title="bbox 1967 5307 3565 5377">
    <p class='ocr_par' dir='ltr' id='par_1_112' title="bbox 1967 5307 3565 5377">
     <span class='ocr_line' id='line_1_112' title="bbox 1967 5307 3565 5377; baseline -0.006 -4"><span class='ocrx_word' id='word_1_828' title='bbox 1967 5317 2199 5373; x_wconf 86' lang='lat' dir='ltr'><strong>Damaso</strong></span> <span class='ocrx_word' id='word_1_829' title='bbox 2248 5327 2374 5369; x_wconf 89' lang='lat' dir='ltr'><strong>tunc</strong></span> <span class='ocrx_word' id='word_1_830' title='bbox 2414 5309 2645 5365; x_wconf 87' lang='lat' dir='ltr'><strong>diacono</strong></span> <span class='ocrx_word' id='word_1_831' title='bbox 2693 5307 2928 5377; x_wconf 88' lang='lat' dir='ltr'><strong>scriptus</strong></span> <span class='ocrx_word' id='word_1_832' title='bbox 2965 5321 3086 5361; x_wconf 86' lang='lat' dir='ltr'><strong>esse</strong></span> <span class='ocrx_word' id='word_1_833' title='bbox 3140 5321 3245 5360; x_wconf 85' lang='lat' dir='ltr'><strong>non</strong></span> <span class='ocrx_word' id='word_1_834' title='bbox 3280 5307 3472 5376; x_wconf 62' lang='lat' dir='ltr'><strong>possit,</strong></span> <span class='ocrx_word' id='word_1_835' title='bbox 3505 5320 3565 5363; x_wconf 87' lang='lat' dir='ltr'><strong>ut</strong></span> 
     </span>
    </p>
   </div>
   <div class='ocr_carea' id='block_1_113' title="bbox 1967 5398 3565 5466">
    <p class='ocr_par' dir='ltr' id='par_1_113' title="bbox 1967 5398 3565 5466">
     <span class='ocr_line' id='line_1_113' title="bbox 1967 5398 3565 5466; baseline -0.006 -1"><span class='ocrx_word' id='word_1_836' title='bbox 1967 5407 2212 5466; x_wconf 89' lang='lat' dir='ltr'><strong>nonnulli</strong></span> <span class='ocrx_word' id='word_1_837' title='bbox 2244 5413 2488 5466; x_wconf 89' lang='lat' dir='ltr'><strong>censent.</strong></span> <span class='ocrx_word' id='word_1_838' title='bbox 2523 5402 2594 5457; x_wconf 89' lang='lat' dir='ltr'><strong>ita</strong></span> <span class='ocrx_word' id='word_1_839' title='bbox 2629 5401 2792 5455; x_wconf 81' lang='lat' dir='ltr'><strong>etiam</strong></span> <span class='ocrx_word' id='word_1_840' title='bbox 2827 5398 2969 5453; x_wconf 84' lang='lat' dir='ltr'><strong>nulla</strong></span> <span class='ocrx_word' id='word_1_841' title='bbox 2994 5407 3077 5452; x_wconf 88' lang='lat' dir='ltr'><strong>est</strong></span> <span class='ocrx_word' id='word_1_842' title='bbox 3105 5409 3252 5451; x_wconf 86' lang='lat' dir='ltr'><strong>certa</strong></span> <span class='ocrx_word' id='word_1_843' title='bbox 3287 5399 3424 5453; x_wconf 90' lang='lat' dir='ltr'><strong>ratio</strong></span> <span class='ocrx_word' id='word_1_844' title='bbox 3467 5415 3565 5457; x_wconf 88' lang='lat' dir='ltr'><strong>cur</strong></span> 
     </span>
    </p>
   </div>
   <div class='ocr_carea' id='block_1_114' title="bbox 1968 5491 3566 5563">
    <p class='ocr_par' dir='ltr' id='par_1_114' title="bbox 1968 5491 3566 5563">
     <span class='ocr_line' id='line_1_114' title="bbox 1968 5491 3566 5563; baseline -0.006 -2"><span class='ocrx_word' id='word_1_845' title='bbox 1968 5504 2074 5560; x_wconf 84' lang='lat' dir='ltr'><strong>hoc</strong></span> <span class='ocrx_word' id='word_1_846' title='bbox 2116 5503 2186 5558; x_wconf 88' lang='lat' dir='ltr'><strong>ab</strong></span> <span class='ocrx_word' id='word_1_847' title='bbox 2236 5518 2302 5556; x_wconf 93' lang='lat' dir='ltr'><strong>eo</strong></span> <span class='ocrx_word' id='word_1_848' title='bbox 2355 5499 2552 5554; x_wconf 81' lang='lat' dir='ltr'><strong>factum</strong></span> <span class='ocrx_word' id='word_1_849' title='bbox 2599 5495 2841 5550; x_wconf 87' lang='lat' dir='ltr'><strong>dicamus</strong></span> <span class='ocrx_word' id='word_1_850' title='bbox 2888 5491 3288 5563; x_wconf 86' lang='lat' dir='ltr'><strong>:quamobrem</strong></span> <span class='ocrx_word' id='word_1_851' title='bbox 3335 5494 3403 5550; x_wconf 87' lang='lat' dir='ltr'><strong>ad</strong></span> <span class='ocrx_word' id='word_1_852' title='bbox 3458 5495 3566 5552; x_wconf 88' lang='lat' dir='ltr'><strong>alia</strong></span> 
     </span>
    </p>
   </div>
   <div class='ocr_carea' id='block_1_115' title="bbox 1969 5587 2816 5669">
    <p class='ocr_par' dir='ltr' id='par_1_115' title="bbox 1969 5587 2816 5669">
     <span class='ocr_line' id='line_1_115' title="bbox 1969 5587 2816 5669; baseline -0.015 -14"><span class='ocrx_word' id='word_1_853' title='bbox 1969 5596 2214 5669; x_wconf 85' lang='lat' dir='ltr'><strong>ejusdem</strong></span> <span class='ocrx_word' id='word_1_854' title='bbox 2248 5594 2451 5663; x_wconf 87' lang='lat' dir='ltr'><strong>scripta</strong></span> <span class='ocrx_word' id='word_1_855' title='bbox 2481 5587 2816 5661; x_wconf 87' lang='lat' dir='ltr'><strong>progredior.</strong></span> 
     </span>
    </p>
   </div>
   <div class='ocr_carea' id='block_1_116' title="bbox 2046 5684 2863 5763">
    <p class='ocr_par' dir='ltr' id='par_1_116' title="bbox 2046 5684 2863 5763">
     <span class='ocr_line' id='line_1_116' title="bbox 2046 5684 2863 5763; baseline -0.015 -18"><span class='ocrx_word' id='word_1_856' title='bbox 2046 5688 2119 5763; x_wconf 90' lang='lat' dir='ltr'><strong>(c)</strong></span> <span class='ocrx_word' id='word_1_857' title='bbox 2156 5688 2380 5746; x_wconf 87' lang='lat' dir='ltr'><strong>Dissert.</strong></span> <span class='ocrx_word' id='word_1_858' title='bbox 2415 5684 2465 5753; x_wconf 85' lang='grc'><strong>1,</strong></span> <span class='ocrx_word' id='word_1_859' title='bbox 2496 5684 2711 5739; x_wconf 86' lang='lat' dir='ltr'><strong>Damas.</strong></span> <span class='ocrx_word' id='word_1_860' title='bbox 2742 5694 2863 5750; x_wconf 81' lang='lat' dir='ltr'><strong>cap.</strong></span> 
     </span>
    </p>
   </div>
   <div class='ocr_carea' id='block_1_117' title="bbox 2901 5835 2941 5899">
    <p class='ocr_par' dir='ltr' id='par_1_117' title="bbox 2901 5835 2941 5899">
     <span class='ocr_line' id='line_1_117' title="bbox 2901 5835 2941 5899; baseline 0 0"><span class='ocrx_word' id='word_1_861' title='bbox 2901 5835 2941 5899; x_wconf 82' lang='lat'><strong>9</strong></span> 
     </span>
    </p>
   </div>
  </div>
