3878 6346
397 2680 402 2682 -
486 2661 653 2716 latum
704 2678 719 2717 :

525 213 629 267 “267

1709 204 2022 262 SANCTUS
2065 204 2389 266 DAMASUS
2433 209 2630 266 PAPA.
3704 218 3776 276 εδδ

517 329 543 391 §
577 326 640 400 tt.
669 351 734 361 —-
757 322 906 402 Multa
930 323 1165 402 Damasus
1182 321 1528 402 §§g‘it’_§il_._tt_l_l§
1556 322 2119 402 lﬁfliﬁf‘nﬁﬂsjrfﬁf}
2147 336 2203 399 Α
2230 323 2607 382 Testamentum
2631 327 2937 398 composuit
2967 346 2979 382 :
3027 339 3137 384 tum
3167 344 3234 386 ea
3266 329 3432 388 locavi
3465 346 3588 402 qua
3623 332 3682 389 de
3703 335 3779 393 Deo

583 390 646 453 iis
695 401 806 451 qua:
846 391 1150 453 supersunt,
1177 381 1528 453 epigrammata
1554 381 2119 453 aliquot__illustrant_ur_;

581 451 674 500 alia
709 445 857 513 puum
897 445 1103 499 Damaso
1143 445 1306 496 eidem
1343 445 1672 509 vindicantur,
1708 446 1803 496 alia
1839 446 2124 509 appendicis

585 513 691 564 loco
712 517 1010 563 referuntur.

583 621 894 674 Carminum
946 631 1067 688 quae
1125 616 1386 672 Damasus
1446 618 1790 687 composuit,
1858 629 1915 672 ut
1950 615 2019 672 de
2054 615 2122 672 iis

515 713 676 770 etiam
732 727 895 782 pauca
941 711 1138 776 dicam,
1175 709 1347 780 major
1398 725 1522 778 pars
1567 711 1766 765 amissa
1815 709 2015 780 periit,
2047 710 2120 764 si-

512 805 729 878 quidem
800 819 865 859 ea
915 803 1115 858 desunt
1180 817 1301 872 qua:
1355 801 1424 856 de
1481 801 1802 873 V’irginitate
1855 801 2113 873 scripsit,

509 908 562 955 et
604 899 657 954 in
693 897 859 954 Vetus
893 907 951 953 et
979 895 1189 951 Novum
1243 895 1674 951 Testamentum.
1706 896 1981 952 Prteterea
2025 910 2120 952 ne-

506 1010 611 1064 que
653 991 832 1048 omnia
863 992 1150 1057 habemus,
1189 990 1382 1060 quibus
1405 991 1617 1046 ornavit
1642 991 1934 1046 memorias
1973 1007 2118 1046 mar-

505 1099 704 1163 tyrum,
735 1098 881 1146 utex
929 1088 1035 1144 hoc
1085 1087 1268 1158 Vigilii
1297 1102 1452 1158 papae
1507 1087 1821 1144 testimonio
1880 1095 2113 1144 constat.

871 1225 949 1280 De
993 1223 1091 1281 SS.
1143 1239 1480 1279 narramus
1521 1223 1710 1279 Vrum
1739 1266 1753 1289 ,

935 1317 1203 1372 MARTIALI
1252 1332 1320 1371 ετ
1366 1314 1713 1372 Aasxasnno.

591 1431 719 1484 Dum
747 1431 963 1494 peritura
984 1428 1161 1480 Gethae
1186 1429 1461 1494 posuissent
1484 1437 1640 1478 castra
1664 1427 1984 1494 snb'Urbem,

660 1491 923 1544 Moverunt
945 1494 1128 1541 sanctis
1152 1491 1285 1540 bella
1309 1492 1514 1541 nefanda
1541 1494 1692 1554 prius.

587 1557 812 1620 Totaque
833 1555 1079 1617 sacrilego
1099 1562 1356 1620 verterunt
1379 1555 1528 1604 cos-de
1551 1556 1800 1620 sepulcra,

653 1617 946 1681 Mai-tyribus
965 1617 1324 1681 quondamjite
1349 1626 1533 1667 sacrata
1557 1619 1668 1681 piis.

590 1679 1051 1745 Quostrionstrante
1077 1679 1447 1745 DeoDainasus
1471 1679 1568 1731 sibi
1593 1694 1714 1744 papa
1741 1681 1992 1745 probatos,

656 1743 814 1793 Aliixo
837 1743 1024 1803 monuit
1047 1742 1263 1792 carmine
1278 1742 1393 1803 jure
1418 1745 1529 1791 coli.

591 1806 691 1870 Sed
717 1808 863 1868 periit
883 1813 902 1855 t
925 1798 1077 1870 tnl'us,
1104 1798 1350 1854 contracto
1375 1819 1618 1870 marmore
1638 1846 1650 1866 ,
1679 1813 1895 1870 sanctus,

651 1868 758 1918 Nec
781 1878 943 1919 tamen
969 1869 1046 1916 his
1068 1870 1251 1918 iterum
1279 1882 1421 1929 posse
1441 1868 1598 1917 latere
1625 1871 1733 1918 fuit.

588 1931 762 1996 Diruta
788 1932 996 1996 Yigilius
1017 1944 1125 1996 nam
1149 1932 1364 1992 wsthtec
1389 1945 1508 1994 papa
1532 1935 1833 1996 gemiscens,

651 1993 885 2044 Hostibus
909 1993 1158 2055 expulsis,
1184 2007 1332 2044 omne
1356 1993 1553 2044 nevavit
1576 2008 1715 2059 opus.

565 2097 705 2167 Quin
730 2099 892 2169 igitur
919 2102 988 2153 ob
1011 2100 1257 2154 eamdem
1296 2115 1514 2155 causam
1553 2111 1714 2171 atque.
1739 2099 1932 2156 eodem
1961 2114 2098 2155 nau-

488 2190 660 2262 fragio
681 2191 784 2245 alia
808 2193 973 2245 multa
1027 2189 1292 2262 lapidibus
1323 2192 1487 2248 incisa
1521 2191 1817 2263 perierint,
1847 2207 1950 2264 ego
1996 2191 2099 2246 mi-

491 2285 638 2342 nime
689 2287 895 2351 dubito,
949 2296 1112 2356 atque
1164 2287 1293 2342 illud
1355 2303 1466 2358 pra:
1521 2288 1766 2354 caeteris,
1827 2286 1971 2357 quod
2015 2285 2097 2341 in-

485 2379 774 2449 scripsisse
815 2378 1002 2434 debuit
1044 2378 1340 2434 Alexandri
1398 2380 1640 2449 episcopi
1679 2388 1738 2434 et
1810 2377 2094 2434 fortissimi

483 2474 739 2546 martyris
765 2474 1038 2543 sepulcro,
1063 2473 1331 2541 siquidem
1363 2474 1514 2527 illum
1543 2472 1806 2542 vigesimo
1835 2472 2093 2526 milliario

482 2582 514 2622 a
553 2568 640 2623 via
669 2567 894 2623 Claudia
938 2567 1005 2621 ad
1031 2565 1232 2622 Urbem
1261 2567 1330 2622 ab
1379 2567 1570 2621 eodem
1619 2565 1874 2636 pontiﬁce
1917 2575 2093 2620 trans-

775 2676 839 2716 ac
886 2660 942 2715 in
995 2675 1129 2715 nova
1178 2659 1380 2732 Crypta
1434 2659 1772 2714 reconditum
1823 2668 2092 2714 memorat

483 2755 691 2810 Adonis
721 2755 1162 2826 Martyrologium
1192 2754 1260 2808 ad
1311 2754 1452 2808 diem
1495 2753 1566 2809 26
1597 2755 1914 2810 novembris
1941 2772 1954 2808 :
1990 2755 2090 2808 im-

484 2863 575 2903 mo
630 2863 759 2904 vero
790 2863 852 2903 ea
907 2847 1190 2918 ipsa,qua:
1211 2847 1628 2918 superfuerunt,
1682 2864 1746 2904 ac
1789 2863 1935 2904 nunc
1965 2862 2090 2918 pos-

483 2944 724 3000 sidemus
751 2941 917 2998 variis
947 2942 1280 3013 temporibus
1305 2985 1321 3011 ,
1355 2959 1416 2998 ac
1469 2943 1602 2998 locis
1655 2943 1889 3010 detecta,
1922 2952 2086 3014 atque

484 3037 612 3094 hinc
641 3037 769 3093 inde
801 3038 1055 3107 paulatim
1083 3037 1311 3092 collecta
1341 3037 1510 3094 fuisse
1535 3047 1767 3093 constat.
1793 3037 1927 3092 Nam
1959 3055 2083 3110 quae

485 3133 667 3204 priora
707 3131 883 3188 lucem
916 3131 1200 3196 viderunt,
1234 3131 1372 3187 inter
1415 3131 1742 3188 christianos
1786 3143 1973 3202 poetas
1997 3132 2084 3196 ,ab
2114 3148 2160 3210 ρ

482 3226 623 3282 Aldo
651 3225 828 3282 editos
859 3225 1098 3281 Venetiis
1123 3225 1281 3291 1509.,
1299 3225 1468 3294 in-40,
1493 3243 1554 3280 ac
1580 3243 1770 3282 rursus
1795 3243 1889 3297 per
1915 3227 2087 3284 Geor-

477 3321 622 3392 gium
651 3321 956 3377 Fabricium
981 3320 1206 3376 Basileae
1232 3322 1369 3376 1562
1387 3363 1400 3388 ,
1436 3323 1754 3390 paucissima
1778 3332 1922 3378 sunt.
1948 3324 2085 3378 Tum

475 3415 675 3472 deinde
705 3416 864 3485 paulo
889 3418 1128 3471 auctiora
1177 3415 1496 3486 prodierunt
1527 3415 1582 3471 in
1615 3428 1858 3472 veterum
1893 3428 2082 3486 poeta-

479 3524 600 3563 rum
637 3522 867 3575 corpore
891 3506 1124 3563 Geuevm
1155 3508 1315 3573 1611,
1347 3509 1383 3562 2
1412 3508 1521 3562 vol.
1555 3509 1699 3564 iit-5°
1730 3525 1744 3574 ;
1773 3515 1828 3563 et
1857 3509 2084 3564 Londini

481 3601 644 3666 1715,
676 3599 854 3654 iit-fol.
886 3600 956 3655 At
984 3601 1226 3655 omnium
1255 3600 1591 3670 diligentiam
1631 3600 1910 3671 superavit
1939 3601 2080 3656 Mar-

480 3694 586 3748 tius
610 3691 850 3748 Milesius
877 3691 1206 3748 Sarazanius
1233 3692 1419 3748 Romae
1451 3693 1590 3748 16⁷58
1620 3734 1633 3756 ,
1684 3708 1789 3764 qua
1839 3708 1940 3764 ego
1969 3694 2085 3749 edi-

478 3787 625 3842 tione
681 3795 824 3841 utor.
879 3786 976 3840 Hic
1028 3788 1171 3842 enim
1225 3799 1334 3841 tum
1412 3803 1477 3843 ea
1533 3788 1756 3844 retinuit
1815 3803 1939 3859 quae
1985 3806 2083 3857 pu-

476 3878 678 3935 blicam
700 3879 998 3948 lucemjam
1021 3889 1446 3948 conspexerant.
1477 3890 1588 3936 tum
1621 3883 1770 3952 plura
1797 3882 1902 3936 alia
1931 3865 2084 3940 addi-

477 3969 557 4025 dit
596 3984 718 4040 qua’.
767 3985 1048 4024 numerum
1079 3971 1566 4041 quadragenarium
1600 3975 1908 4045 complent;
1955 3994 2077 4034 nam

475 4078 596 4132 qua!
636 4063 688 4118 in
721 4062 982 4118 anteactis
1023 4062 1351 4119 editionibns
1403 4065 1756 4138 legebantur,
1788 4070 1906 4126 haec
1953 4079 2080 4126 sunt

473 4157 800 4213 dumtaxat:
843 4160 897 4213 lu
944 4159 1011 4213 de
1061 4157 1230 4214 Paulo
1285 4160 1569 4228 apostolo,
1601 4162 1664 4216 2°
1711 4164 1780 4220 de
1833 4167 2073 4236 Agnete,

474 4251 537 4308 ὅθ
585 4251 654 4308 de
699 4252 911 4318 eadem,
959 4255 1023 4308 ιο
1046 4253 1114 4309 de
1137 4254 1349 4309 Andrea
1381 4258 1663 4326 apostolo,
1722 4260 1785 4314 5°
1834 4260 1902 4316 de
1929 4261 2075 4332 Aga-

471 4345 587 4410 tha,
639 4345 701 4400 6°
739 4345 809 4400 de
865 4345 1080 4410 Felice,
1136 4347 1195 4401 7°
1248 4347 1318 4404 de
1363 4347 1593 4405 Nomine
1657 4352 1821 4420 Jesu,
1888 4355 1951 4409 8°
2006 4355 2076 4413 de

475 4436 690 4502 eodem,
735 4439 798 4494 9°
831 4439 896 4494 de
926 4439 1175 4506 Christo,
1216 4441 1312 4497 10°
1339 4443 1406 4499 de
1451 4443 1788 4503 Ascensione
1827 4448 2070 4520 Christi,

2227 427 2353 472 sunt
2389 461 2404 486 ,
2451 419 2519 475 de
2551 419 2650 478 SS.
2694 421 2972 491 Aposlolis
3000 422 3219 492 deinde,
3277 439 3340 480 ac
3388 424 3648 481 Romanis
3686 445 3780 496 pon-

2229 511 2481 567 tiﬁcibus.
2539 513 2781 570 Transeo
2825 514 3025 571 deinde
3065 516 3131 574 ad
3189 528 3494 590 martyres,
3547 534 3609 575 ac
3655 522 3780 591 primo

2225 604 2346 659 loco
2401 604 2751 662 Laurentium
2803 624 3064 666 recenseo
3093 652 3110 678 ,
3170 611 3320 668 velut
3345 613 3502 668 illum
3545 618 3779 683 queant)»

2226 714 2410 754 masus
2453 702 2726 772 praecipue
2770 703 2968 770 coluit,
3016 718 3081 760 ac
3121 715 3356 762 caeteros
3395 705 3643 773 deinde;
3692 725 3779 780 pos-

2224 800 2402 849 tremo
2449 809 2581 850 vero
2642 794 2798 862 illas,
2876 812 2997 868 qua;
3063 808 3394 869 supersunt,
3453 800 3781 871 inscriptiones

2222 887 2431 943 colloco
2463 907 2474 942 :
2507 888 2604 944 sed
2642 890 2791 960 prius
2829 889 2899 948 de
2946 891 3014 948 iis
3055 891 3314 949 lectorem
3357 894 3625 950 nonnulla
3659 898 3781 951 inani-

2223 991 2334 1037 tum
2368 985 2511 1050 volo,
2545 983 2804 1054 qualum
2834 987 3168 1044 carminibus
3214 988 3384 1058 ipsis,
3418 997 3537 1046 tum
3580 991 3781 1046 ecclesia-

2219 1076 2371 1131 stica:
2403 1075 2640 1132 historiae
2683 1077 2859 1135 lucem
2899 1079 3134 1152 aliquam
3189 1079 3480 1139 aﬂundere
3540 1085 3780 1152 posseexi-

2217 1170 2430 1224 stimavi
2481 1184 2549 1225 ne
2592 1170 2851 1240 prolixior
2898 1174 2950 1228 in
2991 1173 3132 1230 notis
3176 1173 3438 1245 deinceps
3489 1175 3619 1230 sim.

2289 1261 2332 1316 Ι.
2365 1261 2597 1319 Carmen
2641 1264 2822 1335 itaque
2861 1264 2928 1322 de
2957 1265 3160 1322 Christo
3185 1266 3492 1333 Servatore,
3528 1268 3666 1324 inter
3688 1286 3779 1338 ope-

2217 1372 2274 1411 ra
2326 1357 2398 1412 cl.
2443 1356 2724 1416 Claudiani
2772 1361 2934 1416 etiam
2984 1361 3312 1432 impressum
3367 1362 3616 1434 legitur,
3665 1381 3779 1432 qua:

2219 1462 2500 1524 propterea
2532 1453 2903 1510 Christianum
2951 1455 3117 1512 fuisse
3147 1456 3402 1512 Barthius
3431 1458 3682 1528 opinatus
3697 1469 3776 1515 δὴ

2215 1556 2271 1602 at
2319 1547 2574 1615 quoniam
2624 1548 2851 1607 Vossius
2895 1559 2952 1606 et
2997 1550 3335 1610 Coloniesius
3381 1552 3460 1608 ad
3505 1553 3773 1620 Giralduta,

2217 1640 2431 1698 Damasi
2477 1659 2673 1700 nomen
2729 1646 2780 1700 in
2839 1646 3162 1719 quihusdam
3229 1663 3362 1704 mss.
3425 1649 3688 1719 praferre
3716 1667 3776 1705 as-

2134 1737 2372 1804 Bserit,
2428 1753 2492 1793 ac
2545 1739 2774 1794 Damaso
2833 1748 3096 1809 praeterea
3145 1740 3394 1797 attribuit
3473 1743 3565 1800 del
3620 1744 3706 1798 Βῐο
3743 1745 3776 1798 is

2207 1828 2360 1885 calce
2394 1831 2830 1900 conjecturarum
2871 1832 2940 1888 ad
2979 1831 3339 1890 Claudianum
3382 1833 3511 1908 (α),
3535 1852 3638 1909 ego
3657 1839 3773 1894 etiam

2206 1921 2463 1992 quidquid
2495 1924 2819 1982 Sarazanius
2842 1927 3083 1994 dubitet,
3121 1928 3354 1986 Damaso
3379 1931 3606 1986 asserui
3633 1950 3648 1986 :
3689 1947 3773 1987 nan

2205 2015 2334 2084 quin
2390 2014 2720 2074 Claudianus
2762 2020 2924 2088 alter,
2955 2020 3258 2078 Mamercus
3295 2023 3540 2092 scilicet,
3585 2025 3772 2096 ejusdem

2203 2119 2392 2166 auctor
2421 2110 2595 2167 videri
2641 2113 2842 2183 possit,
2887 2113 3090 2172 faciunt
3131 2119 3390 2185 postremi
3433 2119 3502 2175 hi
3533 2120 3771 2177 veniendi:

2429 2205 2540 2256 Mox
2567 2207 2813 2260 aethereos
2835 2216 3042 2260 evectus
3065 2211 3114 2258 in
3137 2224 3300 2269 auras,

2295 2267 2508 2334 Purgata
2533 2283 2768 2334 reparans
2791 2270 2954 2334 laetum
2975 2278 3026 2321 te
3049 2269 3178 2334 luce,
3209 2267 3487 2326 Parentem

2294 2331 2568 2397 Augustum
2593 2333 2762 2382 foveas
2783 2333 2927 2385 festis
2947 2344 3002 2384 ut
3021 2331 3359 2397 sepedlebus

2293 2394 2466 2444 Annua
2486 2397 2667 2446 sinceri
2688 2397 2914 2448 celebret
2931 2394 3119 2461 Jejunia
3141 2401 3287 2450 sacri.

2201 2485 2256 2541 Si
2279 2488 2422 2541 enim
2445 2487 2709 2543 rationem
2739 2497 3046 2561 temporum
3077 2501 3254 2548 tecum
3278 2493 3453 2563 ineas,
3479 2496 3572 2551 vix
3596 2506 3768 2565 statuas,

2193 2578 2408 2634 cuinam
2437 2595 2502 2636 ex
2533 2581 2973 2652 imperatoribus,
2995 2586 3085 2655 qui
3111 2599 3233 2640 cum
3262 2585 3578 2646 Mamercus
3606 2591 3766 2646 scribe-

2195 2682 2280 2728 ret
2307 2689 2370 2728 ac
2399 2674 2616 2730 ﬂoreret
2646 2692 2825 2732 rerum
2851 2677 3002 2748 potiti
3030 2688 3177 2745 sunt,
3201 2687 3378 2748 aptari
3408 2682 3496 2737 illi
3518 2684 3762 2740 commode

2193 2769 2423 2836 possint.
2477 2769 2614 2824 Hinc
2658 2787 2786 2827 vero
2829 2772 3084 2844 colligas,
3125 2789 3289 2844 quam
3345 2788 3514 2833 vetus
3555 2793 3668 2834 mos
3702 2778 3764 2833 ille

2187 2859 2384 2930 fuerit,
2438 2863 2594 2934 cujus
2639 2865 2692 2918 in
2720 2863 3020 2936 Marculpbi
3055 2866 3306 2924 formulis
3347 2871 3569 2926 mentio
3595 2881 3697 2938 est,
3723 2878 3764 2925 ut

2185 2959 2428 3028 episcopi
2455 2959 2509 3013 in
2557 2959 2978 3018 solemnioribus
3024 2963 3151 3018 anni
3174 2963 3599 3021 celebritatibus
3619 2965 3758 3020 missis

2183 3051 2252 3106 ad
2284 3067 2442 3122 reges
2468 3053 2664 3111 litteris
2693 3054 2866 3111 fausta
2893 3057 3076 3112 omnia
3102 3068 3560 3128 apprecarentur.

2261 3143 2322 3199 ιι.
2365 3146 2496 3213 Quae
2523 3145 2592 3202 de
2630 3148 2903 3218 Apostolis
2941 3158 3133 3221 agunt,
3166 3151 3268 3206 tria
3318 3163 3468 3208 sunt.
3515 3154 3759 3214 Primum.

2192 3239 2336 3310 quod
2373 3241 2438 3297 de
2481 3241 2544 3298 S.
2599 3241 2766 3298 Paulo
2809 3245 3138 3311 inscribitur,
3180 3256 3345 3318 atque
3385 3249 3523 3304 illud
3553 3291 3572 3319 ,
3613 3267 3674 3307 ex
3715 3249 3761 3302 iis

2191 3332 2332 3391 forte
2391 3353 2575 3403 unum,
2631 3353 2753 3409 qua:
2801 3339 2872 3393 ad
2923 3338 3132 3394 Novum
3182 3339 3572 3398 Testamentum
3625 3342 3760 3414 perli-

2189 3441 2350 3496 nent,
2386 3446 2508 3487 ven.
2565 3432 2714 3488 card.
2774 3433 3100 3489 Thomasius
3157 3434 3211 3489 in
3261 3435 3607 3507 Hymnario,
3660 3435 3752 3490 caui

2185 3523 2407 3579 solitum
2467 3523 2629 3581 fuisse
2683 3534 2837 3581 notat
2885 3526 2936 3581 in
2982 3526 3226 3595 ejusdem
3271 3529 3512 3598 apostoli
3567 3544 3756 3586 conver-

2185 3617 2362 3684 sione,
2405 3617 2696 3688 postremis
2740 3618 2953 3675 duobus
2998 3620 3218 3675 omissis
3268 3622 3584 3678 versiculis.
3633 3623 3750 3678 Alte-

2185 3725 2327 3776 rum,
2384 3711 2528 3782 quod
2573 3711 2641 3768 de
2687 3711 2749 3768 S.
2799 3713 3010 3768 Andrea
3057 3723 3178 3785 est,
3220 3729 3287 3770 an
3344 3715 3639 3772 Damasum
3681 3730 3753 3767 auo

2183 3816 2388 3859 etorem
2437 3804 2631 3861 habeat
2660 3804 2982 3862 Sarazanius
3021 3805 3280 3878 ambigit,
3325 3807 3516 3876 nulla,
3563 3816 3623 3864 ut
3647 3805 3752 3862 mihi

2184 3898 2420 3965 videtur,
2453 3899 2521 3954 de
2576 3915 2762 3966 causa,
2792 3900 3057 3970 siquidem
3106 3901 3159 3956 in
3201 3902 3454 3958 omnibus
3507 3903 3628 3970 ejus
3654 3913 3753 3970 ope-

2182 4006 2300 4045 rum
2351 3991 2678 4048 editionibns
2733 3991 2972 4063 legitur;
3029 4003 3194 4062 atque
3253 3995 3386 4050 illud
3443 3995 3611 4052 etiam
3657 3993 3750 4050 cani

2178 4082 2374 4138 alicubi
2403 4085 2755 4141 consuevisse
2783 4086 3089 4156 colligimus
3127 4103 3194 4142 ex
3240 4086 3419 4142 veteri
3449 4086 3751 4144 Mozarabii-a

2181 4175 2415 4246 litnrgia,
2440 4192 2602 4247 quant
2637 4176 2908 4250 Josephns
2945 4177 3278 4236 Blanchinus
3311 4181 3394 4235 vir
3439 4181 3746 4236 clariSsimus

2177 4267 2346 4323 edidit
2365 4309 2378 4332 ,
2415 4268 2592 4324 addita
2622 4269 2901 4327 dumtaxat
2930 4271 2997 4326 ad
3029 4287 3185 4327 usum
3215 4272 3370 4328 chori
3398 4271 3692 4344 doxologia.

2250 4359 2338 4416 lll.
2369 4359 2734 4430 Postremum,
2767 4363 2912 4434 quod
2941 4363 3009 4419 ad
3039 4365 3336 4434 Apostolos
3365 4366 3586 4432 attinet,
3615 4365 3746 4420 (latae

2178 4453 2386 4508 cumbis
2415 4453 2480 4507 ad
2511 4453 2571 4510 S.
2606 4453 2979 4511 Sebastianum
3004 4496 3022 4523 ,
3053 4455 3142 4512 ubi
3171 4471 3328 4513 sacra
3359 4457 3506 4514 Petri
3539 4468 3592 4512 et
3619 4452 3742 4511 Pauli

478 4528 592 4622 H0;
621 4527 689 4582 de
739 4535 1111 4622 cugnotneutis
1143 4533 1481 4602 Salvator-is;
1535 4556 1861 4608 quamquam
1909 4543 2065 4600 Sara-
2097 4558 2153 4619 D
2177 4560 2404 4615 corpora
2429 4547 2718 4613 jacuerunt
2739 4590 2756 4616 ,
2788 4549 3104 4620 inscriptum
3138 4550 3440 4620 legebatur,
3474 4560 3630 4622 atque
3667 4548 3745 4602 hoc

477 4620 686 4684 zanius,
719 4623 806 4691 qtti
855 4621 970 4677 htec
1017 4641 1082 4679 ex
1131 4625 1364 4681 Baronio
1411 4639 1464 4683 et
1495 4645 1560 4684 ex
1598 4632 1852 4689 Palatinis
1895 4652 2067 4692 mem-

471 4713 660 4770 branis
700 4714 989 4769 aGrutero
1041 4717 1200 4771 editis
1254 4719 1368 4775 fere
1416 4723 1595 4777 omnia
1655 4727 1898 4794 accepit,
1956 4731 2062 4786 alia

472 4805 582 4861 duo
633 4807 698 4861 iis
744 4806 980 4877 adjicere
1039 4810 1340 4878 potuisset,
1393 4831 1511 4878 qua:
1557 4831 1677 4871 cum
1733 4819 2067 4890 Damasum,

461 4898 576 4954 .nisi
625 4914 727 4969 ego
768 4899 950 4965 fallor,
991 4912 1264 4957 auctorem
1297 4904 1562 4972 habeant,
1615 4910 1805 4982 collegi
1846 4928 1970 4984 ego,
2001 4930 2069 4972 ne

469 4989 675 5045 diutius
720 5005 749 5044 a
795 4992 1006 5046 caeteris
1047 4992 1255 5050 divulsa
1285 5037 1298 5062 ,
1350 5013 1412 5052 ac
1463 5000 1581 5055 sine
1623 5012 1773 5070 patre
1824 5016 2028 5062 CSSL‘M.

540 5085 597 5139 In
667 5084 750 5140 his
796 5095 975 5141 autem
1025 5091 1378 5148 recensendis
1430 5095 1676 5152 ordinem
1750 5099 1818 5156 ab
1870 5102 2062 5158 eodem

465 5180 758 5236 Sarazanio
789 5194 1058 5237 servatum
1090 5187 1362 5255 paululum
1395 5189 1692 5247 immolavi.
1713 5193 1851 5248 Nam
1875 5238 1890 5261 ,
1919 5196 2062 5264 quod

464 5273 554 5330 ille
599 5291 707 5331 non
759 5277 893 5330 tanti
951 5292 1072 5332 esse
1121 5281 1353 5349 putavit,
1402 5294 1458 5337 ut
1507 5283 1739 5353 faceret,
1801 5303 1900 5358 ego
1949 5289 2060 5357 pri-

467 5381 612 5422 mum
663 5367 757 5434 iis,
800 5369 892 5440 qui
942 5369 994 5424 in
1037 5372 1240 5428 Iaudem
1316 5374 1527 5432 Davidis
1579 5389 1750 5445 sunt,
1809 5381 2089 5438 versibus'

459 5457 641 5516 locum
692 5461 864 5528 dedi,
923 5465 1066 5531 quod
1114 5468 1356 5537 profecto
1407 5470 1782 5530 hexametrum
1835 5489 2057 5532 carmen

466 5562 628 5606 unum
677 5554 814 5610 forte
855 5570 921 5610 ex
944 5555 1010 5611 iis
1039 5570 1331 5629 superest,
1374 5578 1495 5633 qua:
1525 5564 1786 5622 Damasus
1810 5568 1865 5624 in
1901 5567 2058 5625 Vetus

525 5679 819 5771 {ﬂnFabn
861 5686 1132 5771 BBL-Lat.
1159 5733 1173 5758 ,
1215 5692 1311 5749 lib.
1368 5709 1448 5761 in,
1495 5707 1615 5768 cap.
1661 5697 1765 5766 13,
1791 5713 1848 5769 ι).
1893 5700 2000 5758 ωδ
2032 5741 2051 5771 ,

455 5757 589 5805 tom.
617 5752 682 5820 ll,
713 5753 850 5812 Ven.
904 5756 1035 5814 edit.
1160 5752 1169 5758 ’
1437 5752 1447 5761 ’
1563 5752 1577 5768 ’
1705 5752 1726 5832 γε

2177 4638 2389 4696 illustre
2431 4641 2640 4696 Damasi
2683 4643 3087 4711 testimonium,
3139 4643 3186 4699 si
3238 4653 3436 4701 caetera
3484 4645 3739 4704 deessent,

2172 4749 2268 4790 eos
2313 4735 2542 4791 revincit
2586 4736 2916 4807 manifesto,
2964 4738 3160 4810 quibus
3204 4754 3268 4794 ea
3314 4739 3384 4794 de
3430 4755 3491 4795 re
3537 4739 3741 4793 incertus

2166 4827 2344 4884 adhuc
2391 4831 2604 4886 animus
2643 4846 2765 4888 esse
2809 4841 3008 4901 posset.
3048 4833 3318 4887 Caeterum
3365 4847 3473 4905 quo
3517 4842 3735 4901 tempore

2169 4921 2360 4984 eadem
2403 4938 2556 4978 sacra
2607 4925 2830 4994 pignora
2872 4925 2941 4980 ad
2986 4922 3326 4980 Catacumbas
3357 4925 3536 4988 allata,
3575 4921 3739 4978 acitev

2169 5029 2287 5068 rum
2330 5014 2456 5070 inde
2485 5027 2700 5088 accepta
2721 5061 2737 5086 ,
2771 5019 3004 5089 antiquae
3038 5019 3334 5089 primmque
3367 5017 3484 5074 sedi
3514 5017 3735 5073 restituta

2175 5107 2412 5177 fuerint,
2473 5111 2703 5169 obscura
2755 5122 2814 5170 et
2867 5113 3118 5183 perplexa
3177 5128 3265 5168 res
3325 5124 3430 5169 est.
3485 5109 3732 5172 Consule.

2171 5201 2216 5256 si
2253 5202 2459 5271 placet,
2487 5204 2747 5274 pra-sules
2776 5204 3174 5262 eruditissimos
3203 5204 3556 5260 Blancbinum
3581 5213 3630 5257 et
3659 5199 3735 5256 Vi-

2161 5295 2404 5364 gnolium
2468 5297 2520 5352 in
2574 5299 2714 5352 notis
2762 5298 2829 5353 ad
2881 5296 3190 5354 Cornelium
3224 5339 3239 5363 ,
3295 5298 3381 5352 cui
3444 5291 3731 5352 Anastasius

2165 5386 2306 5445 banc
2371 5389 2584 5446 laudem
2649 5391 2894 5448 attribuit
2939 5406 3002 5446 ac
3056 5390 3284 5446 Romam
3348 5389 3726 5446 subterraneam

2163 5481 2261 5536 viri
2304 5483 2438 5538 clar.
2474 5484 2696 5540 Bottarii
2738 5487 2961 5542 alterius
2991 5501 3057 5541 ex
3108 5483 3383 5540 Vaticana
3412 5480 3725 5540 bibliothecae

2164 5574 2480 5632 custodibus
2517 5576 2597 5648 (ὸ)
2628 5593 2644 5644 ;
2690 5577 2738 5632 si
2781 5593 2912 5634 vero
2946 5591 3164 5636 causam
3209 5577 3440 5648 quaeris,
3479 5589 3568 5631 cur
3607 5580 3726 5626 tam-

2231 5707 2305 5778 (b)
2353 5708 2508 5765 Tom.
2554 5709 2616 5781 1,
2662 5727 2712 5784 p.
2745 5713 2836 5770 51.
