3878 6346
106 260 210 317 9.69

1490 246 2020 308 PBOLEGOMENA.

3300 252 3407 308 Ξῖο

102 378 193 431 diu
235 376 290 430 in
348 373 668 429 Catacumbis
709 373 933 439 fuerint,
974 371 1268 442 Gregorius
1299 369 1522 440 Magnus
1564 369 1700 424 hanc
1729 373 1782 432 Α
1808 369 1931 424 dem
1964 368 2227 425 collocat:
2260 368 2771 439 Malmesburiensis,
2801 371 3159 442 Stephanum,
3193 372 3405 446 Zephy-

101 469 281 524 attulit
313 486 327 523 :
386 468 462 522 De
493 468 789 538 corporibus
818 483 931 521 vero
964 463 1070 520 BB.
1105 464 1214 518 AA.
1265 463 1387 531 quid
1417 480 1508 536 ego
1538 463 1705 518 dictu-

104 581 193 618 rus
236 579 373 629 sum,
426 562 549 615 dum
598 569 793 614 constat
835 561 977 630 quia,
1031 575 1089 612 eo
1146 568 1369 625 tempore
1417 574 1516 627 quo
1565 556 1707 628 passi

103 665 249 722 sunt,
300 672 366 709 ea:
409 655 618 710 Oriente
648 651 853 707 Fideles
878 660 1147 717 venerunt,
1176 652 1261 721 qui
1287 667 1462 705 eorum
1488 666 1706 720 corpora

103 754 234 807 sicut
277 750 467 803 civium
510 765 717 803 suorum
744 755 1056 817 repeterent,
1117 762 1230 817 qua:
1261 746 1417 799 ducta
1460 761 1618 815 usque
1638 745 1706 797 ad

103 845 386 901 secundant
436 844 499 897 ab
538 843 661 897 urbe
687 843 987 896 milliarium
1032 843 1083 895 in
1132 840 1265 905 loco,
1298 843 1383 911 qui
1422 840 1609 896 dicitur
1639 841 1707 895 ad

104 936 773 1003 Catacumbas,collocata
822 943 939 989 sunt
961 951 977 987 :
1007 934 1129 986 dum
1179 934 1365 987 exinde
1392 920 1710 987 levaremu-

101 1030 179 1084 nis
223 1045 398 1083 eorum
433 1028 706 1082 multitudo
748 1027 1047 1080 conveniens
1078 1026 1357 1091 niteretur,
1401 1024 1474 1078 ita
1521 1042 1610 1079 eos
1635 1024 1711 1079 vis

103 1122 311 1177 tonitrui
394 1130 546 1191 alque
606 1120 828 1193 fulguris
890 1119 1048 1172 nimio
1114 1128 1248 1171 metu
1312 1118 1491 1171 terruit
1560 1126 1711 1187 atque

102 1215 372 1287 dispersit,
428 1224 485 1267 ut
536 1214 644 1267 alia
689 1212 857 1267 denuo
906 1211 1197 1266 nullatenus
1246 1220 1499 1266 attentare
1575 1228 1709 1283 prte-

107 1318 363 1363 sumerent
403 1307 505 1379 (α).
543 1305 709 1361 Addit
750 1321 903 1361 sacra
956 1306 1070 1359 hazc
1115 1305 1337 1375 pignora
1390 1321 1418 1359 a
1452 1304 1709 1360 Romanis

102 1401 296 1456 deinde
327 1400 525 1465 levata,
577 1414 641 1455 ac
692 1398 960 1468 prioribus
990 1399 1040 1452 iu
1093 1397 1229 1452 locis
1274 1398 1577 1460 recondita,
1612 1397 1709 1453 sed

107 1510 205 1550 nec
256 1505 470 1564 tempus
511 1493 797 1565 exprimit,
833 1510 933 1548 nec
986 1509 1092 1564 quo
1122 1502 1346 1548 auctore
1380 1493 1429 1548 id
1483 1492 1707 1547 factum.

110 1589 221 1643 lloc
267 1588 677 1658 ipsumjtaque,
712 1586 855 1657 quod
886 1585 1180 1656 Gregorius
1228 1594 1415 1656 aperte
1453 1586 1708 1656 explicat,

113 1682 369 1737 Damasus
423 1679 563 1735 haud
616 1678 847 1736 obscure
893 1678 1127 1746 indicat,
1160 1693 1283 1733 cum
1330 1678 1402 1732 ait
1427 1696 1453 1731 :-

204 1792 477 1857 Diselpulos
500 1791 681 1843 Oriens
704 1793 855 1851 misit,
882 1791 1011 1857 quod
1034 1802 1209 1857 sponte
1228 1791 1459 1857 fatemur,

211 1856 358 1908 Roma
377 1871 490 1908 suos
509 1857 670 1919 potius
693 1859 875 1906 meruit
896 1856 1174 1905 defendere
1194 1856 1346 1904 cives.

194 1965 276 2020 Me
302 1979 404 2019 non
433 1965 582 2027 latet,
615 1963 979 2017 narrationem
1030 1961 1167 2015 hanc
1199 1969 1443 2030 prostare
1474 1958 1708 2015 etiamin

123 2062 266 2116 Actis
291 2059 449 2125 Petri,
481 2074 506 2109 a
532 2057 850 2112 Florentino
891 2054 1132 2109 Marcelli
1162 2053 1441 2123 cujusdam
1469 2062 1709 2121 nomine,

117 2168 176 2206 ac
201 2150 396 2206 deinde
423 2169 449 2202 a
494 2150 746 2205 Fabricio
796 2150 937 2203 inter
967 2147 1276 2220 apocrypha
1328 2146 1466 2203 Novi
1522 2145 1713 2203 Testa-

117 2245 284 2300 meuti
331 2246 531 2313 scripta
563 2243 744 2310 editis,
775 2246 829 2297 in
852 2243 1045 2313 quibus
1067 2255 1325 2312 prieterea
1349 2243 1599 2312 adjicitur
1628 2258 1715 2297 sa-

113 2353 200 2393 cra
243 2353 476 2408 corpora
530 2336 901 2392 novemdecim
945 2337 1210 2390 mensium
1268 2335 1442 2405 spatio
1475 2335 1526 2389 in
1557 2335 1717 2391 Cata-

113 2435 323 2489 eumbis
352 2433 612 2504 jacuisse,
646 2431 789 2500 quod
842 2430 1135 2501 Gregorius
1162 2430 1389 2500 Magnus
1414 2430 1580 2484 siluit.
1607 2429 1715 2486 Sed

113 2544 211 2598 ego
241 2528 314 2580 ob
370 2541 490 2581 eam
551 2526 862 2594 impostoris
917 2525 1195 2577 audaciam
1231 2540 1335 2578 non
1386 2523 1630 2588 inducar,
1660 2530 1721 2577 ut

115 2627 362 2690 apertum
398 2619 502 2673 hoc
550 2624 605 2672 et
644 2617 1076 2687 antiquissimum
1119 2631 1179 2671 ea
1209 2614 1277 2670 de
1307 2631 1365 2669 re
1400 2615 1612 2670 Damasi
1642 2623 1721 2668 te-

113 2714 431 2768 stimonium
462 2711 603 2765 inter
634 2710 870 2765 incertas
919 2709 1263 2771 traditiones,
1296 2709 1410 2763 sive
1460 2718 1516 2761 ut
1558 2706 1722 2761 Pear-

114 2822 248 2862 souo
305 2804 534 2875 placuit,
584 2804 725 2857 inter
775 2802 999 2856 fabellas
1056 2802 1318 2870 rejiciam.
1367 2800 1547 2854 Primo
1578 2799 1722 2853 enim

115 2899 396 2965 existimo,
425 2912 545 2967 quas
577 2893 1096 2966 pseudo-Marcellus
1145 2896 1214 2950 de
1244 2896 1413 2950 sacris
1456 2893 1571 2949 AA.
1602 2894 1741 2948 cor?

116 2994 343 3066 poribus
403 2991 504 3047 sub
552 2990 808 3044 Actorum
859 2989 1019 3043 finem
1061 2998 1265 3051 narrat,
1318 3003 1554 3057 pannum
1603 3000 1725 3041 esse

116 3089 399 3144 recentius
430 3088 495 3141 iis
522 3094 764 3140 assntum
796 3098 812 3139 :
852 3085 1117 3155 siquidem
1143 3082 1600 3151 pseudo-Abdias,
1628 3082 1727 3135 fal-

1809 463 2008 526 rintmi,
2036 460 2348 526 Eusebium,
2380 460 2802 533 Eutycbianum,
2827 463 3164 537 Dionysium.
3189 464 3409 520 Pontia-

1810 571 1957 621 num,
1988 570 2050 608 ac
2082 554 2303 608 Lucium
2331 553 2498 617 addit,
2528 571 2758 626 quorum
2810 556 2901 611 alii
2943 557 3202 629 martyrio
3250 574 3407 614 coro-

1810 650 1919 704 nati
1956 647 2189 713 fuerant,
2220 647 2314 702 alii
2356 648 2409 701 in
2451 665 2575 720 pace
2620 650 2899 716 obierant,
2955 666 3017 706 ac
3069 669 3306 725 proceres
3357 660 3405 706 et

1810 744 2099 796 sacerdotes
2142 739 2339 794 summi
2388 741 2629 803 inierant,
2665 751 2829 814 atque
2885 743 3005 799 ideo
3044 759 3153 816 pra:
3196 746 3408 803 caneris

1812 835 2028 890 indicati
2060 851 2126 890 eo
2158 835 2279 889 loco
2305 834 2472 888 videri
2526 844 2771 905 possunt.

1884 928 1969 986 1V.
1996 931 2126 1000 Qure
2152 929 2216 983 ad
2251 930 2523 983 Romanos
2552 931 2837 1000 pontifices
2862 934 3101 988 Carmina
3129 935 3364 991 attinent
3389 976 3405 1004 ,

1812 1034 2042 1096 qu:ituor
2067 1034 2210 1085 sunt,
2238 1023 2410 1091 iisque
2433 1023 2770 1092 Stephanus,
2800 1025 3108 1094 Marcellus,
3139 1026 3408 1082 Eusebius

1812 1126 1868 1174 et
1934 1119 2144 1173 Marcus
2192 1116 2496 1172 laudantur.
2537 1116 2668 1185 Qua:
2719 1117 2787 1173 de
2836 1120 3090 1175 Marcello
3138 1129 3194 1176 et
3230 1120 3411 1176 Marco

1812 1218 2001 1282 agunt,
2034 1209 2301 1264 Baronius
2359 1224 2421 1263 ac
2474 1209 2797 1265 Sarazanius
2846 1210 2956 1281 jam
3010 1212 3399 1282 produxerant:

1814 1303 2168 1376 quamobrem
2200 1302 2306 1357 alia
2346 1302 2453 1357 duo
2482 1319 2624 1360 nunc
2652 1304 2884 1374 primum
2914 1305 3015 1359 sub
3036 1306 3277 1375 ejusdem
3313 1308 3414 1360 lia-

1816 1398 1948 1451 masi
1997 1398 2214 1452 nomine
2243 1438 2259 1464 ,
2303 1404 2465 1467 atque
2520 1397 2657 1453 inter
2714 1396 2832 1467 ejus
2879 1398 3079 1468 scripta
3123 1400 3414 1469 prodeunt.

1815 1487 1975 1545 Certe
2024 1492 2354 1561 epigramma
2406 1491 2661 1560 primum,
2710 1492 2838 1561 quin
2896 1491 3047 1546 illum
3103 1493 3415 1564 pontificem

1817 1590 2095 1637 auctorem
2124 1582 2341 1647 habeat,
2374 1584 2461 1638 vix
2500 1599 2585 1637 me
2614 1583 2863 1639 dubitare
2915 1585 3045 1639 sinit
3075 1594 3186 1640 tum
3219 1589 3412 1658 Stylus,

1816 1685 1927 1730 tum
1964 1675 2110 1745 prior
2150 1675 2239 1731 ille
2267 1677 2589 1742 versiculus,
2618 1679 2707 1748 qui
2744 1677 2977 1733 Damaso
3019 1693 3166 1745 saepe
3192 1680 3417 1750 placuit,

1741 1773 1791 1835 B
1817 1780 1978 1840 atque
2022 1770 2141 1825 aliis
2169 1771 2221 1824 in
2254 1770 2386 1826 locis
2417 1772 2631 1842 legitur.
2692 1772 2770 1826 Eo
2799 1788 2927 1829 vero
2956 1774 3294 1843 Stephanum
3329 1791 3423 1846 pa-

1818 1880 1938 1934 pam
1972 1879 2035 1919 ac
2067 1874 2359 1937 martyrem
2410 1864 2685 1935 designari
2715 1865 2872 1922 facile
2902 1868 3297 1937 deprehendet,
3330 1872 3424 1940 qui

1816 1973 1939 2013 cum
1972 1958 2116 2012 Actis
2143 1957 2388 2014 conferat
2417 1975 2447 2014 a
2479 1959 2714 2019 Baronio
2761 1959 3039 2028 productis
3083 1960 3180 2030 (c).
3215 1960 3315 2017 Hic
3340 1963 3417 2016 si-

1817 2051 2035 2121 quidem
2082 2068 2205 2106 cutn
2248 2052 2576 2108 christianos
2604 2054 2655 2107 in
2689 2055 3007 2116 ccemeterio
3048 2054 3263 2111 Callisti
3292 2072 3424 2113 cou-

1822 2156 2076 2216 gregams
2106 2145 2171 2199 ad
2199 2147 2515 2216 martyrium
2546 2147 2756 2202 fortiter
2788 2149 3126 2204 tolerandum
3173 2153 3426 2207 cohorta-

1820 2248 1991 2305 retur,
2012 2254 2039 2292 a
2065 2238 2325 2294 militibus
2340 2255 2405 2294 eo
2424 2241 2679 2296 immissis
2699 2242 2753 2295 in
2766 2259 2862 2297 sua
2880 2245 2999 2299 sede
3021 2245 3307 2302 decollatus
3323 2259 3428 2315 est,

1822 2340 1984 2403 atque
2039 2332 2229 2388 eodem
2288 2333 2409 2387 loco
2440 2335 2684 2405 sepultus
2731 2351 2760 2389 a
2793 2336 2930 2402 suis,
2954 2337 3140 2394 illaesis
3183 2349 3310 2396 tunc
3345 2340 3433 2397 di-

1824 2427 2024 2487 missis.
2057 2436 2217 2496 atque
2267 2429 2556 2485 orbitatem
2607 2429 2941 2499 dolentibus,
2990 2448 3054 2488 ex
3080 2450 3189 2503 quo
3230 2433 3429 2504 conjici

1824 2529 2025 2591 pmest,
2082 2519 2414 2589 Stephanum
2468 2522 2568 2576 sub
2618 2521 2908 2578 Valeriano
2961 2540 3199 2594 passum,
3233 2524 3329 2597 qui
3376 2526 3430 2580 in

1827 2613 2114 2682 episcopos,
2139 2614 2461 2683 presbyteros
2501 2624 2546 2669 et
2578 2614 2821 2670 diaconos
2864 2617 3225 2687 potissimum,
3250 2618 3434 2689 gladio

1827 2704 2201 2759 incontinenter
2248 2704 2604 2763 animadverti
2644 2707 2881 2778 jusset'at
3090 2711 3220 2767 Eam
3255 2713 3435 2781 itaque

1828 2796 2000 2851 sedem
2040 2798 2302 2867 sanguine
2329 2815 2661 2869 respersam,
2686 2802 2876 2857 eodem
2911 2804 2963 2857 in
2996 2808 3311 2862 emineterio
3340 2806 3437 2863 diu

1832 2900 2123 2958 servatam,
2173 2892 2389 2947 ineunte
2438 2893 2540 2947 hoc
2589 2897 2792 2951 saeculo
2838 2896 2905 2950 ab
2947 2896 3263 2955 Innocentio
3315 2899 3434 2969 XII,

1832 2982 2050 3039 Cosimo
2070 2984 2167 3043 Ill.
2200 3000 2394 3055 magno
2427 2986 2659 3042 Etrurize
2707 2990 2831 3045 duci
2860 2989 3004 3046 dono
3024 2992 3228 3057 datam,
3260 3008 3322 3048 ac
3347 2994 3436 3049 Pi-

1836 3092 1924 3132 sas
1950 3079 2288 3140 trauslatam,
2322 3079 2751 3153 collocatamque
2783 3082 2833 3138 in
2871 3084 3102 3139 ecclesia
3142 3084 3432 3141 clarissimi

117 3182 293 3238 sarius
318 3182 483 3247 alter,
510 3194 834 3250 quamquam
865 3178 1087 3233 Petrum
1118 3194 1145 3232 a
1180 3175 1429 3232 Marcello
1457 3177 1728 3247 discipulo
1757 3173 1803 3237 C
1836 3170 2088 3241 Equitum
2120 3170 2337 3226 Ordinis
2366 3172 2467 3227 snb
2492 3172 2609 3244 ejus
2637 3190 2788 3246 papa:
2830 3187 2884 3230 et
2906 3177 3160 3248 martyris
3188 3179 3435 3246 nomine,

118 3292 147 3331 e
173 3291 338 3331 cruce
366 3275 705 3344 depositum,
735 3289 797 3327 ac
838 3274 889 3327 in
921 3273 1178 3327 Vaticano
1202 3272 1470 3343 sepultum
1500 3272 1723 3339 scribat,

122 3368 221 3423 hac
238 3378 427 3423 tamen
455 3366 523 3421 de
562 3382 622 3421 re
654 3381 720 3421 ne
752 3366 971 3420 verbum
998 3365 1215 3435 quidem
1247 3364 1408 3420 habet
1439 3384 1449 3419 :
1481 3364 1731 3435 suspicor

120 3470 300 3514 autem
376 3458 806 3513 additamentum
866 3458 967 3511 hoc
1010 3466 1283 3527 smnptum
1352 3471 1420 3511 ex
1479 3456 1726 3524 historia,

123 3569 281 3624 quam
307 3553 514 3608 Carolo
562 3552 753 3623 Magno
794 3561 1053 3623 regnante
1087 3554 1135 3605 in
1163 3551 1454 3607 Gallicanis
1484 3553 1732 3607 ecclesiis

127 3648 479 3703 Mabillouius
530 3649 722 3702 lectam
770 3648 961 3717 probat
1020 3645 1133 3717 (b)
1166 3688 1181 3712 ,
1237 3657 1397 3717 atque
1446 3648 1580 3700 actis
1627 3645 1733 3702 illis

125 3743 326 3799 deinde
356 3744 644 3807 insertam;
676 3751 836 3812 atque
864 3743 985 3809 hoc,
1021 3754 1073 3796 ut
1103 3743 1342 3811 egojnre
1361 3743 1625 3812 suspicer,
1658 3740 1735 3795 fa-

126 3841 200 3893 cit
224 3840 373 3896 idem
406 3840 693 3909 utrobique
715 3853 1031 3908 expressum
1063 3839 1295 3908 spatium
1328 3837 1735 3908 temporis,an

129 3932 244 3989 AA.
266 3947 503 4003 corpora
532 3930 582 3985 in
615 3928 936 3985 Catacumbis
960 3932 1195 4000 jacuisse
1216 3931 1490 3989 dicuntur,
1510 3946 1733 3985 novem-

129 4026 304 4082 deciin
358 4025 570 4080 scilicet
616 4025 883 4079 mensium
922 4041 933 4076 :
965 4024 1160 4078 deinde
1193 4022 1734 4093 pseudo-Marcellum

131 4119 306 4185 illum,
340 4128 435 4172 aut
485 4118 735 4182 Damaso,
766 4129 857 4170 aut
895 4117 1158 4187 Gregorio
1189 4117 1378 4187 Magno
1402 4130 1561 4169 nemo
1600 4115 1739 4169 auti-

132 4213 383 4281 quiorem
416 4210 636 4275 dixerit,
666 4219 723 4264 ut
752 4210 851 4264 viri
886 4208 962 4263 illi
988 4210 1291 4279 gravissimi
1314 4226 1407 4262 sua
1432 4226 1496 4263 ex
1525 4210 1737 4278 impuro

136 4302 239 4358 hoc
270 4302 424 4359 fonte
453 4302 699 4357 hausisse
748 4302 917 4356 videri
963 4301 1204 4369 possint:
1240 4300 1368 4370 quin
1401 4300 1576 4370 potius
1600 4300 1649 4353 in
1674 4315 1740 4355 eo

136 4398 400 4467 figmento
441 4404 642 4451 tantam
694 4394 873 4465 prodit
926 4394 1187 4464 impostor
1236 4394 1322 4448 ille
1371 4392 1737 4447 Romanarum

138 4507 323 4547 rerum
358 4490 650 4557 inscitiam,
681 4499 881 4545 tantam
908 4500 1169 4555 praeterea
1193 4487 1317 4559 styli
1341 4488 1741 4550 craSsitietn,ut

140 4584 345 4638 nedum
381 4584 594 4638 Damasi
648 4585 982 4653 aliorumque
1012 4582 1130 4651 ejus
1153 4581 1336 4635 smcnli
1359 4581 1575 4635 Patrum
1616 4589 1744 4633 mta-
1771 4571 1823 4632 D

142 4687 250 4732 tem
282 4691 524 4747 aequare,
559 4676 655 4731 sed
713 4691 780 4731 ne
827 4676 1076 4751 sequiora
1128 4673 1346 4744 quidem
1379 4685 1618 4741 tempora
1652 4688 1746 4727 ex-

142 4772 343 4826 cedere
373 4770 658 4836 videatur;
694 4770 837 4825 unde
882 4770 961 4837 fit,
989 4780 1044 4823 ut
1068 4769 1160 4824 ille
1193 4784 1257 4823 ex
1284 4768 1521 4838 probatis
1546 4769 1744 4837 potius,

142 4866 596 4933 cuuiirmatisque
652 4864 1028 4919 traditionibus
1054 4864 1165 4919 veri
1196 4862 1399 4933 aliquid
1452 4863 1743 4931 acceperit,

145 4976 254 5031 quo
282 4976 413 5017 suas
441 4962 765 5016 incrustaret
796 4959 1023 5015 fabulas.
1052 4958 1158 5015 Sed
1198 4959 1265 5014 de
1298 4958 1379 5012 his
1406 4958 1558 5013 satis.
1589 4957 1746 5028 Ejus-

148 5053 270 5108 dem
302 5055 613 5110 Praetextati
661 5053 960 5109 cmmeterii
990 5052 1254 5108 vestibulo
1285 5053 1599 5121 inscriptum
1634 5052 1748 5107 fuco

149 5155 235 5201 rat
255 5161 481 5201 carmen
511 5146 654 5200 aliud
683 5146 749 5201 de
776 5146 1025 5218 Sepulcro
1066 5162 1161 5199 suo
1189 5144 1414 5210 dictum,
1443 5143 1585 5214 quod
1634 5144 1758 5198 huic

148 5252 448 5308 propterea
492 5239 868 5307 conjunximus
917 5253 932 5290 :
980 5253 1117 5307 quos
1166 5248 1346 5293 autem
1399 5252 1465 5291 eo
1514 5236 1755 5292 carmine

154 5342 356 5401 praeter
374 5330 584 5385 Sixtum
614 5330 834 5401 ejusque
870 5332 1049 5386 socios
1078 5331 1338 5385 Damasus
1360 5331 1647 5397 exprimat,
1679 5331 1760 5384 in-

156 5435 373 5480 certum
405 5434 507 5477 est.
535 5424 889 5479 Cinsildensis
917 5427 1215 5479 monachus
1246 5441 1272 5477 a
1302 5424 1617 5478 Mabillonio
1644 5425 1758 5479 edi-

162 5524 268 5581 tus,
297 5518 387 5571 tibi
440 5516 671 5584 Sixtum,
704 5518 775 5572 ibi
808 5516 1127 5582 Fabianum,
1181 5517 1442 5571 Autcrum
1469 5526 1525 5571 et
1566 5516 1764 5574 Miltia-

259 5654 312 5739 ᾳ)
362 5657 693 5739 ριιθςλιςξιη.
725 5659 809 5739 il,
845 5675 963 5739 reg.
1004 5656 1061 5721 ι,
1108 5672 1197 5725 ep.
1237 5658 1329 5739 ἕο,
1371 5657 1510 5729 juxt.
1561 5656 1667 5713 BD.

240 5727 315 5797 (b)
350 5728 505 5792 Apud
536 5728 747 5784 Tillem.
777 5732 846 5787 de
876 5730 1044 5791 Pctr.,
1101 5739 1204 5783 art.
1237 5731 1292 5785 ὅ.

240 5797 313 5869 (c)
343 5797 474 5851 Vid.
511 5798 691 5854 Notas.

1834 3265 2092 3323 describit
2114 3266 2380 3321 Damasus
2402 3282 2523 3322 cum
2563 3268 2639 3322 ait
2672 3286 2685 3323 :

1929 3378 2021 3429 Hic
2047 3380 2234 3443 positus
2254 3389 2421 3430 rector
2442 3380 2660 3431 cmlestia
2680 3383 2813 3446 jussit
2834 3384 3091 3438 docebam.

1837 3483 2139 3554 Siquidem,
2196 3493 2253 3540 ut
2284 3486 2615 3555 Augustinus
2665 3487 2759 3553 ait,
2790 3490 2969 3543 sedens
3012 3490 3265 3547 Dominus
3295 3493 3441 3548 docet

1835 3576 1973 3646 quod
2005 3578 2225 3647 pertinet
2251 3577 2318 3631 ad
2343 3579 2627 3650 magisterii
2653 3581 2950 3651 dignitatem
2976 3581 3048 3655 (ε)
3080 3600 3092 3637 :
3127 3595 3289 3657 atque
3313 3585 3439 3641 hinc

1836 3670 2065 3741 colligas
2087 3672 2343 3727 Actorum
2380 3674 2595 3729 illorum
2627 3676 2808 3735 tidem.
2838 3679 2981 3747 quod
3011 3680 3200 3734 saltem
3252 3682 3318 3736 ad
3346 3700 3442 3754 ge-

1838 3779 1941 3821 nus
1989 3765 2232 3836 martyrii
2282 3767 2511 3833 attinet,
2542 3784 2569 3820 a
2624 3769 2827 3823 criticis
2870 3771 3445 3840 iutemperantioribus

1839 3864 2045 3913 temere
2088 3872 2154 3911 ac.
2205 3860 2402 3914 frustra
2432 3859 2794 3915 sollicitatam.
2844 3862 2900 3917 In
2951 3864 3142 3919 eodem
3197 3865 3445 3923 Palatino

1839 3948 2026 4004 codice
2078 3950 2274 4019 legitur
2303 3954 2633 4022 epigramma
2677 3954 2744 4010 de
2786 3954 3037 4012 Nemesio
3081 3965 3340 4029 martyre.
3378 3960 3448 4016 de

1840 4060 1946 4113 quo
1974 4044 2025 4098 in
2057 4045 2262 4101 eisdem
2279 4047 2426 4101 Actis
2448 4062 2649 4102 sermo.
2675 4050 2755 4102 An
2779 4064 2909 4103 vero
2943 4050 3227 4105 Damasum
3258 4061 3447 4109 aucto-

1840 4156 1954 4197 rem
1982 4141 2198 4205 habeat,
2230 4156 2331 4211 ego
2372 4159 2475 4196 non
2507 4157 2692 4197 assero
2726 4160 2737 4195 :
2776 4143 2906 4196 illud
2936 4151 3113 4198 tamen
3145 4147 3337 4201 iterum
3369 4147 3449 4203 af-

1840 4235 1977 4297 fero,
2012 4243 2121 4288 ttun
2172 4241 2231 4288 ut
2259 4248 2447 4288 eorum
2506 4233 2764 4288 Actorum
2816 4236 2951 4291 ﬁdes
2990 4239 3161 4307 magis
3210 4247 3443 4309 constet,

1841 4333 1955 4381 tum
1992 4337 2275 4395 prmterea,
2309 4336 2365 4380 ut
2409 4326 2613 4386 videas.
2645 4339 2903 4396 quantam
2942 4330 2994 4383 in
3038 4331 3103 4385 iis
3124 4330 3448 4390 describen-

1841 4419 1927 4474 dis
1953 4420 2359 4489 epigrammatis
2391 4421 2656 4476 incuriam
2683 4423 2946 4479 collector
2974 4427 3214 4484 attulerit
3250 4447 3262 4483 :

1943 4533 2167 4604 Martyris
2190 4534 2269 4583 hic
2284 4532 2489 4604 Nemesi
2509 4537 2655 4604 sedes
2678 4551 2764 4604 per
2783 4539 2959 4590 saecula
2982 4541 3143 4604 ﬂoret,

2005 4599 2171 4647 Serior
2194 4605 2389 4660 ornatu,
2416 4599 2622 4649 nobilior
2644 4603 2839 4653 merito.

1942 4658 2280 4733 Incultamque
2306 4658 2495 4733 pridem
2518 4662 2755 4733 dubitatio
2777 4663 2920 4733 longa
2945 4668 3166 4733 reliquit,

2006 4724 2104 4788 Sed
2132 4726 2289 4773 terruit
2312 4727 2484 4788 virtus,
2505 4728 2816 4788 as’Seruitque
2843 4724 3003 4778 fidem.

2006 4742 2104 4771 neu
2132 4742 2289 4773 mutu.
2312 4742 2484 4788 vrrius,
2505 4742 2711 4776 asseruit
2753 4742 2816 4777 ne
2843 4742 3003 4778 unum.

1941 4786 2102 4852 Edere
2128 4800 2276 4849 quem
2301 4789 2468 4838 rabies
2488 4742 2849 4851 neglectoﬁnre
2871 4794 3112 4852 sepulcri,

2005 4850 2294 4899 Sanctorum
2320 4852 2545 4911 tumulos,
2572 4854 2737 4917 praeda
2757 4850 2965 4906 furentis
2990 4850 3116 4908 erat.

1850 4954 2115 5011 Postremi
2147 4957 2290 5011 enim
2316 4958 2368 5011 hi
2399 4958 2507 5014 duo
2538 4962 2796 5023 versiculi
2824 4963 3075 5033 leguntur
3111 4967 3275 5021 etiam
3302 4966 3355 5022 in
3385 4984 3451 5026 eo

1852 5053 2094 5105 carmine
2121 5066 2227 5119 quo
2253 5049 2627 5123 Chrysanthus
2657 5065 2710 5110 et
2741 5055 2900 5111 Daria
2932 5057 3235 5113 laudantur.

1932 5143 1995 5198 V.
2024 5144 2099 5199 Ex
2126 5144 2363 5199 Marcelli
2419 5160 2569 5213 papa:
2598 5153 2653 5201 et
2690 5149 2943 5219 martyris
2983 5150 3336 5219 inscriptione
3376 5153 3459 5209 di-

1858 5237 2083 5303 scimus,
2113 5247 2347 5308 coeptam
2394 5239 2497 5292 sub
2525 5238 2782 5295 Cornelio
2811 5242 2879 5297 de
2925 5242 3090 5311 lapsis
3131 5247 3458 5312 recipiendis

1860 5333 2312 5394 controversiam,
2350 5330 2475 5387 licet
2501 5333 2802 5387 eonfeCIam
2838 5344 2965 5389 tunc
3002 5348 3053 5388 et
3085 5337 3362 5392 definitam
3388 5343 3459 5398 ob

1860 5440 2071 5483 eorum,
2097 5426 2185 5494 qui
2215 5424 2411 5479 deinde
2442 5425 2768 5489 ceciderant,
2795 5429 3123 5497 proterviam
3150 5432 3343 5487 iterum
3368 5452 3463 5491 ex-

1863 5518 2082 5573 citatam
2103 5519 2205 5572 sub
2227 5532 2293 5572 eo
2313 5517 2570 5587 pontifice
2593 5533 2610 5583 ;
2642 5526 2800 5587 atque
2826 5533 2893 5573 ex
2922 5524 3167 5590 sequenti
3191 5529 3459 5597 carmine,

1946 5655 2025 5725 (d)
2048 5656 2304 5728 Cyprian.
2340 5670 2427 5725 ep.
2463 5671 2529 5709 Lit
2543 5670 2676 5728 xxii.

1945 5728 2013 5799 (ε)
2044 5725 2161 5782 Lib.
2209 5746 2255 5800 ιε
2292 5728 2361 5783 de
2408 5741 2569 5780 scrin.
2614 5725 2761 5778 Dum.
2818 5728 2869 5782 in
2916 5731 3080 5787 Mont.
3110 5735 3228 5793 Vid.
3266 5740 3468 5800 Bouar.

1880 5797 2052 5864 νειμ,
2085 5799 2288 5868 p.102.
