3950 6330
441 307 544 364 an
1643 291 1961 351 sanerus
1998 289 2321 349 DAMASUS
2359 291 2559 348 pars.
3626 299 3719 354 g7,

445 429 514 487 ad
543 425 764 485 Eusebii
793 423 954 480 etiam
981 418 1313 477 successoris
1363 425 1578 474 :ctatem
1606 423 1936 488 protractam
1968 420 2052 468 at-
2083 416 2128 476 Α
2158 411 2302 480 dius,
2332 411 2609 469 Urbanam
2659 410 3038 483 praefecturam
3093 409 3498 470 administrasse
3519 415 3722 487 legimus

447 545 552 602 que
582 525 894 597 ampliatam
919 539 934 588 ;
958 520 1224 590 siquidem
1273 528 1500 590 uterque
1528 532 1557 571 a
1608 524 1839 589 tyranno
1862 513 1915 568 in
1959 529 2052 567 cx—
2155 505 2257 560 sub
2285 505 2557 560 Maxentio
2578 519 2723 559 anno
2749 503 2988 561 διο-5η
3019 502 3121 576 (ιι).
3145 519 3209 560 ac
3241 505 3370 560 nihil
3401 506 3588 574 obstat,
3610 525 3725 580 quo-

447 598 630 678 έῑιῑιιηι
685 619 873 690 pulsus
901 627 1006 684 est,
1040 615 1113 670 ob
1157 613 1515 683 apostolicam
1569 611 1624 666 in
1655 607 1917 663 servanda
1950 607 2052 662 Ec-
2156 603 2333 656 minus
2362 600 2450 655 ille
2477 599 2570 665 sit,
2599 599 2752 672 cujus
2793 599 2845 654 in
2875 614 2940 653 eo
2971 598 3213 654 carmine
3261 600 3462 655 mentio
3489 611 3587 668 est,
3616 601 3724 674 qui-

449 716 630 773 clesize
680 709 962 780 disciplina
1021 709 1403 763 constantiam.
1462 703 1817 772 lntelligitntts
1864 701 2050 766 etiam,
2158 713 2223 752 ve
2255 694 2561 750 innocentis
2591 703 2645 749 et
2690 693 3029 762 integerrimi
3090 691 3359 763 pontiﬁcis
3405 709 3555 766 ptena
3578 706 3628 753 et
3649 713 3729 752 ex-

449 825 548 867 cm-
577 807 719 863 idem
772 803 1062 860 Marcellus
1088 801 1288 857 Τίραιοε
1327 801 1399 856 25
1425 801 1478 853 in
1519 797 1644 852 urbe
1690 805 1899 866 promer
1925 793 2055 865 bap-
2158 789 2284 844 silio
2328 788 2646 859 gliscentem
2701 790 2753 842 in
2804 786 2950 844 Urbe
2991 786 3227 842 furorem
3283 803 3346 842 ac
3389 790 3728 859 gravissimam

453 902 680 962 timum,
711 907 759 952 et
788 897 1137 956 nmuitentiam
1167 894 1450 948 multorum
1491 890 1818 946 constituisse
1847 887 2058 941 dicatur
2167 881 2492 938 seditionem
2544 881 2814 952 compesci
2851 895 3006 950 posse
3036 880 3450 936 existimaverit.
3491 884 3732 954 Quidquid

451 995 520 1051 ab
545 993 849 1052 Anastasio.
890 1000 944 1046 et
977 1006 1074 1044 cur
1129 999 1393 1058 praeterea
1445 994 1612 1040 tentus
1665 993 1715 1039 et
1769 989 2058 1037 coarctatus
2164 986 2342 1032 autem
2384 977 2484 1040 sit,
2516 975 2583 1031 ad
2613 975 2727 1031 lta-c
2759 975 3104 1047 potissimum
3145 975 3348 1031 adverti
3380 976 3556 1044 velim,
3585 978 3733 1047 primo

451 1087 628 1159 fuerit,
658 1101 718 1140 eo
744 1085 882 1151 quod
927 1082 1192 1137 ordinaret
1240 1080 1526 1136 Ecclesium
1559 1097 1578 1134 :
1604 1078 1745 1134 enim
1769 1093 1901 1132 vero
1941 1074 2062 1130 hinc
2101 1063 2110 1072 ’
2162 1087 2386 1142 magnas
2413 1086 2443 1126 a
2475 1071 2750 1141 lapsorum
2797 1071 3137 1126 contumacia
3181 1071 3442 1127 excitatas
3473 1083 3592 1129 tunc
3615 1083 3732 1130 tem-

451 1179 631 1234 omnia
664 1177 956 1247 collapsam
981 1173 1408 1246 prtecedentium
1439 1173 1872 1244 persecutionum
1897 1182 2059 1224 causa
2161 1166 2314 1239 poris
2345 1167 2398 1221 in
2423 1165 2666 1221 Ecclesia
2701 1166 2910 1234 turbas,
2942 1165 3086 1236 quod
3107 1166 3270 1222 etiam
3297 1166 3464 1238 liquet
3482 1182 3546 1223 ex
3565 1167 3730 1224 Arela-

449 1271 787 1346 pmnitentiae
840 1269 1182 1339 disciplinam
1234 1268 1302 1322 ab
1346 1283 1412 1324 eo
1474 1264 1782 1323 restitutam
1835 1262 2062 1319 demon-
2165 1261 2334 1317 tensis
2379 1260 2598 1316 concilii
2635 1275 2761 1316 can.
2791 1261 2858 1326 5,
2889 1276 2998 1331 quo
3051 1262 3292 1331 repressi
3341 1272 3486 1318 sunt.
3515 1263 3736 1322 Secundo

452 1375 650 1422 strant.
678 1362 786 1420 Cur
818 1378 946 1418 vero
971 1362 1232 1416 Damasus
1255 1363 1448 1417 eodem
1471 1358 1712 1414 carmine
1741 1354 2060 1428 martyrium
2167 1357 2458 1413 Eusebium
2484 1356 2634 1411 illum
2681 1371 2709 1409 a
2737 1355 2967 1412 Damaso
3015 1367 3264 1413 rectorem
3307 1356 3433 1420 dici,
3465 1374 3566 1428 quo
3591 1360 3734 1417 verbo

453 1459 636 1525 sileat,
661 1466 821 1528 atque
859 1472 1024 1512 unum
1056 1453 1294 1511 Marcelli
1353 1453 1610 1509 exsilium
1668 1451 1892 1517 referat,
1927 1448 2065 1504 hanc
2164 1451 2440 1508 Romanos
2463 1451 2752 1522 pontiﬁces
2773 1451 3059 1522 designare
3091 1451 3183 1507 ille
3228 1452 3386 1508 solet.
3417 1452 3594 1508 Tertio
3611 1453 3740 1510 deni-

453 1565 555 1623 ego
609 1565 829 1606 causam
869 1548 1038 1604 fuisse
1097 1556 1249 1616 puto,
1305 1546 1430 1618 quia
1482 1546 1693 1601 scilicet
1743 1542 2060 1609 Donatistm,
2141 1562 2292 1618 .que,
2323 1545 2465 1617 quod
2491 1546 2580 1602 hic
2621 1555 2810 1613 rector,
2839 1546 2910 1601 ob
2937 1562 3056 1601 eam
3089 1547 3286 1616 ipsam,
3309 1547 3379 1602 ob
3426 1563 3578 1618 quam
3623 1548 3740 1605 Mar-

453 1660 685 1718 quorum
710 1639 852 1696 haud
883 1642 1110 1710 exiguus
1139 1639 1325 1694 Romae
1356 1647 1474 1694 erat
1501 1651 1784 1702 numerus,
1821 1632 2064 1706 pontifici
2168 1640 2340 1696 celius
2390 1654 2630 1706 causam,
2688 1638 2874 1708 pulsus
2902 1647 3005 1705 est,
3049 1655 3113 1694 ac
3154 1640 3300 1710 quod
3351 1639 3467 1710 ejus
3507 1641 3735 1711 exemplo,

455 1742 584 1798 huic
609 1756 704 1809 per
748 1753 1019 1794 summum
1059 1735 1239 1792 scelus
1293 1733 1469 1790 dicam
1503 1733 1780 1788 traditoris
1825 1732 2065 1802 impege-
2168 1733 2293 1788 laeto
2322 1733 2504 1788 animo
2549 1731 2800 1788 exsilium
2831 1733 3060 1804 pertulit.
3089 1730 3240 1787 Cedo
3266 1732 3449 1804 itaque
3479 1734 3737 1792 Eusebium

452 1844 598 1900 rant,
627 1849 858 1904 quorum
893 1831 1158 1886 Damasus
1181 1828 1508 1884 calumniam
1551 1837 1609 1881 ut
1636 1826 1812 1897 palam
1838 1825 2064 1894 faceret,
2095 1817 2141 1878 Β
2170 1828 2424 1894 alterum,
2458 1828 2544 1882 cui
2587 1826 2706 1882 bare
2741 1827 2922 1881 omnia
2949 1826 3122 1898 aptari
3152 1811 3385 1898 possint,
3411 1837 3596 1897 praeter
3613 1844 3736 1904 eum,

453 1929 730 1988 excelsum
751 1927 869 1997 ejus
897 1924 1164 1992 adversus,
1183 1924 1456 1994 lapsorum
1485 1921 1765 1977 audaciam
1795 1921 2060 1984 animum,
2169 1921 2258 1991 qui
2289 1936 2414 1976 cum
2443 1933 2687 1976 summus
2715 1919 2979 1988 pontifex,
3008 1934 3072 1975 ac
3105 1919 3350 1975 Marcelli
3376 1920 3606 1989 ejusdem
3631 1936 3736 1977 suc-

454 2038 520 2080 ac
542 2023 831 2078 toleratum
873 2035 1064 2075 eorum
1087 2018 1220 2073 vitio
1242 2032 1434 2089 magna
1470 2015 1784 2072 fortitudine
1809 2014 2061 2070 exsilium
2167 2028 2354 2070 cessor
2403 2012 2590 2078 fuerit,
2619 2027 2812 2069 recens
2849 2013 2950 2070 sibi
2985 2014 3322 2086 propositum
3349 2015 3740 2087 exemplum-ba-

453 2126 849 2177 commemorat
873 2125 929 2172 et
951 2114 1156 2170 laudat.

2171 2105 2308 2172 buit,
2330 2106 2473 2176 quod
2500 2117 2841 2170 sequeretur.

527 2211 618 2268 Vl.
650 2210 820 2267 Venio
851 2223 993 2264 nunc
1020 2207 1087 2264 ad
1130 2205 1493 2262 Eusebianam
1542 2203 1900 2274 sepulcralem
1949 2203 2066 2274 epi-
2245 2200 2362 2258 Vll.
2394 2201 2556 2257 Marci
2585 2202 2840 2272 sepulcro
2887 2201 3211 2270 inscriptum
3243 2219 3458 2261 carmen
3489 2205 3738 2261 obscurum

455 2303 738 2378 grapben,
769 2317 930 2372 quam
987 2316 1052 2356 ex
1107 2299 1344 2369 antiquis
1391 2298 1834 2368 inscriptionibus
1900 2295 2068 2352 Baro-
2170 2295 2323 2360 facit,
2361 2305 2418 2350 ut
2441 2311 2541 2366 ego
2565 2304 2713 2365 puto.
2739 2295 3143 2367 transcriptoris
3171 2297 3525 2371 indiligentia,
3559 2298 3634 2354 bis
3659 2312 3738 2369 po-

457 2400 582 2454 nius
624 2394 920 2468 produxit,
953 2402 1008 2449 et
1058 2391 1125 2447 ad
1172 2390 1466 2448 Eusebium
1519 2391 1892 2463 presbyterum
1917 2399 2068 2445 retu—
2171 2389 2438 2446 tissimum
2465 2389 2751 2445 versiculis
2786 2407 2801 2445 :

403 2549 408 2554 ,
464 2492 529 2548 lit
551 2492 653 2565 (α).
682 2492 750 2546 At
800 2505 925 2545 cum
956 2503 1043 2553 ea,
1075 2503 1196 2559 quae
1228 2485 1294 2541 ad
1323 2487 1468 2541 hunc
1512 2485 1808 2542 Eusebium
1842 2499 1963 2556 pres

1701 2487 1808 2541 ium
1842 2485 2068 2557 presby-
2265 2502 2548 2567 Te_custos,
2577 2502 2754 2555 Christi
2775 2503 3033 2567 perfectus
3054 2506 3261 2567 amicus,

463 2593 642 2640 terum
667 2581 882 2648 attinet,
911 2578 1093 2636 omnia
1125 2593 1346 2645 prorsus
1367 2578 1577 2633 incerta
1605 2579 1736 2645 sint,
1761 2593 1826 2634 ac
1856 2577 2067 2648 magnis
2265 2566 2326 2617 Εἴ
2346 2565 2603 2631 Damasus.
2633 2566 2871 2618 ιυωυιιιιη
2895 2581 3007 2618 cum
3030 2569 3198 2620 reddit
3223 2565 3476 2620 honorem.

466 2675 710 2732 tenebris
732 2674 927 2729 obruta
951 2670 1058 2741 (ὁ),
1089 2686 1189 2742 ego
1213 2670 1450 2724 virorum
1481 2671 1928 2740 gravissimorum
1956 2670 2071 2726 Til-
2177 2673 2268 2743 qui
2296 2682 2385 2728 aut
2412 2672 2642 2740 nullam,
2674 2682 2767 2728 aut
2788 2673 2920 2728 satis
2949 2673 3264 2743 perplexam
3296 2672 3608 2730 sententiam
3633 2671 3739 2727 red-

464 2765 711 2824 lemontii
747 2806 762 2830 ,
789 2761 1096 2819 Coustantii
1119 2777 1182 2816 ac
1205 2761 1265 2817 P.
1293 2761 1412 2817 Orsi
1437 2761 1718 2832 apostolici
1750 2762 1932 2834 palatii
1957 2779 2071 2816 ma-
2173 2765 2348 2822 dunt:
2381 2767 2556 2836 primo
2584 2766 2746 2836 igitur
2771 2767 2890 2822 loco
2915 2782 3112 2823 moneo
3143 2767 3431 2837 legendum
3455 2767 3643 2831 tumuli,
3663 2772 3740 2820 aut

461 2862 616 2936 gistri
648 2875 792 2917 nunc
819 2858 1176 2924 meritissimi,
1201 2874 1321 2913 cum
1351 2875 1458 2928 quo
1495 2874 1581 2914 me
1605 2859 1810 2914 sentire
1854 2859 2071 2930 gavisus
2176 2861 2334 2915 tituli.
2365 2859 2456 2916 Sic
2493 2859 2633 2929 apud
2662 2860 2952 2916 Gruterum
2995 2861 3133 2914 tituli
3178 2859 3426 2916 honorem
3463 2867 3738 2930 usurpatum

463 2973 607 3024 sum,
641 2954 902 3026 judicium
932 2962 1177 3019 secutus,
1206 2967 1426 3008 carmen
1460 2953 1563 3009 hoc
1589 2963 1697 3007 tum
1730 2953 1963 3010 Damaso
1989 2963 2073 3009 at-
2174 2952 2358 3008 videas
2389 2951 2491 3025 (e),
2525 2951 2723 3008 deinde
2749 2994 2764 3017 ,
2813 2952 2860 3007 si
2891 2952 3073 3008 nullus
3105 2954 3157 3008 in
3191 2951 3590 3010 transcribendo
3614 2965 3742 3006 error

465 3049 670 3117 tribuo,
695 3057 806 3103 tum
845 3047 1140 3103 Eusebium
1183 3062 1376 3116 papam
1425 3046 1478 3101 in
1517 3063 1581 3102 eo
1607 3047 1816 3102 laudari
1847 3062 2068 3105 censeo.
2176 3047 2396 3117 irrepsit
2442 3053 2566 3118 post
2614 3046 2716 3102 hoc
2743 3045 2818 3101 Te
2842 3088 2856 3114 ,
2887 3047 3118 3102 subaudi
3165 3046 3222 3102 in
3261 3045 3402 3102 Pace
3443 3063 3461 3102 :
3497 3043 3740 3102 formulam

467 3143 527 3200 1d
553 3158 686 3199 vero
708 3141 835 3214 jure
865 3139 1063 3196 factum
1095 3139 1436 3210 dijudicabit,
1457 3142 1509 3194 ni
1539 3141 1719 3206 fallor,
1741 3140 1830 3210 qui
1851 3155 2071 3196 carmen
2177 3141 2319 3198 enim
2345 3140 2482 3196 hanc
2507 3139 2582 3196 Te
2611 3142 2664 3194 in
2687 3157 2833 3206 pace,
2862 3139 2932 3194 Te
2959 3158 3074 3196 cum
3100 3157 3252 3212 pace,
3285 3142 3574 3197 solemnem
3604 3152 3708 3196 esse
3726 3175 3740 3204 ,

469 3239 672 3308 ipsum,
703 3250 825 3292 cum
853 3248 920 3290 eo
947 3232 1090 3306 quod
1120 3232 1189 3288 de
1217 3233 1470 3288 Marcello
1506 3241 1612 3299 est,
1632 3231 1898 3300 conferat,
1925 3231 2072 3288 vide-
2103 3221 2148 3284 C
2181 3250 2245 3290 ac
2266 3233 2700 3290 Christianorum
2725 3234 2945 3290 tumulis
2966 3249 3110 3306 saepe
3141 3235 3452 3306 inscriptam
3475 3235 3610 3306 legas
3628 3229 3744 3301 apud

471 3331 957 3400 ritqueutrumque
1007 3327 1078 3382 ita
1110 3326 1210 3382 sibi
1239 3325 1440 3392 simile,
1467 3336 1522 3380 ut
1548 3326 1740 3381 iisdem
1795 3325 2079 3383 sententiis
2183 3326 2515 3395 Boldettum,
2536 3326 3019 3399 M.trangonum,et
3049 3327 3106 3382 P.
3131 3327 3346 3400 Lupum
3372 3327 3470 3400 (ος
3497 3325 3745 3382 Fabrelttts
3801 3394 3803 3396 η

473 3440 537 3480 ac
568 3438 706 3495 pene
728 3421 909 3478 verbis
934 3428 1168 3476 constet.
1195 3419 1304 3475 Nec
1341 3435 1372 3475 a
1417 3434 1539 3474 mea
1579 3434 1663 3474 me
1690 3421 1958 3475 sententia
1981 3418 2080 3475 de-
2183 3432 2450 3494 praeterea
2483 3420 2582 3477 bas
2609 3421 2773 3479 etiam
2803 3422 2868 3478 ad
2897 3421 3190 3479 Gentilium
3221 3422 3426 3494 lapides
3452 3421 3634 3477 incisas
3657 3430 3745 3472 me-

476 3523 670 3581 terret,
699 3514 842 3584 quod
872 3512 1138 3568 Eusebius
1158 3528 1294 3584 papa
1326 3512 1380 3566 in
1410 3511 1624 3567 Callixti
1647 3512 1965 3568 coemelerio
1991 3526 2081 3567 se-
2187 3525 2365 3572 morat
2398 3523 2676 3573 extremas
2707 3517 2920 3574 litteras
2956 3533 3024 3572 ετ
3064 3533 3156 3572 'rv.
3177 3561 3191 3586 ,
3228 3517 3400 3574 lector
3418 3515 3611 3572 scilicet
3635 3554 3647 3579 ,
3674 3515 3750 3564 aut

479 3608 664 3679 pultus
699 3605 902 3660 dicitur
932 3603 984 3658 in
1032 3603 1273 3658 iudiculo
1299 3603 1666 3670 Bucberiano,
1699 3603 1791 3658 ille
1832 3618 1985 3670 vero,
2015 3601 2085 3658 de
2187 3608 2386 3677 viator,
2419 3610 2509 3680 qui
2540 3626 2625 3666 me
2653 3611 2804 3682 prius
2833 3609 3299 3682 valerejusseras,
3333 3609 3450 3666 vale
3474 3609 3571 3682 (g).
3599 3605 3750 3661 Custo-

480 3714 592 3772 quo
623 3699 676 3754 in
701 3698 803 3754 boc
831 3697 1075 3753 carmine
1114 3696 1314 3766 agitur,
1348 3695 1399 3750 in
1431 3695 1615 3752 Sicilia
1657 3694 1946 3751 defunctus
1972 3694 2042 3750 sit
2070 3711 2083 3749 :
2191 3703 2270 3758 di;
2298 3713 2475 3760 autem
2500 3719 2665 3772 voce,
2697 3704 2741 3760 si
2771 3704 3050 3776 proprium
3083 3719 3284 3760 nomen
3327 3702 3467 3760 haud
3495 3702 3593 3768 sit,
3625 3698 3748 3754 illum

482 3790 660 3863 potuit
685 3791 829 3846 enim
873 3787 1139 3844 Eusebius
1185 3787 1422 3858 pontifex
1448 3803 1513 3843 ex
1555 3787 1763 3856 Sicilia,
1787 3788 1878 3844 ubi
1901 3789 2090 3846 deces—
2193 3793 2502 3866 intelligere
2531 3797 2732 3868 poteris
2753 3837 2769 3864 ,
2801 3797 2888 3852 cui
2916 3796 3002 3853 vel
3026 3795 3348 3869 Martyrum,
3387 3795 3474 3866 qui
3501 3794 3550 3849 in
3576 3807 3635 3848 eo
3659 3802 3750 3845 cat-

485 3891 654 3947 serat,
684 3881 753 3936 ad
806 3879 1010 3938 Urbem
1042 3878 1345 3941 transferri.
1377 3887 1434 3935 υι
1489 3881 1686 3935 faclttm
1729 3881 1796 3937 tle
1825 3881 2092 3937 Pontiano
2195 3889 2424 3943 meterio
2451 3889 2645 3958 sepulti
2684 3887 2932 3955 fuerant,
2977 3888 3062 3944 vel
3104 3888 3346 3945 basilicze
3377 3887 3428 3942 in
3453 3884 3632 3942 eodem
3657 3881 3752 3936 loco

491 3993 558 4034 ex
588 3974 840 4034 Sardinia
885 3973 1135 4043 legimus.
1160 3971 1300 4040 Quin
1324 3987 1455 4027 vero
1481 3972 1524 4027 si
1549 3973 1668 4042 quis
1693 3973 1795 4029 hoc
1819 3989 1914 4043 pro
1939 3983 2092 4030 certo
2195 3995 2226 4034 a
2257 3980 2436 4034 Marco
2465 3980 2696 4036 condita:
2724 3980 3097 4037 custodienda:
3120 3996 3252 4037 cura
3281 3980 3561 4038 commissa
3589 3974 3751 4036 fuerat,

491 4069 728 4127 babebat
751 4111 764 4132 ,
795 4083 826 4122 a
869 4081 998 4134 vero
1028 4064 1119 4120 vix
1171 4064 1291 4134 ipse
1313 4065 1649 4122 aberraverit
1680 4084 1693 4119 :
1727 4065 2097 4122 Bucberianus
2198 4081 2254 4128 et
2279 4071 2522 4144 quiforte
2546 4073 2664 4144 ejus
2691 4074 2961 4142 pontificis
2980 4073 3227 4129 ornando
3247 4073 3494 4148 sepulcro
3522 4085 3633 4128 cum
3669 4066 3754 4122 Da-

428 4163 430 4165 ’
493 4164 640 4220 enim
668 4161 808 4218 alter
839 4161 1207 4216 Romanorum
1224 4158 1540 4226 pontificum
1581 4157 1891 4227 Catalogus,
1920 4159 2095 4215 Ense-
2201 4181 2352 4221 tnaso
2379 4165 2774 4222 allaboraverat
2803 4185 2816 4222 :
2849 4175 3140 4237 utrumque
3161 4169 3307 4223 enim
3326 4165 3754 4222 tituluminlerec-

497 4256 574 4313 bii
604 4265 834 4312 mortem
861 4250 1220 4324 eonsignatad
1235 4251 1379 4306 diem
1413 4251 1720 4323 "Augusti
1741 4269 1756 4315 ;
1777 4251 1936 4308 aliam
1967 4268 2097 4309 vero
2201 4258 2696 4314 clesiasticaoflicia
2715 4275 2863 4330 saepe
2879 4272 3238 4316 memoratum
3257 4261 3462 4328 videas,
3483 4248 3756 4325 etiamaputl

499 4366 724 4406 causam
743 4345 1214 4417 expone,sivales,
1231 4359 1327 4400 cur
1341 4344 1458 4416 ejus
1471 4343 1740 4413 depositio
1753 4345 1915 4401 dilata
1938 4345 2102 4404 fuerit
2204 4357 2446 4424 amcos,
2476 4357 2670 4428 quibus
2699 4356 2982 4421 κλειδοῦχος
3011 4367 3125 4415 erat
3156 4400 3171 4426 ,
3215 4356 3310 4430 qui
3336 4355 3473 4428 apud
3501 4369 3592 4409 nos
3616 4358 3756 4406 ctum

499 4443 566 4498 ad
587 4443 726 4497 diem
745 4441 816 4496 26
831 4437 1190 4509 Septembris.
1211 4437 1346 4494 Hinc
1361 4448 1506 4510 patet
1525 4439 1833 4509 pontificem
1861 4440 2013 4496 illum
2042 4442 2098 4497 in
2205 4461 2260 4507 et
2285 4452 2330 4506 is
2359 4451 2682 4522 plerumque
2705 4453 3012 4524 presbyter.
3041 4450 3178 4508 Cum
3206 4467 3340 4508 vero
3365 4449 3516 4506 audis
3555 4445 3758 4500 Marcum

434 4597 436 4600 ,
501 4535 892 4594 vetustissimis
921 4534 1129 4603 aliquot
1173 4533 1617 4606 martyrologiisa
1639 4533 1978 4591 Florentinio
2018 4537 2103 4592 in-
2207 4563 2400 4609 orasse,
2431 4547 2650 4618 populus
2677 4547 2816 4618 quod
2845 4547 3063 4602 disceret
3088 4545 3258 4601 omnis
3279 4586 3295 4612 ,
3325 4543 3472 4600 vides
3505 4539 3641 4596 illum
3668 4544 3758 4588 tum

511 4629 707 4686 dicatis
729 4626 801 4699 (c)
831 4627 974 4681 inter
1013 4625 1420 4697 martyresjure
1443 4627 1745 4696 meritoque
1772 4643 2070 4685 annumera

2209 4655 2332 4695 suas
2357 4639 2608 4696 habuisse
2637 4640 2702 4695 ad
2730 4641 2988 4712 pupulum
3015 4639 3312 4696 conciones
3333 4648 3386 4694 et
3411 4631 3757 4693 catltecbeses.

505 4734 640 4789 tum,
663 4736 726 4777 ac
747 4730 956 4776 certum
975 4717 1202 4787 hujusce
1228 4719 1305 4773 rei
1341 4727 1724 4787 argumentum
1754 4721 1988 4777 Damaso
2011 4737 2065 4792 pc

2209 4742 2321 4788 tum
2354 4749 2484 4788 vero
2512 4733 2874 4790 Sozonienum
2901 4775 2916 4797 ,
2948 4731 3198 4789 Graecum
3232 4731 3536 4793 hominem,
3561 4732 3610 4780 et
3633 4723 3761 4786 Iunge

505 4815 773 4873 tissimum
839 4822 1120 4878 accelmlm
1151 4849 1168 4876 9
1245 4808 1374 4864 rem
1429 4821 1704 4880 "Porlere-
1772 4812 1829 4869 Si
1886 4814 2107 4886 aliquod
2210 4825 2279 4880 ab
2309 4823 2456 4881 Urbe
2485 4836 2751 4882 remotum
2778 4869 2794 4896 ,
2828 4826 2945 4898 ejus
2972 4826 3224 4883 ecclesia:
3260 4825 3533 4897 ignorasse
3559 4806 3757 4873 morem}

503 4916 746 4969 exstaret
775 4906 842 4962 de
869 4904 1120 4960 Heraclio
1153 4903 1264 4970 illo,
1296 4904 1386 4974 qui
1421 4903 1594 4973 lapsos
1621 4905 1810 4962 dolere
1835 4909 2021 4972 vetuit,
2053 4911 2107 4964 in
2211 4934 2334 4974 cum
2363 4921 2604 4977 scribere
2627 4922 2772 4976 visus
2801 4932 2916 4988 est,
2963 4921 3149 4977 Roma;
3189 4935 3292 4977 nec
3321 4919 3622 4990 episcopum
3641 4951 3656 4977 ,
3681 4915 3762 4962 nec

502 5003 885 5064 ecclesiastica:
916 4998 1155 5054 historia:
1185 4999 1550 5054 monumentis
1597 5000 1905 5071 vestigium,
1943 5014 2038 5059 aut
2060 5003 2105 5059 si
2210 5030 2533 5086 quemquam
2589 5017 2753 5071 alium
2790 5017 2842 5072 in
2895 5015 3142 5073 Ecclesia
3167 5016 3368 5072 docere
3395 5012 3633 5084 pupulum
3659 4999 3755 5073 (lt);

496 5097 720 5172 judicia,
751 5093 850 5149 sub
879 5106 996 5183 quo
1019 5089 1290 5183 Eusebius
1313 5091 1504 5183 pulsus
1530 5101 1634 5157 est,
1680 5109 1877 5151 nomen
1926 5097 2107 5167 expri-
2211 5123 2386 5180 neque
2416 5111 2560 5165 enim
2590 5126 2690 5181 ego
2721 5111 2954 5183 aliquem
2999 5125 3124 5167 esse
3152 5119 3314 5182 puto,
3347 5107 3436 5180 qui
3484 5111 3638 5159 statas
3679 5092 3763 5148 hoc

489 5199 768 5254 'meretur,
801 5187 856 5241 in
873 5182 1086 5278 unajori
1113 5181 1252 5278 forte
1311 5182 1546 5278 laceres
1593 5185 1850 5242 collocari
1900 5199 2102 5258 posset.
2210 5199 2370 5269 loco,
2400 5181 3056 5276 consuetasqueliturgiae
3087 5218 3316 5278 preces,
3358 5215 3423 5258 ac
3446 5187 3764 5255 formulasin-

505 5281 818 5341 Heraclium
868 5276 1148 5344 Ruﬁnum,
1192 5275 1306 5332 sive
1327 5275 1398 5332 sit
1419 5276 1514 5334 ille
1541 5276 1766 5349 Statius,
1816 5282 1930 5339 sive
1974 5286 2109 5340 Ara—
2213 5297 2379 5368 tettigi
2409 5306 2666 5369 οροιιιειεε
2695 5275 2991 5355 existimer.

606 5479 662 5544 α)
685 5475 767 5532 Ad
795 5489 923 5528 ann.
943 5471 1074 5538 357,
1101 5487 1159 5526 n.
1189 5471 1282 5527 52.

579 5479 660 5622 ib)
693 5546 840 5622 Ynd.,
865 5545 909 5599 si
955 5544 1150 5614 placet,
1179 5541 1464 5598 diatribam
1497 5541 1565 5600 de
1590 5546 1760 5616 gestis
1787 5548 1986 5607 Liberii
2008 5568 2107 5611 ex-

1345 5541 1464 5598 bam
1497 5541 1565 5600 de
1590 5546 1760 5616 gestis
1787 5548 1986 5607 Liberii
2008 5568 2107 5611 ex-
2703 5493 2898 5622 ritioi

606 5489 662 5544 α)
685 5489 767 5532 Au
795 5489 923 5528 ann.
943 5489 1074 5538 om,
1101 5489 1159 5526 n.
1189 5489 1282 5527 az.

507 5489 660 5677 suliiiis)
693 5546 840 5691 ἔιίὲη
865 5545 909 5599 si
955 5544 1150 5614 placet,
1179 5541 1464 5598 diatribam
1497 5541 1565 5600 de
1590 5546 1760 5616 gestis
1787 5548 1986 5607 Liberii
2008 5568 2067 5611 ex

2284 5489 2361 5632 δέ
2385 5490 3015 5633 δέξέτῖὣέ.’ῗί1ῗολ15;
3065 5563 3210 5620 delle
3251 5575 3377 5618 cose
3419 5539 3761 5615 Gentilesche,

2215 5646 2271 5703 Ρ·
2298 5632 2448 5708 βξίξς
2481 5636 2546 5689 ad
2579 5636 2827 5708 Epitapb.
2863 5637 2922 5694 S.
2945 5637 3183 5702 Severae,
3217 5650 3270 5703 p.
3297 5632 3419 5689 171.

580 5685 1628 5780 li).41-5'ie'33‘isel’1921'ﬁ‘9-
1718 5777 1742 5780 c
1806 5765 1866 5780 -.
2217 5685 2240 5703 ⁷
2287 5685 3307 5780 (alléséiitiTL'ETiii5333976564

508 5757 1078 5891 Μεῇὲιιῗιὲἆῗιοδίεοη.
1125 5757 1196 5816 de
1220 5758 1411 5817 Occid.
1453 5759 1649 5833 imper.
1669 5805 1684 5832 ,
1704 5777 1769 5842 1p.
1806 5765 1870 5822 71
1912 5777 1968 5825 et
1997 5770 2066 5827 75
2090 5811 2106 5840 ,
2285 5757 2364 5849 δή
2393 5757 2475 5834 if:
