3950 6330
195 238 288 302 273

202 644 450 700 cruciatus
473 687 489 713 ,
516 648 760 704 exsulem
793 648 990 705 factum
1017 694 1031 717 ,
1066 651 1215 707 Nola}
1245 654 1298 709 iu
1334 671 1464 725 pace
1502 658 1777 729 sepultum

200 737 353 803 aiunt,
383 739 495 809 ejus
516 740 738 797 alterius
768 742 969 799 Felicis
999 746 1242 813 fratrem,
1267 750 1355 818 qui
1380 765 1501 804 cum
1536 753 1778 810 Adaucto

196 828 287 884 sub
332 830 657 888 Diocletiano
698 844 905 909 martyr
948 838 1233 904 occubuit,
1282 847 1532 912 sequenti
1564 845 1630 900 ab
1674 845 1778 903 hoc

195 924 416 979 carmine
446 923 694 981 laudatus
725 928 804 1001 (α)
825 971 839 995 ,
871 931 1026 1000 cujus
1070 933 1292 988 basilica
1324 951 1429 990 non
1488 937 1540 992 in
1596 939 1777 997 Pincis

193 1016 389 1085 fuerat,
422 1028 480 1073 ut
520 1020 592 1075 cl.
625 1021 935 1078 Mazocchio
982 1026 1192 1094 visum,
1225 1028 1321 1083 scd
1363 1030 1446 1085 via
1479 1030 1713 1088 Ostiensi
1746 1050 1775 1089 e

190 1124 468 1181 conspectu
499 1113 618 1171 fere
650 1117 707 1173 S.
755 1117 935 1185 Pauli,
967 1131 1128 1191 atque
1169 1121 1223 1175 in
1270 1125 1586 1180 emmeterio
1615 1124 1778 1181 Com-

193 1208 411 1264 ntodillal
439 1251 454 1276 ,
487 1210 634 1280 quod
661 1227 690 1265 a
719 1214 853 1269 clar.
886 1215 1134 1272 Boldetlo
1179 1233 1285 1273 non
1319 1220 1504 1274 multis
1547 1221 1615 1275 ab
1647 1220 1774 1278 hinc

186 1301 326 1356 annis
370 1310 649 1373 repertum
680 1312 737 1359 et
760 1305 1192 1364 demonstratum
1222 1320 1322 1367 est.
1353 1313 1614 1369 Damasus
1646 1330 1772 1384 pro-

185 1396 332 1464 fccw,
356 1396 621 1468 Felicem,
652 1416 812 1471 quem
842 1403 944 1457 hoc
970 1404 1089 1460 loco
1118 1405 1325 1476 laudat,
1352 1407 1509 1479 longe
1536 1409 1604 1464 ab
1626 1408 1773 1467 Urbe

182 1492 393 1562 positum
428 1492 677 1551 indicare
700 1496 937 1567 videtur,
967 1513 1086 1554 cum
1114 1500 1190 1555 ait
1221 1519 1232 1554 :

254 1607 350 1659 Nec
370 1622 677 1676 quemquam
700 1616 882 1679 pateris
902 1616 1150 1680 repedare
1172 1621 1403 1671 viantem.

180 1714 526 1788 Quamobrem
557 1734 679 1776 cum
709 1724 891 1794 populi
919 1741 1028 1781 non
1058 1727 1125 1782 ab
1156 1727 1306 1785 Urbe
1336 1738 1542 1787 tantum
1563 1773 1579 1800 ,
1610 1732 1706 1789 sed
1736 1749 1768 1790 a

1548 254 2085 322 PROLEGOMENA.

266 358 389 416 V‘lll.
423 357 657 417 Carmen
686 360 754 418 de
779 361 958 421 Felice
985 366 1281 428 Ruinartus
1309 371 1542 444 dubitat,
1576 391 1643 431 an
1675 375 1785 432 No-

210 456 374 513 lanum
401 470 457 510 ex
471 455 679 525 primat,
708 473 773 513 an
803 460 965 516 alium
994 479 1347 538 anonymum,
1374 483 1531 539 quem
1558 472 1783 542 presby-

209 558 365 605 terum
396 548 574 604 Roma:
597 562 798 617 ortum,
824 572 888 612 ac
908 568 1030 628 p0st
1055 562 1233 616 varios
1262 563 1523 619 toleratos
1554 581 1651 635 pro
1676 566 1782 621 ﬁde

3370 292 3480 350 274

1812 383 1865 443 Α
1892 380 1990 437 sise
2025 386 2196 442 muris
2226 387 2409 463 Magni
2440 408 2637 453 nomen
2675 400 2996 473 inscriptum
3027 404 3319 479 aliquando
3346 409 3447 466 fuit
3468 453 3483 480 ,

1889 483 2015 530 tunc
2040 492 2229 535 versus
2254 481 2569 543 immutatos
2597 490 2762 548 fuisse
2799 495 3165 567 crediderim,
3198 515 3321 558 cum
3352 517 3485 559 saxo
3541 558 3547 563 .

1885 568 2346 644 insculperentur,
2381 582 2647 652 siquidem
2675 586 2814 644 alter
2846 590 2933 647 hic
2967 596 3290 653 versiculus:

1974 705 2209 761 Hostibus
2232 716 2482 779 extinctis,
2505 718 2699 774 fuerant
2720 725 2806 788 qui
2827 724 2947 777 false
2973 728 3141 793 locuti,

1880 854 2041 910 quem
2077 858 2178 899 nec
2225 845 2519 907 Bollandus
2540 894 2554 919 ,
2601 869 2702 911 nec
2732 855 3053 917 Sarazanius
3077 903 3091 929 ,
3142 878 3243 919 nec
3267 873 3481 921 carterae

1880 933 2145 993 editiones
2200 938 2432 1009 habent,
2466 954 2630 1018 atque
2664 965 2724 1005 ea
2751 953 2978 1021 proinde
3000 956 3292 1014 occasione
3321 970 3481 1018 easte-

1879 1033 1954 1087 ris
1984 1034 2198 1092 additus
2239 1048 2355 1105 est,
2403 1040 2582 1110 aliqua
2619 1056 2747 1100 tunc
2779 1064 2908 1104 usos
2940 1051 3157 1108 licentia
3190 1055 3483 1126 quadrata-

1880 1134 1991 1189 rios
2032 1138 2246 1205 probat.
2284 1138 2472 1212 Neque
2502 1145 2645 1199 enim
2675 1161 2740 1201 ex
2776 1146 2989 1203 Damasi
3026 1150 3353 1207 adversariis
3383 1154 3482 1209 ali-

1877 1244 2037 1299 quem
2068 1244 2241 1290 morte
2285 1237 2603 1292 mulctatum
2637 1239 2805 1296 fuisse
2833 1244 3034 1298 scimus
3058 1287 3074 1311 ,
3107 1261 3170 1301 ac
3211 1262 3371 1302 nemo
3403 1246 3480 1302 fa-

1878 1327 1980 1381 cile
2023 1330 2263 1385 auimum
2311 1331 2566 1400 inducet,
2615 1346 2672 1388 ut
2714 1338 2932 1404 credat,
2992 1340 3262 1396 mitissimi
3308 1343 3478 1398 animi

1878 1421 2188 1489 pontiﬁcem
2208 1466 2223 1489 ,
2253 1441 2412 1493 quem
2442 1426 2768 1483 adversariis
2795 1429 2927 1499 ipsis
2955 1447 3280 1502 quamquam
3310 1448 3475 1504 supe-

1875 1514 2011 1568 ratis
2050 1514 2413 1588 llieronymus
2447 1534 2553 1573 non
2585 1523 2834 1577 nocuisse
2877 1524 3101 1589 asserit,
3148 1534 3271 1581 vota
3314 1526 3476 1581 beato

1875 1604 2038 1661 Felici
2071 1610 2418 1677 persolvisse,
2445 1613 2589 1683 quod
2639 1612 2827 1669 hostes
2849 1618 2931 1671 sui
2963 1618 3186 1673 extincti
3214 1634 3276 1675 ac
3294 1631 3470 1677 morte

1830 1714 1837 1721 ί
1874 1699 2071 1755 sublati
2120 1700 2356 1759 fuerant.
2390 1704 2556 1760 Fama
2586 1723 2716 1763 vero
2758 1719 2872 1777 est,
2907 1719 2966 1766 ut
3012 1712 3122 1767 alio
3169 1713 3289 1768 loco
3320 1714 3429 1770 dixi
3457 1758 3472 1778 ,

181 1818 276 1864 toto
308 1825 472 1881 pene
523 1792 795 1871 terrarum
849 1817 983 1875 orbe
1038 1820 1105 1875 ad
1161 1821 1426 1878 Nolanum
1485 1792 1766 1897 religionis
1796 1800 1845 1860 Β
1872 1793 1982 1846 vo”
2017 1792 2177 1897 bilius
2208 1797 2559 1866 persalvendi
2589 1816 2750 1897 0“"5‘,‘
2789 1801 2979 1859 Nomm
3019 1820 3139 1860 sese
3183 1806 3473 1863 Damasum

176 1918 319 1959 causa
339 1908 687 1964 confluerent
711 1911 812 1984 (ὁ),
845 1912 933 1968 vix
956 1914 1122 1969 alium
1150 1916 1218 1971 ab
1247 1916 1361 1985 illo,
1395 1919 1496 1974 hoc
1523 1922 1765 1976 carmine

174 1996 502 2070 designatum
532 2002 759 2072 dixeris,
790 2008 877 2061 cui
910 2018 1195 2079 propterea
1230 2011 1517 2079 Barouius,
1549 2013 1768 2069 Bollan-

175 2090 297 2146 diani
317 2132 334 2160 ,
361 2092 734 2164 Muratorius,
769 2099 973 2170 aliique
1003 2104 1201 2159 eruditi
1234 2106 1334 2161 viri
1364 2106 1601 2162 dicatum
1635 2109 1766 2165 illud

175 2194 395 2240 censent.
443 2186 588 2243 Hinc
615 2203 715 2261 ego
746 2193 943 2247 factum
974 2203 1125 2265 puto,
1156 2206 1217 2251 ut
1259 2212 1383 2253 cum
1414 2199 1649 2254 celebris
1678 2216 1767 2256 es-

174 2286 241 2331 set
260 2278 371 2347 ejus
398 2280 518 2336 diei
546 2282 733 2339 Roma:
764 2285 1102 2352 solemnitas,
1130 2290 1352 2347 basilica
1386 2292 1464 2348 illi
1494 2294 1762 2352 mdiﬁcata

176 2365 316 2426 fuerit
344 2390 456 2429 non
494 2373 584 2429 diu
612 2388 733 2446 post
767 2379 982 2435 Damasi
1011 2383 1219 2439 obitum
1240 2426 1256 2452 ,
1289 2402 1410 2457 qute
1440 2386 1635 2443 deinde
1658 2431 1672 2455 ,
1708 2401 1768 2444 ut

175 2462 231 2516 ab
268 2465 382 2521 aliis
413 2467 664 2525 basilicis
713 2471 910 2528 Felicis
951 2482 1172 2533 nomine
1223 2478 1492 2549 insignitis
1541 2480 1766 2552 (plures

176 2559 298 2614 enim
346 2560 566 2619 Felices
613 2564 666 2621 in
700 2566 846 2624 Urbe
901 2568 1148 2643 fuerant)
1201 2571 1667 2645 distingueretur,
1712 2576 1766 2630 in

175 2648 333 2709 Pincis
358 2656 512 2712 dicta
543 2668 655 2724 est,
688 2676 719 2715 a
753 2664 1019 2732 proximis
1065 2665 1341 2724 Pinciaaae
1395 2667 1616 2725 familia:
1664 2670 1762 2725 do-

174 2746 369 2805 mibus:
417 2767 540 2823 quae
567 2769 672 2811 vox
696 2772 818 2812 cum
870 2760 939 2814 ab
990 2775 1057 2815 eo
1117 2771 1362 2833 tempore
1411 2764 1477 2819 ad
1522 2764 1763 2824 Nolanos

177 2838 287 2897 Urbi
325 2847 612 2915 proximos
637 2852 974 2921 transiisset,
1007 2856 1077 2910 ab
1103 2856 1167 2911 iis
1198 2858 1362 2913 etiam
1394 2859 1761 2917 Romanorum

176 2948 307 2992 more
328 2938 488 2994 Felix
518 2941 574 2996 in
596 2942 776 2999 Pincis
803 2946 905 3003 dici
930 2962 1139 3019 carptus
1165 2967 1178 3004 :
1210 2952 1477 3021 siquidem
1504 2956 1650 3010 nulla
1676 2958 1764 3014 vel

176 3030 296 3097 apud
317 3030 635 3099 Paulinum.
659 3037 746 3092 vel
775 3054 988 3095 coaavos
1014 3044 1310 3113 scriptores
1334 3045 1453 3116 ejus
1482 3047 1584 3102 loci
1613 3064 1765 3104 men-

178 3121 240 3177 tio
264 3124 419 3182 N013:
447 3139 548 3183 est.
579 3129 828 3202 Nuperus
854 3133 1076 3191 Nolana:
1107 3138 1490 3195 ecclesiasticae
1523 3141 1764 3199 historiae

1868 1890 2199 1956 contulisse;
2235 1907 2396 1960 quam
2422 1909 2521 1965 ego
2553 1896 2773 1951 incertis
2799 1937 2813 1957 .
2848 1906 2905 1952 ut
2933 1914 3079 1967 smpe
3117 1898 3211 1963 fit.
3244 1902 3469 1971 conjec-

1869 1982 2004 2035 turis
2034 1998 2137 2038 non
2172 1987 2451 2056 impetam.
2480 1987 2616 2043 Illud
2652 1994 2897 2059 profecto
2943 2003 3158 2047 constat
3205 1996 3473 2051 tumulum

1868 2073 2066 2130 Felicis
2094 2077 2284 2133 Nolani
2311 2121 2324 2144 ,
2358 2097 2502 2134 aram
2539 2085 2767 2140 veritatis
2798 2085 3002 2142 dictum
3028 2128 3042 2153 ,
3093 2091 3319 2160 ejusque
3350 2090 3476 2146 reli-

1868 2171 2022 2240 quias
2049 2173 2284 2227 veritatis
2314 2175 2538 2231 vindices
2563 2178 2674 2251 (d);
2709 2195 2867 2249 quam
2894 2182 2964 2236 ob
3000 2197 3219 2238 causam
3241 2183 3355 2251 ille,
3378 2186 3472 2255 qui

1869 2264 2137 2333 Ursicini,
2172 2267 2340 2325 lsaaci
2383 2270 2588 2338 Judaei,
2623 2274 2967 2347 aliorumque
2998 2276 3262 2333 adversus
3294 2295 3353 2334 se
3379 2294 3472 2335 ca-

1868 2360 2102 2418 lumnias
2131 2362 2416 2434 effugerat,
2448 2365 2551 2421 hoc
2574 2383 2889 2438 nuncupare
2920 2379 3122 2432 rotam.
3150 2386 3213 2427 ac
3239 2382 3471 2442 patrono

1867 2468 1968 2509 suo
2004 2472 2245 2528 prmsens
2273 2458 2501 2515 reddere
2551 2458 2711 2517 facile
2762 2462 2958 2532 potuit.
3005 2464 3142 2520 Huic
3188 2467 3366 2522 simile
3416 2477 3471 2523 et

1871 2549 2175 2620 proximum
2207 2562 2291 2607 est
2333 2563 2514 2609 votum
2559 2555 2704 2611 aliud
2730 2597 2744 2622 ,
2776 2558 2918 2627 quod
2950 2573 3049 2628 pro
3076 2559 3206 2614 cleri
3235 2575 3263 2613 a
3290 2574 3351 2616 se
3388 2559 3470 2616 di-

1867 2645 2005 2699 vulsi
2028 2646 2204 2700 reditu
2234 2646 2565 2704 inscribitur.

1940 2737 2031 2792 IX.
2057 2735 2311 2807 Carmen,
2343 2743 2486 2811 quod
2517 2742 2843 2799 Sarazanius
2869 2760 2923 2799 η.
2959 2744 3045 2810 l7,
3076 2746 3371 2815 recensuit,
3401 2762 3471 2804 ac

1864 2828 1928 2883 de
1975 2830 2181 2884 incertis
2228 2834 2536 2903 martyribus
2577 2834 2755 2903 dixit,
2834 2836 2903 2890 ad
2963 2836 3072 2893 SS.
3142 2836 3374 2894 Nereum
3421 2850 3468 2895 et

1869 2922 2159 2978 Achilleum
2204 2928 2479 2995 pertinere
2520 2943 2619 2984 nos
2658 2928 2842 2984 docuit
2877 2930 3234 2988 Emsildensis
3281 2949 3467 2988 umna-

1867 3019 2023 3085 chus,
2048 3036 2207 3089 quem
2230 3020 2571 3077 Mabillonius
2588 3024 2840 3093 primum,
2856 3038 2919 3078 ac
2936 3024 3132 3080 deinde
3147 3025 3472 3082 Blauchinus

1868 3110 2037 3167 edidit
2062 3113 2113 3167 in
2144 3113 2552 3185 Prolegomenis
2572 3117 2638 3171 ad
2664 3115 2920 3173 Anastas.
2955 3132 3143 3189 Opusc.
3176 3119 3266 3175 15.
3300 3121 3469 3189 Hujus

176 3218 393 3289 scriptor
424 3222 666 3296 alioquin
708 3228 971 3297 erudiws,
1009 3232 1108 3286 hoc
1135 3248 1353 3289 carmen
1385 3235 1617 3292 Maximo
1650 3237 1763 3292 ΝΟ,
1789 3203 1834 3266 C
1871 3207 2114 3278 profecto
2141 3209 2343 3265 codicis
2381 3226 2487 3265 non
2525 3212 2831 3282 spernenda
2874 3224 2958 3268 est
2989 3214 3312 3281 auctoritas,
3358 3222 3469 3270 tum

176 3310 285 3367 lano
311 3316 579 3387 epis00po
606 3334 635 3373 a
659 3320 892 3376 Damaso
909 3323 1148 3379 dicatum
1177 3329 1386 3392 statuit,
1420 3344 1523 3382 una
1554 3338 1761 3386 tantum

177 3405 445 3475 cujusdam
497 3426 601 3465 ms.
648 3412 908 3470 Breviarii
952 3420 1276 3475 auctoritate
1320 3433 1613 3489 permotus.
1648 3422 1766 3479 Ca:-

179 3508 334 3558 terum
370 3506 479 3561 hoc
508 3505 848 3565 Breviarium
894 3510 948 3567 in
979 3527 1046 3567 eo
1073 3514 1378 3583 fragmento
1402 3556 1417 3580 ,
1465 3516 1607 3587 quod
1642 3517 1764 3573 Bol-

180 3593 401 3653 landiani
432 3599 501 3655 ad
545 3601 687 3658 diem
730 3603 762 3657 7
794 3604 1073 3661 Februarii
1104 3610 1368 3674 recitant,
1402 3616 1515 3665 tum
1554 3609 1764 3668 fabulas

178 3687 429 3748 admixtas
457 3693 643 3763 habet,
678 3706 788 3752 tum
819 3701 1126 3770 sequiorem
1158 3717 1223 3757 ac
1252 3705 1607 3761 recentiorem
1633 3717 1767 3761 aeta-

181 3792 273 3839 tem
302 3788 469 3859 sapit,
504 3806 624 3857 quze
665 3801 790 3847 sunt
829 3793 882 3848 in
912 3811 1076 3850 causa
1106 3838 1119 3862 ,
1163 3813 1260 3852 cur
1284 3796 1620 3855 Bollandiani
1662 3800 1764 3870 ipsi

181 3890 272 3933 non
303 3880 355 3935 in
389 3882 569 3951 pretio
592 3884 761 3939 multo
792 3885 925 3942 illud
955 3887 1156 3945 habere
1184 3890 1489 3947 videantur.
1521 3894 1592 3947 At
1619 3894 1763 3964 quod

179 3971 351 4039 efﬁcit,
385 3986 440 4028 ut
464 3976 569 4031 ﬁde
592 3988 797 4048 careat,
827 3980 957 4036 illud
980 3992 1084 4048 est,
1113 3985 1255 4054 quod
1289 3987 1520 4055 primum
1550 4003 1762 4044 versum

180 4062 507 4123 immutatum
556 4072 759 4139 refert,
802 4088 866 4129 ac
896 4089 1002 4145 quo
1036 4076 1158 4132 loco
1190 4077 1339 4133 Felix
1368 4078 1533 4135 scribi
1565 4080 1766 4137 debue-

179 4165 279 4222 rat,
312 4159 504 4232 Magne
538 4164 824 4235 legendum
857 4168 1261 4240 proposuithoe
1289 4172 1449 4226 modo
1495 4191 1507 4225 :

233 4271 460 4340 Corpore,
479 4288 666 4342 mente,
694 4284 875 4344 animo,
910 4286 1091 4347 pariter
1113 4299 1312 4349 quoque
1332 4289 1529 4338 nomine
1563 4288 1761 4354 Magne.

183 4396 353 4470 Neque
397 4405 540 4459 enim
590 4417 719 4476 puto
750 4423 890 4474 esse,
927 4411 1014 4478 qui
1045 4410 1143 4466 sibi
1176 4411 1410 4469 libenter
1453 4416 1763 4484 persuaderi

184 4496 439 4561 patiantur
464 4542 478 4562 ,
522 4499 707 4569 Magni
731 4517 831 4573 pro
863 4502 1084 4557 Maximi
1106 4547 1119 4567 ,
1155 4506 1571 4575 appellationem
1601 4526 1628 4561 a
1666 4510 1765 4563 Da-

1869 3300 2010 3371 quod
2038 3303 2252 3358 videtur
2281 3312 2473 3360 octavo
2503 3306 2703 3361 smculo
2731 3308 2996 3378 scriptus,
3041 3318 3151 3363 tum
3182 3308 3325 3379 quod
3355 3323 3472 3364 om-

1868 3408 1967 3449 nes
1992 3436 2005 3455 ,
2035 3410 2169 3464 quas
2199 3396 2363 3450 habet
2387 3397 2768 3467 inscriptiones
2826 3414 2893 3453 ex
2950 3398 3300 3469 autographis
3334 3401 3468 3470 ipsis

1868 3488 2080 3557 excepit
2107 3495 2298 3542 auctor
2319 3530 2332 3554 ,
2367 3503 2431 3545 ac
2469 3489 2523 3544 in
2553 3492 2941 3545 commentaria
2970 3492 3150 3546 retulit
3171 3534 3184 3553 .
3214 3507 3336 3547 cum
3372 3494 3472 3549 iter

1867 3594 2033 3651 agens
2058 3591 2469 3637 extramnranas
2493 3582 2784 3647 ecclesias,
2835 3593 2889 3639 et
2927 3585 3238 3641 cmmeteria
3272 3587 3470 3641 lustra-

1868 3682 1972 3728 ret.
2006 3673 2061 3729 Si
2101 3674 2281 3746 itaque
2315 3675 2417 3730 hoc
2456 3677 2791 3748 epigramma
2817 3675 2884 3732 ad
2916 3692 3010 3732 eos
3040 3688 3311 3751 martyres
3342 3679 3470 3733 atti-

1869 3776 1981 3831 net,
2006 3768 2106 3823 hoc
2128 3770 2351 3825 accedet
2369 3771 2435 3824 ad
2460 3770 2895 3841 coinjecturarum
2919 3773 3216 3840 cumulum,
3244 3773 3314 3828 ob
3336 3788 3472 3845 quas

1867 3876 2095 3929 eorum,
2126 3879 2247 3934 qua:
2287 3880 2428 3920 nunc
2456 3865 2683 3934 legimus
2715 3875 2831 3921 acta
2860 3909 2875 3933 ,
2906 3868 3084 3923 dubiae
3116 3869 3367 3924 videntur
3397 3866 3465 3922 ﬁ-

1869 3954 1994 4009 dei:
2038 3970 2213 4026 neque
2260 3958 2441 4023 enim,
2490 3958 2580 4030 qui
2625 3959 2858 4015 ennurhi
2904 3960 3135 4025 fuerant,
3183 3961 3472 4017 Dmuitillze

1868 4049 2092 4120 virginis
2117 4051 2404 4108 familiares
2431 4069 2493 4108 ac
2518 4055 2792 4117 custodes,
2818 4054 3018 4110 militia:
3041 4056 3241 4110 dedisse
3263 4072 3470 4122 nomen,

1868 4146 2062 4198 almum
2092 4146 2307 4215 gessisse
2337 4147 2592 4219 ofﬁcium,
2620 4148 3004 4203 castradeinde
3032 4150 3328 4220 reliquisse,
3359 4148 3473 4219 cly-

1868 4246 2013 4306 peos,
2056 4236 2326 4306 pharetras
2366 4249 2415 4291 et
2458 4239 2556 4293 tela
2593 4241 2870 4313 projecisse
2909 4241 3076 4295 videri
3119 4248 3366 4310 possunt,
3412 4248 3472 4295 ut

1869 4330 2209 4387 Christianos
2247 4348 2369 4388 sese
2406 4333 2819 4403 proﬁterentur;
2859 4333 3127 4402 siquidem
3161 4333 3265 4389 hoc
3301 4350 3472 4404 genus

1869 4423 2145 4479 hominum
2175 4426 2236 4480 iis
2268 4428 2605 4496 potissimum
2636 4428 2967 4498 temporibus
3003 4428 3072 4482 ab
3104 4438 3307 4484 armata
3371 4431 3476 4485 mi-

1871 4514 1983 4569 litia
2014 4517 2361 4571 arcebantur.
2407 4517 2564 4572 Malui
2599 4518 2842 4587 ejusdem
2873 4528 3052 4575 tamen
3094 4521 3303 4592 antiqui
3342 4522 3480 4577 scri-

186 4603 321 4645 maso
345 4606 691 4665 usurpatam,
725 4597 877 4665 quasi
912 4614 1037 4651 vero
1066 4598 1240 4668 Magni
1268 4610 1323 4654 et
1354 4601 1568 4657 Maximi
1596 4621 1759 4660 unum
1789 4609 1844 4671 D
1870 4610 2040 4679 ptoris
2075 4610 2232 4664 ﬁdem
2259 4625 2379 4665 cum
2410 4609 2715 4681 Ciampinio
2747 4612 2823 4682 (ε)
2857 4613 3037 4681 sequi.
3066 4629 3229 4683 quam
3254 4616 3481 4671 Saraza»

187 4696 345 4751 esset,
395 4688 649 4758 idemque
699 4705 921 4746 nomen.
964 4693 1123 4747 Certe
1171 4695 1310 4764 apud
1362 4695 1418 4751 S.
1480 4696 1767 4754 Paulinum

192 4773 393 4834 Maximi
419 4782 666 4853 episcopi
713 4783 1152 4854 frequentissima
1185 4790 1389 4843 mentio
1429 4802 1549 4856 est,
1588 4791 1771 4862 Magni

190 4870 337 4926 nulla.
362 4874 441 4929 An
473 4876 605 4939 vero
630 4877 934 4932 versiculus
960 4879 1053 4934 ille
1089 4881 1389 4950 parietibus
1418 4881 1643 4939 Nolana:
1676 4901 1769 4942 ec-

192 4965 351 5021 clesia:
375 4970 500 5024 olim
555 4971 845 5041 inscriptus
900 4971 1092 5045 Magne
1139 4973 1518 5044 habuerit,an
1574 4977 1768 5047 Felix,

195 5060 353 5119 nullus
380 5082 521 5121 nunc
555 5066 782 5121 idoneus
810 5069 964 5123 testis
993 5068 1192 5125 docere
1239 5087 1339 5126 nos
1380 5082 1595 5143 potest,
1641 5089 1765 5130 cum

1876 4704 2049 4772 nium,
2080 4719 2143 4759 ac
2172 4704 2240 4759 de
2264 4704 2457 4761 iisdem
2484 4707 2815 4777 martyribus
2843 4721 3061 4762 carmen
3084 4698 3406 4777 inscribere.

1948 4795 2331 4864 Epitaphium,
2368 4798 2510 4868 quod
2544 4797 2810 4868 Eutychio
2836 4800 2886 4852 in
2920 4798 3133 4854 Callixti
3161 4801 3479 4856 cmmeterio

1875 4889 2096 4958 optimis
2122 4891 2532 4944 characterihus
2560 4892 2787 4946 incisum
2816 4892 3213 4973 literatuadhue
3235 4902 3485 4963 superest

1875 4982 2143 5053 integrum
2190 4983 2244 5037 in
2292 4983 2519 5038 ecclesia
2560 4984 2620 5040 S.
2666 4984 3017 5039 Sebastiani:
3065 4993 3120 5039 at
3162 4985 3292 5039 nihil
3335 4985 3484 5041 aliud

1876 5077 2002 5131 inde
2030 5078 2372 5149 colligimus,
2416 5090 2611 5149 praeter
2644 5080 2932 5134 maximam
2965 5081 3320 5149 iteratamque
3356 5095 3483 5135 cru-

196 5157 401 5225 amplius
444 5178 552 5215 non
603 5171 878 5233 appareat.
920 5162 1031 5218 Hac
1083 5174 1261 5220 tamen
1291 5165 1359 5221 de
1408 5181 1469 5222 re
1518 5166 1771 5226 dubitare

197 5249 332 5306 nobis
378 5255 534 5319 licet,
592 5255 861 5326 siquidem
906 5256 1194 5313 Ferrarius
1242 5257 1463 5315 Nolana:
1519 5262 1771 5318 ecclesiae

198 5348 461 5403 canonicus
493 5359 605 5403 tum
635 5365 731 5404 eos
760 5364 951 5406 versus
975 5352 1190 5418 recitat,
1214 5361 1273 5407 ut
1299 5350 1439 5423 apud
1473 5354 1766 5413 Barouium

199 5434 424 5507 impressi
452 5452 613 5510 sunt,
646 5451 758 5498 tum
790 5458 886 5497 eos
915 5443 981 5498 ad
1027 5444 1262 5505 Felicem
1310 5444 1477 5502 refert
1504 5450 1599 5523 (c);
1624 5450 1767 5520 quod

205 5528 249 5584 si
274 5538 470 5595 tandem
504 5556 594 5596 res
644 5543 715 5596 ita
747 5557 807 5597 se
851 5541 1072 5608 habuit,
1104 5557 1167 5598 ac
1194 5545 1321 5601 loco
1352 5544 1548 5603 Felicis
1581 5547 1769 5603 Eccle-

284 5697 313 5733 a
364 5683 480 5738 Vid.
509 5683 647 5738 Boll.
676 5684 743 5739 ad
771 5683 914 5739 diem
945 5684 1012 5738 14
1033 5682 1294 5741 Januarii.

284 5750 316 5822 [ὸ
364 5756 640 5826 Augusriu.
670 5771 756 5827 ep.
785 5755 877 5811 78.

284 5682 341 5897 [vi
367 5826 436 5885 De
463 5826 582 5883 Not.
604 5824 863 5896 Coemet.,
892 5844 944 5897 p.
971 5828 1061 5884 5A.

1873 5170 2117 5225 ciatuum
2148 5172 2258 5227 vim
2286 5214 2300 5237 ,
2337 5172 2689 5244 divinumque
2716 5174 2974 5245 martyris
3003 5173 3055 5228 in
3090 5174 3155 5228 iis
3187 5172 3488 5230 tolerandis

1871 5268 2255 5323 constantiam.
2287 5267 2469 5325 Aitate
2513 5269 2574 5325 S.
2603 5269 2849 5341 Gregorii
2892 5268 3130 5324 nondum
3173 5280 3390 5323 amotus
3418 5269 3489 5324 ab

1871 5376 1938 5418 eo
1965 5362 2086 5417 loco
2130 5362 2345 5431 fuerat,
2388 5372 2445 5419 et
2481 5364 2547 5418 ad
2591 5364 2869 5419 basilicam
2914 5361 3087 5418 sancti
3117 5361 3396 5417 Laurentii
3434 5362 3491 5418 in

1872 5456 1944 5513 Da
1953 5473 2103 5513 maso
2117 5459 2426 5522 translatus.
2444 5458 2708 5530 siquidem
2722 5474 2785 5512 ex
2800 5472 2956 5513 sacro
2972 5456 3087 5525 ejus
3100 5470 3331 5526 corpore
3348 5454 3494 5512 idem

1868 5551 2110 5623 pentilex
2137 5551 2319 5607 oleum
2346 5553 2492 5607 misit
2521 5551 2587 5607 ad
2614 5548 3039 5607 Theodelindam
3071 5550 3333 5620 reginam.

1949 5689 2033 5762 (ά)
2056 5689 2323 5765 Bemond.
2350 5690 2490 5746 Hist.
2512 5690 2745 5765 diﬁcia,
2773 5690 2875 5765 lib.
2902 5707 2963 5761 ιι,
2985 5704 3107 5763 cap.
3130 5693 3166 5748 4
3184 5698 3241 5749 et
3258 5706 3381 5765 cap.
3403 5691 3497 5750 26.

364 5756 645 5835 angustia;
670 5771 756 5827 ep.
785 5755 877 5811 78.
971 5828 1034 5835 __
1954 5753 2025 5834 (ei
2055 5761 2174 5819 Vet.
2208 5764 2377 5829 Mon.,
2404 5772 2537 5819 tom.
2564 5761 2629 5830 ll,
2661 5753 2783 5835 cap.
2818 5762 2912 5819 20.

277 5824 341 5897 (c)
367 5824 582 5885 De'Nol.
604 5824 863 5896 Coemet.,
892 5844 944 5901 p.
971 5828 1061 5884 5A.
