3950 6330
462 273 530 327 ΞΠ
539 273 570 324 .‘i

1663 267 1975 326 SANCTUS
2015 265 2334 324 DAMASUS
2373 267 2572 323 PAPA.
3612 277 3699 332 276

535 393 608 448 Χ.
647 391 916 449 'l‘harsicii
963 393 1280 465 martyrium
1326 393 1377 446 in
1420 391 1628 447 Adetiis
1679 387 2067 463 martyrolngio
2095 393 2149 456 Α
2176 389 2354 444 licium
2382 389 2436 443 id
2462 399 2618 456 antea
2648 397 2919 460 spectaret
2944 387 3056 460 (d);
3087 399 3138 442 at
3167 388 3298 444 forte
3323 403 3435 444 cum
3455 397 3705 450 necessitas

470 491 540 548 15
570 489 795 561 Augusti
827 488 1153 558 descriptum
1183 531 1197 555 ,
1238 495 1510 558 sumptum
1539 497 1622 541 est
1659 502 1686 541 a
1727 486 1958 540 Damaso
2001 500 2068 539 ex

468 584 619 640 Aetis
649 583 704 640 S.
729 582 990 653 Stephani
1034 597 1188 653 papze
1233 592 1284 637 et
1327 581 1611 653 martyris,
1660 597 1780 651 qtnc
1808 577 2072 634 Baronius

468 678 652 734 retulit
683 679 792 748 (a);
819 675 1016 732 lustra
1035 675 1183 730 enim
1213 677 1340 731 alibi
1363 677 1470 732 hoc
1493 690 1728 744 quaeras,
1757 683 1918 744 atque
1947 673 2072 728 hinc

469 771 623 826 vides
675 786 864 824 eorum
896 769 1266 839 antiquitatem
1308 769 1796 838 auctoritatemque
1817 807 1831 832 ,
1859 781 1978 837 qum
2007 766 2072 822 iis

462 861 670 919 accedit
699 877 764 918 ex
793 862 896 916 hoc
925 862 1196 927 carmine,
1226 861 1485 916 adversus
1516 861 1878 923 Pearsonum,
1909 858 2072 914 alios-

465 971 572 1027 que
603 955 808 1025 aliquot
838 955 1171 1009 morosiores
1220 964 1276 1010 et
1324 952 1658 1009 recentiores
1686 953 1907 1006 criticos
1975 949 2071 1006 sed

465 1049 536 1104 ab
565 1064 752 1103 eorum
786 1047 1010 1118 argutiis
1041 1045 1174 1102 Acta
1200 1048 1316 1115 ipsa
1349 1046 1621 1101 vindicant
1645 1043 1980 1100 Bollandiani
2004 1044 2071 1099 ad

462 1144 608 1200 diem
639 1143 674 1197 2
715 1142 976 1213 AuguSIi,
1028 1151 1188 1210 atque
1232 1141 1550 1214 Anonymus
1596 1143 1648 1194 in
1693 1140 2073 1194 dissertatione

461 1236 741 1292 Aveuione
769 1237 1030 1305 impressa
1063 1237 1163 1290 sub
1191 1234 1298 1291 hoc
1324 1237 1508 1290 titulo:
1543 1233 1840 1288 Authoritas
1863 1232 2072 1304 ponti/i-

465 1330 547 1384 cia
575 1330 841 1383 notissimo
878 1327 1128 1401 Cypriani
1153 1331 1294 1400 facta
1332 1330 1656 1400 impugnata,
1697 1325 1786 1382 sed
1815 1345 1847 1381 a
1887 1324 2075 1381 Gallia:

464 1422 714 1494 theologis
753 1422 1035 1477 vindicata.
1077 1420 1146 1476 At
1179 1438 1248 1477 ex
1279 1422 1386 1476 hoc
1413 1422 1603 1477 eodem
1646 1421 1886 1477 carmine
1921 1421 2074 1492 plura

464 1514 770 1584 colligimus
799 1532 811 1568 :
845 1514 1019 1584 primo
1047 1513 1256 1570 scilicet
1291 1517 1525 1586 viguisse
1552 1530 1612 1570 ea
1647 1523 1806 1569 aetate
1833 1512 2078 1583 discipli-

466 1625 592 1666 nam
628 1608 824 1664 Arcani
859 1609 976 1682 (b);
1009 1610 1274 1675 secundo,
1304 1609 1396 1664 diu
1430 1619 1554 1664 ante
1584 1609 1900 1663 Melchiadis
1941 1617 2075 1662 teta-

463 1712 576 1758 tem
627 1703 1005 1758 transmissum
1057 1703 1222 1758 fuisse
1262 1704 1516 1774 intelligis
1561 1705 1627 1758 ad
1670 1704 1927 1760 ecclesias
1971 1705 2075 1774 rer-

2173 481 2393 538 fecisset
2418 485 2566 554 prius
2593 525 2606 548 ,
2639 490 2700 537 ut
2723 481 2956 553 acolytlti
2988 482 3328 536 diaconorum
3357 482 3520 538 ofﬁcio
3545 485 3702 556 iunge-

2175 585 2388 640 rentur,
2440 585 2603 644 atque
2635 574 2685 628 id
2729 574 2898 630 semel
2945 583 3104 645 atque
3146 575 3327 628 iterum
3358 591 3446 628 usu
3474 589 3706 648 receptum

2176 669 2386 738 fuisset,
2413 669 2467 724 in
2493 669 2667 740 legem
2698 675 2974 739 postremo
2999 667 3102 722 hoc
3128 667 3291 735 ipsum
3313 667 3434 722 abiit
3453 665 3730 742 Innocentii

2176 775 2369 820 aitate:
2398 762 2662 834 suspicari
2692 773 2867 816 tamen
2896 761 3033 816 forte
3064 759 3183 830 quis
3205 769 3405 830 posset,
3435 761 3562 815 hunc
3587 777 3710 815 eum-

2177 859 2298 914 dem
2323 855 2660 912 Tharsicium
2685 855 2974 909 diaconum
3001 856 3195 919 luisse;
3219 851 3468 921 siquidem
3489 851 3711 908 Damasus

2177 951 2326 1008 illum
2357 950 2633 1021 Stephano
2661 957 2968 1019 comparat,
3018 957 3180 1017 atque
3211 946 3474 1017 utriusque
3501 947 3711 1002 meritum

2179 1044 2295 1116 pari
2322 1043 2441 1100 loco
2470 1041 2667 1107 habet,
2703 1041 2842 1112 quod
2877 1040 3118 1111 profecto
3152 1051 3258 1094 tttm
3290 1039 3520 1112 martyrii
3542 1055 3714 1109 genus,

2177 1149 2286 1194 ttnu
2340 1138 2503 1193 etiam
2548 1135 2974 1192 ecclesiasticum
3016 1133 3258 1206 gradum,
3301 1149 3361 1189 ac
3403 1133 3715 1190 ministerium

2177 1233 2421 1304 respicit.
2493 1221 2498 1226 ’

2249 1327 2342 1384 XI.
2387 1327 2523 1396 Duo,
2547 1343 2668 1398 quae
2695 1335 3017 1396 sequuntur,
3050 1325 3286 1381 carmina
3305 1365 3320 1390 ,
3347 1321 3526 1379 beatos
3550 1329 3719 1393 marty-

2179 1441 2269 1483 res
2301 1425 2518 1481 Petrum
2559 1437 2615 1480 et.
2643 1423 3013 1481 Marcellinum
3036 1465 3051 1489 ,
3093 1437 3156 1477 ac
3180 1419 3496 1492 Gargonium
3521 1417 3722 1488 comple-

2179 1529 2418 1576 ctuntur.
2453 1520 2526 1574 De
2557 1519 2718 1573 Petro
2747 1527 2802 1573 et
2830 1517 3137 1572 Marcellino
3164 1515 3295 1570 nihil
3327 1514 3542 1570 occurrit
3570 1512 3723 1567 dicen-

2181 1615 2308 1670 dum
2335 1656 2349 1680 ,
2388 1613 2650 1685 siquidem
2676 1627 2863 1668 eorum
2891 1655 2906 1679 ,
2936 1629 3054 1682 quae
3088 1617 3378 1684 Supersunt
3410 1609 3538 1665 Acta
3565 1626 3590 1664 a
3617 1609 3723 1665 clar.

2181 1708 2487 1764 Mazoccliio
2515 1707 2582 1762 ad
2621 1706 2766 1762 diem
2799 1707 2858 1761 ll
2888 1706 3032 1762 Junii
3074 1705 3303 1762 eruditis
3335 1701 3729 1759 annotatiOnibus

466 1809 693 1856 mentum
716 1840 730 1862 ,
772 1814 880 1867 quo
912 1799 1132 1854 nomine
1167 1799 1279 1868 jam
1313 1800 1514 1870 liquet,
1545 1812 1981 1856 consecratarum
2009 1801 2075 1854 ab
2105 1797 2154 1858 B
2182 1802 2470 1862 illustrata,
2522 1801 2738 1872 egregie
2783 1797 2886 1855 hoc
2928 1803 3322 1872 epigrammate
3363 1795 3726 1852 conﬁrmantur.

468 1897 728 1964 episcopo
777 1892 1114 1948 oblationum
1165 1903 1368 1962 partem
1415 1894 1679 1963 exprimi,
1729 1893 2078 1964 quamobrem

467 2002 590 2042 cum
623 1985 940 2041 Anastasius
970 1986 1324 2043 Melchiadem
1360 1989 1533 2057 ipsum
1565 1988 1749 2060 fecisse
1775 1988 1988 2055 scribit,
2021 1998 2081 2045 ut

467 2082 750 2136 oblationes
792 2093 1106 2137 consecrata:
1133 2099 1223 2153 per
1249 2083 1492 2137 ecclesias
1529 2099 1592 2137 ex
1629 2094 1931 2138 consecrata
1971 2084 2079 2155 epi-

468 2175 613 2246 seOpi
637 2176 1010 2246 dirigerentur,
1042 2176 1186 2231 aliud
1213 2177 1345 2232 nihil
1378 2180 1633 2248 exprimit
1660 2220 1674 2243 ,
1701 2195 1860 2250 quam
1893 2194 1959 2235 eo
1986 2196 2080 2234 au-

471 2279 623 2325 ctore
650 2283 714 2325 ac
736 2270 987 2340 pontilice
1016 2271 1214 2326 factum
1242 2315 1255 2338 ,
1286 2283 1344 2327 ut
1375 2273 1442 2328 ad
1481 2273 1845 2329 intermissam
1879 2290 2082 2346 pra'ce-

469 2361 714 2417 dentium
773 2365 1212 2435 persecutionum
1250 2359 1521 2440 'tempore
1577 2369 2076 2438 consuetudinem,

473 2459 740 2513 restitutis
783 2458 894 2528 jam
945 2459 1095 2514 clero
1148 2461 1320 2516 sacris
1364 2463 1464 2515 sub
1505 2461 1778 2516 Maxentio
1819 2463 2078 2530 basilicis,

469 2548 678 2604 reditus
709 2549 894 2604 ﬁeret:
927 2554 1109 2618 tertio,
1129 2552 1282 2608 vides
1304 2552 1607 2623 fermentum
1636 2554 1811 2624 ipsum
1838 2553 1904 2608 ad
1933 2554 2078 2609 basi-

471 2640 604 2696 licas
626 2645 786 2697 etiam
820 2657 1230 2699 extramuranas
1255 2646 1473 2700 allatunt
1496 2689 1510 2714 ,
1556 2647 1821 2718 siquidem
1852 2647 2072 2703 Tharsi-

474 2734 589 2788 cius
620 2744 772 2788 extra
805 2736 992 2791 urbem
1021 2749 1337 2793 sacramenta
1359 2755 1557 2811 gerens,
1592 2740 1966 2810 deprehensus
1997 2753 2080 2798 est

476 2838 530 2884 et
561 2829 830 2901 lapidibus
859 2831 1105 2886 obrutus.
1138 2833 1219 2888 An
1256 2847 1384 2888 vero
1409 2834 1653 2889 dicamus
1679 2877 1694 2903 ,
1740 2835 1842 2892 hoc
1877 2837 2076 2893 factum

478 2937 578 2993 pro
605 2933 824 2992 recepto
851 2939 1024 2987 more,
1055 2939 1123 2979 an
1155 2941 1284 2981 vero
1313 2926 1382 2981 ob
1414 2929 1803 2997 persecutionis-
1832 2945 2076 2999 cauSam,

471 3034 574 3088 qua
608 3017 838 3073 durante
870 3018 1020 3089 plura
1053 3019 1306 3087 licebant,
1343 3038 1462 3092 quze
1494 3039 1624 3093 pace
1651 3022 1912 3080 Ecclesia:
1940 3025 2066 3080 red-

475 3109 588 3165 dita
629 3125 734 3165 non
775 3113 1271 3181 permittebantur?
1312 3111 1572 3186 Equidem
1601 3128 1730 3187 puto
1768 3117 2075 3188 fermentum

476 3205 543 3260 ad
596 3207 944 3278 presbyteros
975 3207 1136 3263 etiam
1169 3212 1221 3262 in
1261 3210 1591 3284 ctemeteriis
1627 3213 1988 3278 excubantes,
2025 3223 2080 3267 ct

479 3297 820 3354 suburbanas
871 3299 1130 3354 ecclesias
1185 3300 1660 3370 administrantes,
1715 3321 1814 3376 pro
1860 3317 2081 3374 recepto

478 3393 908 3462 coulirmatoque
938 3409 1088 3448 more
1113 3395 1520 3452 transmissum.
1555 3397 1847 3454 Enimvero
1874 3400 1918 3453 si
1948 3397 2083 3452 Mcl-

480 3486 692 3540 chiadis
728 3497 782 3541 et
823 3485 1003 3541 Siricii
1037 3488 1259 3542 decreto
1290 3506 1394 3544 non
1419 3491 1653 3558 licebat,
1688 3491 1957 3562 cujuslibet
1983 3491 2082 3544 loci

483 3579 778 3649 presbytero
805 3581 990 3633 missas
1023 3598 1113 3650 per
1139 3582 1510 3635 hebdomadam
1536 3583 1810 3650 celebrare,
1849 3599 1954 3637 non
1987 3599 2081 3637 ac-

478 3681 638 3737 cepto
667 3673 818 3742 prius
856 3664 1125 3726 fermento
1150 3673 1390 3743 episcopi
1415 3692 1429 3740 ;
1471 3675 1572 3729 nisi
1601 3677 1721 3746 quis
1750 3675 2040 3730 contendat
2066 3717 2080 3741 ,

481 3763 536 3818 iu
565 3764 893 3818 etnmeteriis
925 3780 1032 3819 non
1065 3766 1303 3836 potuisse
1338 3781 1490 3822 sacra
1523 3768 1637 3824 ﬁeri
1667 3811 1680 3835 ,
1732 3768 1877 3840 quod
1923 3783 2084 3824 nemo

479 3853 930 3920 dixerit,necessc
951 3866 1120 3928 est,ut
1142 3875 1264 3913 cum
1289 3859 1506 3918 clariss.
1531 3873 1694 3933 atque
1717 3863 2084 3918 eruditissimo

483 3949 726 4007 Bottario
754 3951 1022 4007 fateamur
1043 3995 1057 4020 ,
1089 3953 1216 4008 illud
1249 3954 1313 4008 ad
1341 3957 1657 4012 eorumdeni
1690 3959 1852 4013 etiam
1883 3974 2086 4014 coeme-

483 4047 744 4100 teriorum
773 4045 1118 4117 presbyteros
1147 4045 1310 4102 fuisse
1335 4047 1578 4116 missum,
1615 4066 1711 4120 per
1737 4049 1879 4120 quod
1912 4050 1974 4104 iis
2001 4066 2090 4106 sa-

483 4151 574 4191 cra
605 4136 782 4193 facere
811 4136 1010 4193 licebat
1045 4138 1140 4212 (c).
1173 4139 1412 4194 Accedat
1451 4143 1732 4212 pontilices
1762 4157 2001 4198 summos
2033 4145 2086 4199 in

483 4231 816 4286 cosmeteriis
843 4232 977 4302 ipsis
1001 4274 1016 4300 ,
1049 4243 1104 4287 et
1147 4232 1212 4287 ad
1255 4236 1548 4290 memorias
1575 4244 1872 4309 martyrum
1903 4249 2088 4292 sacras

2183 1895 2338 1965 Quod
2364 1894 2429 1949 ad
2459 1894 2791 1964 Gorgottiutu
2820 1894 3010 1948 attinet
3035 1933 3051 1960 ,
3095 1892 3308 1948 dubitat
3337 1887 3652 1944 Florentinus
3676 1884 3728 1940 ad

2183 1991 2326 2046 diem
2355 1991 2387 2046 9
2412 1989 2775 2060 Septembris,
2799 2003 2865 2043 au
2899 1989 2987 2043 hic
3019 1987 3160 2042 idem
3190 1995 3351 2056 atque
3379 1983 3470 2039 ille
3494 1983 3578 2045 sit,
3597 1994 3728 2050 quem

2182 2082 2508 2139 Nicomediae
2525 2097 2649 2136 cum
2671 2081 2943 2136 Durutheo
2964 2095 3180 2150 passum
3203 2075 3464 2134 Eusebius
3478 2084 3638 2130 narrat
3654 2071 3728 2143 (ε).

2183 2178 2258 2232 Ita
2288 2177 2432 2231 eniut
2464 2176 2706 2246 plerique
2731 2172 2960 2232 censent
2979 2218 2996 2242 ,
3025 2174 3225 2244 quibus
3254 2169 3478 2228 Romani
3506 2175 3734 2239 martyru-

2183 2268 2311 2340 logii
2343 2277 2398 2323 et
2428 2267 2633 2323 Adonis
2658 2269 3028 2322 testimonium
3064 2267 3242 2337 prmit.
3287 2259 3603 2319 Bullandiani
3627 2270 3732 2312 vero

2183 2363 2250 2417 ad
2277 2363 2420 2417 diem
2451 2361 2518 2416 η
2549 2361 2724 2416 Martii
2753 2359 3102 2431 gravissimas
3124 2358 3366 2412 rationes
3390 2353 3633 2417 afferunt,
3658 2365 3734 2406 cur

2182 2463 2367 2510 noster
2411 2454 2550 2508 alius
2595 2455 2663 2508 ab
2721 2454 2817 2509 illo
2865 2453 3174 2522 Gorgonius
3199 2451 3290 2506 sit.
3329 2449 3586 2505 Fuldeuse
3613 2453 3734 2500 certe

2183 2549 2626 2622 martyrologium
2650 2547 2787 2603 duos
2815 2547 3140 2618 Gorgonius,
3177 2547 3406 2601 alterunt
3429 2539 3744 2620 Nicomediae,

2181 2644 2410 2698 alterum
2441 2642 2627 2697 Romae
2671 2655 2886 2712 passum
2919 2643 3106 2698 statuit
3149 2643 3253 2712 (ι’),
3305 2649 3462 2709 atque
3497 2637 3612 2691 huic
3635 2649 3737 2688 sen-

2181 2737 2363 2792 tentia:
2389 2735 2650 2790 Damasus
2673 2735 2853 2790 favere
2877 2736 3108 2802 videtur,
3135 2734 3404 2804 siquidem
3425 2731 3589 2785 beatos
3607 2728 3737 2790 alios.

2179 2845 2304 2898 quos
2341 2830 2509 2884 uicina
2553 2831 2608 2882 in
2644 2829 2763 2884 sede
2801 2828 3034 2883 habitare
3063 2829 3167 2892 ait,
3201 2843 3326 2884 cum
3357 2826 3541 2883 eodem
3573 2820 3740 2892 pariter

2179 2922 2456 2993 Gorgottio
2482 2939 2698 2993 passos,
2734 2938 2799 2979 ac
2820 2939 2942 2978 cum
2975 2922 3166 2977 eodem
3192 2965 3204 2985 ,
3241 2930 3301 2977 ut
3327 2922 3446 2976 loco
3468 2962 3482 2987 ,
3507 2917 3581 2973 sic
3603 2914 3739 2971 etiam

2180 3019 2442 3089 martyrio
2471 3017 2790 3088 eonjunctns
2836 3015 3002 3072 fuisse
3043 3016 3243 3071 innuit.
3287 3014 3514 3083 Quinam
3539 3023 3654 3065 vero
3681 3004 3742 3060 illi

2181 3111 2400 3177 iuerint,
2429 3112 2655 3167 dil‘llcile
2685 3111 2994 3167 estdicere.
3028 3109 3234 3166 Nomia
3267 3111 3336 3164 ab
3359 3105 3602 3165 Exkardo
3624 3101 3744 3158 edita

2107 3190 2152 3254 (ἶ
2183 3205 2322 3275 apud
2368 3203 2658 3274 Georgium
2701 3207 2818 3258 lucc
2860 3203 3054 3259 habet:
3099 3201 3184 3256 lbi
3213 3203 3382 3258 sancti
3405 3201 3490 3255 isti
3521 3195 3745 3252 dormiunt

2186 3299 2375 3354 Petrus
2396 3342 2411 3367 ,
2443 3299 2820 3364 Marcellinus,
2861 3299 3027 3354 sancti
3061 3315 3169 3354 xxx
3200 3299 3427 3364 milites,
3460 3292 3746 3366 Gorgonius,

2185 3392 2459 3460 Geminus,
2498 3404 2631 3459 etc.,
2658 3408 2796 3464 quos
2814 3395 2974 3448 etiam
3009 3393 3455 3448 Melesburiensis
3483 3391 3746 3444 memorat,

2185 3504 2246 3544 ac
2276 3488 2340 3542 iis
2370 3504 2475 3542 non
2505 3487 2653 3558 longe
2691 3487 2886 3558 positos
2913 3496 3116 3539 sanctos
3143 3496 3368 3546 quatuor
3395 3490 3650 3538 coronatos
3674 3475 3751 3529 ad-

2185 3584 2280 3637 dit.
2339 3582 2448 3636 llus
2479 3581 2643 3636 etiam
2695 3596 2809 3634 xxx
2851 3581 3050 3634 milites
3101 3579 3184 3634 via
3234 3579 3500 3634 Lavicana
3546 3573 3606 3628 ad
3642 3571 3752 3624 duas

2187 3677 2371 3730 lauros
2405 3690 2506 3728 una
2539 3675 2628 3728 die
2669 3674 2772 3728 sub
2813 3673 3147 3729 Diocletiano
3184 3683 3483 3728 coronatos
3524 3669 3754 3725 memorat

2188 3769 2663 3840 llierouymianum
2698 3766 3171 3838 martyrologiutn,
3203 3767 3270 3820 ad
3303 3767 3447 3821 diem
3469 3763 3539 3819 '32
3565 3763 3755 3817 Decem-

2187 3862 2299 3918 bris
2324 3903 2338 3927 ,
2385 3876 2520 3932 quos
2553 3875 2744 3915 omnes
2783 3861 2921 3915 forte
2955 3859 3222 3914 Damasus
3255 3859 3451 3915 eodem
3493 3858 3607 3912 loco
3629 3851 3756 3924 quic-

2187 3968 2400 4015 scentes
2428 3957 2714 4028 designare
2742 3959 2937 4028 potuit.
2984 3955 3436 4026 leonngrapltiam
3485 3947 3756 4022 superioris

2186 4061 2242 4109 et
2278 4052 2548 4107 inferioris
2587 4050 2886 4106 cmmeterii
2931 4049 3028 4106 SS.
3073 4048 3221 4104 Petri
3261 4059 3317 4105 et
3357 4044 3638 4104 Marcellini
3675 4041 3758 4096 ilco

2187 4162 2307 4202 rum
2351 4145 2522 4200 edidit
2564 4145 2635 4200 cl.
2681 4142 2948 4198 Bottarins
2989 4142 3270 4198 Vaticana:
3312 4142 3649 4198 bibliotheca:
3679 4149 3757 4187 cu-

2189 4252 2306 4298 stos
2353 4239 2455 4312 (g),
2509 4241 2560 4294 iu
2607 4254 2780 4311 eaque
2825 4238 3137 4294 cubiculum
3161 4244 3546 4309 repraesentat,
3590 4234 3638 4288 in
3675 4241 3760 4300 quo

2191 4333 2448 4390 Dominus
2467 4332 2624 4388 Jesus
2653 4330 2864 4388 medius
2893 4331 3046 4386 sedet
3076 4331 3218 4386 inter
3244 4331 3465 4387 Petrqu
3496 4337 3549 4384 et
3571 4324 3759 4381 Paulum

485 4337 632 4391 saepe
661 4324 913 4379 habuisse
941 4339 1174 4397 synaxes
1206 4327 1600 4396 :quamobrem
1639 4328 1683 4382 si
1725 4338 1850 4384 tunc
1887 4343 1916 4382 a
1963 4329 2090 4383 sub-

487 4414 710 4469 urbanis
750 4418 997 4472 ecclesiis
1037 4417 1105 4472 ad
1143 4417 1377 4474 urbanas
1407 4419 1730 4476 fermentum
1759 4422 1897 4478 mitti
1929 4435 2090 4494 opor-
2191 4427 2466 4496 apostolos
2497 4433 2732 4492 stantes,
2762 4423 2862 4478 sub
2894 4421 3027 4493 ipsis
3056 4438 3186 4478 vero
3215 4422 3542 4495 Gorgonius,
3571 4417 3761 4478 Petrus,

489 4508 587 4560 tuit
609 4548 624 4574 ,
659 4508 792 4563 nihil
822 4510 1045 4580 impedit
1069 4514 1354 4582 quominus
1382 4516 1448 4569 ab
1475 4515 1695 4571 urbanis
1724 4517 1790 4571 ad
1823 4518 2090 4573 suburba-
2117 4579 2154 4587 μ
2199 4517 2529 4574 Marcellinus
2550 4558 2564 4584 ,
2619 4515 2887 4572 Tiburtius
2911 4558 2925 4583 ,
2973 4517 3251 4587 expressis
3303 4515 3610 4572 nominibus
3652 4503 3766 4564 indi-

487 4613 585 4652 nas
613 4601 767 4654 Statis
795 4600 986 4656 diebus
1017 4607 1496 4662 transmitteretur.
1538 4607 1690 4676 Quod
1723 4610 1902 4680 itaque
1935 4609 2092 4665 Inno-
2115 4579 2168 4644 Β
2195 4623 2406 4670 cantur.

487 4696 700 4751 centius
728 4698 803 4751 ait
827 4699 880 4752 in
907 4699 1131 4768 epistola
1161 4701 1226 4754 ad
1259 4701 1570 4756 Decentium
1597 4703 1959 4774 Ettgubinum,
1988 4723 2090 4760 non
2269 4705 2384 4764 ΧΠ.
2448 4707 2525 4762 Ex
2571 4703 2833 4763 Priscillae
2890 4691 3207 4762 cremeterio
3257 4717 3586 4776 quamquam
3624 4695 3767 4754 multa

487 4799 674 4859 putare
699 4806 771 4857 se,
804 4801 858 4845 ut
893 4795 1197 4861 fermentum
1222 4811 1312 4862 per
1339 4794 1617 4863 parochias
1638 4799 1946 4864 mitteretur,
1969 4803 2090 4870 quia
2199 4805 2459 4876 perierint
2481 4843 2496 4869 ,
2531 4801 2680 4872 plura
2707 4809 2886 4856 tamen
2913 4843 2928 4869 ,
2958 4816 3116 4869 quam
3146 4817 3212 4854 ex
3243 4800 3369 4855 aliis
3394 4843 3408 4866 ,
3439 4794 3642 4853 Damasi
3671 4804 3769 4846 car-

488 4900 592 4937 non
629 4882 778 4956 longe
806 4886 1062 4954 portanda
1099 4897 1215 4941 sunt
1252 4901 1606 4958 sacramenta,
1643 4893 1722 4948 vir
1753 4895 2090 4952 clarissimus
2199 4899 2340 4952 mina
2373 4895 2610 4951 tulerunt
2637 4904 2872 4949 aetatem.
2920 4892 3112 4947 Adhuc
3143 4892 3286 4948 enim
3316 4895 3641 4962 supersunt,
3671 4894 3770 4952 qua)

487 4974 658 5030 refert
685 4977 751 5030 ad
776 4980 946 5048 legem
974 4978 1209 5049 aliquam
1245 4992 1372 5037 tunc
1393 4983 1462 5038 ab
1488 5000 1553 5039 eo
1586 4985 1839 5056 pontiﬁce
1865 4988 2086 5057 editam,

485 5085 589 5138 qua
609 5069 910 5140 juberetur,
936 5087 1003 5126 ne
1027 5074 1127 5127 line
1149 5073 1404 5143 deinceps
1428 5080 1611 5134 lieret:
1637 5096 1798 5151 quem
1825 5093 2086 5152 prmterea

488 5164 838 5235 presbyteros
862 5207 876 5228 ,
926 5166 1016 5236 qui
1046 5182 1140 5236 per
1171 5173 1483 5226 ctemeteria
1516 5185 1801 5230 manerent
1826 5218 1840 5241 ,
1887 5178 2090 5232 consti-

488 5258 679 5324 tuisse,
711 5269 873 5329 atquc
906 5259 971 5313 iis
1001 5260 1464 5319 conliciendorum
1495 5275 1955 5324 sacramentorum
1984 5273 2091 5340 pri-

487 5365 636 5405 mum
668 5355 875 5422 copiam
909 5351 1102 5409 fecisse
1131 5363 1337 5411 censet.
1375 5356 1535 5413 Vides
1561 5372 1755 5431 quarto
1783 5361 2090 5432 fermentum

488 5444 666 5514 ipsum
707 5448 774 5502 ab
805 5447 1061 5522 acolytlto
1088 5449 1350 5518 delatum,
1381 5463 1506 5508 cutn
1534 5453 1602 5509 ad
1624 5453 1976 5514 diaconorum
2007 5457 2090 5514 of-

584 5608 639 5698 ‘9.
663 5609 1095 5698 é.‘.‘.“".."-.’?°L
1170 5684 1186 5698 .
1248 5682 1312 5698 ...

589 5681 642 5763 ιιι)
668 5681 793 5763 yid.
824 5681 1122 5763 selielestr.
1154 5684 1221 5741 de
1248 5682 1396 5763 Di_.s_c.
1425 5697 1714 5763 arc._,_cap.
1737 5685 1792 5761 7,
1822 5687 1850 5763 ᾗ
1879 5690 1936 5746 5.

563 5755 636 5827 (c)
661 5753 824 5827 Bom.
857 5755 1074 5811 Subter.
1097 5797 1113 5822 ,
1147 5768 1279 5812 tum.
1310 5758 1377 5817 ll.
1405 5773 1459 5827 p.
1487 5758 1610 5816 M6.

549 5826 630 5904 (tl)
651 5826 847 5887 Justin.
880 5828 1028 5902 apol.
1059 5845 1100 5900 ι,
1128 5843 1183 5890 tt.
1209 5832 1302 5903 65,
1327 5826 1418 5905 67ῥ
1449 5832 1578 5894 edit.
1605 5833 1715 5897 BB.

2194 4989 2450 5054 Marcelli,
2470 4985 3000 5059 Prothi,llyacinthi,
3026 4985 3328 5048 Saturnini,
3356 4985 3523 5042 Mauri
3545 4997 3606 5038 ac
3621 4979 3772 5047 Chry-

2192 5079 2372 5135 santlti
2400 5091 2450 5134 et
2499 5077 2670 5150 Dacia:
2697 5079 2960 5148 sepulcris
2993 5077 3248 5147 inscripta
3284 5077 3528 5134 fuerunt.
3563 5077 3626 5127 At
3649 5063 3771 5140 quod

2191 5179 2258 5232 de
2279 5176 2623 5247 Cltrysautho
2645 5184 2700 5230 et
2724 5175 2877 5228 Daria
2895 5173 3230 5238 inscribitur,
3257 5189 3384 5228 cum
3399 5188 3469 5227 ex
3488 5162 3772 5244 apographo

2193 5273 2489 5326 oscitanter
2517 5269 2851 5338 exscriptum
2884 5267 3015 5324 olim
3050 5268 3243 5336 fuerit,
3289 5267 3503 5322 medica
3535 5278 3684 5319 manu
3707 5257 3775 5311 in-

2191 5363 2361 5437 diget,
2391 5380 2548 5435 quam
2572 5361 2895 5418 Sarazauius
2918 5359 3199 5433 applicuit,
3222 5375 3312 5427 ac,
3332 5371 3393 5416 ut
3421 5373 3565 5415 nunc
3581 5355 3774 5428 legitur,

2193 5476 2261 5516 ex
2291 5459 2440 5515 Actis
2468 5455 2787 5514 eorumdem
2815 5467 3137 5528 martyrum,
3169 5463 3222 5510 et
3247 5468 3318 5509 ex
3343 5450 3609 5525 Gregorio
3629 5445 3779 5502 Turo—

2273 5617 2350 5683 (ε)
2378 5618 2496 5673 Lib.
2531 5633 2645 5679 vnt.
2679 5617 2745 5676 ll.
2777 5617 2869 5685 E.,
2899 5632 3021 5688 cap.
3057 5617 3111 5674 6.

2264 5690 2339 5836 éf)
2372 5690 2492 5746 Vid.
2533 5690 2728 5760 Georg.
2777 5683 3032 5746 ad'Mart.
3066 5688 3197 5761 Ad.,
3227 5685 3261 5749 9
3290 5683 3653 5769 Septembris»

2289 5763 2344 5836 g)
2373 5763 2527 5819 Tom.
2555 5779 2592 5828 ι,
2622 5767 2730 5827 tab.
2763 5764 2820 5820 4.

2289 5763 2344 5837 g)
2373 5763 2527 5819 Tom.
2555 5779 2592 5828 ι,
2622 5767 2730 5827 tab.
2763 5764 2820 5820 4.
