3950 6330
185 317 271 370 277
1520 301 1737 360 PRULE

1852 301 2059 359 MENA.

3342 308 3447 362 273

182 432 311 490 nensi
337 428 579 485 illustrari
606 436 823 500 oportet
852 426 928 500 (a)
957 442 971 493 ;
1008 424 1276 497 siquidem
1322 438 1387 480 ex
1421 422 1487 478 iis
1511 418 1738 491 intelligi
1766 427 1814 487 Α
1843 433 1931 473 mo
1959 419 2282 489 projectam,
2320 430 2429 475 ltlm
2461 438 2491 476 a
2522 419 2750 501 Numine
2778 432 3051 478 servatam
3076 422 3323 487 illaesant,
3354 439 3448 493 po-

180 527 329 589 datur,
347 538 435 578 cur
453 535 641 577 eorum
661 530 975 576 sanctorum
998 518 1287 583 tumulum,
1310 514 1629 572 idololatrim
1650 515 1735 585 fu-

180 619 310 674 rentis
332 615 548 689 prmium
573 614 834 670 Damasus
864 613 1032 669 fuisse
1058 612 1201 668 dicat
1233 631 1245 665 :
1274 612 1369 666 illo
1395 610 1621 678 scilicet,
1656 608 1737 663 fu-

176 713 295 767 riosa
316 708 644 762 ethnicorum
669 721 851 771 manu,
877 706 965 777 qui
998 705 1064 759 ad
1087 703 1455 761 cmmeterium
1474 701 1735 757 adversus

174 800 474 859 Christianos
497 799 892 865 confluxerant,
916 798 1147 870 disjecto
1163 798 1374 867 penitus
1409 810 1729 866 eversoque,

173 905 433 966 cryptaque
460 894 681 962 insuper
712 894 927 949 occlusa
974 891 1244 962 lapidibus
1284 902 1535 961 terraque
1574 906 1737 961 agge-

172 998 255 1043 sta.
292 986 354 1040 At
394 998 513 1056 post
545 985 808 1041 redditam
838 985 1098 1041 Ecclesia:
1129 999 1315 1055 pacem
1339 1026 1352 1049 ,
1386 984 1509 1037 loco
1540 982 1733 1038 eodem

173 1081 379 1151 pristina:
421 1079 671 1150 religioni
720 1079 997 1144 restituto,
1035 1077 1300 1132 Damasus
1340 1076 1455 1130 hcce
1494 1078 1735 1131 carmina

172 1183 260 1225 tum
285 1169 584 1241 inscripsit,
610 1179 721 1225 tum
755 1183 1014 1241 praeterea
1042 1170 1242 1240 aliquid
1270 1171 1393 1223 novi
1423 1170 1606 1238 operis
1639 1184 1735 1223 sua

172 1267 379 1335 impensa
425 1264 657 1331 addidit,
692 1264 783 1336 qui
809 1265 878 1320 ob
903 1281 1020 1319 eam
1045 1278 1285 1328 causam,
1316 1275 1465 1333 puto,
1488 1262 1589 1317 sub
1608 1279 1737 1333 pau-

170 1360 279 1430 peris
304 1358 662 1427 appellatione
690 1371 749 1413 se
779 1357 919 1411 haud
948 1356 1219 1411 immerito
1241 1354 1561 1424 designavit.

223 1449 346 1507 XIII.
376 1452 606 1506 Carmen
637 1450 703 1505 de
740 1450 797 1507 S.
834 1453 1041 1520 Agnete
1077 1465 1197 1503 cnm
1241 1448 1538 1520 archetypo
1569 1447 1739 1501 colla-

168 1554 276 1611 tum,
302 1552 456 1614 atque
486 1544 835 1600 emendatum
867 1542 993 1599 dedi
1020 1562 1032 1597 :
1065 1542 1294 1612 lapidem
1318 1544 1487 1609 enim,
1514 1542 1598 1595 cui
1629 1540 1739 1609 pri-

166 1636 264 1691 dem
304 1635 525 1706 optimis
563 1635 969 1692 eharacteribus
1001 1636 1322 1705 insculptum
1364 1634 1558 1698 fuerat,
1612 1649 1737 1705 pro-

162 1734 330 1803 jectum
358 1733 466 1803 jam
497 1733 899 1803 disjectumque
941 1747 1049 1788 non
1092 1731 1277 1786 multis
1302 1732 1370 1786 ab
1401 1729 1529 1785 hinc
1555 1730 1735 1798 annis,

1838 524 2045 567 stremo
2086 512 2268 583 gladio
2306 513 2603 584 jugulatam
2654 525 2924 571 asserunt.
2966 514 3081 571 Hoc
3118 518 3301 572 verius
3326 530 3447 572 esse

1840 605 2101 662 Damasus
2131 608 2231 662 hoc
2259 609 2526 663 versiculo
2555 623 2660 664 non
2686 610 2914 665 obscure
2942 610 3121 665 innuit
3146 629 3157 665 :

1934 700 2096 751 Urere
2123 715 2233 752 cum
2258 702 2466 752 flammis
2488 702 2724 754 voluisset
2747 703 2913 753 nobile
2938 716 3133 767 corpus.

1838 794 2113 867 Siquidem
2144 796 2269 850 hinc
2301 797 2490 866 liquet.
2525 797 2765 866 iniquum
2806 798 3042 868 judicem
3074 798 3294 854 voluisse
3331 800 3452 869 qni-

1838 890 1985 956 dem,
2024 890 2119 947 sed
2168 906 2510 961 nequaquam
2544 891 2763 947 efficere
2806 892 3069 962 potuisse,
3114 893 3256 963 quod
3288 895 3451 949 voluit

1846 993 1901 1037 ttt
1946 1000 2052 1038 non
2088 1001 2253 1054 parva
2299 985 2501 1048 latinis,
2534 1001 2653 1054 qua:
2682 986 3158 1055 circumferuntur,
3190 986 3339 1043 Artis
3381 1004 3447 1043 ex

1846 1076 1949 1131 hoc
1978 1078 2221 1131 carmine
2250 1080 2550 1131 auctoritas
2591 1077 2831 1131 accedat.
2869 1078 3004 1132 llinc
3042 1080 3221 1147 Agnes
3272 1080 3447 1133 media

1842 1169 2061 1224 Petrum
2090 1169 2230 1223 inter
2277 1181 2327 1224 et
2362 1169 2583 1224 Paulum
2622 1172 2917 1239 apostolos.
2955 1171 3275 1242 ﬂammaque
3306 1175 3448 1228 circa

1840 1264 2011 1333 ipsam
2044 1280 2397 1320 succre~cens
2426 1281 2491 1319 ex
2530 1265 2845 1320 cmmeterio
2880 1266 3131 1320 Pontiani
3161 1267 3453 1322 exhibetur

1840 1358 1891 1413 in
1923 1358 2091 1412 veteri
2118 1358 2421 1428 fragmento
2448 1373 2474 1410 a
2504 1356 2826 1411 Bonarrotio
2857 1357 3128 1413 illustran
3161 1358 3258 1431 (ε).
3290 1369 3451 1428 atque

1840 1449 1892 1505 id
1933 1461 2194 1519 przeterea
2229 1451 2553 1504 confirmant
2584 1457 2799 1504 veteres
2838 1451 2955 1519 ejus
3006 1451 3244 1505 basilica:
3278 1451 3453 1522 pictu—

1840 1558 1937 1609 rm,
1965 1559 2083 1613 qua:
2113 1553 2167 1597 et
2205 1542 2469 1608 ﬂammas,
2502 1552 2556 1597 et
2584 1542 2684 1597 sub
2713 1543 2855 1610 ipsas
2881 1544 3143 1613 gladium,
3173 1560 3279 1615 quo
3307 1560 3451 1599 mar-

1840 1639 2038 1709 tyrium
2068 1648 2497 1693 consummatum
2532 1638 2650 1703 fuit,
2679 1638 2854 1693 adhuc
2882 1648 3276 1708 repraesentant
3303 1639 3403 1712 (ά).

1911 1731 2117 1787 lrenem
2148 1733 2363 1787 Damasi
2405 1747 2670 1798 sororem,
2701 1746 2809 1786 non
2856 1746 3014 1787 secus
3041 1747 3104 1787 ac
3135 1732 3310 1803 ipsum
3346 1732 3451 1787 Da—

168 1829 252 1882 Deo
271 1826 475 1883 favente
499 1842 532 1881 a
553 1843 615 1883 se
636 1836 913 1897 repertum
936 1840 1105 1896 penes
1126 1826 1409 1880 ecclesiam
1434 1833 1586 1879 extra
1611 1840 1735 1892 por-
1764 1842 1811 1902 Β
1842 1843 2074 1893 masnm,
2108 1827 2207 1881 srbi
2237 1826 2515 1882 vindicant
2559 1827 2855 1895 Scriptores
2887 1827 3136 1898 llispani,
3173 1835 3232 1881 ut
3276 1826 3448 1898 liquet

164 1932 247 1975 tam
270 1919 682 1985 Nomentanam;
713 1930 1125 1989 servatumque,
1152 1918 1346 1973 iterum
1375 1916 1616 1987 ejusdem
1646 1932 1735 1971 ec-

161 2013 309 2069 clesia:
345 2012 541 2083 parieti
581 2011 725 2083 affigi
770 2013 980 2067 curavit
1026 2027 1122 2080 pro
1165 2026 1265 2065 suo
1294 2010 1347 2065 in
1377 2025 1560 2065 sacras
1591 2010 1733 2064 anti-

165 2108 361 2177 quitates
385 2107 572 2162 studio
602 2107 669 2161 cl.
716 2106 1095 2178 Marangonns.
1136 2106 1210 2159 Ex
1253 2104 1358 2159 hoc
1398 2105 1591 2159 iterum
1615 2102 1733 2174 epl-

163 2207 424 2270 grammate
472 2199 660 2271 colligi
709 2201 887 2270 primo
928 2199 1147 2270 poterit,
1197 2199 1487 2254 Damasum
1543 2214 1733 2254 eorum

162 2295 361 2364 opinioni
389 2294 605 2361 favere,
634 2295 726 2366 qui
747 2294 1010 2366 Agnetem
1037 2295 1138 2349 sub
1162 2294 1497 2350 Diocletiano
1520 2309 1733 2365 passam

162 2387 491 2455 arbitrantur;
546 2387 813 2459 siquidem
855 2403 1044 2443 earum
1092 2403 1295 2453 rerum,
1338 2402 1473 2458 quas
1514 2388 1736 2457 virginis

162 2489 360 2546 parentes
397 2482 604 2536 dudum
673 2483 974 2549 retulerant,
1032 2480 1173 2535 fama
1228 2482 1369 2535 inter
1439 2489 1736 2549 praesentes

162 2574 361 2629 nondum
410 2577 680 2644 perierat,
715 2591 836 2631 cum
891 2576 982 2630 ille
1028 2576 1130 2630 hoc
1179 2590 1394 2630 carmen
1445 2575 1732 2630 scriberet.

164 2668 377 2722 Secundo
404 2667 765 2723 fortissimam
797 2669 1081 2739 virginem,
1111 2670 1458 2739 pronuntiata
1488 2669 1738 2739 prwcom's

162 2778 267 2817 voce
294 2763 562 2819 adversus
610 2778 671 2819 se
708 2762 917 2820 Judicis
965 2766 1255 2831 sententia,
1305 2765 1484 2820 statim
1514 2763 1739 2835 liquisse

164 2857 364 2923 nutricis,
390 2872 522 2928 ηοω
554 2872 671 2911 eam
706 2846 810 2912 non
844 2857 1182 2925 deseruerat,
1216 2859 1485 2929 gremium,
1527 2867 1588 2912 ut
1618 2871 1737 2926 pm-

164 2964 282 3013 nam,
311 2952 391 3004 cui
421 2952 687 3006 damnata
714 2949 911 3013 fuerat,
963 2949 1322 3018 imperterrita
1364 2950 1540 3005 obiret
1572 2968 1583 3003 :
1619 2957 1741 3006 erat

163 3044 277 3096 enim
291 3046 445 3099 moris
460 3088 477 3109 ,
496 3054 553 3098 ut
576 3059 756 3115 praeco
772 3045 1049 3100 silentium
1066 3044 1189 3098 tuba
1208 3044 1474 3099 indiceret
1498 3042 1595 3117 (b),
1626 3055 1736 3100 tum

163 3136 328 3193 deinde
349 3146 406 3193 ut
427 3138 637 3209 judicis
660 3139 985 3194 sententiam
1008 3138 1113 3193 alta
1137 3153 1268 3192 voce
1294 3137 1530 3208 legeret:
1551 3153 1739 3205 qnam-

1838 1937 1907 1975 cx
1942 1921 2059 1991 ejus
2092 1922 2262 1983 Actis,
2298 1936 2418 1991 qua:
2466 1919 2760 1975 Bollandus
2793 1919 3045 1989 produxit
3090 1920 3157 1975 ad
3190 1920 3332 1976 diem
3376 1919 3444 1974 21

1838 2012 2146 2067 Februarii.
2180 2014 2248 2066 At
2295 2013 2338 2066 si
2382 2027 2502 2082 qum
2533 2010 2683 2066 Actis
2712 2012 2821 2067 illis
2858 2011 2994 2068 fides
3027 2012 3213 2068 haberi
3247 2020 3449 2083 potest,

1839 2120 1998 2160 nemo
2026 2105 2329 2175 negaverit,
2364 2105 2491 2175 quin
2524 2105 2705 2159 lrenes
2746 2104 3005 2159 Romanis
3031 2105 3329 2176 virginibus
3360 2120 3451 2159 ac-

1837 2200 2111 2256 censenda
2143 2201 2233 2253 sit.
2267 2199 2397 2254 Nam
2431 2214 2552 2253 eum
2583 2214 2700 2252 eam
2730 2199 3035 2253 duodecimo
3068 2198 3285 2253 Damasi
3316 2216 3447 2268 pon-

1840 2293 2064 2360 tiﬁcatus
2087 2308 2245 2355 anno,
2277 2292 2369 2361 qni
2398 2291 2581 2345 incidit
2623 2291 2674 2344 itt
2718 2307 2917 2345 annum
2949 2290 3075 2355 378,
3120 2291 3185 2345 ad
3218 2306 3448 2362 superos

1841 2385 2041 2441 abiisse
2073 2393 2352 2451 asserant;
2375 2396 2562 2440 contra
2589 2401 2717 2440 vero
2746 2402 2866 2440 eum
2901 2385 3164 2441 Damasus
3193 2385 3309 2457 ipse
3345 2385 3448 2441 hoc

1838 2483 2079 2536 carmine
2127 2498 2263 2535 anno
2313 2481 2557 2550 vigesimo
2603 2481 2839 2536 nondum
2872 2481 3144 2552 completo
3171 2479 3271 2534 sibi
3321 2495 3447 2535 ere-

1840 2587 1984 2647 ptam
2012 2574 2179 2631 fuisse
2205 2575 2408 2637 doleat,
2442 2575 2567 2631 hinc
2589 2574 2744 2629 facile
2774 2574 2924 2631 vides
2954 2575 3098 2629 illam
3125 2574 3252 2629 alibi
3281 2589 3443 2645 quam

1838 2669 2027 2723 Romae
2066 2684 2164 2723 nec
2207 2680 2407 2733 ortam,
2442 2683 2541 2723 nec
2568 2668 2851 2723 educatam
2883 2667 3059 2723 videri
3103 2683 3263 2738 posse
3303 2685 3315 2721 :
3350 2667 3448 2723 sed

1840 2766 2098 2818 Actorum
2122 2762 2364 2826 illorum,
2397 2771 2455 2816 nt
2479 2777 2665 2817 verum
2698 2760 2886 2825 fatear,
2908 2761 3181 2817 levissima
3201 2766 3461 2832 prorsus,‘

1839 2868 2015 2912 utram
2048 2856 2101 2911 in
2137 2867 2341 2923 partem
2376 2855 2524 2921 velis,
2556 2853 2852 2909 auctoritas
2882 2864 2986 2909 est.

1914 2950 2039 3004 llzcc
2069 2948 2253 3011 habui,
2284 2964 2404 3019 quae
2452 2949 2515 3002 ad
2549 2948 2763 3002 Damasi
2796 2947 3039 3002 carmina
3066 2947 3170 3003 hoc
3200 2925 3321 3001 loco
3349 2945 3448 3001 ob-

1841 3057 2142 3109 servarem,
2195 3056 2260 3097 ex
2284 3042 2499 3111 quibus,
2546 3051 2749 3111 praeter
2777 3055 2841 3095 ea
2879 3055 2999 3111 quae
3030 3039 3160 3106 dixi,
3204 3047 3442 3095 veterem

1842 3138 2168 3205 hymnorum
2229 3152 2407 3204 usum,
2478 3151 2755 3192 sacrarum
2808 3135 3157 3206 reliquiarum
3214 3134 3442 3203 cultum,

164 3232 319 3286 obrem
357 3233 402 3288 si
432 3246 560 3286 mos
590 3232 681 3287 ille
710 3240 956 3288 servatus
985 3232 1036 3288 in
1067 3231 1285 3302 Agnetis
1318 3233 1579 3303 martyrio
1615 3230 1734 3298 fuit,
1766 3233 1811 3295 C
1844 3238 2154 3286 sanctorum
2186 3230 2606 3295 invocationem,
2640 3240 2890 3283 votorum
2932 3237 3043 3282 tum
3084 3227 3445 3297 nuncupatio-

169 3338 253 3377 non
277 3331 354 3379 est
378 3339 483 3378 cur
514 3322 631 3378 haec
664 3324 871 3379 Damasi
906 3326 1089 3389 verba,
1128 3342 1242 3378 cum
1282 3325 1521 3395 lugubres
1552 3334 1734 3378 cantus

165 3417 262 3469 tuba
284 3417 677 3486 concrepuisset,
707 3417 776 3473 de
805 3418 1078 3487 publicato
1107 3427 1234 3473 tunc
1265 3419 1493 3486 primum
1523 3417 1735 3472 Diocle-

166 3508 294 3565 tiana:
320 3513 714 3583 persecutionis
744 3513 923 3569 edicto
953 3529 1076 3568 cum
1119 3513 1469 3569 Tillemontio
1498 3512 1729 3583 accipia-

167 3618 279 3673 mus,
322 3620 383 3661 ac
427 3616 727 3678 martyrem
771 3606 1141 3673 fortissimam,
1174 3610 1357 3662 statim
1410 3622 1473 3663 ac
1516 3608 1732 3679 impiam

164 3701 526 3772 promulgatam
559 3700 817 3757 adversus
846 3700 1186 3756 Christianos
1210 3701 1383 3772 legem
1411 3701 1636 3767 audivit,
1667 3701 1733 3757 ad

166 3805 346 3857 pinnam
383 3808 509 3849 sese
543 3793 683 3847 ultro
712 3792 977 3879 obtulisse
1007 3791 1272 3848 dicamus.
1304 3793 1489 3849 Tertio
1524 3810 1587 3849 ex
1639 3810 1733 3850 eo-

163 3883 262 3941 dem
290 3891 531 3945 carmine
572 3890 943 3961 intelligimus,
977 3888 1201 3960 Agnetis
1232 3889 1296 3944 ad
1332 3905 1545 3959 ptenam
1583 3890 1735 3944 datu-

165 3986 278 4034 nate
309 3981 440 4050 jam,
496 3983 781 4055 nudaeque,
816 3998 878 4039 ac
934 3983 1205 4054 pellucida
1250 3991 1401 4038 veste
1449 3991 1732 4049 contectae,

163 4083 263 4125 cum
292 4076 434 4143 prius
460 4076 529 4130 ad
559 4076 789 4147 lupanar
814 4076 881 4133 de
909 4092 1060 4132 more
1086 4074 1329 4132 ducenda
1362 4083 1525 4137 esset,
1554 4074 1736 4130 effusis

165 4177 245 4230 per
269 4169 502 4225 membra
530 4170 792 4236 crinibus,
821 4169 1081 4241 pudorem
1112 4169 1180 4224 ab
1203 4170 1530 4239 procacitate
1550 4169 1737 4224 oculo-

163 4271 261 4313 rum
307 4261 629 4318 mirabiliter
675 4263 988 4319 defensasse
1043 4263 1232 4327 Deum,
1264 4277 1328 4317 ac
1373 4262 1572 4316 nullam
1617 4276 1737 4331 pro-

167 4358 325 4417 pterea
347 4370 469 4411 esse
499 4372 740 4423 causam,
782 4372 879 4411 cur
909 4355 1079 4420 Actis,
1108 4372 1227 4425 qure
1255 4355 1525 4411 Ambrosii
1559 4355 1736 4410 nomi-

167 4458 221 4499 ne
238 4446 700 4514 circumferuntur,
737 4449 897 4505 fidem
927 4467 1031 4505 tton
1060 4450 1377 4513 habeamus,
1410 4463 1734 4518 quamquam

167 4540 287 4594 nulla
319 4543 540 4614 hujusce
564 4546 641 4601 rei
673 4545 814 4614 apud
844 4545 1187 4601 Ambrosium
1216 4543 1389 4613 ipsum
1418 4551 1473 4597 et
1497 4542 1739 4597 Pruden-

1841 3339 1992 3391 nem,
2024 3334 2134 3378 tum
2166 3325 2309 3395 piam
2339 3323 2667 3377 solutionem
2683 3322 3055 3377 confirmatam
3089 3323 3298 3377 videas.
3331 3317 3445 3376 Cur

1839 3434 1970 3473 vero
2001 3419 2067 3473 iis
2110 3435 2231 3487 quae
2275 3418 2599 3473 Sarazauius
2629 3417 2821 3485 edidit,
2856 3434 2960 3472 non
3010 3416 3185 3471 solum
3234 3432 3295 3472 ea
3323 3431 3446 3487 quae

1839 3510 2174 3578 Stephanum
2207 3520 2261 3566 et
2288 3512 2577 3569 Eusebium
2606 3511 2881 3567 Romanos
2912 3510 3198 3581 pontiﬁces
3223 3510 3447 3565 laudant

1839 3617 1902 3657 ac
1932 3604 2178 3673 superius
2204 3603 2473 3669 recensui,
2504 3602 2598 3658 sed
2635 3611 2689 3657 et
2729 3602 2834 3657 alia
2864 3603 3115 3658 nonnulla
3141 3603 3445 3658 addiderim
3504 3588 3525 3595 g

1839 3695 2154 3766 appendieis
2186 3696 2328 3761 loco,
2357 3711 2461 3750 una
2490 3695 2607 3750 bzec
2639 3705 2722 3751 est
2751 3696 2909 3758 ratio.
2944 3695 3086 3766 quod
3119 3696 3329 3751 scilicet
3355 3695 3445 3750 illa

1839 3787 2001 3841 etiam
2032 3788 2317 3841 Damasum
2367 3787 2499 3841 mihi
2550 3801 2743 3857 sapere
2772 3785 3080 3852 videantur,
3124 3795 3285 3857 atque
3328 3786 3449 3854 ejtts

1839 3881 2130 3950 aliquando
2157 3883 2342 3947 verba,
2376 3897 2441 3937 ac
2488 3897 2683 3937 sensus
2716 3879 2975 3947 referant,
3014 3890 3176 3951 atque
3204 3890 3442 3936 aetatem.

1839 3976 1945 4032 Sed
1978 3976 2076 4031 hac
2108 3977 2174 4032 de
2206 3993 2285 4043 re,
2314 3992 2382 4033 ne
2409 3975 2537 4047 quid
2565 3991 2664 4046 ego
2701 3985 2907 4031 temere
2943 3984 3198 4041 statuam,
3228 3974 3449 4032 lectoris

1834 4070 2097 4140 judicium
2127 4079 2266 4125 esto.

1913 4164 2181 4220 Caeterum
2222 4163 2366 4235 quod
2404 4163 2669 4218 Damasus
2712 4160 2766 4215 in
2800 4170 3031 4215 metrum
3071 4173 3298 4230 peccare
3342 4160 3448 4215 ali-

1840 4258 2060 4330 quando
2085 4258 2356 4320 videatur,
2384 4256 2524 4311 haud
2558 4256 2862 4321 mirabitur,
2896 4254 2986 4322 qui
3019 4254 3071 4307 in
3100 4251 3343 4323 legendis
3365 4252 3448 4308 in-

1841 4352 2058 4420 scriptis
2090 4350 2355 4413 versibus,
2387 4358 2440 4403 et
2465 4348 2655 4417 elogiis
2685 4346 3037 4402 mediocriter
3062 4353 3309 4399 versatus
3339 4344 3408 4400 sit
3433 4362 3447 4400 :

1840 4448 1925 4502 vix
1960 4446 2127 4510 enim,
2160 4452 2219 4498 nt
2254 4458 2373 4498 mea
2409 4442 2600 4497 faciam
2634 4441 2741 4495 viri
2763 4440 2907 4495 docti
2949 4438 3134 4507 verba,
3167 4452 3333 4509 pauca
3379 4438 3449 4494 de

1842 4539 2028 4594 multis
2068 4537 2453 4607 epigrammata
2505 4535 2556 4588 in
2592 4532 2859 4601 lapidibus
2890 4533 3154 4603 reperias,
3184 4546 3305 4602 qua»
3338 4545 3449 4587 non

168 4631 276 4688 tium
305 4637 508 4693 mentio
542 4638 632 4693 sit.
669 4638 874 4707 Quarto
902 4639 1134 4707 denique
1175 4647 1466 4707 martyrem
1516 4634 1745 4690 sanctis-
1772 4635 1825 4696 D
1850 4633 2036 4689 multis
2073 4630 2247 4685 modis
2285 4630 2338 4684 in
2386 4628 2640 4683 metricas
2670 4627 2817 4698 leges
2854 4624 3154 4694 offendant,
3185 4635 3241 4682 et
3286 4626 3329 4681 si
3360 4625 3450 4682 illa

167 4725 332 4781 simam
361 4730 481 4800 igne
508 4731 841 4797 damnatam,
887 4731 1028 4800 quod
1070 4730 1208 4785 idem
1242 4726 1564 4785 Ambrosius
1592 4728 1738 4795 silet,

171 4818 354 4888 vulgata
387 4838 513 4878 vero
548 4829 675 4880 Acta
704 4824 1064 4880 conﬁrmant:
1103 4830 1263 4892 atque
1297 4820 1421 4875 hinc
1463 4818 1742 4889 intelligis,

167 4923 304 4977 quam
335 4914 540 4971 levibus
569 4933 713 4987 Sthe
745 4918 811 4971 de
843 4920 1022 4971 causis
1048 4927 1229 4971 vetera
1268 4921 1614 4967 monumenta
1654 4928 1746 4967 su-

169 5013 325 5069 specta
356 5005 672 5065 habeamus.
705 5008 788 5063 An
815 5025 941 5064 vero
972 5011 1152 5079 Agnes
1190 5008 1314 5078 igne
1341 5024 1408 5062 an
1434 5006 1577 5061 ferro
1604 5021 1747 5061 mar-

171 5097 339 5163 tyrium
373 5098 594 5157 fecerit?
618 5101 937 5159 Ambrosius
961 5113 1013 5158 et
1037 5100 1360 5156 Prudentius
1385 5100 1584 5171 gladio,
1612 5100 1743 5154 Acta

169 5201 448 5262 martyrum
491 5196 945 5261 Occidentalium,
974 5197 1168 5265 quibus
1195 5197 1277 5249 vir
1323 5194 1458 5251 clar.
1513 5196 1748 5249 Evodins

170 5280 478 5341 Assemanm
505 5291 947 5360 archiepiscopus
978 5290 1237 5360 Apamea:
1266 5305 1331 5345 ex
1359 5289 1622 5346 Vaticano
1643 5291 1748 5362 Sy-

174 5375 300 5430 riaco
327 5382 491 5436 veteri
520 5384 728 5449 codice,
761 5399 824 5439 ac
863 5383 1139 5452 prtcclaris
1182 5384 1623 5439 annotationibus
1653 5385 1748 5440 ad-

169 5466 307 5533 jectis
338 5471 627 5531 Eeclesiam
657 5492 829 5548 nuper
856 5476 1223 5547 locupletavit,
1256 5475 1381 5547 igne
1407 5476 1747 5548 absumptam

175 5558 392 5620 docent:
426 5567 603 5627 Latina
633 5586 764 5628 vero
795 5574 947 5639 Acta,
980 5573 1243 5645 virginem
1286 5573 1336 5627 in
1372 5571 1617 5628 ﬂammas
1642 5574 1747 5643 pri-

237 5706 305 5781 (g)
338 5706 412 5781 De
438 5705 516 5763 Gl.
548 5712 729 5776 Mart.,
760 5726 878 5781 cap.
906 5712 994 5767 58.

242 5775 317 5923 (δῖ
344 5777 555 5850 Senec.,
579 5775 741 5853 epist.
775 5775 864 5838 78.

247 5847 294 5923 (c
344 5848 594 5923 Framm.,
622 5869 677 5923 p.
713 5853 805 5916 9t.

247 5847 317 5923 (c)
344 5847 594 5930 Fumat,
617 5847 805 5933 p.91.

1844 4728 1952 4781 sint
1983 4723 2221 4795 alioquin
2254 4719 2655 4793 elegantissima
2685 4718 2781 4789 (e).

1846 4846 1872 4911 θ
1904 4845 1993 4911 Ill.
2011 4844 2157 4911 T—De
2184 4843 2380 4911 Damasi
2404 4843 2640 4911 operibus
2661 4861 2672 4890 :
2693 4840 2917 4909 Basilicas
2941 4839 3016 4890 via
3039 4840 3290 4911 ardeatina
3311 4841 3371 4890 ab
3374 4852 3455 4911 .eo

1910 4909 2160 4959 tedificaue
2199 4907 2363 4969 locus,
2390 4902 2447 4954 ut
2480 4907 2691 4965 videtur,
2733 4906 2939 4966 ejusque
2972 4902 3454 4969 cremeterium;_De

1913 4972 2115 5021 Basilica
2142 4970 2193 5019 S.
2216 4964 2467 5018 Laurentii
2492 4969 2541 5017 in
2562 4964 2773 5017 Damasci
2788 4982 2799 5016 :
2826 4964 2919 5029 qua
2943 4967 3195 5029 occasione
3220 4965 3283 5014 de
3316 4964 3453 5017 Titu-

1914 5033 1973 5083 lis
2004 5036 2184 5091 agitur,
2210 5045 2266 5082 ac
2300 5032 2543 5081 Anastasii
2590 5030 2725 5079 locus
2757 5031 2805 5078 in
2832 5027 3065 5079 Marcello
3096 5027 3348 5077 adducitur
3396 5032 3451 5077 et

1915 5097 2202 5159 explicatur.

1925 5199 1965 5253 Ι.
2002 5200 2290 5270 Reliquum
2325 5214 2465 5253 nunc
2494 5209 2597 5265 est,
2634 5205 2694 5259 _nt
2724 5198 2885 5251 etiam
2923 5196 2989 5251 de
3018 5195 3231 5250 Damasi
3274 5195 3457 5266 operi-

1852 5296 1954 5351 bus
1995 5309 2162 5365 pauca
2196 5293 2466 5363 adjiciam.
2513 5291 2832 5346 Pontilicale
2864 5291 3042 5360 itaque
3090 5287 3206 5344 haec
3251 5302 3458 5344 memo—

1853 5397 1979 5444 rat:
2020 5386 2120 5440 Hic
2162 5387 2279 5456 fecit
2323 5384 2562 5439 basilicas
2614 5385 2765 5447 duas,
2808 5398 2964 5435 unum
3004 5383 3147 5447 iuxta
3200 5381 3456 5434 theatrum

1858 5480 1917 5536 S.
1953 5479 2258 5545 Laurentio,
2292 5488 2337 5531 et
2362 5479 2515 5532 aliam
2542 5481 2624 5531 via
2657 5476 2958 5542 Ardeatina,
2988 5475 3073 5528 tibi
3098 5474 3367 5540 requiescit
3398 5475 3455 5530 in

1856 5573 2201 5641 Catarumbis,
2234 5583 2275 5628 et
2305 5574 2581 5644 aedificavit
2621 5572 2923 5643 plataniam,
2960 5568 3047 5623 ubi
3075 5585 3291 5641 corpora
3319 5570 3458 5640 Apo-

1892 5706 2001 5781 '(d)
2030 5710 2264 5779 Ciamp.,
2292 5720 2423 5766 tom.
2447 5710 2513 5774 Il,
2548 5725 2602 5780 p.
2630 5709 2719 5781 δεῇ.

1928 5779 1998 5853 (ε)
2030 5781 2299 5839 Mazocch.
2335 5783 2402 5838 ad
2427 5779 2556 5837 Kal.
2576 5781 2647 5839 50
2674 5779 2839 5850 Junii,
2870 5790 2987 5838 not.
3021 5779 3109 5839 18.
