3950 6330
22 5157 24 5262 l

22 5269 24 5376 ἲ

22 5377 25 5506 l

22 5547 26 5636 ε

22 5655 25 5700 1

471 271 575 329 ετξ)

1652 264 1972 325 SANCTUS
2010 262 2333 322 DAMASUS
2371 263 2572 323 PAPA.
3627 264 3715 324 280

471 389 724 444 stolarum
747 388 1047 461 iacuerunt,
1097 402 1250 458 quam
1296 394 1345 442 et
1387 385 1605 442 uestibus
1645 385 1865 440 ornavit.
1901 383 2078 439 Plato-
2108 391 2164 450 Α
2189 382 2372 440 Sancti
2417 397 2731 455 prtenomen
2776 395 2881 438 uua
2937 388 3144 437 tantum
3187 380 3354 438 littera
3383 381 3437 440 S.
3469 381 3715 443 indicatum

469 483 622 538 niam
653 491 812 538 vocat
848 480 1167 538 Anastasius
1197 478 1433 550 pretiosa
1462 493 1736 534 marmora
1768 477 1823 532 in
1855 476 2085 532 tabellas

473 576 732 644 dissecta,
764 576 962 648 quibus
1008 589 1204 646 nempe
1234 591 1445 630 murum
1485 583 1542 630 et
1586 574 1949 644 pavimentum
1983 573 2085 627 Da-

477 684 665 726 masus
702 669 1331 738 obduxeratJocumque
1356 671 1457 723 hoc
1488 677 1642 737 pacto
1668 677 1957 723 ornaverat
1978 665 2078 739 (a):

477 763 768 818 Basilicam
802 761 884 816 via
919 761 1208 817 Ardeatina
1251 761 1570 816 ardilicatam
1613 760 1700 816 ubi
1732 760 1978 831 sepultus
2003 759 2086 830 ja-

475 859 590 914 cuit
623 873 719 928 pro
738 856 925 928 majori
952 867 1103 927 parte
1125 856 1300 911 adhuc
1323 870 1610 925 superesse
1629 856 1927 924 putantviri
1949 853 2081 910 clar.

476 949 762 1007 Boldettus
799 959 856 1005 et
895 949 1299 1020 Maraugonius,
1350 947 1526 1003 idonei
1556 945 1803 1019 profecto
1849 946 2082 1017 judices,

474 1063 596 1115 quae
618 1046 668 1099 iu
694 1059 848 1100 usum
879 1045 1033 1099 eellze
1052 1045 1275 1099 vinaria:
1302 1058 1563 1098 coiiversa
1595 1041 1935 1112 postmodum
1959 1039 2082 1106 fuit,

481 1138 628 1194 inter
657 1137 1006 1192 Ardeatinam
1031 1149 1084 1192 et
1118 1137 1344 1206 Appiam
1376 1137 1538 1190 viam.
1571 1135 1703 1193 Nam
1734 1133 1906 1206 primo
1935 1133 2088 1189 locus

474 1232 571 1287 ille
606 1233 657 1285 in
687 1229 1077 1302 longitudinem
1120 1230 1185 1285 ad
1229 1230 1436 1301 palmos
1463 1231 1826 1300 septuaginta,
1867 1229 1918 1284 in
1965 1227 2086 1283 lati-

479 1325 722 1382 tudinem
754 1341 890 1381 vero
935 1325 1000 1380 ad
1051 1325 1264 1396 triginta
1297 1325 1647 1382 extenditur:
1683 1325 1844 1381 habet
1889 1324 2087 1381 deinde

475 1421 864 1490 Septentrione
911 1419 1297 1490 semicyclum,
1351 1433 1446 1473 seu
1492 1419 1734 1474 absidem
1782 1433 1880 1490 pro
1929 1417 2088 1474 altari

477 1521 851 1583 comparatam
870 1530 882 1566 :
899 1513 1082 1576 tertio.
1108 1513 1346 1583 parietes
1371 1510 1568 1566 alicubi
1597 1513 1836 1568 colorem
1861 1513 2086 1583 picturae

479 1607 766 1671 obtinent;
813 1622 933 1676 quae
983 1605 1229 1675 proiecto
1270 1606 1450 1660 omnia
1484 1614 1711 1662 vetustte
1757 1622 1927 1661 sacra:
1954 1605 2088 1662 tedis

477 1699 717 1771 speciem
751 1708 1006 1756 servant:
1041 1710 1234 1772 quarto
1261 1699 1480 1756 tandem
1510 1700 1635 1755 huic
1683 1701 1784 1771 ipsi
1829 1701 1948 1756 loco
1977 1715 2089 1757 cm-

2187 485 2382 547 quarto
2427 476 2539 545 jam
2587 475 2818 538 smculo.
2845 489 2946 530 nec
2973 473 3026 529 id
3061 474 3173 530 fieri
3205 484 3474 547 propterea
3520 488 3716 548 ereptum

2185 582 2306 642 post
2337 570 2596 625 surculum
2627 569 2698 625 XI
2717 612 2732 637 ,
2761 579 2816 624 ut
2845 567 3060 624 censuit
3086 567 3410 625 Funtauinus
3436 569 3524 643 (b).

2261 664 2338 718 Ex
2392 665 2492 719 hac
2533 679 2664 720 vero
2706 677 3012 718 marmorea
3056 661 3241 716 tabella
3270 669 3723 732 causamteues,ni

2186 757 2368 825 fallor,
2397 757 2543 814 unde
2587 757 2730 813 tituli
2754 758 2882 813 dicti
2927 756 3066 823 sint,
3101 770 3162 812 ac
3198 767 3446 826 przeterca
3477 758 3723 829 intelligis,

2190 861 2458 923 quotquot
2497 862 2653 906 erant
2682 851 2736 906 in
2766 849 2909 907 Urbe
2939 849 3209 917 basilicae,
3250 849 3499 905 titulorum
3543 854 3726 908 nomine

2189 956 2302 1000 tum
2335 945 2628 1015 nuncupari
2662 945 2932 1015 potuisse.
2964 953 3074 998 tum
3109 943 3300 998 merito
3333 951 3654 1013 nuncupatas.
3676 945 3730 1002 Ut

2187 1054 2319 1094 vero
2365 1040 2546 1108 plures
2594 1049 2750 1094 erant
2797 1039 3037 1094 basilicae
3084 1038 3458 1093 ecclesiasticis
3509 1040 3729 1111 cogendis

2189 1133 2486 1207 synaxibus
2517 1149 2606 1190 ass
2621 1135 2847 1216 ignaue,
2893 1150 3053 1205 quam
3088 1134 3265 1205 viginti
3311 1135 3520 1205 quinque
3559 1136 3731 1206 (siqui-

2189 1228 2312 1283 dem
2348 1243 2532 1284 sacras
2582 1228 2726 1283 mdes
2783 1227 2885 1282 sub
2928 1224 3184 1283 Cornelio
3225 1242 3496 1282 numerum
3540 1228 3735 1299 quadra-

2189 1324 2468 1395 genarium
2521 1325 2825 1380 excessisse
2865 1339 2932 1378 ex
2983 1322 3177 1393 Optato
3215 1320 3469 1395 scimus),
3501 1325 3564 1378 ita
3604 1323 3735 1380 etiam

2196 1415 2422 1472 totidem
2468 1416 2636 1472 fuisse
2687 1417 2874 1474 titulos
2924 1416 3080 1472 fateri
3129 1419 3595 1490 cogimurzneque
3618 1418 3735 1474 enim

2192 1508 2480 1566 Marcellus
2502 1511 2646 1566 illam
2675 1512 2890 1567 caeteris
2915 1511 3036 1567 aliis
3068 1511 3302 1567 basilicis
3333 1513 3735 1583 nuncupationem

2190 1605 2418 1674 eripuit,
2463 1613 2523 1660 ut
2565 1619 2628 1661 ea
2676 1605 2812 1660 solis
2853 1605 2962 1660 illis
2995 1606 3177 1678 viginti
3223 1606 3472 1678 quinque,
3501 1620 3623 1672 quos
3649 1606 3740 1677 ipse

2189 1701 2485 1766 constituit,
2534 1700 2752 1772 propria
2783 1711 2948 1756 esset.
3005 1700 3236 1757 Basilica
3262 1701 3421 1773 igitur
3447 1701 3581 1766 hzec,
3609 1715 3738 1772 quam

481 1793 770 1850 meterium
816 1793 1025 1861 subest,
1067 1808 1096 1846 a
1129 1793 1258 1848 viris
1297 1793 1403 1848 illis
1447 1793 1875 1864 diligentissimis
1915 1793 2088 1864 primo
2119 1795 2167 1854 B
2197 1792 2459 1848 Damasus
2509 1792 2719 1846 titulum
2761 1795 3114 1849 constituisse
3143 1793 3361 1860 dicitur,
3393 1795 3558 1850 titulus
3579 1809 3736 1850 neces-

483 1887 778 1943 detectum.
809 1887 940 1942 Eam
979 1888 1158 1958 itaque
1185 1901 1307 1942 esse
1343 1887 1490 1942 illam
1521 1896 1768 1953 censent,
1795 1903 1956 1957 quam
1984 1887 2085 1941 Da-

482 1996 668 2036 masus
689 1987 1055 2047 exstruxerat,
1074 1995 1138 2035 ac
1163 1979 1536 2036 etenteterium
1561 1979 1700 2049 quod
1721 1979 1930 2047 subest,
1957 1978 2087 2034 illud

483 2074 687 2146 ipsum,
721 2074 774 2129 in
806 2090 914 2145 quo
954 2074 1233 2144 depositus
1259 2071 1449 2143 jacuit.
1494 2072 1694 2127 Eorum
1725 2072 1968 2128 rationes
2008 2071 2091 2126 di-

481 2167 662 2223 lucide
687 2165 871 2222 attulit
917 2150 1316 2222 illustrissimus
1365 2165 1590 2223 Esiuus
1632 2165 1922 2238 episcopus
1968 2167 2087 2222 loco

477 2260 590 2332 jam
625 2261 880 2328 indicato,
911 2276 1072 2330 quem
1107 2261 1314 2316 videas.

554 2356 797 2411 Alteram
821 2354 887 2410 ad
914 2353 1199 2410 Theatrum
1221 2352 1476 2424 Pompeii,
1496 2354 1616 2426 ejus
1633 2354 1899 2426 pontiﬁcis
1927 2363 2088 2412 astate

482 2451 812 2505 anteriorem
836 2449 1034 2516 fuisse,
1061 2449 1350 2504 manifesto
1376 2449 1570 2521 probat
1595 2449 1838 2520 ejusdem
1865 2464 2085 2504 carmen
2139 2443 2142 2446 ’

484 2543 550 2598 de
578 2543 770 2613 templo
803 2542 866 2598 S.
905 2542 1170 2598 Laurentii
1206 2543 1522 2614 inscriptum
1557 2561 1570 2597 :
1599 2543 1954 2613 quamobrem
1976 2559 2087 2600 non

482 2652 607 2692 eam
633 2638 842 2707 primus
871 2635 1202 2703 aediﬁcasse,
1235 2636 1331 2692 sed
1375 2635 1632 2692 refecisse
1677 2636 1850 2692 videri
1887 2636 2082 2706 debet,

483 2749 815 2805 quamquam
844 2731 922 2787 sic
952 2732 1373 2798 restauraverit,
1405 2731 1654 2798 auxerit,
1691 2743 1744 2787 et
1777 2735 2083 2798 ornaverit,

483 2836 546 2883 ut
570 2843 710 2883 unus
736 2827 998 2898 deinceps
1017 2828 1136 2897 ejus
1161 2837 1352 2882 auctor
1381 2824 1558 2882 dictus
1589 2824 1772 2880 fuerit.
1798 2824 1930 2881 Eam
1957 2843 2087 2884 vero

483 2919 881 2988 restauratum,
924 2920 1322 2991 amplificatam.
1341 2930 1504 2990 atque
1539 2929 1788 2974 ornatam
1818 2928 2086 2990 praeterea

483 3013 832 3068 consecravit
853 3054 868 3076 .
902 3022 958 3068 ut
988 3027 1054 3068 ex
1080 3027 1390 3068 marmoreo
1421 3023 1775 3069 monumento
1799 3014 2082 3081 discimus,

484 3105 632 3178 quod
663 3105 985 3162 acardinali
1032 3105 1324 3173 Farnesio,
1364 3121 1486 3162 cum
1525 3122 1646 3163 eam
1679 3106 1959 3163 basilicam
1986 3108 2087 3164 ite-

2193 1885 2339 1940 sario
2383 1885 2561 1942 fuerat
2610 1895 2735 1942 ante
2777 1888 2894 1955 ejus
2931 1887 3611 1960 pontificatum,siquidem
3639 1903 3741 1944 suos

2192 1978 2380 2035 habuit
2425 1981 2774 2048 sacerdotes,
2811 1981 3102 2050 diaconos,
3143 1984 3388 2054 aliosque
3431 1983 3642 2054 gradus,
3669 1985 3740 2055 qui

2192 2076 2364 2131 sacris
2423 2076 2647 2148 agendis
2687 2086 2986 2147 pra-erant,
3019 2087 3078 2133 ut
3113 2093 3182 2134 ex
3226 2078 3460 2135 carmine
3491 2079 3557 2134 55
3590 2089 3743 2151 aperte

2191 2178 2426 2224 constat.
2450 2169 2663 2240 Aliquid
2692 2171 2872 2242 itaque
2899 2171 3154 2240 amplius,
3179 2187 3338 2243 quam
3365 2172 3500 2227 illam
3528 2173 3741 2228 omnibus

2190 2262 2355 2321 Urbis
2382 2263 2620 2320 basilicis
2637 2280 2984 2322 communem
3006 2267 3482 2338 nuncupationem,
3505 2275 3605 2322 tum
3626 2266 3740 2320 Mar-

2191 2358 2358 2414 cellus
2388 2360 2532 2427 suis,
2567 2367 2679 2414 tum
2708 2358 2970 2415 Damasus
2993 2361 3242 2417 ecclesiae
3271 2360 3329 2417 S.
3355 2360 3610 2416 Laurentii
3637 2375 3743 2416 con-

2192 2449 2347 2516 tulit,
2371 2465 2495 2505 cum
2522 2451 2734 2506 titulum
2765 2452 3048 2506 constituit.
3074 2451 3216 2522 Quid
3253 2468 3380 2508 vero
3419 2452 3540 2508 illud
3573 2452 3659 2516 sit,
3686 2466 3741 2506 ex

2190 2541 2478 2598 Anastasio
2519 2544 2901 2616 intelligimus,
2934 2559 3056 2600 cum
3089 2545 3166 2600 ait
3199 2545 3536 2610 Marcellino,
3590 2543 3741 2616 viginti

2189 2638 2412 2707 quinque
2453 2637 2630 2693 titulos
2674 2639 2728 2693 in
2775 2637 2896 2693 urbe
2923 2637 3090 2694 Roma
3117 2641 3441 2696 constituisse
3467 2641 3602 2712 quasi
3626 2653 3740 2695 υιωυ

2189 2743 2351 2786 ceses
2379 2740 2592 2804 propter
2619 2731 2956 2804 baptismum,
2997 2741 3048 2787 et
3087 2733 3441 2800 paenitentiam
3471 2733 3740 2792 multorum,

2189 2825 2277 2890 qui
2303 2825 2726 2880 convertebanlur
2743 2842 2806 2881 ea:
2819 2826 3064 2898 paganis;
3086 2827 3182 2882 sed
3208 2826 3331 2897 quia
3355 2837 3472 2898 post
3500 2826 3744 2882 Decianam

2192 2918 2626 2988 persecutionem
2656 2934 2757 2974 usu
2788 2929 3065 2990 receptum
3104 2919 3310 2988 fuerat,
3335 2930 3392 2975 ut
3417 2921 3483 2976 ab
3516 2918 3746 2992 episcopis

2191 3010 2493 3083 presbyteri
2536 3012 2746 3083 aliquot
2801 3013 3291 3081 constituerentur,
3338 3016 3428 3087 qui
3485 3017 3648 3084 lapsus
3690 3010 3743 3066 ad

2199 3107 2574 3176 paenitentiam
2607 3108 2917 3178 reciperent
2937 3108 3035 3180 (c).
3064 3109 3353 3167 Marcellus
3385 3121 3442 3167 ut
3467 3107 3748 3168 Christianis

482 3215 603 3256 rum
628 3200 911 3268 reliceret,
941 3209 1241 3272 repertum,
1263 3211 1319 3257 et
1345 3201 1411 3256 ad
1441 3201 1588 3257 aedes
1615 3201 1935 3258 translatum
1960 3216 2086 3259 suas
2115 3199 2160 3263 C
2192 3198 2444 3254 diuturna
2485 3199 2941 3272 acerbissimaque
3001 3204 3374 3261 Diocletianea
3419 3208 3748 3276 persecutione

484 3291 663 3349 adhuc
686 3305 934 3351 servatur
960 3293 1044 3350 his
1067 3295 1388 3366 inscriptum
1421 3294 1639 3352 litteris.

946 3432 1010 3488 T.
1043 3432 1082 3488 Ι.
1116 3431 1184 3488 Χ.
1219 3431 1286 3488 Ν.
1323 3430 1459 3488 EGO
1487 3431 1634 3490 (IAM

997 3549 1197 3607 ASlUS
1227 3526 1365 3605 vaii
1391 3549 1584 3606 noue

926 3643 1056 3715 ιεΡὲ
1083 3658 1242 3718 auc.
1270 3643 1657 3718 oonVco'SE

940 3767 1154 3824 CRAVl
1197 3769 1262 3825 N.
1291 3769 1361 3826 R.
1395 3772 1462 3828 (1.
1496 3769 1556 3826 S.
1588 3768 1661 3825 M.

1110 3859 1262 3916 SPA.
1290 3861 1350 3919 S.
1378 3862 1483 3918 PE.

489 3948 604 4008 Has
626 3964 728 4023 ego
756 3951 966 4009 litteras
997 3953 1098 4010 hoc
1139 3953 1258 4011 loco
1298 3953 1616 4026 transcripsi
1655 3969 1723 4010 eo
1759 3953 1954 4024 modo,
1984 3970 2092 4026 quo

490 4044 821 4102 immortalis
851 4047 1128 4103 memoria:
1157 4049 1240 4104 vir
1263 4047 1585 4104 Franciscus
1613 4047 1942 4103 Blauchinus
1971 4063 2094 4118 pos-

491 4139 684 4194 tremis
713 4140 862 4196 curis
893 4142 1182 4212 expressit.
1214 4140 1350 4197 Nam
1372 4157 1493 4197 cum
1526 4148 1674 4213 prius
1701 4157 1794 4197 eas
1824 4142 2096 4198 retulisset

492 4231 548 4287 in
578 4231 979 4304 prolegomeuis
1009 4233 1076 4290 ad
1109 4235 1341 4304 primum
1373 4235 1646 4290 Anastasii
1696 4245 1934 4301 tomum,
1963 4235 2096 4305 lapi-

490 4325 615 4382 dem
653 4327 852 4384 deinde
902 4326 1039 4384 forte
1089 4328 1404 4402 diligentius
1441 4329 1823 4397 observatum,
1880 4344 1944 4384 ac
1989 4343 2094 4385 una

491 4431 702 4478 tantum
733 4422 866 4492 sigla
893 4424 952 4478 D.
981 4424 1102 4481 loco
1123 4425 1369 4482 alterius.
1390 4424 1455 4495 Q.
1479 4440 1642 4496 quam
1664 4434 1825 4480 antea
1853 4423 2096 4496 descrip-

492 4523 642 4569 serat
675 4515 1015 4571 immutatum
1051 4517 1251 4572 iterum
1293 4518 1473 4572 attulit
1517 4519 1570 4572 in
1618 4516 1761 4573 notis
1820 4517 2095 4573 historicis

2191 3293 2480 3364 prostratis
2517 3293 2867 3359 consuleret,
2899 3295 3014 3350 loca
3044 3295 3112 3351 iis
3146 3297 3509 3369 recipiendis,
3539 3311 3635 3352 non
3663 3305 3747 3348 tam

2190 3387 2540 3444 constituisse
2558 3428 2572 3454 ,
2595 3402 2754 3458 quam
2776 3389 3083 3445 restituisse
3104 3389 3278 3446 videri
3303 3399 3498 3463 potest.
3527 3388 3647 3446 Cum
3674 3385 3750 3457 igi-

2196 3489 2286 3536 tur
2309 3481 2419 3551 jam
2449 3490 2530 3538 tot
2549 3492 2736 3538 essent
2757 3482 2922 3550 tituli,
2947 3492 3080 3555 quot
3112 3482 3378 3554 basilicae,
3403 3500 3464 3541 ac
3485 3483 3595 3540 loca
3614 3477 3751 3537 sacris

2191 3575 2417 3647 agendis
2439 3577 2712 3649 assignate
2729 3619 2745 3646 ,
2775 3594 2845 3635 ex
2870 3581 3124 3635 omnibus
3149 3579 3318 3653 elegit
3342 3581 3525 3653 viginti
3550 3579 3751 3650 quinque
3802 3629 3812 3646 ,

2193 3668 2494 3738 dumtaxat,
2523 3685 2725 3742 eosque
2753 3672 2901 3742 quasi
2927 3672 3166 3728 diwceses
3187 3689 3314 3731 esse
3329 3674 3490 3746 jussit
3507 3714 3520 3736 .
3547 3683 3753 3729 commu-

2192 3761 2376 3818 nicato
2410 3762 2624 3819 scilicet
2667 3765 2996 3834 paenitentes
3043 3767 3434 3823 reconciliandi
3484 3777 3537 3822 et
3582 3760 3754 3833 baptis-

2192 3870 2340 3910 mum
2370 3853 2686 3912 conferendi
2703 3857 2848 3928 jure,
2872 3857 3015 3928 quod
3040 3872 3162 3914 cum
3195 3869 3345 3916 esset
3369 3859 3527 3914 unius
3546 3848 3752 3926 episcopi

2195 3951 2504 4022 proprium,
2537 3951 2622 4018 iis,
2652 3951 2843 4022 quibus
2869 3952 3253 4010 conferebatur
3277 3955 3458 4020 titulis,
3485 3949 3754 4023 priestabat,

2197 4053 2257 4098 ut
2299 4044 2446 4114 quasi
2466 4043 2706 4100 diteceses
2733 4059 2857 4101 esse
2891 4044 3230 4114 viderentur,
3261 4062 3326 4103 ac
3355 4061 3538 4104 earum
3563 4040 3756 4115 presby-

2198 4136 2492 4208 teri,quasi
2518 4136 2780 4208 episcopi.
2799 4137 2933 4192 Erat
2963 4139 3246 4220 itaque,ut
3277 4139 3417 4194 tituli
3447 4132 3756 4206 nuncupatio.

2197 4230 2277 4284 sic
2303 4232 2466 4284 etiam
2513 4243 2794 4284 Sacrorum
2851 4245 2980 4286 usus
3022 4232 3331 4287 communis
3361 4230 3570 4287 caeteris
3619 4224 3752 4281 etiam

2199 4324 2437 4380 basilicis
2469 4323 2654 4381 Urbis.
2682 4321 2750 4378 At
2773 4323 2880 4378 illa:
2901 4365 2916 4391 ,
2939 4339 3061 4394 quae
3087 4322 3194 4380 hoc
3232 4324 3493 4395 peculiari
3513 4322 3626 4393 jure
3647 4329 3756 4389 prte-

2199 4425 2348 4474 terea
2396 4417 2712 4483 utebantur,
2736 4415 2970 4488 majores
3003 4431 3113 4487 prae
3151 4417 3402 4482 cieteris,
3437 4431 3500 4472 ac
3526 4411 3758 4484 digniores

2201 4513 2559 4580 habebantur,
2596 4512 2737 4568 unde
2762 4510 2868 4567 illis
2885 4511 3234 4568 cardinalium
3256 4515 3525 4568 titulorum
3555 4506 3755 4565 vocabu‘

494 4605 562 4660 ad
583 4606 794 4661 Damasi
829 4610 996 4664 nostri
1024 4608 1226 4676 Vitam,
1255 4621 1383 4666 tom.
1409 4609 1500 4674 ΙΙΙ,
1524 4621 1686 4681 atque
1715 4611 1784 4665 ita
1809 4610 2098 4681 explicavit
2124 4601 2178 4664 D
2204 4605 2313 4662 lum
2345 4606 2606 4678 deinceps
2637 4607 2811 4662 haesit.
2845 4605 3024 4677 Atque
3055 4607 3170 4662 haec
3200 4617 3361 4673 sunt,
3393 4620 3510 4677 quae
3539 4603 3760 4658 Damasus

498 4697 702 4755 Titulus
723 4701 779 4755 in
799 4698 994 4757 Christi
1021 4705 1226 4758 nomine
1252 4719 1271 4759 :
1299 4703 1412 4776 Ego
1438 4703 1696 4760 Damasus
1727 4705 1880 4762 Urbis
1915 4706 2098 4762 Roma:

460 4833 474 4847 .
497 4789 792 4865 Episcopus
813 4794 947 4847 hanc
975 4795 1182 4850 domum
1203 4797 1518 4863 consecravi,
1536 4812 1674 4852 nona
1693 4798 1924 4872 regione,
1953 4797 2098 4852 dedi-

495 4898 669 4944 catam
691 4887 985 4958 Septembri
1022 4906 1214 4955 mense,
1253 4889 1315 4946 S.
1347 4889 1574 4957 Paulus,
1606 4891 1669 4947 S.
1705 4891 1919 4958 Petrus,
1943 4892 2097 4963 cujus

495 4981 695 5040 deinde
716 4982 918 5038 mensis
946 4984 1114 5053 prima
1134 4983 1222 5039 die
1244 4984 1498 5041 observat
1527 4986 1577 5038 in
1598 5000 1662 5040 ea
1686 4984 1908 5041 basilica
1932 4995 2098 5056 gestze

493 5075 574 5132 rei
603 5077 920 5130 memoriam
948 5075 1237 5142 celebrari,
1262 5077 1406 5145 quod
1432 5079 1477 5132 si
1506 5077 1594 5133 cui
1623 5077 1773 5149 siglis
1800 5078 1908 5135 illis
1935 5077 1998 5134 N.
2025 5079 2090 5133 ll.

495 5167 559 5226 S.
591 5169 702 5236 M.,
733 5185 835 5226 nec
886 5183 1026 5225 nona
1074 5171 1224 5240 regio
1266 5171 1506 5241 placeat,
1540 5187 1639 5227 nec
1680 5172 1958 5228 solitarius
2007 5172 2095 5228 die

498 5271 646 5318 certa
676 5277 784 5316 non
813 5260 1097 5332 designata
1117 5303 1130 5326 ,
1163 5276 1416 5333 annoque
1439 5278 1546 5318 non
1574 5262 1864 5335 adscriptis
1889 5280 2092 5319 cmtsu-

494 5354 641 5413 libus
669 5371 933 5428 expresso
962 5355 1263 5428 September
1280 5358 1489 5422 mensis,
1507 5359 1688 5427 legere
1711 5359 1849 5414 forte
1872 5362 2091 5430 poterit,

495 5448 632 5503 Itane
657 5449 866 5504 domum
892 5451 1187 5505 consecravi
1209 5459 1476 5518 novatam,
1499 5452 1743 5522 refectam
1759 5496 1773 5520 ,
1799 5454 2092 5510 dedicatam

497 5541 561 5598 S.
614 5541 836 5615 Martyri
860 5561 880 5600 :
906 5545 1173 5617 siquidem
1218 5546 1336 5602 hzec
1380 5549 1560 5602 omnia
1590 5563 1652 5604 re
1683 5549 1798 5620 ipsa
1831 5539 2094 5606 Damasus

496 5643 626 5690 tunc
675 5639 948 5706 prmstitit.
993 5639 1259 5695 Czeterum
1291 5639 1573 5699 observari
1598 5641 1700 5699 hoc
1728 5644 1849 5699 loco
1877 5651 2089 5715 potest,

570 5749 653 5826 (ᾳ)
683 5749 995 5826 Μυετγιιειι..
1022 5762 1155 5810 tum.
1180 5755 1219 5826 l,
1247 5772 1299 5826 p.
1326 5757 1416 5826 89.

575 5821 651 5893 (ὁ)
684 5822 758 5877 De
786 5823 921 5880 disc.
963 5831 1104 5896 argi,
1132 5820 1376 5900 capit”.

2203 4702 2326 4758 huic
2349 4718 2377 4758 a
2408 4718 2470 4759 se
2490 4714 2704 4768 novatte,
2729 4711 3050 4766 restauratae,
3077 4701 3330 4756 dedicata:
3351 4699 3547 4764 fundis,
3565 4707 3615 4753 et
3633 4690 3761 4748 donis

2200 4808 2374 4852 auctae
2435 4795 2675 4851 basilicae
2727 4794 2986 4850 beneficia
3017 4797 3298 4865 priestitit,
3335 4802 3393 4848 ut
3453 4803 3606 4862 supra
3651 4783 3760 4840 alias

2201 4891 2499 4964 permultas
2528 4890 2904 4947 extolleretur.

2276 4985 2430 5042 llunc
2459 4985 2810 5041 fortissimum
2839 4992 3135 5058 martyrem
3161 4985 3420 5042 Romanis
3445 4981 3668 5045 civibus,
3693 4988 3764 5030 se-

2203 5093 2300 5136 cus
2320 5095 2383 5136 ac
2405 5079 2668 5136 hactenus
2688 5079 2953 5136 creditum
2982 5079 3193 5145 fuerat,
3217 5076 3668 5135 annumeraudum
3686 5069 3765 5124 de-

2205 5172 2525 5228 monstravit
2579 5171 2850 5242 Josephus
2903 5171 3237 5228 Blanchinus
3293 5174 3379 5226 vir
3435 5172 3562 5227 clar.
3601 5172 3762 5236 aperto

2203 5265 2402 5323 Leonis
2445 5266 2622 5338 Magni
2673 5266 3018 5335 tesmuonio,
3055 5282 3122 5323 ex
3166 5267 3338 5338 ipsius
3365 5255 3764 5322 Sacramentario

2203 5376 2376 5431 nuper
2406 5375 2436 5414 a
2459 5376 2519 5416 se
2552 5359 2719 5416 edito.
2755 5359 2869 5431 Ego
2898 5375 3028 5415 vero
3056 5359 3219 5414 alium
3249 5369 3441 5413 sancto
3469 5355 3587 5411 huic
3614 5346 3762 5424 ponti-

2201 5454 2288 5511 fici
2319 5463 2514 5510 testem
2547 5455 2670 5508 addi
2692 5469 2854 5525 posse
2875 5453 3150 5520 existimo,
3183 5452 3535 5507 Prudentium
3562 5446 3762 5504 scilicet,

2199 5549 2292 5622 qui
2325 5549 2580 5604 Romana:
2610 5548 2760 5603 urbis
2781 5547 2974 5619 glorise
2994 5546 3100 5602 hoc
3123 5561 3286 5601 unum
3315 5544 3550 5602 defuisse
3578 5536 3761 5599 scribit,

2201 5655 2261 5703 ut
2289 5657 2410 5718 post
2429 5646 2695 5703 domitum
2725 5645 2914 5701 orbem
2948 5655 3213 5701 terrarum
3252 5642 3496 5700 vinceret
3533 5639 3762 5710 Sputum

2281 5760 2354 5834 (c)
2381 5761 2532 5831 Soc.,
2557 5762 2650 5818 lib.
2676 5777 2731 5830 v,
2762 5776 2884 5832 cap.
2916 5759 3004 5818 l9.
