3950 6330
146 274 227 331 281

1490 269 2028 330 PROLEGOMENA.

3323 277 3432 335 282

145 388 320 453 Jovem,
354 400 461 442 non
498 383 665 441 Cassii
688 382 933 451 Camilli,
961 392 1055 439 aut
1075 382 1297 439 Ctrsaris
1329 385 1621 440 turbulenta
1642 386 1713 452 vi,
1743 391 1795 450 Α
1822 386 2108 444 ecclesiam
2125 388 2451 460 ingressura:
2469 398 2837 461 comparatum
2852 388 3126 462 loerat(b).
3149 389 3319 462 Hujus
3336 390 3435 447 Da-

143 483 222 539 sed
252 481 516 537 Laurentii
540 480 782 552 martyris
804 478 944 533 haud
974 479 1242 534 incruento
1269 480 1450 550 prtelio
1482 496 1500 534 :
1529 495 1596 534 ex
1614 495 1722 549 quo

142 578 338 649 quidem
385 574 513 630 illud
557 573 835 629 evidenter
887 573 1238 644 consequitur
1292 573 1641 627 Laurentium
1690 588 1721 626 a

142 670 282 727 claris
305 669 413 723 illis
438 667 556 738 ejus
585 667 736 723 urbis
767 666 891 721 liliis
922 666 1143 721 minime
1173 666 1609 737 disjnngemlum.

197 762 422 818 Carmen
447 762 516 816 de
544 760 801 815 Fontibus
829 760 984 813 nobis
1024 759 1227 813 indicat
1249 802 1262 825 ,
1297 760 1500 830 aliquid
1542 760 1721 830 operis

136 857 181 911 in
202 854 455 909 Vaticana
488 856 651 909 etiam
694 852 922 908 basilica
969 853 1037 908 ab
1073 851 1179 908 hoc
1209 853 1463 922 pontiﬁce
1492 853 1716 907 factum.

136 949 258 1018 Quid
281 948 387 1003 hoc
416 948 508 1013 sit,
540 946 861 1017 Ciampinus
882 953 1143 1014 quantum
1176 945 1348 1015 poniit
1379 945 1431 998 in
1458 954 1603 999 tanta
1630 960 1722 1000 ve-

138 1052 319 1101 tustate
351 1054 693 1114 temporum,
746 1054 809 1095 ac
847 1055 1028 1095 rerum
1073 1041 1479 1104 immutatione,
1523 1040 1722 1095 veteris

140 1138 305 1209 templi
338 1136 786 1207 iclinographiam
819 1134 1139 1190 describens
1160 1176 1175 1201 ,
1209 1132 1294 1188 bis
1334 1134 1513 1188 verbis
1544 1134 1718 1203 expli¢

141 1235 269 1290 cuit:
296 1232 369 1285 Ab
394 1247 490 1284 ara
514 1238 812 1284 sanctorum
835 1229 991 1282 trium
1008 1245 1185 1299 regum
1201 1269 1215 1292 ,
1264 1228 1414 1299 longe
1460 1228 1723 1300 Operosior

142 1340 178 1382 et
202 1326 461 1397 pulchrior
497 1325 655 1378 moles
696 1324 1052 1389 attollebatur,
1077 1333 1133 1377 ut
1177 1332 1313 1395 patet
1337 1324 1404 1377 ad
1428 1340 1480 1377 n.
1511 1323 1579 1377 30
1606 1339 1723 1376 cum

144 1424 463 1478 vetustissimo
516 1419 675 1475 altari
724 1420 788 1475 S.
852 1417 1074 1473 Joannis
1110 1419 1180 1471 ad
1218 1422 1384 1491 fontes
1432 1417 1717 1487 appellato.

147 1517 249 1573 Non
278 1518 425 1589 longe
450 1514 512 1569 ab
545 1514 698 1586 hujus
726 1513 906 1567 altaris
929 1511 1177 1585 gradibus
1214 1512 1267 1565 in
1301 1510 1721 1580 ntediomagnum

144 1629 194 1667 ac
218 1610 441 1680 patulum
472 1608 673 1663 labrum
698 1607 906 1662 laxabat
956 1606 1328 1675 pretiosissima
1359 1605 1553 1659 concha
1581 1622 1721 1658 mar-

145 1720 266 1758 more
277 1702 610 1766 alubastrino,
634 1718 737 1772 qua
756 1700 870 1754 ltcvi
892 1700 1075 1765 nitore,
1104 1716 1205 1768 qua
1222 1698 1383 1770 signis
1404 1699 1723 1753 exstantibus

1827 481 2052 536 masiani
2075 482 2257 553 operis
2287 483 2480 538 iterata
2494 493 2707 539 cxsmnt
2734 483 3044 539 testimonia
3062 493 3174 541 tum
3195 485 3343 541 Pauli
3359 485 3426 553 γ,

1828 584 1938 629 tum
1962 576 2259 632 Innocentii
2289 576 2337 632 Χ
2356 620 2370 643 ,
2401 580 2489 649 qui
2519 596 2706 647 aquam
2752 578 2988 634 Vaticani
3016 580 3164 634 collis
3185 602 3215 646 ,ν
3234 581 3430 635 incerto

1824 668 1952 722 olim
1975 687 2006 723 a
2031 669 2197 740 capite
2227 670 2571 737 deerrantem,
2606 687 2636 724 a
2667 670 2730 726 B.
2750 668 2979 726 Damaso
3007 672 3286 739 inventam,
3315 688 3429 726 sca-

1826 764 2053 836 turigine
2080 765 2148 819 ad
2176 766 2436 819 lavacrum
2461 782 2606 821 nocte
2635 766 2982 837 generationis
3008 767 3061 820 in
3094 769 3288 837 fontem
3313 783 3428 820 cor-

1824 859 2042 914 rivatant
2066 902 2080 925 ,
2111 876 2295 914 rursus
2325 861 2567 915 amissam
2592 902 2606 926 ,
2638 861 3013 932 conquisitam,
3039 871 3425 932 repertumque,

1825 967 1886 1005 ac
1914 953 2043 1006 mire
2060 952 2351 1022 probatam,
2381 957 2523 1024 {ante
2549 970 2723 1008 recens
2745 963 3004 1009 exstructo
3023 954 3268 1020 restituit,
3291 964 3347 1008 ut
3370 954 3425 1008 in

1831 1048 1969 1103 Urbe
2000 1051 2147 1118 aquis
2179 1049 2462 1118 peregrinis
2490 1051 2768 1119 afﬂuente,
2799 1050 2936 1105 (cdes
2985 1048 3251 1105 Vaticana:
3280 1064 3427 1103 suam

1826 1142 1958 1196 hanc
1982 1142 2242 1206 haberent,
2268 1144 2471 1213 gemina
2497 1143 2800 1198 salubritate
2824 1143 3185 1198 hauriendam.

1899 1234 2116 1290 Sanctae
2141 1233 2444 1291 Anastasiaa
2490 1245 2757 1291 vetustam
2801 1251 2933 1292 sane
2961 1236 3244 1293 basilicam
3271 1252 3300 1292 a
3330 1237 3434 1292 Da-

1828 1342 1980 1382 maso
2028 1328 2252 1397 picturis
2277 1338 2522 1383 ornatam
2557 1339 2741 1384 narrat
2770 1329 3003 1385 Hilarius
3034 1346 3167 1402 papa
3187 1372 3201 1393 ,
3234 1330 3432 1385 recita-

1830 1420 1898 1475 tis
1926 1435 1956 1474 a
1983 1419 2275 1476 Sarazanio
2307 1422 2557 1476 versibus
2588 1422 2639 1476 in
2675 1423 2819 1476 notis
2850 1422 2917 1477 ad
2957 1437 3178 1479 carmen
3217 1424 3315 1489 l7,
3363 1439 3429 1479 ex

1827 1527 1933 1583 quo
1963 1514 2100 1568 forte
2130 1513 2331 1583 aliquid
2363 1514 2598 1584 praesidii
2625 1556 2641 1580 ,
2672 1530 2994 1586 quamquam
3028 1515 3245 1582 frustra,
3275 1530 3431 1572 acce-

1828 1606 1959 1662 dere
1993 1607 2263 1663 videbitur
2292 1609 2358 1663 ad
2385 1624 2573 1664 eorum
2603 1610 2929 1665 sententiam
2949 1651 2962 1674 ,
2991 1611 3079 1681 qui
3108 1625 3225 1666 eam
3256 1611 3433 1666 eccle-

1827 1700 1962 1756 siam
1990 1700 2300 1773 llieronymi
2326 1703 2615 1758 cardinalis
2642 1705 2857 1758 titulum
2882 1704 3048 1760 fuisse
3070 1706 3428 1777 scripserunt.

144 1797 362 1853 illustris.
395 1795 465 1850 In
493 1798 626 1850 hanc
650 1810 785 1850 τατεο
816 1804 983 1849 meatu
1011 1811 1100 1865 per
1136 1793 1344 1865 ﬁstulas
1374 1811 1400 1847 e
1427 1795 1536 1848 solo
1570 1794 1723 1847 unda:
1754 1796 1801 1857 B
1830 1793 2093 1849 Baronius
2146 1794 2377 1865 denique
2436 1811 2497 1852 ac
2545 1796 2862 1853 Ciacconius
2906 1796 3163 1854 Actorum
3219 1797 3435 1853 Damasi

144 1893 495 1960 irrumperent,
525 1890 709 1961 quibus
738 1891 1085 1945 catechumeni
1125 1891 1528 1960 baptizarentur.
1566 1889 1723 1943 Illam

148 1984 359 2039 Liberius
385 1985 667 2054 pontifices:
694 1984 1060 2039 exstruendam
1088 1984 1211 2037 olim
1239 1984 1572 2037 mandaverat
1613 1982 1725 2037 Da-

147 2094 302 2144 maso,
332 2094 447 2131 cum
480 2094 582 2132 non
627 2078 800 2131 adhuc
849 2077 1117 2147 ponti/icio
1166 2078 1383 2149 fulgeret
1434 2079 1720 2141 maiestate.

150 2170 269 2235 Quin
298 2180 351 2224 ut
372 2171 544 2242 operis
572 2180 674 2223 tam
698 2170 959 2243 perspicui
984 2172 1227 2224 memoria
1258 2170 1325 2223 ad
1350 2181 1579 2243 posteros
1609 2188 1725 2243 per-

147 2268 345 2333 ueniret,
380 2267 495 2336 ipse
530 2264 803 2321 Musarum
848 2282 949 2320 non
999 2266 1208 2319 humilis
1235 2265 1403 2319 cultor
1443 2264 1723 2332 Damasus,

148 2360 292 2432 lapidi
332 2360 510 2413 incidit
554 2359 804 2431 quosdam
854 2359 1159 2421 versiculos,
1204 2376 1422 2429 quorum
1477 2360 1726 2414 nonnulla

146 2460 448 2527 fragmenta,
483 2471 598 2509 cum
635 2458 690 2509 in
730 2454 1005 2527 parietibus
1042 2457 1181 2509 intra
1210 2471 1395 2509 novum
1427 2454 1728 2509 Oratorium

146 2546 200 2601 S.
223 2546 400 2601 Leonis
421 2563 576 2621 papae
593 2548 679 2601 vix
714 2548 815 2619 legi
846 2558 1088 2617 possent,
1122 2547 1327 2602 tandem
1376 2548 1577 2601 erudita
1612 2565 1728 2619 per-

147 2641 385 2711 tinacique
424 2642 721 2696 curiositate
753 2642 995 2712 primva
1031 2659 1092 2696 ac
1123 2643 1343 2712 genuino
1373 2643 1545 2697 sensui
1572 2644 1727 2719 resti-

146 2743 243 2787 tuta
271 2735 499 2788 visuntur
530 2734 585 2788 in
622 2735 814 2805 cryptis
862 2732 1124 2788 Vaticanis
1162 2734 1259 2806 (a).
1306 2735 1377 2789 Al.
1421 2736 1545 2805 quia
1585 2736 1730 2790 aliud

145 2826 527 2897 baptisterium,
558 2827 700 2881 aliud
735 2842 861 2882 vero
884 2827 1185 2899 baptisterii
1217 2828 1356 2893 fons,
1387 2827 1512 2883 hinc
1543 2841 1599 2882 ut
1630 2845 1731 2899 ego

88 2908 93 2911 ‘
151 2933 289 2991 puto,
319 2921 520 2993 duplex
552 2932 638 2977 est
665 2923 879 2977 Damasi
926 2939 1145 2978 carmen
1189 2925 1251 2978 de
1298 2924 1552 2979 Fontibus
1589 2925 1736 2980 Vati-

150 3015 300 3081 canis,
318 3015 461 3070 aliud
492 3015 706 3087 integro
734 3016 1054 3087 baptisterio
1081 3017 1204 3088 ipsi,
1222 3029 1444 3073 curante
1471 3018 1732 3075 Mercurio

149 3109 385 3177 diacono,
413 3109 563 3163 aliud
586 3125 715 3165 vero
746 3109 847 3180 ipsi
900 3126 1164 3180 aquarum
1195 3114 1540 3181 receptaculo
1564 3112 1733 3167 Acha-

1827 1887 2147 1942 auctoritate
2194 1889 2454 1958 permoti,
2486 1890 2769 1946 ecclesiam
2798 1890 2858 1946 S.
2887 1890 3099 1946 Ruﬁna:
3125 1899 3181 1947 et
3230 1890 3438 1947 Secun-

1828 1980 1909 2035 dm
1942 1982 1992 2035 in
2042 1983 2189 2053 sylva
2238 1982 2480 2038 Candida
2509 2027 2523 2048 ,
2554 2000 2583 2039 a
2629 1984 2773 2041 Julio
2804 1987 3073 2056 inceptam
3097 2027 3112 2052 ,
3144 2001 3174 2040 a
3209 1986 3439 2043 Damaso

1827 2075 2134 2132 absolutam
2182 2077 2351 2134 fuisse
2386 2091 2661 2136 asserunt.
2695 2081 2835 2136 Sunt
2866 2082 3051 2150 etiam,
3081 2082 3170 2151 qui
3202 2082 3306 2137 hoc
3334 2082 3437 2137 Da-

1829 2172 1965 2226 tnasi
1991 2172 2227 2227 Studium
2256 2175 2553 2229 extendant
2577 2175 2645 2230 ad
2678 2176 2794 2231 loca
2822 2176 2889 2231 ab
2917 2174 3063 2232 Urbe
3086 2176 3305 2241 dissita;
3329 2175 3439 2231 No-

1830 2265 1935 2321 lani
1968 2268 2113 2322 enim
2159 2268 2453 2339 scriptores
2488 2268 2770 2325 aediculam
2814 2270 2958 2325 illam
2982 2312 2996 2335 ,
3026 2271 3078 2325 in
3108 2284 3214 2341 qua
3242 2269 3301 2327 S.
3330 2269 3436 2325 Fe-

1830 2358 1951 2414 licis
1981 2361 2292 2431 sepulcrum
2340 2360 2514 2417 fuerat
2534 2405 2547 2429 ,
2578 2379 2735 2432 quam
2764 2362 2959 2419 deinde
2988 2363 3320 2433 amplissima
3349 2362 3437 2417 illa

1831 2454 2053 2508 basilica
2098 2469 2193 2509 sua
2242 2470 2272 2508 a
2321 2470 2380 2510 se
2423 2456 2658 2509 clausam
2695 2455 2952 2510 Paulinus
2985 2453 3294 2527 scribit(c),
3331 2455 3435 2509 Da-

1831 2563 1984 2603 maso
2033 2549 2376 2615 attribuunt,
2424 2565 2485 2603 ac
2532 2557 2772 2604 veterem
2825 2550 2963 2603 banc
3004 2564 3116 2618 pra:
3138 2548 3352 2603 caeteris
3383 2548 3436 2602 in

1832 2644 1949 2714 ejus
1981 2643 2057 2699 rei
2087 2644 2452 2699 testiinonium
2485 2644 2894 2714 inscriptionem
2923 2643 3196 2697 aﬂ'erunt:
3230 2642 3271 2712 ἰ·
3306 2640 3441 2713 Sep-

1826 2739 1964 2816 tima
1994 2739 2079 2792 die
2105 2748 2285 2805 stante,
2304 2754 2475 2792 mense
2503 2736 2670 2791 Madii
2699 2736 2741 2808 οξ-
2769 2736 3023 2791 dedicatio
3050 2737 3147 2789 erit
3174 2735 3331 2809 hujus
3374 2733 3437 2789 S.

1838 2832 2101 2888 Ecclesite.
2126 2833 2299 2887 beatus
2328 2831 2584 2887 Damasus
2605 2830 2722 2885 PP.
2753 2832 3038 2885 construxit
3066 2838 3113 2884 et
3142 2828 3438 2897 aediﬁcavit.

1834 2926 1915 2979 Ad
1962 2924 2247 2981 Honorem.
2292 2926 2381 2981 Di.
2416 2925 2483 2980 Et
2520 2925 2830 2980 Beatissimi.
2869 2923 3079 2980 Felicis.
3113 2924 3293 2995 Conf.;
3334 2939 3438 2995 qua

1836 3019 1903 3074 de
1932 3036 2025 3087 re,
2058 3020 2217 3087 vide,
2254 3020 2297 3075 si
2332 3021 2541 3090 placet,
2575 3021 2645 3073 cl.
2680 3020 2852 3073 virum
2902 3017 3167 3072 Joannem
3207 3016 3440 3086 Stepha-

1839 3127 1965 3166 num
2009 3112 2409 3167 Reniondinum
2450 3110 2553 3184 (d).
2586 3111 2776 3166 Mirum
2818 3120 2995 3164 tamen
3036 3108 3206 3163 videri
3248 3107 3446 3162 merito

151 3201 201 3254 tii
225 3215 380 3271 opera
411 3202 907 3274 inscriptum.Nam
931 3202 1053 3259 fons
1071 3204 1230 3271 alius,
1266 3220 1361 3260 seu
1381 3206 1727 3273 cantharum,
1760 3190 1805 3253 (ἶ
1839 3207 2073 3277 poterit,
2124 3208 2412 3262 Paulinum
2465 3208 2642 3279 ipsum
2668 3246 2685 3271 ,
2727 3219 3053 3276 quamquam
3101 3203 3170 3257 de
3215 3202 3441 3256 aedicula

150 3294 281 3363 quod
324 3294 583 3350 Paulinus
623 3294 864 3350 Nolanus
903 3297 1178 3366 eleganter
1215 3297 1476 3351 describit
1507 3298 1559 3351 in
1591 3299 1728 3353 atrio

151 3384 374 3442 basilica:
420 3390 687 3458 positum,
721 3405 784 3445 ac
832 3390 899 3444 ab
943 3390 1215 3445 nonnullis
1266 3406 1362 3461 pro
1415 3391 1732 3461 baptisterio

161 3488 413 3550 acceptum
446 3478 581 3549 fuit,
610 3479 701 3536 uni
740 3490 947 3537 tantum
982 3483 1225 3537 lavandae
1265 3498 1364 3553 pro
1408 3498 1562 3539 more
1592 3485 1733 3555 plebi

225 3618 292 3695 ia)
321 3620 437 3695 Yet.
458 3620 635 3695 Mum,
685 3632 816 3695 tom.
850 3624 892 3688 Ι,
923 3638 976 3695 p.
1010 3625 1100 3681 59.

318 3692 394 3749 Cl.
422 3694 612 3750 Muret.
651 3711 708 3751 η.
739 3694 831 3763 41,
859 3691 953 3765 Η,
981 3696 1049 3753 ad
1074 3697 1246 3769 Epist.
1279 3698 1458 3768 Paul.,
1491 3699 1580 3768 l3,
1607 3698 1729 3757 Ver.

199 3895 1050 3926 manus:

1837 3300 1926 3355 illa
1973 3300 2171 3370 saepius
2219 3300 2423 3370 egerit,
2453 3299 2655 3355 nullam
2709 3312 2962 3369 umquam
3002 3296 3120 3366 ejus
3171 3294 3443 3366 pontiﬁcis

1843 3394 2177 3449 mentionem
2207 3392 2424 3449 iecisse.

1945 3630 1994 3701 c)
2019 3630 2124 3700 Ep.
2161 3627 2420 3696 12,Ver.
2455 3628 2586 3684 edit.
2700 3700 2723 3701 η
2825 3700 2831 3701 ί
2956 3697 2988 3701 Α

1945 3631 1994 3701 c)
2019 3631 2124 3700 Ep.
2161 3631 2260 3696 ‘12,
2293 3631 2420 3685 Ver.
2455 3631 2586 3684 edit.
3330 3654 3333 3657 ν

1916 3631 1998 3776 ἔα)
2030 3702 2182 3758 Della
2211 3702 2403 3757 Nolau.
2451 3700 2664 3756 Eccles.
2692 3700 2902 3767 Storia,
2936 3697 3028 3754 lib.
3061 3713 3117 3766 tt,
3153 3712 3274 3771 cap.
3306 3698 3361 3767 8,
3391 3698 3443 3755 9.

1316 4002 1897 4085 DIATRIB/E
1971 3998 2251 4083 DUfE

396 4166 1004 4230 ILLUSTRANTES
1066 4166 1325 4230 GESTA
1379 4167 1743 4243 QUIEDAM
1801 4163 2296 4229 PONTIFICUM
2347 4162 2639 4224 LIBERII
2692 4160 2795 4222 ET
2854 4157 3184 4222 DAMAS].

640 4428 961 4485 DIATRIBA
1004 4428 1237 4486 PRIMA.

564 4541 649 4599 De
676 4546 833 4616 gestis
864 4543 1057 4598 Liberii
1087 4543 1297 4599 exsulis.

184 4654 204 4717 5
230 4655 335 4722 1.-
355 4656 625 4709 Aﬁeruntnr
650 4660 804 4722 coaevi
831 4660 1099 4722 scriptores
1116 4659 1180 4708 de
1204 4658 1363 4722 gestis
1387 4656 1570 4707 Libet-ii
1598 4668 1745 4722 exsu-

1850 4440 1973 4481 nem
2006 4424 2146 4481 hanc
2187 4424 2562 4481 deﬁcientibus
2606 4423 2972 4479 monumentis
2995 4437 3024 4477 a
3066 4422 3198 4478 viris
3226 4430 3454 4479 caetero-

1850 4518 1980 4587 quin
2008 4516 2358 4583 doctissimis,
2388 4518 2513 4572 dum
2537 4518 2775 4587 quisque
2792 4526 3185 4587 praeconceptae
3210 4517 3454 4587 Opinioui

1852 4612 2116 4676 inservit,
2145 4628 2253 4666 non
2284 4621 2391 4665 tam
2423 4612 2734 4681 eitplanari,
2764 4626 2924 4681 quam
2960 4610 3247 4681 implcxam
3279 4611 3451 4683 magis

238 4703 306 4800 [θ’
329 4703 456 4800 (16:35:
465 4703 881 4793 ὶξῆἦξιίῇᾗίιξ-ᾇέ
888 4703 1746 4785 έῇίῆἀᾷίξιζεοιῖιῖάῷξιίίιέίίοίσῇ·ίίη
1781 4740 1828 4800 Β
1853 4712 2017 4775 atque
2065 4704 2437 4760 obscurioer
2485 4703 2649 4758 efﬁci.
2694 4704 2777 4759 Me
2810 4705 2971 4775 igitur
2994 4720 3115 4759 cum
3146 4704 3212 4761 iis
3235 4706 3418 4760 tnultis
3439 4748 3453 4771 ,

238 4782 317 4834 hac
336 4782 519 4834 celebri
542 4785 892 4837 cortroversia.

248 4895 437 4953 Mecum
509 4896 627 4966 ipse
680 4898 1104 4959 constitueram,
1150 4908 1477 4965 quamquam
1534 4891 1751 4947 occasio

190 5002 294 5047 sese
317 4991 620 5054 obtulisset.
650 5006 712 5044 ne
737 4991 866 5063 quid
894 4989 1163 5047 sermonis
1194 4989 1311 5043 iSIis
1340 4987 1409 5043 de
1436 4987 1597 5041 rebus
1627 5001 1753 5056 age-

191 5094 317 5150 rem,
340 5084 477 5155 quod
506 5082 616 5139 illa:
642 5092 794 5139 extra
824 5085 1128 5140 institutum
1158 5097 1335 5137 meum
1362 5081 1555 5153 posita:
1601 5080 1749 5135 vide-

189 5185 371 5244 rentur,
403 5193 465 5233 ac
509 5192 576 5232 ne
607 5183 796 5246 .rotan.
826 5172 936 5233 tam
964 5192 1107 5247 saepe
1132 5182 1435 5240 versatam,
1469 5173 1644 5228 inutili
1677 5173 1752 5226 la-

188 5268 302 5328 bore
327 5290 355 5327 a
401 5289 489 5330 me
532 5270 737 5327 versari
772 5271 957 5328 iterum
998 5272 1291 5327 diceretur.
1327 5270 1527 5326 Verum
1569 5266 1753 5323 consi-

189 5365 301 5421 lium
349 5379 529 5438 postea
576 5367 860 5421 immutavx
900 5382 1115 5433 meum,
1163 5365 1308 5437 quod
1356 5364 1595 5419 videram
1642 5372 1752 5417 tum

188 5455 365 5516 Liberii
415 5460 667 5515 ltzcrcsim
718 5458 787 5514 ab
840 5456 1200 5527 Jatsenianis,
1249 5459 1447 5530 elapsis
1490 5458 1647 5513 annis
1686 5457 1756 5513 ad

190 5566 418 5609 nauseam
449 5569 621 5624 usque
665 5560 934 5608 recantart
969 5555 1229 5611 adversus
1253 5552 1595 5616 Catholicos,
1640 5561 1752 5607 tum

190 5642 336 5701 fuisse
382 5662 554 5718 nuper
594 5654 902 5701 nostrarum
945 5647 1165 5716 prmium
1212 5646 1531 5716 scriptorem
1584 5644 1755 5699 histo-

192 5737 366 5808 ricum,
399 5740 487 5812 qui
511 5756 632 5797 eam
659 5754 758 5812 pro
786 5754 846 5794 re
886 5737 1091 5796 indubia
1119 5740 1315 5797 habeat
1340 5780 1354 5807 ,
1382 5750 1492 5794 tum
1522 5738 1759 5808 denique

195 5831 320 5901 quod
353 5832 610 5905 legendo,
645 5840 700 5889 et
727 5829 1039 5887 meditando
1067 5832 1473 5891 observaverim
1506 5831 1760 5903 quaestio-

1859 4797 1951 4867 qui
1997 4796 2134 4852 hanc
2184 4798 2610 4853 controversiam
2660 4806 2994 4866 tractarunt,
3048 4797 3220 4867 abripi
3267 4814 3458 4869 passus

1860 4906 2014 4957 sum;
2045 4906 2113 4947 ne
2156 4903 2337 4947 autem
2388 4892 2624 4947 lectores
2674 4906 2823 4947 meos
2869 4891 3095 4947 nimium
3135 4893 3459 4963 fatigarem,

1856 4987 2055 5042 cozevis
2116 4986 2398 5041 dumtaxat
2456 4987 2850 5054 scriptoribus,
2896 5002 3123 5057 quorum
3172 4994 3463 5056 supersunt

1858 5094 2020 5150 opera
2042 5121 2057 5145 ,
2089 5094 2206 5133 eam
2252 5078 2552 5135 dilucidare
2582 5094 2870 5150 aggressus
2896 5094 3015 5134 sum
3052 5096 3065 5132 :
3105 5078 3247 5150 quod
3279 5088 3456 5134 tamen

1858 5186 1925 5226 an
1952 5170 2274 5226 successerit
2300 5186 2365 5225 ex
2398 5179 2555 5236 voto,
2586 5171 2619 5225 ii
2650 5170 2966 5241 dijudicent.

1930 5265 2202 5335 Principio
2225 5264 2354 5335 quin
2379 5264 2627 5320 Liberius
2650 5279 2785 5334 papa
2809 5264 2863 5319 in
2888 5264 3080 5319 exsilio
3109 5262 3312 5333 positus
3336 5260 3458 5318 Siri-

1860 5358 2105 5414 miensem
2133 5357 2288 5427 ﬁdem
2317 5359 2637 5429 susceperit,
2666 5373 2825 5413 nemo
2850 5355 3196 5423 dubitaverit,
3223 5358 3311 5427 qui
3344 5356 3464 5426 ejus

1859 5453 1929 5509 ad
1973 5452 2275 5508 Orientales
2324 5451 2609 5522 epistolam
2654 5452 3036 5522 legatsneque
3059 5449 3207 5505 enim
3251 5450 3297 5505 is
3339 5465 3458 5505 sum

1858 5564 2000 5622 ego,
2033 5548 2123 5620 qui
2169 5563 2287 5603 eam
2331 5547 2757 5619 repugnantibus
2808 5555 2884 5600 tot
2929 5545 3141 5601 saeculis
3188 5545 3460 5615 postulare

1863 5644 1983 5700 falsi
2013 5658 2077 5698 ac
2107 5642 2247 5698 inter
2295 5641 2619 5697 Arianorum
2648 5649 2955 5694 commenta
2988 5638 3215 5709 rejicere
3241 5653 3462 5709 prorsus

1864 5736 2094 5792 audeam
2128 5753 2141 5788 :
2174 5751 2240 5790 an
2273 5749 2402 5790 vero
2454 5734 2785 5788 voluntatem
2825 5732 2993 5789 verbo
3020 5742 3196 5801 tenus
3238 5747 3462 5802 espres-

1868 5845 2014 5897 sum,
2047 5845 2116 5885 an
2150 5829 2330 5900 potius
2368 5827 2762 5899 subscriptione
2807 5824 2985 5900 aliqua
3029 5828 3193 5890 etiam
3237 5842 3331 5887 sua
3356 5828 3465 5895 jam
