3950 6330
467 280 575 337 285

1660 282 1974 342 SANCTUS
2013 282 2336 341 DAMASUS
2375 283 2459 340 PA
2469 283 2550 340 PA
2562 322 2576 337 .
3620 292 3705 349 28l

469 397 842 454 confirmatam
863 438 878 465 ,
908 397 1155 454 Liberius
1180 412 1246 454 eo
1272 398 1394 454 loco
1413 397 1686 470 explicet,
1715 405 1875 470 prout
1897 398 2059 454 etiam
2087 399 2142 460 Α
2164 398 2427 454 catholica
2477 399 2591 454 visa
2639 407 2720 454 est
2742 440 2759 467 ,
2787 407 2842 454 et
2871 406 3055 454 sancta
3102 399 3153 454 in
3192 399 3326 456 libro
3362 400 3425 458 de
3466 403 3705 476 Synodis;

473 509 720 566 quaenam
748 493 1048 552 Sirmiensis
1070 508 1135 549 ea
1182 493 1310 563 ﬁdes
1336 493 1405 548 sit
1424 535 1439 559 ,
1471 493 1539 548 de
1565 509 1669 564 qua
1697 493 1787 549 ille
1811 493 2070 564 loquitur,

473 587 648 643 dicam
681 595 886 658 postea.
915 588 1066 644 Nunc
1091 587 1330 644 breviter
1357 586 1800 644 monuisse'satis
1825 589 1924 652 sit,
1951 587 2073 643 Sir-

473 681 732 737 miensem
765 679 924 736 fldem
959 680 1225 752 triplicem
1255 695 1398 748 esse,
1425 689 1482 734 ut
1505 680 1699 750 triplex
1729 689 1811 736 est
1840 679 2074 736 formula

477 791 571 831 seu
625 776 880 841 ectltesis,
911 790 1032 845 quae
1059 775 1111 829 in
1145 789 1208 830 ea
1239 775 1371 830 urbe
1397 790 1626 845 procusa
1655 783 1707 829 et
1739 774 2076 846 promulgata

477 877 581 935 est;
605 869 774 939 prima
797 870 1028 937 scilicet,
1043 885 1163 926 cum
1185 869 1448 926 Photinus
1468 870 2079 926 ahOrientalibusdam-

478 975 658 1030 natus,
678 973 733 1020 et
754 965 1037 1021 Sirmiensi
1065 969 1380 1034 episcOpatu
1409 975 1570 1037 atque
1593 967 1706 1035 ipsa
1740 967 1873 1020 urbe
1892 966 2077 1037 pulsus

477 1065 604 1113 est:
623 1057 948 1128 altera,qu:e
971 1058 1039 1114 ab
1065 1057 1310 1127 Ursacin,
1335 1059 1557 1116 Valente
1577 1059 1920 1116 etGertninio
1942 1074 2076 1116 con-

479 1151 676 1221 scripta
707 1151 989 1221 posteriori
1020 1159 1285 1222 tempore,
1319 1161 1478 1222 atque
1505 1152 1652 1208 Hosii
1685 1159 1844 1207 etiam
1885 1167 2078 1223 quam-

481 1259 640 1315 quam
662 1244 934 1300 immerito
960 1254 1012 1300 et
1045 1245 1277 1300 Potamii
1305 1245 1638 1314 blasphemia
1664 1246 1802 1300 dicta
1829 1255 1910 1300 est
1937 1263 1949 1300 :
1978 1229 2082 1301 ter-

483 1339 551 1392 tia
575 1338 828 1407 denique,
849 1352 971 1408 qua:
999 1352 1028 1391 a
1055 1337 1235 1392 Marco
1258 1339 1546 1393 Arethusio
1563 1338 1647 1392 die
1673 1337 1738 1392 21
1757 1336 1891 1392 Julii
1917 1337 2082 1407 Ilipa-

483 1431 555 1484 tio
582 1441 628 1485 et
659 1429 877 1485 Eusebio
905 1447 1037 1485 coss.
1073 1445 1216 1486 anno
1244 1431 1452 1486 scilicet
1471 1431 1576 1487 559
1607 1431 1804 1487 dictata
1819 1441 1990 1496 est,ac
2010 1431 2082 1488 ob

485 1540 602 1578 eam
623 1523 816 1578 merito
847 1523 1454 1595 causam.obascriptos
1481 1524 1687 1578 scilicet
1717 1523 1858 1578 diem
1879 1531 1934 1585 et
1953 1538 2084 1578 cnn-

485 1619 650 1681 sules,
671 1619 738 1673 ab
765 1617 1281 1673 Athanasioinlibro
1309 1618 1374 1673 de
1400 1618 1631 1690 Synodis
1655 1617 1766 1672 risu
1795 1616 2078 1686 excipitur.

553 1712 690 1767 Cum
716 1713 878 1784 igitur
907 1713 1201 1783 qumrimus
1246 1727 1313 1767 ex
1359 1712 1529 1767 tribus
1560 1711 1668 1766 illis
1696 1710 1818 1765 ﬁdei
1863 1711 2071 1780 exposi-

2175 503 2335 564 atque
2387 494 2501 547 haec
2545 507 2649 550 una
2695 503 2779 548 est
2799 493 2964 562 ratio,
2998 493 3067 548 ob
3109 509 3288 564 quam,
3320 503 3376 549 ut
3402 496 3710 560 heterodnxos

2177 595 2494 656 praeteream
2517 627 2530 652 ,
2560 601 2626 642 ex
2659 585 2856 642 nostris
2881 587 3124 642 nonnulli
3154 587 3204 642 in
3235 589 3367 643 hanc
3392 589 3586 649 iverunt
3607 609 3711 654 seu-

2176 680 2418 734 tentiam.

2175 833 2202 898 §
2233 832 2297 884 Il.
2331 861 2395 872 —
2421 833 2595 898 Hilarii
2626 835 2904 898 testimonia
2943 835 3044 886 late
3077 838 3432 898 expenduntur,
3458 853 3538 898 pro
3566 844 3718 894 consti-

2241 899 2422 964 tuenda
2447 895 2698 964 Sirmiensi
2715 896 2819 964 [ide
2841 913 2866 948 a
2895 898 3093 950 Liberio
3113 895 3347 964 suscepta.
3374 895 3550 952 Nullam
3571 905 3614 953 in
3633 906 3720 955 Sir-

2239 962 2416 1029 I_n_iensi
2453 963 2574 1009 urbe
2611 962 3033 1029 haberi__potuisse
3059 962 3345 1014 Arianorum
3377 966 3590 1029 synodum
3618 982 3720 1019 anno

2239 1023 2334 1073 549
2355 1035 2502 1074 secus
2522 1036 2578 1073 ac
2602 1022 2826 1073 nonnulli
2841 1033 3070 1075 censent.

2250 1148 2518 1206 Craterum
2550 1150 2886 1208 Sirmiensem
2911 1151 3066 1221 ﬁdem
3086 1195 3100 1219 ,
3129 1168 3287 1224 quam
3329 1151 3547 1208 Liberius
3584 1171 3725 1212 susce-

2181 1245 2295 1315 pit,
2327 1245 2484 1300 aliam
2533 1261 2636 1300 non
2686 1260 2806 1301 esse
2833 1247 2902 1301 ab
2945 1262 3008 1301 ea
3036 1289 3050 1314 ,
3077 1261 3200 1316 qua:
3238 1262 3277 1299 εις
3306 1247 3526 1302 concilio
3567 1257 3726 1306 contra

2181 1339 2472 1396 Phntinum
2508 1339 2841 1411 promulgata
2875 1339 3080 1406 fuerat,
3115 1340 3396 1397 manifesto
3425 1341 3598 1413 probat
3620 1341 3728 1397 llila-

2183 1435 2296 1490 rius
2347 1436 2495 1505 ipse,
2527 1451 2686 1504 quem
2721 1437 3008 1504 'prOpterea
3055 1435 3223 1489 miror
3254 1435 3466 1490 minime
3512 1433 3730 1490 hactenus

2183 1535 2387 1581 attente
2427 1526 2648 1581 lectum.
2691 1525 2818 1597 Agit
2861 1526 2952 1582 ille
2991 1527 3249 1595 prolixius
3278 1525 3346 1581 de
3371 1526 3628 1580 Sirmiensi
3653 1527 3731 1582 hoc

2186 1619 2509 1674 Arianorum
2537 1618 2806 1686 Concilio,
2846 1617 3072 1690 ejusque
3092 1659 3106 1683 ,
3137 1635 3296 1690 quam
3335 1616 3617 1673 Orientales
3651 1618 3732 1674 sibi

2190 1720 2583 1782 prOposucrant
2623 1752 2638 1775 ,
2693 1711 2894 1782 duplici
2938 1710 3274 1766 convocandi
3329 1725 3483 1765 causa
3539 1727 3552 1765 :
3595 1710 3734 1780 prima

487 1805 723 1860 tionibus
749 1820 1039 1875 quamnam
1069 1805 1390 1874 susceperit,
1420 1815 1581 1874 atque
1606 1819 1672 1860 ex
1701 1805 1764 1859 iis
1794 1803 1897 1858 ntri
1927 1804 2080 1858 dein-
2109 1791 2158 1852 B
2185 1806 2385 1860 scilicet
2423 1847 2438 1871 ,
2485 1813 2542 1858 ut
2585 1819 2647 1859 ea
2692 1805 2980 1861 occasione
3023 1802 3090 1858 de
3137 1803 3366 1858 Photino
3408 1803 3522 1856 data
3577 1801 3730 1856 Sardi-

486 1898 555 1953 de
601 1897 986 1968 subscripserit
1010 1894 1280 1966 Liberius
1323 1896 1564 1968 pontifex
1587 1937 1601 1963 ,
1632 1897 1676 1952 si
1725 1896 1882 1966 hujus
1911 1895 2086 1952 artatis

489 1994 696 2060 Patres,
725 1994 814 2065 qui
847 1993 947 2048 hac
976 1994 1044 2049 de
1073 2008 1132 2048 re
1153 2001 1349 2064 agunt,
1379 1991 1758 2058 Athanasium,
1791 1991 2050 2046 Hilarium
2070 2032 2085 2060 ,

492 2085 873 2155 Hieronymum
915 2087 1263 2142 consulamus
1288 2128 1301 2148 .
1333 2101 1454 2140 cum
1483 2085 1534 2138 hi
1565 2085 1766 2140 nullam
1795 2099 1865 2140 ex
1895 2084 2086 2139 iisdem

487 2177 736 2234 formulis
765 2188 953 2250 aperte
977 2179 1296 2250 designent,
1332 2181 1568 2235 incertos
1601 2194 1699 2234 nos
1738 2180 2084 2251 relinquunt;

485 2271 815 2327 Athanasius
843 2273 987 2328 enim
1011 2272 1064 2327 in
1093 2273 1316 2328 historia
1341 2275 1658 2328 Arianorum
1682 2272 1746 2326 ad
1773 2271 2086 2340 Monachus,

487 2367 602 2420 sive
628 2366 853 2435 epistola
885 2366 951 2420 ad
979 2365 1262 2421 Solitarios
1286 2366 1402 2422 haec
1428 2367 1618 2422 scribit
1640 2366 1832 2424 :Porro
1856 2365 2090 2422 Liberius

485 2461 704 2515 extorris
730 2464 897 2533 factus
923 2471 1039 2533 post
1085 2460 1341 2516 biennium
1383 2462 1602 2530 denique
1632 2465 1828 2532 fractus
1859 2472 1965 2528 est;
1993 2462 2092 2516 nti-

487 2555 667 2625 nisque
719 2557 900 2610 mortis
945 2557 1246 2628 perterritus
1291 2557 1629 2628 subscripsit;
1681 2564 1791 2611 tum
1839 2556 1986 2612 illum
2035 2564 2093 2611 ut

489 2657 719 2718 purget,
750 2649 931 2703 statim
965 2648 1080 2703 hate
1106 2648 1256 2704 addit
1285 2665 1298 2702 :
1341 2648 1524 2702 Verum
1557 2666 1615 2703 ea
1637 2651 1751 2717 ipsa
1777 2665 1834 2704 re
1855 2665 2093 2718 compro-

489 2741 638 2794 batur
659 2757 776 2794 cum
799 2742 1040 2796 violentia
1060 2757 1257 2806 eorum,
1277 2751 1385 2794 tum
1408 2740 1598 2795 Liberii
1622 2742 1676 2794 in
1693 2742 1926 2796 hwresim
1946 2743 2091 2797 illaut

490 2831 688 2898 odium,
729 2833 937 2903 ejusque
985 2848 1078 2904 pro
1104 2833 1391 2886 Athanasio
1446 2831 1780 2902 suﬁragium,
1843 2834 2092 2901 quamdiu

490 2924 683 2979 scilicet
711 2924 894 2991 libere,
922 2925 1234 2995 arbitrioque
1277 2941 1370 2980 suo
1413 2941 1562 2998 agere
1595 2924 1738 2978 licuit
1767 2941 1785 2980 :
1819 2942 1936 2979 nam
1979 2941 2092 2996 qua:

493 3025 858 3071 tormentorum
886 3019 933 3071 vi
960 3028 1144 3088 prater
1194 3019 1416 3089 priorem
1460 3019 1763 3072 sententiam
1786 3019 2090 3085 eliciuntur,

491 3127 550 3164 ea
575 3127 676 3166 non
704 3111 1280 3184 reformidantium,sed
1311 3111 1601 3165 vexantium
1624 3119 1740 3165 sunt
1770 3111 1960 3181 placita
1989 3109 2088 3184 (a).

2189 1898 2366 1952 censis
2433 1896 2713 1951 catholica:
2778 1894 2970 1969 synodi
3014 1937 3030 1964 ,
3069 1911 3192 1966 quae
3233 1894 3533 1951 Marcellum
3567 1935 3580 1958 ,
3619 1893 3732 1947 Pho-

2191 1992 2285 2046 tini
2337 1991 2690 2060 magistrum.
2755 1997 2810 2044 et
2869 1990 3222 2046 Athanasium
3293 1989 3595 2044 innocentes
3633 2002 3732 2056 pro-

2192 2087 2569 2150 nuntiaverat,
2644 2083 2859 2139 decreta
2918 2083 3348 2139 convellerent:
3418 2082 3574 2136 altera
3637 2095 3740 2136 vero

2191 2198 2361 2252 eaque
2404 2183 2656 2253 gravior,
2713 2189 2767 2234 ut
2806 2177 3146 2234 Photiniana:
3197 2179 3464 2234 hmreseos
3520 2184 3740 2248 pra-textu

2193 2291 2390 2330 novam
2425 2275 2829 2344 promulgarent
2859 2271 2981 2327 fidei
3024 2270 3326 2336 ecthcsim,
3371 2284 3470 2340 qua
3502 2283 3586 2340 per
3624 2265 3742 2322 cuni-

2191 2369 2342 2424 culos
2370 2367 2647 2423 Nicacnum
2678 2365 2872 2435 dogma
2914 2363 3282 2419 deSIrucrent.
3334 2361 3588 2416 Eetltesitn
3630 2359 3742 2414 illam

2191 2461 2388 2516 deinde
2421 2460 2648 2526 recitat,
2679 2457 3074 2513 fraudulentam
3101 2498 3116 2521 ,
3152 2455 3459 2510 hmreticatn
3479 2496 3493 2519 ,
3524 2461 3572 2507 et
3596 2450 3744 2505 verbis

2193 2555 2592 2612 blandientibus
2616 2568 2828 2609 veneno
2855 2551 3114 2606 interiore
3141 2559 3502 2620 prmgnanletn
3527 2555 3680 2610 vorat,
3699 2558 3746 2598 ac

2192 2650 2264 2705 ita
2293 2657 2695 2718 comparatam,
2728 2657 2785 2702 ut
2811 2660 2918 2701 uno
2941 2644 3247 2718 eodemque
3278 2649 3557 2704 contextu,
3599 2636 3748 2693 Photi-

2194 2759 2322 2798 num
2358 2717 2606 2810 ejicerct,
2637 2739 2992 2795 Athanasium
3025 2753 3179 2793 reum
3211 2717 3412 2808 ageret,
3433 2743 3484 2789 et
3513 2733 3650 2788 fidem
3677 2729 3748 2786 Ni-

2193 2850 2397 2889 cmnam
2428 2840 2719 2889 everteret.
2765 2832 2896 2887 Eam
2929 2829 3091 2886 etiam
3124 2844 3247 2883 cum
3275 2827 3485 2884 Nicarna
3515 2825 3607 2880 fide
3631 2838 3748 2877 corn-

2195 2935 2386 2996 parat,
2437 2937 2494 2980 ut
2525 2925 2625 2980 hac
2674 2925 2789 2994 ipsa
2835 2921 3060 2978 alterius
3092 2921 3382 2976 falsitatem
3415 2919 3744 2978 demonstret,

2194 3031 2354 3093 atque
2385 3020 2502 3075 lucc
2546 3019 2621 3074 ait
2659 3036 2672 3073 :
2722 3017 2864 3072 Nam
2903 3032 3017 3088 quin
3070 3016 3214 3085 apud
3284 3012 3511 3068 Nicazam
3550 3009 3747 3064 ordinata

2195 3125 2303 3180 est,
2335 3115 2486 3182 plena
2514 3123 2664 3184 atque
2691 3112 2920 3184 perfecta
2943 3115 3052 3174 est,
3085 3119 3132 3162 et
3165 3106 3401 3162 omnibus
3429 3105 3635 3174 undique
3657 3101 3752 3170 qui-

563 3202 922 3276 Hieronymus
968 3203 1177 3258 duobus
1225 3202 1278 3258 in
1336 3203 1472 3260 locis
1517 3203 1714 3259 factum
1782 3205 1992 3275 attigit,
2035 3205 2087 3258 in
2114 3190 2160 3254 Ο
2195 3208 2286 3260 bus
2317 3205 2564 3276 adrepere
2605 3203 2835 3258 hwretici
2875 3203 3069 3268 solent,
3103 3199 3331 3254 aditibus
3374 3195 3654 3255 observatis,
3691 3191 3753 3244 iu-

489 3297 760 3352 Chronico
805 3297 1012 3352 scilicet
1058 3306 1114 3353 et
1147 3299 1196 3352 in
1245 3298 1384 3353 libro
1413 3297 1481 3362 de
1508 3297 1877 3368 Scriptoribus
1909 3299 2094 3354 Eccle-

491 3391 725 3447 siasﬁcis
759 3409 772 3446 :
801 3405 864 3447 ac
911 3391 1086 3462 primo
1133 3391 1248 3446 haec
1273 3393 1387 3446 ait:
1421 3390 1624 3447 Liberio
1664 3394 1716 3447 in
1749 3395 1988 3448 exsilium
2028 3393 2092 3449 ob

495 3486 649 3553 fidem
699 3496 839 3539 truso
868 3527 884 3553 ,
936 3502 1110 3540 omnes
1132 3489 1442 3560 juraverunt
1473 3487 1743 3558 (Romani
1786 3487 2014 3560 clerici)
2041 3496 2094 3541 ut

496 3579 698 3632 nullum
727 3579 888 3632 alium
932 3579 1278 3650 susciperent;
1309 3597 1484 3636 verum
1527 3598 1641 3634 cum
1668 3579 1826 3638 Felix
1853 3582 1916 3636 ab
1943 3582 2097 3636 Aria-

427 3745 432 3750 '
497 3673 577 3726 nis
598 3671 780 3739 fuisset
799 3673 850 3727 in
864 3675 1546 3742 sacerdotiumsubstitutus,
1573 3677 1780 3744 plurimi
1799 3679 2098 3750 periurave-

496 3773 616 3816 runt
638 3803 653 3828 ,
712 3773 757 3818 et
801 3773 911 3834 post
935 3782 1127 3819 annum
1153 3783 1267 3820 cum
1293 3766 1466 3822 Felice
1491 3771 1638 3841 ejecti
1660 3779 1780 3824 sunt
1803 3811 1818 3838 ,
1847 3773 1968 3840 quia
2011 3771 2100 3826 Li-

499 3855 669 3909 berius
696 3856 852 3910 twdio
883 3857 1043 3912 uictus
1069 3857 1262 3927 exsilii,
1286 3869 1331 3914 et
1355 3861 1409 3914 in
1437 3861 1678 3915 haeretica
1705 3863 1956 3933 pravitate
1979 3863 2099 3917 sub-

499 3949 722 4002 scribens
753 3947 972 4002 Romam
993 3952 1136 4020 quasi
1164 3952 1322 4005 uictor
1359 3953 1643 4023 ingreditur
1673 3952 1770 4025 (b).
1803 3955 2096 4012 Posteriori

501 4041 622 4096 loco
656 4060 668 4096 :
701 4041 1136 4097 Fortunatianum
1183 4045 1584 4115 Aquileiensetn
1629 4047 1976 4102 detestabilem
2005 4048 2101 4103 Ita-

499 4135 606 4190 beri
629 4136 827 4193 asserit
853 4179 868 4205 ,
899 4137 1037 4209 quod
1069 4137 1330 4194 Liberium
1357 4139 1610 4196 Romana:
1639 4140 1778 4196 urbis
1801 4142 2100 4213 episcOpunt

504 4247 598 4298 pro
626 4230 729 4299 ﬁde
756 4232 809 4286 in
836 4232 1075 4287 exsilium
1111 4243 1423 4306 pergentem,
1456 4234 1650 4302 primus
1675 4234 1973 4290 sollicitavit
1994 4276 2009 4303 ,
2041 4251 2103 4289 ac

501 4323 674 4394 fregit,
701 4335 746 4378 et
772 4324 840 4378 ad
867 4326 1291 4395 subscriptionem
1317 4325 1568 4381 Iuereseos
1597 4327 1854 4397 compulit
1879 4325 1975 4400 (c).

573 4413 808 4470 Hilarius
853 4418 1016 4471 etiam
1057 4417 1256 4474 Liberii
1287 4419 1494 4489 lapsum
1537 4419 1617 4475 bis
1661 4429 1965 4476 memorat:
1996 4421 2104 4490 pri-

503 4519 591 4559 mo
618 4515 805 4561 contra
829 4506 1230 4578 Constantium,
1263 4511 1350 4566 ubi
1381 4511 1497 4567 haec
1523 4513 1599 4567 ait
1629 4531 1642 4565 :
1678 4511 1889 4568 Vertisti
1919 4513 2104 4568 deinde

2196 3301 2421 3356 violabili
2451 3301 2580 3353 inter
2613 3298 2824 3353 Patrem
2853 3307 2898 3352 et
2926 3295 3119 3350 Filium
3140 3306 3352 3350 wternte
3380 3292 3582 3348 unitatis
3607 3285 3755 3343 solidi-

2199 3405 2299 3449 tate
2322 3395 2636 3448 conneclitur
2670 3409 2687 3447 :
2719 3393 2827 3447 haec
2855 3407 2971 3445 vero
3001 3391 3336 3459 simplicitate
3374 3387 3646 3449 blanditur,
3669 3379 3754 3454 pri-

2199 3505 2335 3541 mum
2359 3502 2595 3540 asserens
2623 3501 2714 3539 nos
2740 3485 2811 3538 ila
2841 3483 3076 3549 credere,
3106 3483 3250 3554 quod
3291 3481 3420 3536 absit
3449 3497 3478 3533 α
3505 3478 3753 3549 quopiam:

2199 3592 2434 3638 crateram
2481 3580 2896 3636 Occidentalium
2945 3579 3104 3648 ﬁdes,
3155 3576 3482 3650 Evangelicis
3524 3570 3752 3628 constituta

2200 3677 2478 3742 doctrinis,
2525 3675 2736 3730 Patrem
2763 3676 2817 3729 in
2856 3671 3028 3739 Filio,
3069 3670 3268 3726 Filium
3297 3671 3560 3740 conﬁtetur
3593 3666 3642 3718 in
3671 3659 3751 3713 Pe—

2201 3783 2308 3836 tre,
2337 3770 2548 3826 Patrem
2592 3770 2907 3841 ingenitum,
2957 3765 3005 3820 F
3007 3767 3155 3821 ilium
3183 3765 3466 3821 substantia
3492 3752 3745 3817 wternitall!

2200 3876 2448 3920 aeternum
2467 3905 2481 3928 ,
2518 3864 2573 3917 id
2600 3872 2673 3916 est
2705 3872 2762 3916 ut
2793 3859 2998 3914 Patrem
3029 3875 3261 3926 semper,
3294 3859 3366 3912 ita
3393 3867 3436 3912 et
3460 3853 3506 3909 F
3508 3853 3638 3908 ilium
3655 3860 3755 3901 sent-

2202 3976 2291 4030 per
2313 3960 2366 4014 in
2403 3957 2589 4023 Patre,
2619 3966 2665 4010 et
2702 3967 2876 4010 natum
2909 3955 2970 4008 de
2999 3953 3108 4007 Deo
3138 3969 3247 4008 esse
3271 3994 3286 4018 ,
3317 3963 3362 4006 et
3391 3951 3443 4004 in
3478 3965 3532 4002 eo
3569 3954 3752 4010 semper,

2202 4050 2266 4104 de
2303 4067 2400 4120 quo
2442 4060 2544 4117 est,
2593 4065 2747 4103 esse:
2778 4057 2831 4101 at
2875 4063 2990 4102 vero
3039 4048 3148 4100 nam
3176 4059 3456 4111 PERFIDIA,
3487 4057 3582 4095 non
3618 4032 3752 4104 ﬁdet.

2204 4143 2372 4198 Deum
2405 4158 2469 4197 ea:
2501 4140 2607 4196 Dea
2635 4141 2839 4207 dicens,
2873 4151 2919 4193 et
2967 4138 3367 4211 primogenitum
3402 4124 3753 4188 commendans,

2204 4249 2249 4295 et
2295 4237 2566 4294 Trinitatis
2615 4253 2796 4291 nomen
2841 4235 3148 4297 instituens,
3181 4233 3324 4286 virus
3368 4245 3514 4285 suum
3547 4223 3626 4277 sub
3668 4232 3754 4272 mo-

2205 4336 2371 4389 destia
2417 4334 2670 4406 religiosa:
2699 4329 3072 4386 moderationis
3119 4328 3367 4383 occultat.
3418 4326 3534 4380 Post
3563 4322 3663 4374 haec
3699 4311 3750 4406 ad

2205 4403 2561 4482 Athanasium
2594 4425 2738 4480 venit
2765 4463 2780 4486 ,
2813 4435 2972 4492 atque
2997 4436 3119 4476 eum
3149 4419 3398 4488 ejusdem
3425 4417 3631 4472 NiCa'nte
3649 4403 3748 4461 fidei

2206 4528 2482 4574 auctorem
2512 4560 2525 4582 ,
2553 4533 2617 4572 ac
2648 4515 2914 4596 vindicem
2943 4513 3273 4569 acerrimum
3305 4508 3477 4566 laudat
3499 4546 3512 4560 .
3552 4502 3616 4557 ob
3640 4511 3758 4552 ram-

501 4615 662 4669 usque
690 4601 758 4654 ad
793 4601 1013 4656 Romam
1043 4604 1230 4658 bellum
1256 4615 1420 4670 tuum,
1455 4607 1689 4678 eripuisti
1722 4608 1868 4661 illinc
1907 4607 2102 4680 episco-
2127 4596 2179 4656 D
2206 4631 2308 4685 qua
2337 4627 2555 4668 causam
2598 4611 2666 4666 ab
2708 4609 2954 4675 manis,
2988 4606 3139 4662 falsis
3183 4597 3602 4661 accusauimibus
3626 4603 3759 4647 vexa-

504 4710 660 4764 pum:
693 4693 781 4761 Et,
811 4695 878 4750 oh
907 4707 954 4750 te
981 4698 1251 4754 miserum!
1275 4701 1362 4769 qui
1387 4700 1559 4754 nescio
1586 4710 1756 4753 utrum
1786 4704 1983 4773 majore
2007 4700 2106 4753 int-

503 4787 690 4861 pietate
719 4789 1041 4860 relegaueris,
1069 4807 1222 4858 quam
1248 4791 1501 4845 remiseris
1529 4793 1633 4865 (tl).
1667 4791 1802 4846 Tum
1833 4791 2028 4846 deinde
2051 4792 2104 4844 in

505 4883 821 4954 fragmentis
841 4925 856 4951 ,
886 4899 996 4955 quo
1018 4883 1135 4939 loco
1161 4884 1458 4939 Rotnanum
1485 4885 1630 4941 hunc
1654 4886 1960 4954 pontificem
1989 4899 2109 4939 sus-

504 4987 716 5050 ceptam
748 4995 776 5032 a
816 4994 875 5034 se
905 4977 1256 5035 Sirmiensem
1292 4979 1448 5034 fidem
1494 4980 1822 5035 scribentem
1849 5021 1863 5046 ,
1897 4990 2108 5049 aposta-

506 5087 612 5130 tam
648 5085 843 5144 vocat,
873 5085 1036 5147 atque
1066 5076 1378 5131 anathemati
1401 5075 1525 5142 dat,
1556 5075 1717 5130 verba
1756 5089 1862 5129 non
1901 5071 2101 5139 aﬂ'ero,

507 5186 628 5241 qua:
658 5168 885 5225 inferius
914 5169 1288 5240 opportuniori
1333 5169 1453 5223 loco
1483 5166 1757 5222 recitanda
1787 5181 1814 5219 a
1848 5180 1934 5221 me
1955 5173 2102 5220 sunt.

581 5263 639 5319 Si
685 5263 870 5332 itaque
914 5263 1164 5318 Liberius
1211 5261 1406 5316 hmresi
1437 5261 1822 5331 subscripsisse
1865 5259 2103 5326 dicitur,

507 5357 761 5413 secundae
788 5367 995 5412 tantum
1023 5356 1305 5413 Sirmiensi
1341 5354 1586 5410 formulae
1617 5355 2004 5425 subscripsisse
2031 5352 2108 5406 vl-

508 5451 626 5506 deri
653 5459 864 5522 potest;
895 5467 1018 5506 nam
1066 5451 1216 5521 prior
1251 5465 1371 5519 qua:
1400 5449 1452 5503 in
1481 5448 1712 5504 concilio
1749 5457 1936 5502 contra
1965 5445 2111 5500 Pho-

512 5543 683 5600 tinum
744 5557 1048 5602 convocato
1103 5546 1437 5618 promulgata
1489 5543 1703 5610 fuerat,
1754 5542 1963 5598 Hilario
2007 5542 2110 5612 ipsi

611 5685 663 5743 al
697 5685 762 5741 Ν.
797 5687 884 5743 Η.

613 5684 666 5906 ἓξ
697 5685 774 5812 Et}
797 5687 1018 5832 iiiymp.
1046 5759 1175 5820 282.

615 5847 642 5890 c
699 5832 778 5892 De
807 5830 867 5892 8.
898 5831 990 5903 E.,
1016 5838 1175 5906 ειμι

587 5830 666 5906 (c)
699 5832 778 5892 De
807 5830 990 5903 8.12.,
1016 5845 1138 5907 esp.
1168 5832 1259 5893 97.

2209 4718 2320 4762 tum
2347 4749 2362 4772 ,
2408 4721 2438 4761 a
2486 4704 2792 4760 Sardicensi
2827 4718 2953 4757 vero
2985 4699 3194 4773 synodo
3226 4698 3518 4752 absolutum
3562 4685 3758 4759 probat,

2211 4799 2488 4870 productis
2541 4796 2785 4866 ejusdem
2839 4794 3066 4867 synodi,
3119 4807 3183 4847 ac
3232 4787 3466 4862 pluribus
3513 4798 3540 4837 a
3593 4773 3762 4833 Liberio

2210 4893 2429 4962 scriptis
2449 4898 2576 4945 ante
2615 4888 2864 4944 exsilium
2899 4887 3096 4941 litteris
3126 4883 3223 4957 (ε).
3261 4887 3320 4938 At
3351 4879 3498 4934 illum
3527 4879 3762 4947 postremo

2213 4984 2328 5038 hinc
2355 4982 2557 5046 omnia,
2590 4996 2711 5052 quae
2741 4989 2866 5034 ante
2896 4979 3143 5034 exsilium
3170 4977 3254 5032 vel
3275 4979 3532 5044 gesserat,
3565 4964 3642 5020 vel
3665 4975 3764 5032 Μ’

2210 5078 2436 5133 miserat
2460 5118 2474 5139 ,
2509 5076 2559 5130 in
2593 5073 2794 5131 exsilio
2823 5073 3057 5142 positum
3086 5071 3224 5126 fluxa
3237 5066 3429 5121 fecisse
3451 5062 3608 5122 dolet,
3629 5064 3763 5121 atque

2212 5173 2315 5227 hoc
2347 5181 2402 5226 ut
2433 5172 2678 5234 evincat,
2720 5168 2908 5224 recitat
2939 5167 3089 5222 illam
3120 5165 3182 5219 ad
3217 5158 3549 5218 Orientales.
3581 5161 3630 5209 et
3655 5147 3763 5202 alle-

2211 5281 2326 5320 ram
2353 5263 2420 5319 ad
2447 5261 2729 5320 Ursacium
2778 5271 2834 5316 et
2892 5259 3160 5314 Valentem
3205 5254 3274 5309 ab
3302 5267 3368 5307 eo
3397 5248 3638 5318 scriptam
3666 5237 3762 5308 epl-

2211 5357 2318 5411 stol
2339 5373 2429 5411 tm.

2287 5451 2416 5519 Ejus
2446 5450 2610 5520 igitur
2651 5447 2716 5502 ad
2748 5445 3052 5503 Orientales
3077 5437 3352 5510 epistolae,
3391 5449 3453 5490 ac
3482 5432 3552 5489 illi
3587 5426 3762 5497 adjecta

2219 5543 2406 5599 Hilarii
2453 5542 2618 5599 verba
2651 5537 2929 5598 recitanda
2957 5548 3090 5596 nutc
3118 5549 3148 5589 ει
3191 5545 3278 5588 me
3318 5537 3474 5596 ευηι,
3522 5535 3633 5598 ιιυεε
3668 5529 3761 5575 rem

2297 5679 2378 5828 id;
2409 5676 2543 5748 Cap.
2571 5679 2656 5736 ll.
2835 5753 2840 5772 τ

2325 5770 2352 5808 e
2416 5750 2631 5828 Fragnt.
2660 5749 2697 5808 2
2713 5749 2794 5823 ,ει
2814 5791 2840 5824 ι

2325 5745 2374 5828 ε)
2416 5745 2631 5828 Fragnt.
2660 5749 2697 5808 2
2713 5749 2794 5823 ,ει
2814 5747 2923 5824 ,;5,,
2951 5745 2995 5804 ti.
