3878 6346
24 269 137 323 28ῖί

1452 274 1988 334 PROLEGOMENA.

3265 280 3372 339 296

23 384 308 441 deﬁniunt
348 402 361 440 :
410 387 494 442 ait
525 389 705 459 itaque
734 384 1002 455 Liberius,
1033 398 1085 443 ut
1114 390 1286 445 sciatis
1309 406 1386 445 me
1412 406 1530 444 vera
1561 391 1665 462 ﬁde
1688 393 1739 453 Α
1768 402 1813 447 et
1842 393 2158 463 coepiscopis
2186 397 2394 464 nostris,
2436 395 2680 463 Valente.
2731 397 2945 454 Ursacio
2994 409 3041 454 et
3082 399 3368 453 Gerntinio.

24 480 201 550 loqui,
231 478 547 551 Dominus,
576 494 623 537 et
646 484 804 548 frater
827 499 965 536 meus
987 484 1272 536 communis
1301 480 1660 553 Demophilus,

23 589 107 644 qui
141 573 407 645 dignatus
438 588 521 630 est
554 593 644 649 pro
674 593 766 631 sua
788 577 1129 631 benevolentia
1158 577 1313 648 ﬁdem
1360 588 1575 631 vestram
1615 588 1661 631 et

24 668 350 723 catholicam
379 686 685 741 exponere,
718 686 831 741 qnw
854 669 1036 726 Sirmii
1066 688 1096 723 a
1137 672 1371 741 pluribus
1418 670 1661 741 fratribus

23 771 67 816 et
96 763 440 832 coepiscopis
465 765 658 820 nostris
683 774 922 829 tractata,
950 766 1180 834 exposita
1211 775 1255 818 et
1283 777 1518 834 suscepta
1546 775 1617 819 est
1642 782 1662 819 :

23 857 86 912 ad
118 873 181 912 ea
214 874 353 912 vero
384 859 635 913 Hilarius
667 860 811 914 iliiCt)
842 859 957 913 inec
980 859 1204 915 adnotat
1236 878 1247 914 :
1284 857 1407 913 licet:
1436 868 1507 913 est
1546 876 1662 932 per-

24 950 149 1021 ﬁdia
178 948 393 1004 Ariona
425 950 539 1023 (a).
577 949 929 1007 Sirmieusem
971 951 1149 1024 itaque
1173 992 1188 1014 ,
1221 968 1379 1022 quant
1414 950 1660 1006 Liberius

24 1051 353 1113 susceperat
383 1044 587 1109 fidem,
616 1045 849 1099 Hilarius
871 1087 885 1111 ,
912 1056 968 1099 ut
993 1045 1145 1100 vides
1174 1044 1447 1118 perﬁdiam
1469 1053 1656 1098 vocat:

24 1146 77 1192 at
104 1151 228 1207 quae
264 1137 506 1207 perﬁdia
539 1137 641 1192 hoc
671 1137 791 1192 loco
817 1137 1018 1192 Hilario
1045 1146 1163 1203 est,
1190 1137 1507 1193 Sirmiensis
1531 1154 1654 1203 una,

25 1243 85 1286 ut
116 1231 365 1287 vidimus
389 1276 405 1299 ,
449 1242 645 1289 contra
692 1233 982 1288 Photinum
1018 1234 1149 1289 ﬁdes
1180 1244 1296 1297 est;
1342 1233 1482 1289 hanc
1511 1235 1655 1288 enim

26 1326 118 1383 ille
145 1338 521 1395 exsecratur,
573 1330 712 1384 hanc
741 1344 863 1384 cum
903 1328 1123 1385 Nicaeus
1171 1336 1483 1399 comparat,
1519 1327 1657 1385 hanc

31 1422 201 1490 ipsam
229 1419 462 1476 Liberio
497 1421 820 1492 exprobrat;
846 1437 964 1476 eam
993 1422 1169 1492 itaque
1194 1420 1442 1476 Liberius
1468 1436 1655 1475 susce-

32 1525 208 1584 perat,
244 1514 462 1570 Hilario
484 1524 643 1571 te~te.
695 1517 771 1570 Ad
817 1515 933 1572 haec
980 1518 1142 1588 igitur
1172 1517 1394 1572 minime
1423 1518 1656 1573 advertit

37 1609 305 1673 animum,
332 1609 429 1679 qui
462 1609 611 1679 prior
643 1609 834 1665 Hilarii
864 1610 1158 1680 fragmenta
1187 1610 1238 1664 in
1273 1610 1444 1664 lucem
1469 1620 1654 1681 protu-

40 1702 130 1767 lit,
158 1700 242 1757 vir
272 1700 631 1756 doctissimus
669 1700 921 1757 Nicolaus
969 1702 1143 1758 Faber
1167 1745 1180 1769 ,
1228 1710 1283 1757 et
1317 1701 1362 1756 si
1393 1703 1482 1771 qui
1529 1711 1654 1759 sunt

1768 484 1916 541 Hauc
1946 486 2126 561 itaque
2154 502 2254 542 nec
2282 487 2518 545 Hilarius
2548 506 2611 546 eo
2642 491 2762 547 loco
2792 491 3074 562 exprimit,
3106 507 3206 548 nec
3232 506 3258 545 a
3283 490 3374 546 Li-

1766 580 1919 635 berio
1947 592 2252 651 susceptam
2279 584 2548 638 exsecrari
2577 585 2777 653 potuit,
2810 586 2904 640 sed
2938 585 3186 640 alteram.

1838 672 2073 739 Deinde,
2127 674 2170 727 si
2219 685 2364 728 recte
2410 676 2689 742 advertas,
2743 677 2865 731 ﬁdei
2914 694 3072 748 quam
3122 675 3369 733 Liberius

1764 777 2078 836 susceperat
2109 767 2549 833 COIISCl‘illeIIdiD,
2581 785 2754 839 neque
2782 770 3001 824 Hosium
3022 812 3035 836 ,
3071 786 3244 839 neque
3267 770 3370 825 Po-

1764 861 2012 921 tatuiutn,
2040 876 2215 930 neque
2243 859 2579 916 Gerntinium
2615 875 2907 929 praesentes
2935 861 3102 917 fuisse
3135 862 3368 919 Hilarius

1763 951 1857 1005 ait.
1892 950 2003 1006 Cur
2040 968 2169 1007 vero
2205 968 2301 1009 eos
2332 954 2637 1009 reticaisset
2659 998 2672 1019 ,
2707 954 2749 1010 si
2780 955 3072 1011 secundam
3106 955 3368 1012 Sirmieu-

1762 1060 1874 1098 sem
1904 1043 2194 1099 formulam
2224 1062 2291 1101 eo
2335 1046 2452 1101 loco
2474 1049 2772 1119 exagitaret
2799 1090 2813 1114 ,
2844 1064 3003 1118 quam
3036 1048 3159 1102 alibi
3188 1051 3255 1104 ab
3300 1051 3366 1106 iis

1759 1141 2120 1211 conscriptam
2152 1141 2271 1195 ait?
2296 1140 2471 1197 Aliam
2500 1141 2679 1213 itaque
2704 1152 2828 1198 tunc
2850 1142 3239 1214 designaverit,
3270 1161 3367 1200 ue-

1760 1247 1912 1287 cesse
1941 1244 2063 1300 est,
2094 1232 2449 1290 Sirmieusem
2477 1235 2688 1290 scilicet
2726 1235 2921 1289 editam
2954 1246 3139 1291 contra
3182 1237 3367 1293 Photi-

1760 1342 1924 1392 num,
1958 1327 2044 1381 cui
2078 1327 2257 1382 nullus
2286 1344 2351 1382 ex
2384 1327 2448 1382 iis
2480 1326 2649 1381 adfuit
2682 1345 2695 1381 :
2726 1339 2911 1382 contra
2942 1345 3071 1383 vero
3103 1327 3365 1386 Sirmieu-

1758 1419 1801 1473 si
1823 1460 1836 1480 ,
1861 1435 2018 1490 quam
2039 1418 2288 1476 Liberius
2308 1431 2653 1491 susceperat,
2681 1422 2915 1491 perfidia:
2933 1423 3362 1491 conscribendas,

1762 1510 2115 1579 Theodorum,
2157 1512 2445 1583 Basiliam,
2484 1523 2528 1568 et
2575 1514 2908 1576 Eudoxium,
2957 1514 3096 1570 idem
3128 1515 3365 1572 Hilarius

1756 1608 1995 1663 adfuisse
2028 1610 2223 1665 asserit
2252 1629 2264 1666 :
2292 1620 2377 1677 at,
2404 1610 2448 1663 si
2476 1609 2543 1665 de
2567 1609 2849 1665 Sirntiensi
2878 1611 3111 1665 secunda
3137 1612 3363 1667 formula

1759 1701 1873 1757 haec
1912 1702 2210 1775 intelligas,
2247 1702 2531 1757 fatisiSsitttzt
2566 1712 2731 1768 sunt;
2781 1704 3046 1775 siquidem
3082 1704 3227 1774 prior
3252 1706 3361 1772 jam

51 1794 137 1847 alii
159 1838 173 1861 ,
204 1795 289 1866 qui
332 1795 397 1850 iis
431 1794 621 1849 Hilarii
669 1796 848 1851 verbis
870 1839 884 1863 ,
936 1796 1225 1851 secundam
1265 1794 1495 1866 exprimi
1528 1794 1645 1851 Sir-
1680 1788 1726 1849 Β
1754 1798 2005 1865 obierat,
2044 1797 2132 1851 alii
2163 1813 2298 1853 vero
2322 1797 2430 1853 duo
2460 1798 2615 1869 longe
2639 1798 2900 1853 aberant:
2937 1797 3051 1852 ha-c
3078 1797 3363 1853 manifesto

53 1888 308 1942 mieusem
342 1887 629 1943 formulam
660 1897 888 1958 putant:
935 1904 1001 1943 au
1036 1904 1165 1944 vero
1215 1888 1302 1943 ille
1346 1904 1463 1942 eam
1504 1887 1650 1942 desi-

53 1995 213 2050 gnare
240 1978 337 2034 hoc
366 1979 485 2034 loco
520 1979 689 2050 potuit
707 2024 720 2047 ,
751 1980 819 2036 de
842 1997 945 2052 qua
973 1996 1146 2051 neque
1169 1997 1290 2035 cum
1318 1980 1433 2034 hrcc
1454 1979 1655 2035 scribe-

49 2082 158 2139 ret,
190 2088 358 2144 neque
390 2082 508 2128 toto
540 2073 962 2146 fragtueutorutn
997 2089 1195 2146 opere,
1238 2083 1331 2128 aut
1359 2088 1520 2143 agere
1554 2088 1653 2125 t;n-

49 2183 201 2237 quam
223 2211 237 2232 ,
268 2179 358 2223 aut
391 2184 461 2224 ne
484 2169 725 2239 cogitare
754 2169 970 2239 quidem
1006 2171 1150 2223 visus
1176 2167 1298 2223 est?
1324 2167 1519 2222 Verum
1553 2182 1651 2222 nec

48 2261 298 2330 optimam
321 2305 334 2324 ,
365 2273 425 2317 ut
456 2262 588 2317 mibi
616 2262 866 2330 videtur,
897 2262 1016 2331 ejus
1045 2260 1316 2331 pontificis
1360 2261 1427 2315 ab
1458 2260 1652 2314 haeresi

51 2355 339 2410 extricandi
362 2357 633 2411 rationem
659 2357 874 2420 ineunt,
903 2356 993 2421 qui
1019 2371 1111 2409 eas
1126 2352 1315 2408 Hilarii
1341 2353 1652 2423 interjectas

50 2451 463 2519 annotationes,
526 2466 623 2523 pro
678 2448 1008 2516 adscititiis,
1068 2447 1424 2512 adulterinis,
1489 2454 1650 2517 atque

53 2544 213 2598 aliena
245 2558 410 2598 manu
455 2544 673 2598 insertis
700 2542 934 2606 habent;
965 2540 1234 2611 siquidem
1265 2555 1387 2594 cum
1437 2539 1541 2594 illa:
1582 2538 1647 2593 ad

51 2633 393 2691 Sirmieusem
423 2678 439 2702 ,
490 2651 651 2705 quam
692 2635 779 2689 bic
825 2633 1065 2705 pootifex
1108 2638 1424 2701 susceperat
1451 2631 1645 2698 ﬁdem,

54 2743 144 2782 nos
170 2730 317 2799 quasi
348 2745 516 2784 manu
542 2727 773 2793 ducant,
799 2742 1015 2780 causam
1042 2724 1181 2779 hanc
1221 2740 1316 2794 pro
1360 2738 1427 2779 eo
1473 2723 1648 2793 potius

52 2820 310 2875 conﬁcere
336 2820 645 2876 videantur.
671 2817 779 2875 Cur
808 2834 936 2874 vero
963 2817 1101 2873 idem
1128 2815 1362 2871 Hilarius
1384 2817 1649 2870 Sirmieu-

56 2926 158 2967 sem
182 2923 365 2967 contra
396 2912 688 2967 Photiuum
714 2910 872 2966 ﬁdem
896 2952 909 2975 ,
935 2926 1095 2981 quam
1123 2910 1174 2962 in
1208 2908 1344 2962 libro
1375 2908 1441 2963 de
1468 2906 1645 2979 Syno-

57 3005 131 3060 dis
152 3006 471 3061 catholicam
498 3003 745 3069 censuit,
769 3003 1016 3057 Arianam
1044 2999 1319 3069 perﬁdiam
1350 3000 1435 3053 hic
1467 3006 1642 3063 vocet,

59 3098 216 3155 dicam
257 3100 381 3155 alibi
430 3120 442 3153 :
480 3114 619 3154 nunc
646 3098 789 3154 enim
832 3113 947 3159 rem
996 3097 1135 3150 hanc
1161 3095 1281 3149 aliis
1307 3095 1643 3165 argumentis

59 3192 366 3248 conﬁrmare
391 3206 579 3264 pergo.

63 3305 188 3367 illi.
213 3334 272 3342 —
295 3305 419 3356 Item
456 3304 936 3367 Hilariilestimonia
966 3302 1300 3352 extenduntur
1339 3313 1426 3365 pro
1463 3300 1648 3350 consti-

116 3368 285 3418 tuenda
308 3365 567 3419 Sirmiensi
583 3366 685 3431 [ide
708 3382 735 3416 a
761 3367 959 3416 Liberio
981 3371 1221 3425 suscepta.

125 3474 199 3528 Ex
237 3475 422 3531 eadem
468 3475 629 3545 igitur
660 3473 888 3544 epistola
908 3516 923 3539 ,
954 3470 1112 3526 fidem
1145 3471 1288 3525 illam
1317 3479 1580 3541 przeterea
1616 3486 1644 3525 a

72 3561 277 3631 plu-ibus
310 3564 566 3621 fratribus
597 3574 651 3620 et
672 3561 1005 3635 coepi5copis
1033 3573 1332 3627 tractatam,
1362 3572 1407 3616 et
1438 3565 1645 3632 exposi-

74 3664 164 3707 tam
182 3659 340 3715 fuisse
381 3659 755 3730 intelligimus.
798 3658 909 3713 Hoc
950 3658 1125 3727 ipsum
1175 3656 1407 3711 Hilarius
1449 3654 1647 3711 confir-

78 3754 511 3823 utat,episcopos
550 3753 688 3806 duos
730 3768 890 3823 supra
929 3751 1115 3822 viginti
1147 3764 1474 3805 enumerans
1522 3748 1646 3803 huic

78 3847 444 3902 cooscr‘bendae
474 3855 788 3918 prtesentes.
817 3845 1113 3900 PERFIDIAI
1145 3853 1317 3897 autem
1345 3842 1487 3913 apud
1530 3840 1647 3897 Sir-

81 3941 215 3992 mium
244 3944 573 4015 aescriptam,
616 3958 773 4013 quam
816 3940 939 3994 dicit
978 3938 1214 3993 Liberius
1260 3937 1566 3991 catholicam
1613 3953 1646 3989 a

80 4028 349 4103 Dentoplt'lo
381 4034 476 4089 sibi
503 4033 811 4105 expositam,
846 4032 897 4085 Iti
924 4044 1041 4086 sunt
1072 4032 1160 4102 qui
1190 4030 1602 4101 conscripserunt
1626 4044 1645 4083 :

85 4122 357 4198 Narcissus,
412 4126 748 4193 Theodorus,
794 4125 1053 4192 Basilius,
1108 4125 1415 4190 Eudoxius,
1460 4122 1647 4179 Demo-

86 4218 261 4285 philus,
292 4216 588 4291 Caropius,
625 4220 901 4286 Silvanus,
937 4218 1213 4286 Ursacius,
1248 4218 1469 4283 Valens,
1508 4217 1646 4272 Eva-

86 4310 234 4379 grius,
264 4306 508 4382 Hyrmius
528 4356 541 4381 ,
570 4312 992 4382 Exuperantius,
1025 4310 1362 4365 Terentianus
1383 4352 1396 4377 ,
1428 4308 1639 4377 Bassus,

87 4396 410 4469 Gaudentius,
452 4404 818 4471 Macedonius,
868 4403 1109 4467 Marcus,
1166 4403 1375 4469 Aetius,
1429 4400 1641 4469 Julius,

91 4492 359 4559 Severinus,
394 4495 682 4568 Sinplicius
711 4509 755 4552 et
786 4496 997 4563 Iunior,
1025 4512 1201 4551 omnes
1235 4496 1483 4551 Itwretici.
1512 4496 1642 4550 Mss.

1756 1899 2007 1944 constant
2032 1906 2100 1944 ex
2123 1889 2469 1946 Theodoreto
2491 1932 2505 1955 ,
2540 1890 2844 1947 Sozomeno
2869 1932 2883 1954 ,
2927 1899 2983 1945 et
3015 1890 3317 1961 Epiphanio
3343 1933 3359 1957 ,

1755 2000 1892 2053 quos
1923 1985 2093 2039 lector
2121 1986 2405 2039 consulere
2454 1984 2569 2053 ipse
2617 1983 2816 2052 poterit
2864 1982 2973 2054 (ὁ),
3023 1998 3085 2038 ac
3133 1982 3361 2038 Petavio

1759 2088 2018 2149 prieteiea
2070 2080 2120 2132 iti
2174 2077 2643 2134 dissertationibus
2693 2078 2761 2132 de
2812 2076 3097 2134 Sirmieusi
3149 2078 3360 2150 synodo

1756 2183 1942 2225 contra
1976 2167 2284 2224 Photiuutn.
2322 2168 2432 2223 Hoc
2474 2169 2648 2237 ipsum
2682 2167 2748 2222 de
2780 2167 3033 2222 Narcisso
3079 2178 3132 2223 et
3163 2168 3366 2222 Cecro-

1757 2262 1845 2331 pio
1875 2259 2132 2315 afﬁrmari
2163 2260 2300 2315 forte
2333 2269 2517 2332 posset
2544 2278 2556 2312 :
2586 2259 2727 2313 hunc
2758 2262 2902 2315 enim
2935 2261 3075 2314 inter
3107 2275 3201 2314 eos
3230 2260 3364 2329 legi-

1756 2371 1905 2418 mus,
1940 2371 2076 2426 quos
2106 2352 2370 2425 Georgius
2393 2353 2731 2409 Laodiceuus
2763 2354 2989 2423 epistola
3021 2368 3116 2407 sua
3150 2354 3359 2407 excita-

1754 2449 1874 2514 bat,
1909 2460 1965 2503 ut
1995 2450 2118 2504 fidei
2140 2491 2154 2518 ,
2190 2447 2459 2514 Eudoxii,
2494 2459 2548 2504 et
2579 2449 2719 2503 Aetii
2748 2447 2933 2503 fraude
2968 2449 3212 2516 pereuuti
3245 2463 3360 2502 nta-

1754 2548 1875 2597 ture
1907 2552 2248 2597 succurreret
2297 2540 2391 2614 (c).
2434 2542 2585 2597 Alter
2619 2557 2744 2597 vero
2787 2542 2839 2597 in
2887 2542 3017 2597 sede
3062 2557 3158 2596 sua
3204 2552 3358 2597 tran-

1752 2638 1970 2707 quillam
2004 2636 2196 2707 agebat
2229 2638 2425 2703 vitam,
2476 2653 2599 2692 cum
2630 2636 2812 2691 Basilii
2844 2637 3117 2708 Aucyrani
3149 2652 3314 2708 Opera
3340 2678 3358 2703 ,

1751 2745 1812 2783 ac
1844 2729 2188 2798 Imperatoris
2214 2729 2369 2798 jussu
2397 2727 2685 2783 hmreticos
2712 2727 2837 2782 illos
2861 2727 3145 2782 Antiochia
3178 2728 3360 2797 pulsos

1753 2821 1917 2876 fuisse
1945 2821 2214 2876 intellexit
2241 2819 2343 2893 (Δ).
2373 2819 2535 2876 Fides
2568 2820 2656 2874 illa
2690 2830 2966 2892 postremo
2988 2862 3001 2885 ,
3033 2835 3190 2890 quam
3228 2836 3363 2890 pon-

1751 2912 1881 2969 tifex
1928 2914 2284 2983 probaverat,
2333 2929 2398 2969 ac
2446 2913 2683 2968 Hilarius
2732 2915 3002 2983 perfidiam
3050 2924 3240 2981 vocat,
3292 2914 3361 2971 ab

1754 3006 2100 3061 Orientalibus
2132 3005 2437 3077 conscripta
2472 3006 2674 3071 fuerat,
2704 3005 2796 3076 qui
2822 3005 3077 3062 Sirmium
3110 3022 3361 3062 accesse-

1749 3109 1869 3153 rant
1901 3099 2115 3154 Photini
2139 3098 2427 3170 dejiciendi
2460 3100 2640 3169 spei-ie
2661 3141 2675 3164 ,
2708 3086 2761 3151 at
2791 3115 3008 3166 revera,
3042 3109 3095 3152 ttt
3129 3097 3364 3152 Athana-

1670 3187 1713 3249 C
1749 3195 1887 3250 sium
1922 3195 2116 3249 iterum
2150 3196 2277 3248 sede
2308 3195 2613 3264 pellerent,
2644 3210 2705 3247 ac
2736 3192 3011 3248 Nicarnatn
3040 3192 3201 3246 fidem
3230 3208 3358 3245 con-

1752 3287 2035 3342 vellerent.
2064 3287 2135 3342 At
2162 3286 2477 3341 Sirtuiensis
2507 3286 2740 3341 secunda
2768 3287 2992 3339 formula
3042 3284 3176 3339 solis
3206 3284 3361 3338 Occi—

1750 3380 2054 3436 dentalibus
2083 3391 2261 3434 ortttnt
2309 3379 2470 3435 debet
2521 3399 2533 3434 :
2577 3379 2700 3433 hinc
2748 3378 3023 3433 Eudoxitts
3066 3378 3248 3432 statim
3296 3393 3360 3433 ac

1750 3472 1898 3528 illam
1931 3473 1998 3526 ab
2040 3471 2208 3526 Hosio
2253 3472 2533 3543 probatam
2568 3469 2735 3525 fuisse
2792 3469 3087 3535 intellexit,
3138 3468 3360 3525 Ursatio

1749 3579 1803 3622 et
1834 3564 2044 3621 Valenti
2077 3565 2281 3636 gratias
2309 3565 2451 3635 egit,
2485 3564 2625 3635 quod
2657 3578 2842 3618 eorum
2875 3563 3177 3629 ministerio
3207 3561 3359 3615 Occi-

1749 3662 1974 3717 dentales
2019 3670 2169 3716 recte
2216 3661 2419 3715 sentire
2450 3667 2727 3728 cmpcraut
2758 3656 2855 3731 (e).
2892 3658 3022 3711 Eam
3056 3657 3232 3728 itaque
3267 3656 3357 3709 lli-

1751 3755 1955 3821 larius,
1999 3768 2098 3809 nec
2144 3752 2209 3807 iis
2241 3751 2419 3807 verbis
2457 3751 2743 3824 exprimit,
2789 3766 2888 3807 nec
2935 3750 2986 3805 in
3034 3757 3215 3804 mente
3264 3748 3358 3802 lia-

1749 3847 1931 3915 buisse
1960 3846 2130 3902 videri
2162 3856 2357 3918 potest.

1821 3938 1996 3997 Unum
2032 3940 2217 4006 video,
2250 3939 2390 4012 quod
2419 3938 2557 3995 forte
2587 3938 2786 4009 Oppoui
2821 3938 2989 4009 possit
3013 3979 3026 4002 ,
3058 3952 3179 3992 esse
3206 3936 3355 4009 scili-

1748 4043 1871 4099 cet,
1922 4043 2118 4103 przeter
2148 4031 2291 4087 illam
2326 4050 2446 4102 qua:
2500 4032 2789 4088 f‘botinum
2835 4030 3031 4102 dejecit
3059 4071 3073 4095 ,
3120 4044 3182 4083 ac
3226 4029 3355 4083 sede

1750 4124 1990 4195 expulit,
2024 4124 2182 4179 aliam
2211 4126 2563 4180 Sirmieusem
2606 4125 2873 4198 synodum
2907 4139 3049 4178 anno
3078 4121 3182 4176 5ri9
3223 4137 3355 4175 con-

1748 4228 2022 4291 gregatatn
2042 4260 2054 4283 ,
2077 4233 2105 4271 a
2134 4219 2352 4273 Petavio
2371 4230 2423 4273 et
2440 4220 2757 4274 Constantio
2776 4224 3146 4279 memoratam,
3169 4230 3354 4283 quatu-

1749 4326 1909 4381 quam
1928 4309 2146 4365 Petavio
2171 4307 2599 4365 Occidentalimu
2619 4308 3025 4363 (Iatholicorum
3050 4348 3063 4371 ,
3089 4304 3356 4358 Constan-

1748 4402 1824 4456 tio
1855 4418 1983 4457 vero
2004 4446 2016 4467 ,
2047 4420 2108 4459 ac
2132 4419 2337 4474 uupcro
2359 4402 2847 4457 ecclesiasticarum
2872 4410 3149 4454 auctorum
3174 4398 3357 4453 Histo—

1751 4496 1843 4551 riaa
1869 4496 2130 4567 Scriptori
2156 4540 2167 4561 ,
2196 4495 2520 4551 Arianorum
2546 4496 2903 4551 Orientalium
2942 4495 3011 4549 sit
3039 4512 3049 4547 :
3082 4495 3211 4561 Ejus
3259 4494 3356 4565 igi-

90 4586 273 4641 codices
294 4606 317 4640 a
343 4587 561 4645 Barmio
586 4591 869 4646 memorati
892 4590 1023 4643 alios
1054 4590 1216 4644 etiam
1242 4588 1478 4643 adfuisse
1508 4588 1644 4642 indi-
1674 4591 1720 4651 D
1749 4597 1834 4643 tur
1857 4605 1979 4644 esse
1999 4589 2258 4658 scriptum
2288 4588 2390 4643 hoc
2412 4588 2475 4643 de
2498 4586 2601 4642 fide
2623 4587 2926 4653 decretum,
2948 4585 3089 4656 quod
3116 4585 3354 4644 Hilarius

92 4690 222 4741 cant,
265 4691 315 4734 at
340 4680 681 4739 Sirmimsem
720 4683 1008 4739 secundam
1034 4681 1318 4737 formulam
1356 4686 1473 4737 ‘tres
1503 4680 1643 4736 dun-

92 4778 214 4826 taxat
240 4776 512 4847 episcopos
536 4775 807 4835 [rsacium
836 4778 1062 4845 scilicet,
1094 4776 1398 4843 Valentem,
1427 4787 1479 4834 et
1508 4776 1644 4833 Ger-

94 4862 315 4930 minium;
344 4867 387 4921 si
421 4882 553 4922 vero
569 4866 853 4925 Pilatuiunt
886 4881 939 4926 et
965 4870 1185 4925 Hosium
1212 4871 1410 4924 addere
1443 4870 1642 4939 placet,

95 4952 147 5006 ad
170 4971 414 5013 summum
446 4962 668 5030 quinque
694 4965 1085 5034 conscripsisse
1112 4972 1325 5018 constat
1356 4980 1368 5015 :
1404 4962 1643 5017 Hilarius

96 5048 302 5114 profecto
340 5071 433 5109 eos
459 5055 721 5112 dumtamt
759 5059 957 5130 ubique
1000 5057 1291 5127 exprimit,
1326 5072 1499 5128 neque
1545 5073 1645 5110 un-

100 5154 231 5210 quam
262 5147 431 5215 plures
463 5167 474 5203 :
509 5146 611 5201 hoc
658 5145 818 5217 ipsum
866 5164 1127 5222 prieterea
1168 5150 1358 5207 eadem
1404 5147 1638 5204 formula

101 5235 169 5293 his
202 5243 367 5298 verbis
409 5241 607 5296 indicat
639 5259 651 5295 :
690 5240 801 5299 Ctin
840 5247 1088 5301 nonnulla
1123 5257 1388 5317 putaretur
1427 5261 1533 5298 esse
1579 5244 1643 5298 de

106 5333 189 5399 ﬁde
207 5337 490 5409 disceptatio
513 5379 527 5401 ,
553 5336 806 5409 diligente
849 5342 1022 5395 omnia
1052 5342 1194 5411 apud
1224 5341 1473 5396 Sirmium
1503 5349 1641 5393 trac-

106 5434 190 5481 tata
211 5442 316 5485 sunt
339 5441 382 5485 et
407 5431 637 5484 discussa
655 5471 669 5495 ,
702 5436 1015 5499 prars’ntibus
1039 5435 1373 5490 sanctissimis
1394 5434 1641 5503 fratribus

165 5590 226 5717 (ἕ)
253 5592 411 5717 SApud
459 5592 641 5649 Coust.
674 5592 832 5665 epist.
866 5595 952 5665 it,
1000 5607 1057 5657 et
1100 5598 1270 5655 Hilar.
1320 5598 1513 5672 fragm.
1564 5596 1597 5654 6
1623 5638 1639 5665 ,

164 5684 225 5803 (iis
253 5684 675 5815 Q’idL'l‘lleodor.
701 5736 838 5815 ,_lib.
868 5752 1074 5815 ll_,_".ap.
1106 5740 1209 5809 l5;
1240 5740 1458 5800 Sozam.
1478 5782 1493 5809 ,
1540 5740 1634 5798 lib.

109 5819 292 5883 tv,cap.
327 5807 437 5877 15;
466 5807 694 5882 Epipb.,
723 5808 855 5869 haer.
891 5809 981 5870 75.

108 5674 152 5715 η.

1746 4685 1939 4739 recitat
1968 4682 2050 4739 his
2082 4682 2260 4736 verbis
2293 4697 2610 4749 expressum
2641 4700 2651 4732 :
2687 4679 2999 4751 Profitemur
3044 4680 3176 4734 enim
3224 4680 3293 4733 ita
3334 4696 3354 4735 :

1750 4775 1922 4831 Unum
1952 4776 2153 4848 quidem
2186 4775 2463 4846 ingenitum
2502 4792 2609 4829 esse
2638 4773 2802 4827 Deum
2835 4772 3078 4835 Patrem,
3112 4783 3158 4827 ct
3195 4790 3354 4827 unum

1746 4874 1953 4927 unicum
1983 4875 2094 4943 ejus
2124 4870 2351 4937 Filium,
2388 4870 2552 4926 Deum
2582 4889 2643 4925 ea:
2684 4868 2827 4935 Deo,
2878 4869 3045 4923 lumen
3074 4886 3137 4924 ea:
3164 4868 3355 4922 lumine

1747 4969 2137 5039 primogenitum
2189 4966 2355 5020 omnis
2405 4964 2703 5033 Creaturaz,
2754 4975 2800 5020 et
2852 4967 3055 5020 tertium
3107 4962 3354 5016 addentes

1750 5061 2004 5132 Spiritum
2036 5072 2267 5116 sanctum
2307 5060 2402 5134 (ί).
2444 5061 2787 5133 Prointleque
2819 5060 2963 5115 illam
2997 5074 3158 5129 quam
3192 5057 3353 5110 Libe-

1747 5156 1858 5210 rius
1884 5156 2152 5225 suscepit,
2179 5156 2341 5212 fidem
2365 5158 2725 5228 conscriptam
2749 5155 2817 5209 ab
2846 5155 2943 5207 hac
2965 5150 3175 5221 synodo
3203 5163 3348 5216 esse,

1746 5257 1906 5318 atque
1929 5249 1994 5303 ab
2022 5249 2087 5305 iis
2116 5250 2388 5321 episcopis
2411 5295 2424 5315 ,
2456 5268 2590 5321 quos
2634 5250 2726 5304 ille
2753 5245 3025 5315 exprimit.
3058 5240 3347 5307 Profecto,

1745 5327 1887 5411 quod
1918 5343 2109 5396 attinet
2139 5343 2205 5398 ad
2256 5343 2355 5398 hoc
2386 5344 2682 5399 Sirmiense
2718 5338 3004 5395 concilium
3033 5377 3047 5401 ,
3095 5336 3347 5390 Petavius

1748 5451 1973 5509 magnos
1996 5437 2340 5495 adversarios
2369 5438 2531 5494 habet
2572 5456 2584 5491 :
2635 5450 2818 5492 verum
2848 5430 3109 5502 quidquid
3149 5427 3217 5484 de
3248 5428 3348 5484 hac

1825 5599 1901 5670 (ε)
1940 5598 2195 5664 Sozam,
2226 5599 2319 5655 lib.
2355 5615 2405 5654 tv
2427 5640 2441 5662 ,
2473 5613 2591 5668 cap.
2624 5597 2710 5670 l3.

1820 5666 1899 5741 (τι)
1939 5670 2168 5727 Philost.
2192 5714 2206 5735 ,
2242 5671 2334 5726 lib.
2366 5687 2482 5735 vui,
2512 5666 2630 5738 cap.
2665 5666 2753 5728 10.

1842 5752 1895 5807 e)
1938 5744 2183 5810 Sozom.,
2214 5745 2309 5801 lib.
2341 5761 2426 5810 tv,
2455 5760 2574 5811 cap.
2605 5741 2693 5799 η.

1846 5817 1891 5888 f)
1932 5814 2102 5874 Hilar.
2138 5816 2275 5892 frag.
2306 5818 2361 5887 2,
2391 5831 2447 5873 n.
2471 5817 2564 5872 21.
