3950 6330
477 217 587 280 287

3254 132 3480 176 πται-.-

1662 227 1983 289 SANCTUS
2021 227 2348 290 DAMASUS
2385 231 2588 290 PAPA.
3423 233 3475 298 Χ
3649 248 3733 310 288

480 345 580 404 lite
625 345 737 418 sit,
781 361 942 419 quam
973 359 1079 403 non
1127 344 1264 402 facio
1296 360 1508 416 meam;
1557 346 1704 420 quod
1745 347 2084 404 conﬁdenter
2110 352 2162 412 Α
2189 350 2314 405 ritas
2343 351 2614 424 legentium
2647 361 2800 424 atque
2849 353 3170 412 indoctorum
3200 357 3492 432 simplicitas
3517 371 3608 418 tam
3633 370 3736 422 mol-

482 456 706 508 assero,
757 441 892 498 illud
944 449 1063 508 est,
1118 440 1324 496 nullum
1374 439 1558 497 Sirmii
1612 450 1860 496 coactum
1918 441 2089 497 videri

484 550 652 608 posse
681 533 1036 592 Orientalium
1067 531 1392 590 Arianorum
1441 535 1729 592 concilium
1761 550 1906 591 anno
1954 535 2046 591 illo
2070 576 2086 602 ,

484 636 648 699 atque
667 637 792 684 ante
812 625 1128 683 Constantis
1151 628 1382 684 obitum.
1412 627 1498 685 An
1520 644 1650 686 vero
1678 629 1974 701 imperator
2001 629 2091 685 ille

484 721 541 779 in
570 721 714 778 Urbe
738 719 952 791 imperii
980 721 1062 777 sui
1088 763 1102 786 ,
1135 735 1199 777 ac
1226 722 1338 778 suis
1371 738 1506 794 pene
1536 724 1636 780 sub
1661 723 1834 780 oculis
1865 723 1940 797 (a)
1973 739 2094 794 pas-

483 831 580 874 sus
607 829 862 885 umquam
889 814 1046 870 fuerit
1073 816 1193 886 cogi
1219 816 1486 890 synodum
1512 860 1526 883 ,
1557 832 1660 888 qua
1689 816 1902 872 Nicrena
1935 815 2088 885 ﬁdes,

483 911 642 981 cujus
697 909 874 966 fuerat
922 919 1186 981 perpetuo
1245 919 1446 978 tenax,
1497 920 1873 978 everteretur,
1930 922 2092 982 atque

486 1003 817 1062 Athanasius
847 1003 952 1058 sibi
997 1018 1190 1069 carus,
1239 1019 1304 1058 ac
1346 1019 1498 1058 suam
1532 1003 1584 1059 in
1626 1004 1851 1059 tutelam
1898 1005 2094 1060 merito

486 1103 738 1167 receptus
755 1137 771 1159 .
793 1096 924 1153 sedc
947 1097 1143 1153 iterum
1169 1097 1580 1166 exturbarctur,
1611 1097 1774 1168 idque
1795 1097 1863 1153 ab
1884 1098 2096 1168 episco-

488 1189 574 1260 pis
607 1189 708 1245 sub
743 1189 1047 1246 Constantii
1077 1189 1283 1247 ditione
1310 1192 1533 1261 positis.
1567 1208 1797 1264 quorum
1830 1203 2094 1262 przeterea

490 1281 707 1338 fraudes
727 1324 744 1351 ,
777 1283 1129 1354 animumque
1159 1299 1188 1338 a
1217 1298 1278 1340 se
1316 1299 1565 1340 aversum
1593 1285 1850 1342 noverat?
1881 1288 1962 1340 An
1993 1285 2098 1341 hoc

490 1389 680 1433 eorum
710 1385 1014 1448 temporum
1043 1376 1244 1446 politiae
1268 1387 1377 1431 tum
1400 1377 1575 1439 civili.
1601 1387 1711 1432 tum
1735 1377 1897 1432 etiam
1925 1379 2100 1433 eccle-

492 1469 729 1525 siastica:
750 1469 1094 1524 consonum?
1119 1469 1186 1524 At
1214 1471 1357 1525 enim
1386 1469 1548 1526 verba
1577 1469 1692 1537 illa,
1721 1486 1842 1541 quae
1864 1469 2100 1526 Hilarius

493 1562 719 1628 recitat,
752 1561 953 1618 frustra
985 1577 1198 1634 quaeras
1224 1562 1278 1618 in
1309 1560 1620 1630 Sirmiensi,
1647 1578 1675 1616 a
1707 1578 1810 1634 qua
1836 1563 2101 1619 Photinus

495 1653 738 1710 funditus
768 1669 996 1712 eversus
1029 1667 1086 1712 et
1135 1655 1380 1726 dejeetus
1405 1664 1520 1724 est,
1551 1655 1782 1728 synodo.
1827 1656 1941 1712 Hoc
1969 1672 2100 1714 vero

2191 443 2326 498 libus
2363 445 2639 518 principiis
2699 446 2981 520 intercepta
3015 458 3172 515 esset,
3214 468 3314 506 uno
3356 451 3606 526 eodemque
3642 457 3738 512 sub-

2191 541 2487 608 scriptionis
2519 541 2705 597 elicita:
2748 560 2996 612 assensu,
3041 545 3095 599 in
3135 545 3346 601 Photini
3383 551 3738 608 animadversio-

2193 651 2329 702 nem,
2356 636 2412 690 in
2436 635 2710 693 Athanasii
2729 649 2953 706 reatum,
2971 641 3021 695 in
3053 641 3432 698 damnationem
3456 645 3566 713 fidei
3593 649 3740 704 catho-

2193 727 2309 782 lica:
2335 730 2662 785 transiretur.
2694 731 2792 786 llic
2822 732 2986 804 igitur
3013 734 3320 794 Sirmiensis
3348 737 3498 808 hujus
3525 740 3742 798 adversus

2195 821 2484 878 Photinum
2519 825 2737 880 concilii
2775 842 2995 898 scopus.
3034 828 3169 885 Acta
3197 845 3324 886 vero
3361 847 3445 888 res
3471 832 3576 892 haec
3601 834 3742 891 Atha-

2195 916 2349 971 nasio
2379 917 2496 973 sedi
2525 934 2637 974 sum
2653 919 2765 989 jam
2799 921 3068 987 restituto,
3101 937 3163 979 ac
3190 923 3478 981 ConSIante
3504 926 3744 998 Magnentii

2197 1007 2386 1065 fraude
2444 1015 2714 1067 exstincto
2759 1031 2773 1068 :
2823 1015 2868 1068 si
2924 1015 3104 1084 itaque
3136 1017 3456 1073 Athanasius
3501 1035 3628 1077 anno
3666 1025 3746 1082 549

2195 1114 2430 1160 exeunte
2458 1106 2840 1163 Alexandriam
2872 1109 3054 1166 redire
3081 1113 3170 1166 vix
3203 1113 3407 1184 potuit,
3445 1121 3500 1168 ut
3525 1115 3612 1170 viri
3635 1117 3750 1174 cele-

2199 1197 2326 1254 brcs
2367 1211 2590 1256 censent
2611 1242 2626 1264 ,
2659 1217 2722 1257 ac
2752 1218 2923 1274 nuper
2950 1204 3158 1274 oppido
3203 1207 3578 1264 demonstravit
3605 1209 3672 1265 vir
3694 1211 3750 1267 cl.

2199 1291 2260 1347 P.
2294 1292 2533 1349 Thomas
2565 1295 2897 1352 Mamachius
2946 1296 3332 1355 Casanatensis
3380 1300 3664 1373 theologus,
3701 1305 3754 1360 de

2203 1386 2432 1442 Ratione
2459 1388 2788 1460 Temporum
2821 1391 3313 1450 Athanasianorum
3338 1396 3495 1467 epist.
3524 1399 3546 1453 1
3579 1400 3698 1466 et3;
3717 1400 3750 1455 si

2201 1481 2471 1537 Constans
2500 1483 2815 1555 imperator,
2855 1485 3113 1542 Januario
3144 1488 3387 1557 ineunte,
3417 1490 3594 1562 Sergio
3619 1500 3666 1546 et
3689 1493 3756 1547 Ni-

2201 1575 2450 1647 griniano
2476 1591 2620 1632 coss.
2645 1620 2658 1644 ,
2689 1579 2849 1648 periit
2874 1621 2886 1644 ,
2917 1580 2960 1633 si
3004 1579 3074 1634 ab
3103 1595 3214 1635 uno
3256 1581 3346 1636 illo
3373 1581 3650 1653 eodemque
3671 1583 3758 1639 Sir-

2205 1669 2398 1724 miensi
2424 1670 2657 1725 concilio
2702 1671 2754 1726 id
2802 1683 3015 1738 actum,
3067 1683 3123 1728 ut
3170 1689 3278 1729 una
3327 1675 3690 1747 subscriptione
3719 1679 3758 1732 in

495 1761 598 1818 €80
629 1762 767 1818 "93°
797 1763 810 1802 ε
837 1747 1129 1820 δῖαυῖάθῐηο
1164 1751 1208 1804 εί
1240 1750 1477 1804 “limum
1502 1751 1641 1806 bene
1669 1750 2102 1818 3d\'e|‘l35.llila-
2135 1749 2183 1810 B
2210 1760 2427 1817 Photini
2467 1763 2991 1821 animadversionem
3018 1809 3033 1834 ,
3066 1767 3117 1821 in
3149 1767 3431 1824 Athanasii
3457 1777 3578 1824 tunc
3603 1770 3649 1824 in
3689 1783 3759 1824 sua

495 1841 638 1896 rium
662 1843 958 1898 sententias
983 1843 1161 1912 potius
1183 1843 1508 1914 compendio
1531 1844 1886 1915 exscripsisse
1902 1887 1915 1907 .
1942 1860 2103 1916 quam

499 1919 662 1989 verba
695 1933 808 2006 ipsa
830 1974 846 2001 ,
876 1950 1104 2005 quarum
1147 1945 1326 1992 tamen
1364 1945 1572 2007 partem
1604 1936 1837 2009 aliquam
1867 1937 2064 1994 retinet
2087 1979 2101 2004 ,

497 2025 708 2084 referre
739 2028 978 2085 voluisse
1007 2029 1176 2087 dices.

570 2120 842 2178 Caeterum
880 2123 1086 2178 nullum
1124 2123 1308 2179 Sirmii
1339 2138 1462 2180 esse
1489 2124 1734 2196 potuisse
1777 2125 2106 2181 Arianorum

499 2211 889 2282 Orientalium,
921 2214 1146 2288 ejusque
1186 2217 1316 2272 anni
1344 2217 1664 2282 concilium,
1698 2217 2029 2274 Athanasius
2055 2229 2110 2274 et

500 2307 740 2364 llilarius
766 2310 1107 2380 apertissime
1139 2310 1390 2380 probant.
1423 2311 1620 2367 Narrat
1643 2311 1771 2378 ille,
1802 2312 1854 2366 in
1887 2311 2108 2366 historia

500 2399 826 2457 Arianorum
854 2401 923 2457 ad
960 2401 1257 2458 Monachos
1287 2402 1396 2478 (b),
1430 2417 1619 2474 pacem
1659 2403 1805 2458 illam
1843 2419 2108 2460 summam

499 2511 564 2552 ac
593 2498 940 2553 concordiam
981 2513 1101 2568 qua:
1133 2497 1437 2554 Eeclesiam
1469 2500 1779 2553 universam
1825 2507 2114 2567 exceperat

501 2606 566 2647 ac
591 2593 874 2665 complexa
901 2592 1110 2659 fuerat,
1143 2608 1267 2648 cum
1300 2591 1416 2647 sedi
1447 2608 1560 2646 sua:
1586 2592 1872 2648 restitutus
1901 2591 2111 2647 fuisset.

500 2683 642 2740 Tum
683 2699 811 2740 vero
849 2700 946 2739 cur
976 2685 1216 2756 disrupta
1251 2685 1373 2751 illa,
1425 2699 1487 2740 ac
1532 2685 1704 2740 turbae
1751 2684 1858 2739 illa:
1901 2683 2111 2754 gravis-

503 2780 688 2844 simae,
721 2797 842 2850 qute
873 2781 1128 2852 deinceps
1157 2781 1302 2836 illam
1331 2791 1624 2848 vexarunt,
1658 2782 1852 2836 iterum
1885 2791 2110 2849 exortae,

503 2872 646 2929 hanc
675 2872 833 2929 affert
869 2889 1086 2929 causam
1114 2895 1127 2931 :
1163 2873 1290 2929 Htec
1318 2892 1435 2929 cum
1465 2875 1733 2940 audirent,
1766 2883 1812 2930 et
1851 2876 2116 2943 conspice-

503 2978 616 3022 rent
638 2967 903 3022 sententia:
925 2966 1232 3022 Eusebiante
1248 2970 1596 3035 [itereseosque
1615 2984 1928 3022 successores
1946 2965 2115 3021 Leon-

505 3060 637 3125 tius,
673 3059 959 3130 Georgius,
1000 3062 1252 3128 Aeacius,
1294 3053 1628 3127 Theodorus,
1678 3059 1986 3128 Narcissus,
2027 3061 2113 3130 qui

2212 1857 2452 1913 Ecclesia
2483 1860 2704 1929 pacitice
2745 1861 2955 1930 agentis
2983 1870 3225 1929 reatum,
3277 1870 3437 1934 atque
3469 1863 3518 1918 in
3549 1862 3655 1918 ﬁdei
3689 1861 3760 1916 Ni~

2209 1965 2374 2007 emitte
2402 1950 2805 2008 damnationem
2836 1951 2916 2009 ire
2940 1967 3127 2008 omnes
3155 1965 3407 2024 possent;
3438 1954 3571 2009 aliud
3595 1969 3761 2025 quaeras

2211 2051 2421 2114 tempus
2452 2054 2612 2114 atque
2659 2040 2860 2100 annum
2893 2061 3119 2104 necesse
3148 2056 3254 2115 est,
3286 2049 3349 2103 iis
3377 2049 3604 2116 profecto
3629 2063 3758 2118 agen-

2210 2134 2295 2192 dis
2321 2137 2788 2193 accommodatum
2808 2179 2823 2206 ,
2867 2155 3028 2210 quam
3057 2140 3146 2213 qui
3178 2142 3313 2198 viris
3341 2141 3448 2197 illis
3473 2140 3674 2198 eruditis
3705 2141 3763 2196 vi-

2213 2244 2307 2286 sus
2333 2238 2436 2287 est.

2213 2366 2236 2430 §
2271 2366 2356 2417 IV.
2382 2394 2443 2404 —
2469 2367 2644 2431 Agitur
2680 2367 2744 2418 de
2772 2369 2950 2420 ltmresi
2977 2366 3255 2426 Demophili
3287 2370 3495 2422 Beroeaa
3530 2372 3576 2421 in
3599 2370 3763 2422 Thracia

2279 2431 2521 2492 episcopi.
2563 2445 2778 2498 eumque
2818 2433 3177 2483 Semiariauum
3204 2441 3449 2498 perpetuo
3471 2433 3610 2486 fuisse
3633 2434 3764 2498 proba-

2275 2500 2375 2556 tur,
2396 2500 2546 2556 atque
2585 2497 2876 2544 acerrimum
2909 2498 3201 2546 Arianorum
3228 2497 3554 2548 adversarium
3575 2497 3656 2547 :au
3673 2509 3764 2546 con-

2276 2556 2388 2606 cilio
2411 2556 2709 2607 Arimineusi
2733 2557 2813 2608 hic
2838 2558 3089 2610 adfuerit?

2289 2682 2572 2738 Postremo
2599 2685 2952 2740 Sirmiensem
2979 2701 3006 2740 a
3037 2700 3096 2742 se
3120 2697 3428 2759 susceptam
3457 2687 3620 2754 ﬁdem,
3645 2695 3764 2742 antea

2217 2775 2317 2830 sibi
2348 2792 2377 2830 a
2413 2776 2732 2848 Demophilo
2760 2780 3062 2848 expositam
3108 2778 3278 2836 fuisse
3325 2780 3562 2836 Liberius
3587 2781 3763 2844 asserit;

2216 2868 2359 2939 quod
2390 2885 2457 2924 ne
2484 2870 2679 2924 mirntn
2710 2869 2882 2925 videri
2915 2873 3115 2942 possit,
3151 2871 3392 2928 Hilarius
3417 2872 3561 2939 facit,
3590 2871 3666 2943 qui
3687 2871 3767 2926 0c-

2215 2960 2516 3016 cidentalcs
2557 2970 2754 3032 praeter
2794 2979 2954 3018 unam
2997 2963 3314 3031 Nicaruam,
3359 2966 3583 3037 reliquas
3617 2977 3770 3018 omnes

2217 3055 2447 3126 scriptas
2497 3055 2630 3110 ﬁdes
2675 3072 2873 3126 magno
2917 3058 3010 3112 Dei
3061 3057 3331 3114 beneﬁcio
3373 3059 3633 3131 ignorasse
3665 3056 3770 3112 scri-

502 3154 560 3208 in
603 3154 803 3226 synodo
845 3153 1204 3228 (Sardiccnsi)
1253 3155 1476 3225 depositi
1503 3155 1920 3224 exauctoratique
1943 3165 2108 3220 erant,
2137 3154 2182 3216 C
2215 3151 2293 3205 bit
2325 3148 2426 3223 (d).
2460 3151 2842 3222 inquirendum
2875 3151 3038 3224 igitur
3067 3170 3209 3210 nunc
3243 3164 3353 3222 cst,
3381 3172 3447 3210 an
3474 3152 3773 3223 DemOphilus

505 3263 692 3320 ntagno
739 3248 940 3320 pudore
985 3249 1438 3316 su/Ittndebantur.
1493 3249 1689 3304 Deinde
1735 3266 1850 3304 cum
1890 3249 2116 3304 viderent

507 3349 703 3396 tantutn
735 3359 851 3397 cum
884 3344 1168 3400 Athanasio
1195 3345 1488 3400 animorum
1513 3362 1840 3411 consensum,
1871 3353 1918 3399 et
1940 3362 2118 3415 pacem

503 3437 726 3508 agitari,
775 3448 912 3492 metu
954 3438 1247 3507 invidiaque
1275 3438 1419 3492 anxii
1450 3440 1611 3509 fuere,
1645 3447 1693 3491 et
1720 3437 1858 3505 quod
1903 3446 1976 3491 tot
2006 3437 2117 3506 epi-

503 3531 647 3602 scopi
677 3547 793 3585 cum
813 3531 1100 3588 Athanasio
1137 3534 1545 3588 communionem
1586 3535 1848 3604 foverent.
1893 3542 1940 3587 et
1977 3533 2117 3601 quod

507 3623 870 3694 formidarent,
893 3639 949 3678 ut
977 3641 1106 3696 quos
1128 3625 1230 3694 ipsi
1252 3625 1584 3694 deceperant,
1609 3643 1641 3680 a
1663 3643 1716 3680 se
1741 3625 2038 3697 deﬁcerent,
2071 3638 2115 3680 et

505 3713 628 3768 huic
647 3716 994 3782 unanimitati,
1017 3718 1464 3790 communionique
1478 3734 1586 3772 sese
1608 3719 1973 3790 adjungerent,
1997 3735 2119 3773 nere

507 3805 647 3878 quod
683 3811 916 3878 futurum
956 3809 1244 3874 videbatur,
1283 3811 1348 3865 de
1375 3827 1549 3865 eorum
1588 3812 1769 3865 Iueresi
1807 3810 1993 3880 ubique
2037 3811 2119 3881 fa-

508 3913 654 3951 mosa
702 3898 996 3969 triumphus
1039 3911 1297 3971 ageretur.
1347 3900 1726 3957 ConStantium
1776 3901 1959 3972 itaque
2011 3917 2116 3957 una

509 4006 700 4048 omnes
727 3992 986 4061 adivisse,
1015 4005 1177 4066 atque
1205 3995 1356 4050 illum
1382 4005 1569 4051 contra
1603 3997 1966 4068 Magnentium
1994 4011 2122 4068 pro-

510 4096 788 4155 perantem
833 4086 1094 4143 adversus
1139 4087 1493 4144 Athanasium
1541 4090 1617 4144 ira
1663 4088 1858 4146 iterum
1907 4089 2119 4145 inflam-

506 4193 687 4236 masse
713 4180 932 4248 scribit,
965 4181 1128 4252 idque
1174 4182 1436 4237 malorum
1469 4183 1713 4238 omnium
1760 4197 1881 4253 qua:
1921 4182 2117 4239 deinde

503 4283 691 4328 secuta
741 4281 899 4338 sunt,
949 4273 1162 4329 initium
1212 4273 1332 4329 fuit.
1380 4275 1620 4332 Hilarius
1647 4285 1862 4342 autem,
1903 4284 1960 4330 ut
1997 4291 2116 4346 qua:

505 4373 634 4421 tunc
660 4367 994 4437 agitaverant
1027 4368 1258 4424 consilia
1290 4368 1505 4425 et'fectui
1534 4368 1749 4433 darent,
1775 4368 1958 4426 Sirmii
1996 4367 2118 4424 illos

503 4459 860 4528 convenisse,
899 4463 1097 4517 asserit
1129 4461 1202 4534 (c)
1246 4462 1482 4518 homines
1509 4471 1682 4518 mente
1709 4461 1938 4529 calidos,
1977 4462 2120 4532 inge-

2218 3242 2480 3310 Arianus,
2513 3258 2580 3298 an
2627 3243 3002 3302 Semiarianns
3043 3257 3223 3314 esset,
3277 3262 3396 3302 cum
3443 3245 3666 3302 Liberius
3699 3243 3775 3298 Be-

2218 3353 2362 3393 roeze
2391 3338 2689 3405 exsularct,
2715 3353 2777 3394 ae
2809 3351 2985 3394 utram
3015 3339 3269 3396 haeresim
3303 3352 3412 3396 tum
3454 3356 3517 3397 co
3546 3350 3768 3408 tempore.

2219 3438 2331 3484 tum
2361 3431 2520 3485 etiam
2549 3429 2806 3500 deinceps
2836 3430 3112 3501 professus
3135 3433 3230 3487 sit.

2291 3523 2447 3578 Illum
2482 3525 2660 3594 itaque
2689 3540 2812 3579 cum
2843 3523 3111 3592 Eudoxio,
3151 3525 3398 3582 Martirio
3428 3541 3489 3581 ac
3515 3517 3768 3580 Maccdoaio

2218 3619 2580 3692 Μακρόστιχον
2609 3620 2885 3691 formulam
2917 3618 2984 3674 ad
3010 3617 3392 3675 Occidentales
3415 3619 3645 3673 attulisse
3671 3611 3763 3682 legio

2220 3726 2360 3774 mus,
2391 3719 2553 3782 atque
2577 3727 2607 3766 e
2641 3711 3028 3768 Mediolanensi
3059 3712 3296 3769 concilio
3322 3715 3468 3768 iratis
3495 3711 3664 3767 animis
3678 3720 3767 3760 cum

2220 3803 2383 3858 sociis
2411 3805 2652 3872 exivisse,
2698 3805 2836 3876 quod
2869 3805 2981 3859 Arii
3009 3807 3316 3862 sententiam
3347 3808 3627 3862 Itwreticam
3655 3800 3769 3853 dam-

2219 3914 2344 3952 nare
2370 3899 2644 3954 noluerant
2677 3897 2769 3970 (ε).
2805 3901 2874 3954 At
2912 3915 3030 3955 eam
3079 3899 3393 3966 formulam,
3424 3903 3466 3956 si
3495 3900 3582 3972 qui
3611 3893 3764 3950 attule-

2220 4002 2364 4058 rant,
2399 3993 2611 4048 sincere
2639 3993 3052 4062 profitebantur,
3083 3993 3385 4050 Orthodoxi
3418 3994 3586 4066 specie
3611 3992 3762 4042 sallem

2222 4085 2392 4140 videri
2429 4095 2714 4156 poterant;
2753 4085 3020 4155 siquidem
3054 4087 3177 4142 illos
3215 4089 3308 4159 qui
3335 4090 3510 4144 dicunt
3543 4081 3704 4141 filium
3725 4093 3771 4132 ex

2221 4195 2281 4233 eo
2308 4179 2446 4250 quod
2475 4195 2575 4232 non
2600 4188 2730 4245 erat,
2763 4189 2850 4233 aut
2881 4196 2945 4233 ea:
2973 4180 3078 4234 alia
3101 4180 3415 4246 substantia,
3443 4195 3532 4235 nos
3557 4183 3700 4228 autem
3725 4185 3772 4224 επ

2222 4271 2352 4341 Deo,
2397 4282 2488 4328 aut
2517 4282 2717 4343 tempus
2743 4273 3048 4343 aliquando,
3094 4284 3182 4328 aut
3209 4275 3454 4330 steculum
3497 4270 3655 4333 uisse,
3681 4278 3771 4318 cum

2223 4383 2325 4422 non
2349 4376 2604 4434 exstaret,
2635 4383 2728 4439 pro
2754 4367 2941 4421 alienis
2967 4367 3220 4422 habebant
3240 4387 3274 4424 a
3305 4380 3468 4424 saneta
3493 4375 3538 4418 et
3562 4357 3772 4417 catholica

2225 4458 2462 4514 Ecclesia
2493 4460 2586 4533 (ι’).
2623 4459 2924 4516 Eudoxium
2957 4461 3146 4518 saltem
3177 4477 3243 4517 ex
3275 4460 3774 4518 Ariarorumseuten-

503 4549 591 4603 nio
620 4551 866 4616 subtiles,
909 4553 1094 4608 militia
1123 4556 1411 4625 pertinaces
1432 4597 1446 4620 ,
1475 4555 1794 4611 occasionem
1819 4555 2110 4610 revolvendi
2143 4552 2188 4612 υ
2217 4554 2287 4608 tia
2317 4553 2382 4608 ad
2409 4568 2526 4619 eos,
2553 4554 2643 4624 qui
2676 4553 3038 4609 hontteusium
3063 4557 3407 4618 asserebant,
3445 4550 3586 4606 leclis
3611 4541 3772 4602 Αειετίί

504 4643 638 4713 ejus,
666 4643 802 4711 quod
824 4644 1095 4702 Athanasii
1121 4649 1442 4703 absolutione
1465 4647 1775 4704 dissolutum
1805 4649 1994 4716 fuerat,
2018 4651 2112 4721 ju-

506 4735 632 4789 dicii
664 4737 988 4806 qutesivisse,
1033 4738 1282 4795 scribens
1304 4782 1318 4805 ,
1361 4750 1418 4795 ιιι
1443 4751 1700 4796 mortuam
1737 4740 1801 4795 de
1831 4739 2114 4794 Athanasio

506 4831 622 4902 ipso
639 4829 756 4901 jant
789 4841 1015 4901 tempore
1041 4834 1373 4902 quaestionem
1391 4874 1404 4897 ,
1437 4844 1484 4888 et
1514 4835 1736 4888 veritatis
1763 4833 1970 4906 judicio
1996 4849 2118 4887 eon-

507 4925 802 4994 sepullam,
851 4925 907 4978 iu
955 4927 1212 4997 publicam
1262 4927 1667 4981 recordationem
1723 4941 1856 4980 nova
1907 4923 2119 4980 Photini

507 5034 668 5073 causa
693 5019 958 5074 excitaret.
1005 5017 1194 5074 Fidem
1225 5027 1485 5089 prmterea
1533 5020 1713 5086 illam,
1755 5019 1908 5089 cujus
1949 5033 2118 5089 pauca

509 5111 672 5166 verba
705 5112 896 5182 attuli,
943 5122 1071 5169 tunc
1099 5113 1220 5168 illos
1248 5115 1557 5170 condidisse
1588 5115 1695 5178 ait,
1728 5128 1888 5185 quam
1915 5113 2122 5168 haereti-

509 5221 646 5270 cam,
662 5206 1241 5277 fraudulentam,verbis
1263 5207 1645 5262 blandientibus
1662 5223 1853 5262 veneno
1876 5207 2122 5262 interiore

511 5296 765 5366 suffusum
793 5314 858 5354 ac
887 5309 1163 5369 postremo
1191 5316 1480 5356 PERFIDIAI
1521 5308 1710 5367 γοοειι,
1742 5310 1799 5354 ut
1831 5315 1947 5354 cum
1975 5316 2122 5354 secu-

585 5424 664 5498 (α)
703 5422 1092 5498 Constantem,
1118 5425 1215 5498 727
1268 5426 1426 5492 Maii,
1483 5426 1747 5498 Limenior
1777 5433 1834 5482 et
1874 5423 2122 5498 C_ata_lin_o

514 5493 898 5582 gos5.,_Sirmii
939 5507 1008 5582 et_
1022 5497 1077 5582 in
1107 5497 1325 5582 Illyrico
1359 5499 1664 5582 egisse-gfx
1694 5496 1951 5582 Chronol.
1982 5493 2121 5582 Cod.
2197 5552 2202 5558 ,

513 5570 726 5697 Τιὶθοὶὲ
773 5583 838 5626 ac
879 5585 946 5625 ex
983 5568 1212 5627 Libanio
1255 5568 1414 5628 orat.’
1436 5571 1493 5639 5,
1522 5569 1905 5629 Tillemontius
1934 5568 2128 5641 probat

518 5659 581 5697 Il'
613 5679 626 5694 ο
733 5681 746 5696 .

518 5659 626 5701 δτι.
658 5659 746 5697 ‘IO.

594 5711 669 5855 ξι)
707 5713 837 5783 Cap.
869 5712 946 5770 28
971 5727 1095 5770 cum
1123 5729 1278 5789 seqq.

629 5782 680 5854 c)
716 5781 878 5855 Frag.
907 5784 966 5855 2,
997 5799 1054 5842 tt.
1081 5785 1175 5840 Si;

629 5781 680 5854 ὁ)
716 5781 878 5855 Frag.
907 5784 966 5855 ε,
997 5799 1054 5842 η.
1081 5785 1175 5840 at;

2220 4647 2374 4704 libris
2407 4649 2717 4712 transiisse,
2767 4663 2830 4703 ac
2857 4660 3135 4720 postremo
3170 4649 3238 4704 ad
3272 4652 3549 4706 Anammns
3586 4651 3769 4696 reV‘OCS'

2222 4749 2334 4796 tum
2369 4740 2766 4813 Philostorgius
2795 4742 2986 4797 scribit
3019 4741 3117 4814 (g).
3159 4741 3350 4798 Omnes
3387 4747 3632 4808 prmterea
3672 4743 3772 4785 con-

2223 4832 2352 4887 cilio
2395 4831 2678 4890 Sirmiensi
2729 4845 2916 4890 contra
2969 4835 3258 4890 Photinum
3295 4830 3601 4894 adfuerunt,
3642 4835 3771 4894 atque

2226 4940 2389 4981 unam
2419 4941 2610 4981 omnes
2633 4927 2834 4982 idcirco
2856 4927 3015 4983 ﬁdem
3041 4928 3256 4997 profess
3278 4933 3424 4991 sunt,
3453 4923 3499 4978 si
3525 4935 3622 4978 non
3641 4917 3769 4972 aliam

2227 5033 2362 5074 voce
2403 5030 2782 5086 aSSeruerunt,
2816 5021 2976 5076 aliam
3017 5031 3196 5078 mente
3214 5019 3530 5073 sententiam
3571 5013 3774 5070 retinue-

2227 5121 2377 5170 runt.
2405 5113 2491 5170 Ab
2516 5115 2761 5184 ejusdem
2809 5115 3023 5171 concilii
3071 5125 3302 5183 tempore
3353 5111 3419 5166 ad
3467 5109 3772 5166 Sirmiensem

2227 5209 2722 5280 usque‘secnndam
2751 5209 3062 5277 formulam,
3099 5205 3284 5264 mllam
3317 5205 3475 5260 aliam
3507 5202 3662 5274 palam
3685 5196 3772 5252 Sal-

2230 5310 2362 5369 tem,
2387 5302 2528 5358 inter
2557 5302 2844 5359 haereticos
2875 5304 3132 5359 invectan
3160 5300 3481 5355 sententiam
3515 5295 3664 5352 fuisse
3688 5286 3774 5345 sci-

2302 5428 2384 5498 (d)
2428 5429 2504 5484 De
2526 5427 2658 5498 Syn.
2688 5444 2811 5499 cap.
2843 5429 2932 5485 65.

2233 5488 2377 5643 ορξξὲ
2419 5488 2664 5626 Ιὶἱϋείὶιις
2709 5488 2770 5557 iul
2805 5503 2966 5573 epist.
3009 5496 3066 5552 td
3115 5495 3398 5554 Constant.
3443 5491 3576 5567 apud
3615 5488 3772 5546 Const.

2335 5643 2381 5715 Ῑ)
2419 5643 2575 5719 Socr.
2611 5643 2701 5702 lib.
2735 5661 2796 5712 ιι,
2823 5639 3050 5719 cap.i9.

2335 5719 2390 5789 θ)
2431 5716 2552 5774 Lib.
2582 5731 2658 5786 tv,
2682 5733 2806 5790 cap.
2829 5719 2886 5776 4.
