3878 6346
36 288 138 347 939
1397 270 1937 335 PROLEGOMENA.
2280 308 2283 309 κ
3208 279 3319 337 290

40 420 146 459 ntus
174 421 185 457 :
214 398 397 472 prodiit
424 396 628 469 primis,
660 403 716 450 ut
742 408 841 466 ego
868 401 1017 466 puto,
1043 391 1170 447 anni
1195 389 1301 447 ’558
1328 392 1608 447 mensibus
1634 397 1686 460 Α
1713 387 1929 444 scribit:
1951 386 2428 462 ConstantinOpolis
2456 390 2654 445 dudum
2683 389 2829 445 habet
2851 388 3239 465 Denwpltilum,
3259 407 3322 446 ac

37 513 91 550 ea
130 492 444 563 ltlaSphemia
476 506 568 560 per
609 488 888 545 Ursaciuttt
912 529 925 554 ,
962 485 1274 551 Valentem,
1304 496 1359 541 et
1389 484 1604 541 Gertni-
1713 482 1776 536 de
1806 481 1898 536 illo
1934 482 2141 553 quidem
2184 483 2522 539 simulacrum
2564 484 2827 555 quoddam
2875 494 3027 540 rectae
3069 484 3227 555 ﬁdei,
3270 492 3321 539 et

36 588 199 652 nium;
252 594 304 639 at
358 581 729 652 DetnOphilutn
790 580 964 649 ipsum
1017 578 1083 633 iis
1138 594 1260 635 sese
1317 579 1608 647 aliquando
1715 574 1921 642 pietatis
1966 574 2029 628 ab
2088 575 2323 629 omnibus
2370 576 2763 633 advenientibus
2810 595 3009 632 summa
3064 594 3322 633 consensu

30 683 254 753 junttisse
277 678 513 748 nuspiam
538 675 787 747 legimus,
812 674 924 729 sive
946 688 1067 728 cum
1090 687 1151 727 ca
1171 672 1475 742 conscripta
1500 684 1606 740 est,
1705 668 1939 737 ,ἱαειαιιιν
1954 684 1975 733 ἱ
2006 668 2139 722 adeo
2165 676 2223 722 ηε
2251 668 2405 723 ﬂiam
2428 669 2736 726 dissidentes
2766 672 2986 726 εἱυιεαιὶε
3010 682 3182 742 partes
3203 688 3325 726 coa-

36 777 135 833 sive
173 790 289 829 cum
333 773 554 829 aliorum
604 771 808 841 aliquot
850 769 1227 839 episcoporum
1261 783 1522 837 numero,
1557 775 1613 823 et
1716 761 1909 815 luerint
1954 763 2007 817 in
2056 779 2255 830 unum,
2285 773 2437 836 atque
2485 781 2547 819 ex
2590 765 2772 819 vicinis
2810 765 3051 822 nonnulli
3095 764 3324 839 episwpi

34 883 305 931 consensu,
334 877 485 920 aucta
518 864 774 933 deinceps
803 862 921 917 fttit.
1718 858 2135 929 conjunctionem
2160 858 2389 929 amplexi
2413 859 2515 913 sint
2543 856 2637 931 (ε).

98 963 172 1019 Ob
213 962 391 1018 turbas
432 959 625 1016 deinde
666 969 836 1025 ortas,
883 972 1027 1013 anno
1066 958 1370 1029 insequenti
1416 957 1616 1013 Arimi-
1790 951 1897 1006 Sed
1930 967 2028 1007 cur
2069 954 2406 1024 argumentis
2452 954 2658 1008 utintur
2690 954 2741 1009 in
2790 970 2852 1010 rc
2883 954 3166 1013 manifesta
3218 971 3328 1012 non

35 1055 200 1110 nensis
224 1052 458 1126 synodus
482 1061 666 1107 coacta
696 1058 780 1106 est
806 1068 818 1105 :
855 1051 997 1117 huic,
1025 1052 1068 1105 si
1097 1051 1327 1117 Socrati,
1359 1067 1421 1106 ac
1449 1051 1617 1109 Sozo-
1720 1045 2091 1101 necessariis?
2143 1046 2278 1102 Nam
2324 1063 2444 1118 quae
2485 1047 2788 1119 licmopltili
2818 1052 3089 1106 sententia
3142 1050 3328 1117 fuerit,

36 1164 179 1203 meno
206 1147 469 1202 credimus
500 1143 600 1217 (a),
635 1143 987 1215 Demophilus
1014 1143 1187 1199 adfuit
1212 1160 1334 1199 cum
1369 1142 1616 1210 Ursatio,
1721 1137 2075 1210 intelligimus
2120 1155 2184 1195 ex
2232 1140 2534 1212 fragmento
2581 1141 2854 1212 quodam,
2901 1144 3044 1213 quod
3094 1160 3164 1199 ex
3208 1143 3332 1214 ejus

40 1240 262 1305 Valente,
290 1237 581 1303 Gcrminio,
608 1244 663 1292 et
694 1237 844 1303 Caio,
871 1246 1034 1307 atque
1056 1236 1123 1291 iis
1155 1237 1209 1292 itt
1244 1237 1459 1292 Patrum
1489 1252 1621 1292 con-
1722 1233 2131 1288 commentariis
2163 1232 2563 1305 Philostorgius
2612 1236 2860 1305 excepit,
2908 1236 3102 1291 Suidas
3149 1246 3330 1292 autem

39 1348 174 1389 scssu
204 1334 409 1386 tertiam
451 1330 879 1401 proponentibus
927 1330 1283 1387 Sirmiensctn
1335 1331 1620 1386 formulam
1725 1330 1981 1395 servavit,
2007 1329 2138 1385 etad
2165 1346 2262 1385 nos
2287 1332 2942 1404 transmisit.Aititaque:
2974 1331 3147 1387 Filius
3172 1334 3335 1388 solius

42 1436 141 1481 tum
168 1425 588 1481 succenturiatus
613 1434 721 1489 est,
759 1434 868 1478 tnttt
898 1424 967 1479 ob
993 1439 1110 1478 eam
1141 1440 1357 1480 causttm
1390 1442 1511 1480 cum
1537 1441 1625 1480 μοι
1727 1419 1905 1475 Patris
1930 1422 2191 1477 voluntate
2206 1416 2405 1495 genitus
2429 1432 2519 1490 est,
2546 1425 2658 1478 sine
2682 1434 2993 1495 tempore,et
3017 1426 3128 1480 sine
3146 1425 3333 1492 medio,

41 1521 126 1575 ciis
155 1519 486 1574 anathemate
517 1518 824 1573 damnatus.
872 1517 1128 1574 Socrates
1166 1534 1227 1573 ac
1289 1519 1625 1575 Sozomcnus
1730 1521 2069 1589 tttjussorum
2097 1517 2273 1573 Patris
2313 1520 2545 1583 minister
2575 1521 2641 1574 sit
2684 1531 2732 1574 et
2762 1519 2992 1590 famulus
3015 1518 3115 1592 (ί),
3147 1519 3203 1574 in
3238 1520 3339 1574 mi-

42 1614 145 1668 haec
186 1613 472 1668 hauserunt
499 1629 562 1666 ex
593 1611 891 1666 Athanasio
936 1610 1033 1683 (tt),
1078 1627 1238 1682 quem
1288 1622 1465 1667 tamen
1512 1629 1627 1667 nta-
1729 1612 1957 1666 nisterio
2001 1612 2431 1682 dispensationis
2476 1628 2539 1669 ac
2578 1614 2970 1684 redemptionis
3010 1615 3249 1680 scilicet,
3282 1622 3344 1669 ut

46 1723 187 1777 gnum
213 1721 271 1761 ac
294 1704 692 1760 sanctissimum
719 1706 1008 1776 prtesulent
1041 1721 1234 1761 vereor
1277 1724 1341 1760 tte
1366 1706 1628 1762 memoria
1733 1703 1947 1759 videtur
1976 1703 2042 1758 iis
2070 1705 2365 1776 explicare,
2398 1722 2517 1777 qua:
2540 1706 2945 1776 subsequuntur
2968 1708 3149 1763 verbis
3179 1726 3192 1763 :
3226 1707 3343 1763 haec

53 1802 328 1857 deseruerit
371 1802 422 1856 in
464 1802 604 1857 libro
650 1802 715 1857 de
746 1801 1004 1871 Synodis,
1050 1809 1107 1855 ιιι
1135 1817 1256 1856 cum
1303 1801 1544 1857 deseruit
1577 1803 1629 1856 iit
1662 1819 1711 1881 Β
1738 1801 1909 1867 enim,
1943 1801 1987 1855 si
2019 1801 2270 1857 conferas
2292 1817 2414 1857 cum
2445 1803 2659 1872 prolixa
2703 1804 3039 1860 Antiochena
3087 1803 3343 1869 formula,

58 1898 261 1966 epistola
283 1897 342 1951 ad
370 1896 548 1963 Afros,
581 1896 668 1950 ubi
696 1895 1000 1951 Eudoxiunt
1028 1911 1241 1967 quoque
1266 1896 1405 1952 inter
1427 1912 1522 1952 eos
1546 1912 1634 1952 rc-

57 2002 247 2057 ωηερε,
274 1994 355 2064 qui
389 1992 714 2047 Ariminensi
742 1990 951 2063 synodo
980 1989 1288 2057 adfuerant,
1314 2007 1378 2046 ac
1402 1991 1636 2060 depositi

52 2097 346 2142 sunt:nam
397 2087 717 2143 Beroeensis
766 2085 1085 2156 episcopus,
1137 2086 1228 2157 qui
1274 2084 1636 2139 Orientalibus

47 2180 415 2235 accensebatur
444 2222 459 2250 ,
510 2196 611 2236 nec
666 2178 859 2234 adesse
908 2178 981 2233 illi
1013 2180 1243 2234 concilio
1286 2180 1491 2249 potuit,
1538 2194 1639 2233 nec

48 2282 290 2342 prrelerea
318 2273 556 2345 deponi,
590 2272 855 2345 siquidem
885 2271 1233 2329 Constantius
1261 2271 1639 2327 Occidentales

47 2366 259 2421 Arimini
287 2369 547 2424 collectos
578 2368 812 2436 superbe
847 2378 1125 2432 vetuerat,
1158 2382 1227 2422 ne
1260 2365 1389 2436 quid
1419 2366 1642 2421 omnino

45 2468 220 2514 contra
248 2461 554 2517 Orientales
584 2462 874 2532 episcopos
902 2472 1237 2526 statuerent;
1268 2460 1383 2515 haec
1412 2475 1540 2516 vero
1561 2467 1644 2514 est

48 2554 194 2620 ratio,
226 2568 322 2609 cur
348 2556 468 2624 ejus
489 2554 742 2621 concilii,
768 2572 886 2625 qua:
912 2563 1203 2625 supersunt
1227 2565 1367 2618 acta,
1394 2568 1457 2607 ac
1481 2568 1645 2624 syno-

46 2648 171 2703 dica:
191 2649 473 2718 epistolae,
504 2665 732 2721 quarunt
762 2650 1055 2703 auctoritas
1088 2648 1282 2719 potiori
1316 2645 1558 2701 habenda
1591 2645 1645 2700 in

48 2744 211 2814 pretio
240 2754 359 2810 est,
401 2744 712 2811 Ursacium,
748 2742 1044 2807 Valentem,
1076 2741 1428 2808 Germinium,
1463 2739 1649 2795 Caium

45 2849 87 2890 ct
126 2838 475 2905 Auxentium,
515 2836 744 2892 Arianos
787 2846 913 2892 tunc
947 2834 1154 2908 synodo
1201 2845 1492 2905 prtesentes
1538 2850 1652 2889 mc-

48 2940 247 2983 ntorant
275 2929 590 2996 dumtaxat,
618 2936 674 2985 et
698 2928 841 2983 inter
862 2928 1138 2999 depositos
1161 2930 1422 2993 referunt,
1457 2926 1652 2982 Demo-

46 3024 166 3094 pltili
212 3041 345 3080 vero
395 3039 598 3080 nomen
652 3024 898 3095 nuspiant
956 3022 1269 3093 exprimunt
1309 3037 1321 3074 :
1366 3020 1456 3091 qui
1506 3020 1651 3074 enim

46 3119 321 3173 absentem
354 3135 419 3174 ac
448 3118 606 3189 longe
629 3116 698 3172 ab
728 3133 794 3173 eo
819 3116 940 3173 loco
969 3116 1201 3187 positum
1232 3128 1533 3169 memorare
1560 3127 1653 3182 po—

45 3211 312 3266 tuissent?

111 3304 261 3361 Actis
288 3304 489 3361 iisdem
517 3304 815 3359 auctoritas
845 3301 1059 3358 accedit
1084 3318 1150 3357 ex
1179 3300 1652 3357 testimoniollila-

45 3399 131 3463 rii,
151 3399 318 3470 quiin
350 3406 583 3454 tractatu
605 3405 795 3451 contra
819 3394 1173 3460 Auxentium,
1189 3409 1281 3449 eos
1304 3408 1494 3449 omnes
1516 3394 1657 3448 inter

46 3493 153 3548 Arii
184 3493 433 3564 Spiritus
474 3492 722 3547 haeredes
760 3498 1039 3555 numerat,
1088 3489 1232 3544 hunc
1280 3503 1409 3543 vero
1440 3487 1657 3542 silentio

45 3588 290 3656 prreterit
324 3586 435 3659 (c);
470 3595 631 3656 atque
662 3587 805 3638 hunc
836 3584 998 3638 etiam
1029 3583 1284 3638 omittunt
1312 3582 1658 3638 Marcellinus

45 3688 95 3733 ct
134 3679 444 3736 Faustinus
493 3678 829 3750 presbyteri,
879 3692 999 3731 cum
1043 3674 1274 3730 Arianos
1304 3675 1438 3731 alios
1469 3691 1661 3732 recen-

44 3785 194 3843 sent,
231 3776 327 3847 qui
363 3772 700 3829 Arimincnsi
730 3770 907 3828 eidem
939 3770 1173 3825 concilio
1206 3779 1503 3840 prmsentes
1545 3770 1663 3826 fue-

47 3881 187 3927 runt.
228 3869 381 3939 Quid
410 3883 541 3923 vcro
569 3875 831 3938 prmterea
852 3908 865 3932 ,
906 3865 1047 3936 quod
1075 3864 1263 3920 decem
1291 3864 1365 3919 illi
1395 3863 1657 3935 episcopi,

45 3966 131 4037 qui
162 3965 230 4019 ad
277 3963 680 4034 Imperatorem
708 3959 958 4015 confecta
989 3958 1199 4030 synodo
1232 3957 1393 4029 legati
1425 3956 1662 4025 fuerant,

45 4078 106 4117 ac
135 4060 340 4116 Nicaea:
386 4059 439 4114 in
470 4055 701 4113 Thracia
735 4053 1069 4125 praevaricati
1112 4053 1309 4110 deinde
1339 4061 1500 4121 sunt,
1542 4067 1665 4107 cum

46 4158 227 4227 priora
270 4153 502 4211 cencilii
540 4161 659 4207 acta
691 4148 1101 4213 rescinderent,
1135 4161 1196 4201 ac
1225 4147 1665 4201 communionem

51 4250 310 4316 Ursacio,
388 4246 629 4311 Valenti,
699 4242 1001 4306 Germinio,
1055 4250 1111 4297 et
1163 4237 1289 4294 Caio
1347 4237 1666 4293 nominatim

43 4346 442 4408 restituerent,
469 4339 720 4397 eumdem
745 4335 1124 4409 DemOpltilum
1144 4333 1258 4387 alto
1284 4331 1504 4387 silentio
1534 4346 1673 4400 prte-

48 4436 370 4493 tcrierunt?
399 4437 481 4489 An
513 4446 645 4487 vero
672 4431 891 4502 gravius
923 4428 1015 4483 ille
1048 4432 1396 4497 peccaverat,
1428 4430 1486 4477 ut
1522 4419 1673 4475 omni

46 4529 284 4587 omnino
322 4527 483 4582 venia
522 4523 661 4594 apud
694 4523 913 4593 ignaros
942 4518 1066 4573 illos
1097 4517 1386 4587 episc0pos
1419 4512 1673 4585 indignus

1738 1908 1833 1947 seu
1889 1908 2011 1948 cum
2066 1892 2351 1950 Sirmiettsi
2401 1904 2587 1949 contra
2646 1894 2937 1951 Pltotinunt
2989 1895 3198 1968 synodo
3242 1893 3345 1968 (g),

1742 2000 1901 2039 unam
1934 1987 2292 2057 eamdemque
2337 1989 2661 2043 sententiant
2695 1990 2985 2061 utrobique
3028 2006 3346 2063 expressam

1741 2080 1947 2146 videas,
1973 2079 2167 2135 Filium
2195 2081 2675 2153 scilicctgenitum
2698 2085 2813 2139 sola
2844 2085 3121 2139 voluntate
3146 2084 3344 2152 Patris,

1744 2174 1861 2227 sine
1886 2183 2152 2243 tempore,
2184 2173 2305 2229 sine
2336 2174 2535 2243 medio,
2572 2184 2632 2230 ut
2659 2176 2805 2231 Patri
2865 2178 3258 2250 obsequeretur
3285 2192 3352 2236 ac

1746 2267 1996 2323 minister
2019 2278 2203 2334 esset,
2246 2268 2462 2324 Patrem
2495 2286 2623 2326 vero
2652 2287 2758 2326 non
2787 2273 3087 2329 substantia
3117 2283 3351 2342 tantum,

1746 2361 1841 2417 sed
1874 2372 1927 2416 et
1949 2363 2276 2419 auctoritate
2307 2363 2524 2420 Patrem
2546 2406 2562 2431 ,
2593 2381 2750 2436 qnatn
2785 2382 2947 2437 porro
2971 2369 3353 2425 auctoritatem

1748 2451 1827 2507 sic
1848 2454 2137 2523 explicavit
2168 2455 2424 2524 Hilarius,
2458 2465 2517 2513 ttt
2541 2458 2673 2513 ttihil
2696 2460 2994 2531 tequalitati
3018 2461 3354 2532 detraheret,

1749 2546 1873 2616 quia
1907 2548 2122 2617 pietatis
2164 2549 2430 2620 subjectio
2479 2568 2583 2605 non
2623 2561 2709 2608 est
2754 2556 3011 2609 essentia:
3040 2554 3355 2626 diminutio,

1753 2656 1851 2696 nec
1880 2642 2156 2711 religionis
2182 2642 2425 2699 oflicium
2452 2645 2774 2717 degenerem
2806 2648 2935 2705 fecit
2972 2660 3216 2707 naturam
3252 2650 3358 2724 (It).

1755 2731 1889 2787 Hinc
1915 2733 2055 2789 idem
2081 2734 2480 2807 Philostorgius
2504 2739 2880 2809 DentOphilum
2912 2740 3111 2811 ipsum,
3137 2755 3194 2797 ιιι
3216 2745 3363 2801 solet

1754 2840 1944 2882 omnes
1974 2842 2005 2883 a
2035 2843 2130 2883 sua
2174 2839 2318 2885 secta
2352 2831 2596 2899 alienos,
2643 2836 2853 2906 carpit,
2887 2838 3032 2907 quod
3063 2838 3361 2897 lutulentus

1759 2918 1975 2987 flueret,
2034 2920 2177 2991 quod
2216 2924 2393 2978 omnia
2434 2936 2595 2996 atque
2622 2928 2989 2984 ecclesiastica
3017 2928 3363 3002 potissimum

1757 3011 2007 3084 dogmata
2065 3015 2461 3083 confunderet,
2522 3018 2923 3097 miscerctquc,
2980 3038 3044 3078 ac
3100 3023 3359 3096 denique,

1758 3106 1902 3177 quod
1935 3105 2281 3164 Eunomianis
2325 3112 2625 3180 gravissime
2666 3115 2899 3185 infensus
2925 3119 3246 3188 gravissimis
3277 3136 3367 3176 eos

1679 3221 1726 3285 ρ
1760 3200 1915 3254 malis
1940 3199 2172 3268 olfecerit
2204 3202 2291 3274 (i).
2324 3204 2438 3259 lloc
2466 3221 2595 3260 vero
2623 3210 3016 3277 testimonium,
3047 3228 3172 3268 cum
3203 3230 3367 3286 aper—

1762 3292 2028 3347 tissimum
2059 3302 2115 3348 et
2143 3294 2505 3351 decretorium
2562 3298 2654 3363 sit,
2685 3315 2846 3356 nemo
2872 3302 2995 3372 jure
3013 3304 3363 3378 dubitaverit,

1762 3386 1889 3455 quin
1936 3386 2287 3456 Demophilus
2330 3388 2701 3446 Semiarianus
2748 3402 3010 3464 perpetuo
3056 3394 3254 3464 fuerit,
3302 3414 3368 3456 ac

1766 3478 1894 3549 quin
1946 3487 2209 3549 prmtcrea
2264 3479 2442 3548 illaut,
2497 3498 2658 3553 quam
2716 3488 2929 3544 sincere
2988 3489 3364 3563 profitebatur,

1775 3571 1937 3627 fidem
1970 3571 2187 3629 Liberio
2215 3574 2393 3630 exsuli
2427 3578 2759 3647 exposuerit.

1761 3732 1789 3796 §
1821 3730 1881 3780 V.
1907 3759 1968 3802 _—-
1992 3732 2352 3802 Quo‘_anno__ac
2388 3746 2563 3802 mense
2596 3736 2881 3802 Sirmiensis
2918 3737 3221 3802 blasphemia
3257 3755 3377 3794 con-

1826 3797 2102 3863 scripta,ret
2122 3796 2378 3863 in_(_}allias
2400 3799 2546 3863 missa
2573 3800 2726 3849 videri
2754 3800 2938 3863 possit?
2962 3796 3120 3853 Varia}
3145 3818 3204 3854 ea
3227 3806 3291 3855 de
3315 3819 3372 3856 re

1826 3857 2089 3932 sententia}
2132 3872 2143 3908 :
2179 3857 2396 3932 Hilarius
2434 3862 2667 3932 Iatl'tmtnur,
2714 3857 2768 3913 et
2817 3864 3123 3930 explicatur,
3168 3869 3376 3932 ejusque

1830 3922 2113 3971 testimonio
2139 3926 2477 3973 controversia
2501 3923 2752 3976 definitur.

1843 4042 1955 4099 lloc
1976 4044 2140 4099 etiam
2173 4044 2303 4101 mihi
2336 4048 2616 4119 proposui,
2660 4057 2718 4103 ut
2747 4059 3118 4121 perscrutarer
3144 4053 3376 4124 diligen-

1775 4136 1901 4202 tius,
1933 4153 2041 4209 quo
2067 4153 2210 4193 anno
2243 4147 2299 4195 et
2354 4152 2602 4213 tempore
2632 4143 2947 4201 Sirmiensis
2980 4145 3097 4203 haec
3125 4148 3382 4220 blasphe-

1775 4231 1883 4287 mia
1929 4234 2131 4303 scripta
2177 4234 2344 4290 videri
2390 4240 2592 4307 possit,
2648 4254 2713 4294 ac
2759 4240 2881 4311 quis
2929 4240 3128 4297 deinde
3178 4244 3382 4311 exitus,

1776 4325 2094 4397 fructusque
2128 4327 2246 4398 ejus
2292 4327 2487 4396 fuerit;
2534 4332 2803 4401 siquidem
2852 4333 2938 4389 his
2967 4334 3131 4391 etiam
3166 4336 3294 4407 lict,
3326 4344 3387 4396 ut

1776 4436 1965 4477 eorum
1997 4418 2300 4494 temporum
2332 4423 2573 4481 hiatoriae
2598 4427 2801 4499 aliquid
2828 4428 2963 4485 lucis
2994 4432 3236 4489 accedat.

1850 4514 2131 4586 Plerisque
2160 4514 2345 4587 itaque
2377 4517 2558 4588 placet
2589 4534 2733 4577 anno
2759 4522 2866 4577 557
2906 4524 3064 4580 malis
3094 4526 3302 4584 artibus
3334 4529 3392 4587 in

49 4640 174 4680 esse
197 4618 573 4680 censeretur?
600 4618 817 4673 Certum
851 4616 1031 4684 itaque
1062 4622 1347 4681 ratumque
1377 4610 1449 4665 sit
1480 4609 1676 4664 Demo-
1703 4630 1757 4691 D
1785 4613 1958 4668 lucem
1988 4612 2305 4680 obtrusam;
2335 4623 2390 4669 at
2411 4615 2498 4671 vix
2526 4626 2630 4683 cst,
2660 4622 2749 4690 qui
2771 4620 3010 4693 aliquam
3038 4638 3151 4680 suae
3179 4627 3393 4698 opinio-

50 4718 269 4792 pltilum
334 4711 666 4770 Ariminensi
720 4707 950 4765 concilio
1016 4721 1121 4761 non
1173 4702 1435 4759 adfuisse.
1493 4702 1676 4771 Quaeri

53 4827 243 4871 tamen
268 4813 384 4868 hoc
412 4811 535 4866 loco
561 4814 880 4879 posset,cur
898 4803 1042 4858 nulla
1072 4801 1124 4857 itt
1148 4799 1485 4857 Seleuciensi
1512 4798 1679 4854 etiam

50 4908 305 4983 synodo,
337 4907 428 4961 cui
472 4906 766 4975 imperator
796 4896 1102 4955 Orientales
1130 4909 1321 4949 omnes
1347 4894 1541 4948 adesse
1563 4892 1682 4962 jus-

53 5011 243 5068 Scrat,
302 4996 554 5069 ejusdem
587 4995 792 5050 mentio
839 4990 944 5046 sit?
994 4991 1077 5044 An
1126 4986 1265 5042 forte
1298 4985 1367 5041 ab
1396 4985 1462 5040 iis
1514 4983 1687 5039 turbis

56 5098 264 5153 abesse
299 5092 537 5149 maluit?
571 5094 648 5145 Att
678 5089 856 5160 potius
889 5086 1029 5141 inter
1052 5083 1175 5139 illos
1199 5088 1421 5139 centum
1449 5088 1504 5135 et
1532 5079 1693 5150 quin-

56 5207 169 5262 que
221 5186 652 5244 llomteusianos
699 5182 768 5238 ab
812 5178 1016 5235 llilario
1057 5175 1136 5249 (ά)
1175 5182 1545 5238 memoratos,
1594 5169 1693 5227 sed

60 5284 323 5357 fugitans
348 5279 650 5353 jurgiorum
674 5275 810 5332 fuit?
839 5272 1138 5342 Utrumque
1161 5269 1273 5324 fieri
1307 5266 1464 5321 facile
1488 5264 1691 5357 potuit,

60 5356 366 5450 siquidem
396 5371 638 5448 Basilius,
666 5369 892 5440 Magnus
932 5365 1011 5420 sic
1042 5362 1193 5417 illum
1222 5359 1409 5415 animo
1437 5356 1693 5413 affectum

148 5562 235 5635 (η)
280 5557 410 5635 Lib.
443 5569 511 5635 tt,
537 5568 654 5635 cap.
679 5551 768 5617 '57;
805 5549 897 5635 lin.
923 5558 1149 5635 ηερ-ιιι).
1165 5540 1270 5635 38.

148 5564 206 5635 (η
280 5562 410 5613 Lib.
443 5569 511 5620 tt,
537 5568 654 5622 cap.
679 5562 768 5617 57;
805 5562 897 5604 ιιι).
923 5562 1148 5628 1v,.cap.
1182 5562 1270 5596 to.

148 5562 235 5705 to;
287 5629 418 5705 yth.
452 5630 516 5681 tle
541 5626 817 5705 Synncap.
845 5621 902 5685 9,
933 5625 1094 5705 epist.
1125 5612 1194 5669 ad
1220 5627 1341 5683 cap.
1372 5610 1427 5667 5.

288 5700 420 5777 liii).
461 5689 634 5777 contr.
676 5689 971 5777 Aux._eap.
1005 5689 1058 5743 6.

162 5763 248 5846 at)
293 5770 492 5825 Contr.
522 5768 707 5822 Const.
740 5781 794 5820 ιι.
827 5763 915 5819 12.

152 5786 237 5921 ξε)
280 5841 459 5899 Τοιιι.
492 5838 579 5907 lll,
608 5852 693 5910 ep.
726 5837 817 5893 48.

185 5837 238 5918 ei
280 5841 459 5899 Tom.
492 5838 579 5907 lll,
608 5852 693 5910 ep.
726 5837 817 5893 48.

1783 4709 1867 4764 nis
1897 4708 2159 4764 rationem
2192 4708 2464 4780 proferat,
2502 4720 2700 4781 praeter
2728 4712 2949 4771 Petrum
2981 4715 3389 4790 Constantium,

1787 4802 1876 4873 qui
1906 4800 2096 4857 llilarii
2124 4802 2444 4858 auctoritate
2469 4801 2637 4859 utitur
2658 4805 2722 4859 ad
2742 4805 3054 4865 Gallicanos
3082 4812 3393 4883 episcopos,

1789 4895 1876 4967 qtti
1908 4912 2027 4951 eam
2060 4896 2600 4965 damnaverant,th
2624 4899 2949 4958 scribentis:
2986 4903 3201 4959 Vicistis
3232 4905 3390 4973 enim,

1795 4985 2034 5056 Fratres,
2059 5006 2175 5042 cum
2217 4993 2414 5062 ingenti
2459 4993 2585 5062 ﬁdei
2627 4994 3009 5068 gratulatione,
3054 5007 3104 5053 et
3141 4999 3400 5070 geminam

1796 5084 1974 5138 habuit
2023 5084 2204 5139 illaesa:
2248 5088 2576 5143 conscientia:
2622 5098 2804 5146 vestrae
2846 5092 3012 5146 honor
3050 5092 3306 5164 gloriam,
3336 5092 3402 5148 dc

1796 5177 2089 5247 integritate
2120 5177 2316 5233 scilicet
2351 5179 2710 5248 conscientiaz,
2756 5192 2805 5237 et
2831 5184 2896 5236 de
2923 5184 3149 5254 exempli
3172 5184 3404 5239 auctori-

1800 5277 1921 5324 tate.
1959 5268 2098 5325 Nam
2138 5271 2259 5337 ﬁdei
2309 5284 2490 5328 vestra:
2532 5273 2919 5344 imperturbata:
2960 5274 3105 5343 fama
3150 5277 3402 5346 quosdam

1804 5358 2143 5416 Orientalium
2186 5364 2459 5437 episcopos
2493 5382 2608 5422 sero
2645 5366 2755 5435 iam
2780 5366 3055 5420 commovit
3083 5367 3154 5421 ad
3181 5367 3402 5439 aliquem

1996 5540 2152 5613 Apud
2184 5540 2367 5599 Vales.
2404 5544 2467 5600 ﬂ.
2502 5546 2591 5610 E.,
2623 5553 2754 5599 tom.
2780 5540 2873 5609 ll],
2908 5558 2959 5611 p.
2993 5542 3121 5600 558.

1909 5613 1963 5689 g)
2004 5613 2143 5689 (Ian:
2176 5616 2228 5681 l,
2269 5615 2325 5681 5,
2353 5614 2443 5689 25,
2468 5616 2569 5689 37;
2610 5614 2816 5684 Ancyr.
2856 5626 3012 5670 conc.
3037 5629 3164 5672 can.
3192 5620 3281 5689 t7,
3313 5621 3404 5683 18,

1909 5687 1965 5754 Ιι)
2008 5687 2081 5742 De
2112 5687 2245 5757 Syn.
2278 5701 2399 5756 cap.
2426 5688 2513 5741 79.

1909 5758 1948 5824 i)
1982 5756 2102 5813 Lib.
2135 5756 2211 5823 ix,
2244 5772 2361 5819 cap.
2388 5757 2441 5813 9.
