3950 6330
545 227 644 284 291

1698 225 2012 286 SANCTUS
2047 225 2134 285 DA

2241 224 2374 285 ,SUS
2410 225 2613 284 PAPA.
3672 239 3752 298 292

544 345 794 418 pudorem
825 344 1031 400 nutrita
1075 343 1356 409 hereseos,
1399 353 1450 398 et
1493 343 1686 398 auditis
1731 344 1826 409 iis,
1860 358 1973 412 qua!
2001 341 2144 412 apud
2171 353 2222 414 Α
2253 342 2452 408 Quadis
2479 354 2527 398 et
2554 342 2810 398 Sarmatis
2834 341 3094 409 redeunti;
3114 348 3222 397 tum
3247 341 3355 398 haec
3376 315 3546 402 addit:
3573 349 3642 402 lla
3663 369 3755 405 cou-

546 437 798 492 Sirmium
823 437 1114 507 conscripta
1135 437 1434 504 impiissime
1460 438 1700 509 fuerant,
1732 436 2145 508 irreligiosorum

544 532 782 587 audacia:
828 532 1132 604 quibusdam
1161 533 1380 588 decretis
1426 532 1852 588 contradixerunt
1896 532 1994 606 (α).
2044 532 2147 588 De.

545 640 716 696 creta,
750 645 868 699 qum
905 627 1139 684 Hilarius
1167 639 1472 696 memorat,
1504 628 1596 684 illa
1630 638 1779 696 sunt,
1812 644 1930 698 qua!
1960 628 2144 700 Ancy-

544 736 674 775 rana
724 721 964 793 synodus
1011 723 1472 792 promulgaverat.
1526 721 1663 778 Hinc
1711 723 1785 777 ait
1830 721 1971 777 idem
2002 721 2147 776 Cou-

543 813 807 867 stantins:
846 813 927 868 Ex
951 813 1147 869 Hilarii
1169 816 1332 870 verbis
1357 831 1425 870 ea
1449 817 1582 870 inter
1611 815 1772 881 hanc,
1808 813 2144 870 Gallicanam

541 905 771 970 scilicet,
803 917 851 962 et
879 905 1206 979 Ancyranam
1232 910 1488 980 synodum
1520 906 1662 962 debet
1689 907 2000 961 intercedere
2017 915 2144 960 tent-

542 999 684 1070 poris
714 1017 895 1065 mora,
948 1011 1005 1054 ut
1051 1002 1313 1055 commode
1357 1002 1582 1070 potuerit
1631 1000 1777 1055 illius
1825 1000 2050 1070 formula
2090 1001 2144 1055 in

543 1091 746 1148 Gallias
789 1095 1084 1165 deportari,
1129 1095 1313 1151 deinde
1360 1094 1750 1150 Gallicanorum
1787 1096 2144 1167 episcoporum

541 1188 811 1242 convocari
851 1185 1110 1262 synodus,
1145 1189 1300 1259 hujus
1327 1188 1529 1243 decreta
1561 1191 1612 1242 in
1650 1190 1828 1242 Asiam
1874 1188 1942 1242 ad
1989 1187 2144 1242 Hila-

541 1280 697 1343 rium,
727 1289 774 1333 et
804 1279 866 1334 ab
898 1277 1108 1334 Hilario
1145 1281 1214 1334 ad
1247 1281 1535 1336 Orientales
1575 1283 1816 1353 perferri,
1844 1283 1932 1352 qui
1964 1280 2144 1337 Gallo-

539 1390 653 1427 rum
669 1374 900 1446 emplo
913 1375 1120 1430 excitati
1141 1373 1468 1452 dncyranam
1485 1377 1741 1447 synodum
1763 1375 2021 1448 coegerint
2039 1375 2139 1448 (b).

539 1464 655 1522 Non
711 1481 849 1521 unus
908 1476 1087 1522 tamen
1145 1477 1230 1524 est
1294 1468 1678 1536 Constantius,
1737 1469 1829 1540 qui
1889 1469 2030 1524 hanc
2088 1469 2141 1523 in

539 1557 848 1615 Gallicanos
898 1559 1185 1631 episcopos
1235 1560 1467 1632 gloriam
1528 1561 1816 1628 conferat,
1871 1562 2141 1632 siquidem

539 1649 922 1708 Tillemontius
963 1654 1044 1710 sic
1093 1653 1354 1708 Hilarium
1386 1653 1678 1723 intelligit,
1722 1664 1781 1710 ut
1834 1654 2140 1711 Orientales

2247 437 2394 507 tigit,
2427 445 2483 489 ut
2526 452 2642 490 cum
2673 453 2764 508 ego
2793 437 3116 511 dimicassem
3144 475 3160 501 ,
3190 436 3275 491 ille
3299 438 3450 492 solum
3477 440 3560 494 iter
3581 445 3755 511 fecisset,

2247 545 2293 590 et
2322 549 2436 588 cum
2477 531 2604 589 Istri
2635 534 2824 590 accolis
2853 535 3072 603 paci/ioc
3111 534 3382 590 collocutus
3408 546 3541 602 esset,
3569 556 3651 594 non
3675 559 3757 612 ego,

2248 629 2340 683 sed
2363 629 2454 682 ille
2477 630 2822 702 triumpharet
2853 629 2955 701 (ά).
2992 627 3145 682 Nunc
3175 643 3296 684 vero
3321 645 3433 684 cum
3459 631 3666 700 praelium
3683 635 3760 688 Ar-

2244 723 2591 794 gentinense,
2615 723 2683 777 ab
2710 737 2856 778 anno
2881 722 2987 779 557
3012 721 3275 776 removeri
3299 722 3431 778 haud
3454 724 3620 792 possit,
3640 734 3761 796 atque

2245 829 2392 868 anno
2423 814 2515 869 illo
2538 830 2632 884 per
2664 814 2936 880 Illyricum
2966 815 3314 870 Constantius
3339 818 3433 870 iter
3455 815 3639 882 fecerit,
3663 818 3764 873 nihil

2247 905 2476 975 impedit
2520 908 2809 976 quominus
2841 906 3100 964 Sirmium
3130 907 3405 961 commodo
3448 907 3694 975 accedere,
3717 923 3764 965 ac

2245 1000 2653 1055 conscribendas
2690 1000 2937 1056 forrnulze
2985 1001 3179 1056 adesse
3209 1001 3446 1071 potuerit.
3477 1000 3636 1072 Neque
3668 1017 3766 1057 vero

2245 1109 2382 1161 opus
2410 1103 2495 1150 est
2515 1135 2528 1158 ,
2555 1093 2702 1164 quod
2734 1093 2980 1149 nonnulli
3011 1093 3238 1156 faciunt,
3270 1103 3324 1148 ut
3353 1093 3688 1162 imperatorem
3709 1094 3768 1148 in-

2245 1187 2413 1240 vitum
2444 1201 2506 1240 ac
2559 1184 2914 1256 defatigatum
2945 1201 3010 1242 ex
3043 1186 3262 1260 Illyrico
3310 1185 3491 1250 iterum
3519 1200 3768 1242 revocamus

2247 1282 2639 1344 Mediolanum.
2662 1281 2955 1338 Decembri
2983 1296 3197 1344 mense,
3218 1295 3324 1351 quo
3352 1281 3488 1350 leges
3516 1279 3562 1334 in
3585 1295 3637 1335 ea
3660 1279 3769 1335 Urbe

2247 1374 2400 1428 datas
2445 1375 2673 1445 legimus
2695 1415 2709 1440 ,
2741 1382 2905 1446 atque
2944 1391 3070 1431 eum
3100 1373 3294 1428 deinde
3325 1373 3389 1426 18
3425 1373 3642 1442 ejusdem
3675 1373 3768 1436 die,

2249 1465 2432 1522 Sirmii
2476 1482 2664 1522 rursus
2693 1477 2995 1520 statuamus
3017 1473 3298 1521 vacantem
3331 1463 3646 1535 publicationi
3677 1463 3771 1516 alia-

2248 1574 2367 1612 rum
2402 1559 2579 1630 legunt
2613 1557 2709 1630 (e).
2740 1558 2922 1614 Facile
2946 1559 3091 1614 enim
3117 1558 3264 1612 illum
3287 1557 3354 1611 ab
3377 1557 3474 1611 hoc
3497 1553 3773 1610 incommodo

2251 1651 2564 1717 liberamus,
2598 1651 2644 1706 si
2673 1668 2793 1706 cum
2826 1650 3082 1706 Reinesio
3110 1650 3178 1723 (ι’)
3207 1648 3540 1705 librariorum
3565 1648 3774 1716 imperitia

539 1743 824 1814 episcopos
855 1751 1198 1817 Ancyranam
1231 1745 1377 1800 illam
1406 1746 1672 1818 synodum
1705 1747 1953 1818 coegisse
1985 1747 2133 1814 velit,
2167 1749 2216 1810 Β
2246 1743 2446 1799 factum
2478 1744 2750 1811 dicamus,
2778 1753 2836 1800 ut
2865 1744 3126 1800 Mediana:
3151 1755 3246 1799 aut
3267 1744 3570 1814 compendio
3591 1744 3773 1810 scripta,

539 1847 822 1916 postquam
864 1854 982 1894 eam
1029 1839 1418 1910 blasphemiam
1465 1837 1518 1894 in
1549 1839 1742 1895 Galliis
1777 1839 2136 1911 proscriptam

537 1929 706 1987 fuisse
739 1933 1136 1990 intellexerant.
1182 1933 1451 1990 Οιιειθτυιιι
1483 1934 1612 2005 quin
1643 1933 1904 1990 Gallicani
1946 1950 2136 1990 eorum

537 2024 841 2094 temporum
874 2026 1148 2096 episcopi,
1195 2027 1518 2082 sanctissimi
1550 2026 1794 2097 profecto
1824 2042 1888 2082 ac
1919 2027 2139 2081 doctis-

533 2118 658 2173 simi
688 2117 908 2185 fuerint,
940 2128 994 2174 et
1019 2134 1051 2174 a
1093 2121 1202 2175 Deo
1232 2121 1501 2182 concessi,
1535 2131 1592 2173 ut
1637 2119 1796 2175 [idem
1828 2130 2133 2187 tuerentur,

533 2224 696 2265 nemo
724 2211 1035 2282 negaverit:
1069 2227 1170 2282 ego
1191 2213 1357 2267 etiam
1387 2213 1632 2268 concedo
1680 2212 1913 2268 libenter
1953 2215 2136 2284 plures

530 2303 703 2358 fuisse
735 2306 835 2360 hoc
863 2305 1054 2361 eodem
1085 2306 1317 2373 s:ccnlo,
1349 2321 1415 2361 ac
1443 2321 1567 2361 esse
1599 2321 1742 2362 nunc
1776 2306 1940 2361 etiam
1971 2305 2035 2361 D.
2065 2307 2132 2361 υ.

530 2395 602 2451 Μ.
635 2396 900 2453 beneflcio
923 2439 936 2462 ,
969 2398 1059 2469 qui
1092 2408 1362 2454 tantorum
1409 2397 1628 2454 Patrum
1665 2398 1761 2454 lilii
1793 2409 1848 2454 et
1889 2399 2135 2454 haeredes

529 2490 754 2559 gloriam
777 2491 1056 2558 auxerint;
1083 2503 1136 2545 at
1163 2491 1304 2547 forte
1329 2507 1433 2546 non
1457 2482 1518 2547 ea
1551 2497 1636 2546 est
1663 2489 1853 2566 llilarij
1885 2489 1987 2545 hoc
2015 2492 2135 2547 loco

531 2599 717 2649 mens,
761 2599 919 2652 quam
969 2571 1350 2638 Tillemontius
1400 2592 1455 2638 et
1503 2582 1856 2639 Constantius
1907 2592 2129 2654 putant:

531 2689 708 2743 neque
735 2677 884 2730 enim
909 2675 1000 2730 ille
1025 2677 1334 2732 Gallicanos
1358 2678 1645 2747 episcopos
1670 2678 1872 2742 laudat,
1902 2677 2046 2748 quod
2079 2679 2132 2733 in

530 2767 840 2822 revocanda
903 2779 957 2823 et
1013 2769 1318 2824 damnanda
1387 2769 1677 2826 Sirmiensi
1727 2770 1827 2826 hac
1877 2771 2129 2838 formula,

528 2861 783 2932 exemplo
809 2876 908 2917 suo
937 2860 1308 2919 Orientalibus
1332 2876 1582 2919 auctores
1609 2863 1844 2931 fuerint,
1875 2873 1934 2919 ut
1961 2865 2128 2934 enim,

530 2969 657 3008 mox
685 2952 894 3021 dicam,
931 2971 994 3010 ex
1027 2955 1234 3011 Hilario
1265 2957 1382 3027 ipso
1424 2957 1525 3011 hoc
1572 2956 1764 3012 falsam
1796 2957 1961 3014 fuisse
2001 2975 2132 3014 con-

527 3056 672 3103 stat:
702 3048 796 3103 sed
827 3048 971 3119 quod
1011 3049 1046 3104 ii
1077 3061 1310 3105 servatae
1342 3059 1604 3121 perpetuo
1635 3062 1801 3107 recta:
1829 3052 1952 3108 fidei
1987 3051 2128 3106 fama

2243 1846 2339 1892 aut
2381 1839 2778 1909 exscriptornm
2811 1839 3082 1909 imperitia
3117 1838 3469 1894 Mediolanum
3496 1835 3774 1894 successerit.

2242 1931 2375 1985 Erat
2398 1929 2542 1986 enim
2566 1931 2814 1987 Mediana
2836 1932 3010 2000 locus,
3035 1933 3150 1988 sive
3170 1933 3240 1988 im
3250 1940 3544 2003 peratorum
3563 1944 3775 1994 recessus,

2241 2029 2409 2081 tertio
2437 2042 2467 2080 a
2500 2026 2694 2082 Naisso
2746 2027 2926 2098 lapide
2951 2070 2967 2095 ,
2995 2027 3213 2098 imperii
3243 2027 3649 2083 Valentinianum
3675 2023 3778 2077 inter

2245 2129 2301 2175 et
2337 2119 2615 2176 Valentem
2646 2121 2916 2176 divisione
2936 2113 3191 2176 celebris.
3226 2121 3375 2176 Hanc
3403 2133 3524 2176 vero
3547 2115 3779 2175 correctio.

2243 2227 2366 2266 nem
2399 2211 2609 2268 facilius
2657 2213 2820 2270 etiam
2868 2215 3195 2285 probaturus
3227 2217 3364 2282 erit,
3393 2215 3482 2286 qui
3528 2228 3685 2270 secum
3719 2225 3780 2266 re-

2241 2311 2435 2374 putet,
2493 2305 2674 2360 habita
2723 2307 2935 2362 itineris
3007 2323 3071 2364 ac
3145 2307 3486 2363 mansionum
3517 2306 3694 2362 ratione
3717 2303 3778 2356 vix

2240 2397 2358 2452 fieri
2393 2399 2652 2468 potuisse,
2690 2411 2746 2455 ut
2797 2401 3128 2470 imperator,
3159 2403 3253 2474 qui
3285 2401 3319 2457 6
3359 2409 3412 2457 et
3452 2402 3483 2456 7
3532 2397 3780 2455 Decembris

2239 2491 2526 2548 Mediolani
2583 2495 2812 2565 agebat,
2869 2496 2936 2550 18
2967 2495 3216 2566 ejusdem
3267 2495 3467 2550 mensis
3503 2495 3583 2550 die
3606 2533 3622 2561 ,
3648 2489 3778 2562 publi-

2239 2584 2427 2640 candis
2477 2585 2531 2640 in
2582 2586 2866 2642 Sirmiensi
2923 2586 3057 2642 urbe
3107 2587 3323 2658 legibus
3352 2597 3578 2644 vacaret.
3603 2583 3726 2653 Quod
3749 2584 3779 2637 si

2223 2665 2323 2731 ‘lex
2355 2677 2418 2732 14
2450 2675 2517 2732 de
2551 2677 2805 2752 Episcop.
2841 2721 2855 2746 ,
2907 2696 3029 2750 qua)
3072 2679 3244 2737 Felici
3303 2683 3538 2737 Romano
3581 2681 3781 2750 episeopo

2235 2767 2551 2824 inscribitur
2575 2814 2590 2838 ,
2625 2787 2731 2826 non
2765 2771 3089 2840 Mediolani,
3129 2771 3230 2830 sed
3279 2772 3534 2829 Mediana:
3558 2772 3664 2827 data
3697 2780 3779 2833 est.

2237 2859 2486 2916 Liberius
2513 2871 2748 2919 exeunte
2784 2880 2928 2920 anno
2971 2865 3075 2921 357
3106 2865 3352 2922 nondum
3397 2864 3591 2920 Beroea
3622 2862 3782 2918 disces-

2236 2965 2400 3022 serat,
2435 2973 2498 3011 ac
2527 2958 2808 3027 pristinam
2841 2961 3207 3015 constantiam
3252 2959 3548 3024 dimiserat,
3575 2956 3784 3028 siquidem

2236 3064 2358 3102 eam
2391 3049 2700 3119 pontiﬁcem
2727 3092 2743 3118 ,
2773 3053 2955 3106 statim
2986 3067 3052 3107 ac
3086 3051 3290 3108 cedere
3321 3055 3466 3108 visus
3495 3062 3571 3106 est
3593 3092 3607 3116 ,
3631 3048 3686 3102 ad
3713 3047 3786 3102 im-

528 3140 854 3209 eﬂecerant,
887 3151 946 3198 ut
984 3143 1288 3200 Orientales
1319 3149 1536 3200 nutrita:
1568 3162 1596 3200 a
1638 3161 1699 3202 se
1730 3145 2004 3202 brereseos
2030 3146 2129 3201 ali-
2159 3146 2206 3211 C
2240 3152 2539 3210 peratorem
2565 3142 2798 3209 venisse,
2833 3144 2901 3198 ab
2925 3160 3098 3216 eoque
3115 3147 3228 3199 sedi
3250 3162 3361 3201 sua:
3381 3144 3649 3200 restitutum
3670 3143 3789 3212 fuisse

526 3235 743 3304 quando
789 3236 1016 3306 puderet
1056 3256 1069 3292 :
1121 3253 1242 3308 quae
1293 3238 1535 3308 profecto
1580 3248 1836 3294 constans
1885 3237 2026 3294 fama
2075 3248 2135 3293 ut

529 3327 685 3384 facile
715 3344 811 3399 per
831 3327 1109 3386 Orientem
1135 3330 1228 3384 diu
1255 3339 1416 3386 antea
1439 3332 1639 3401 spargi,
1671 3342 1832 3400 atque
1855 3331 1921 3386 ad
1944 3347 2130 3386 earnm

526 3422 924 3492 provinciarum
971 3423 1259 3494 episcopos
1311 3423 1438 3479 ferri
1490 3424 1681 3492 potuit,
1715 3423 1792 3478 ita
1835 3423 2000 3478 etiam
2039 3423 2132 3480 diu

525 3526 682 3571 antea
729 3531 824 3572 eos
855 3516 1001 3585 ipsos
1029 3518 1093 3570 ad
1141 3517 1406 3586 pudorem
1439 3517 1661 3572 nutrita:
1692 3519 1964 3573 licereseos
2009 3533 2134 3588 per-

526 3610 762 3664 movisse
789 3609 1072 3676 debuerat,
1100 3623 1260 3678 quem
1291 3618 1470 3663 tamen
1501 3610 1676 3680 palam
1705 3608 1951 3663 fecerunt
1975 3609 2133 3664 dum-

527 3713 697 3769 taxat,
712 3717 834 3757 cnm
854 3709 1067 3772 captata
1090 3701 1422 3758 Eadoxianre
1439 3702 1792 3772 blaSphemia:
1819 3706 2129 3769 occasione,

523 3795 690 3850 editis
732 3796 1031 3866 Ancyranis
1061 3793 1474 3851 deﬁnitimribns
1495 3836 1512 3863 ,
1547 3794 1821 3852 haereseos
1853 3796 2127 3850 infamiam

525 3888 758 3943 alienam
803 3903 834 3942 a
879 3901 939 3943 se
981 3886 1163 3942 facere
1213 3888 1312 3942 visi
1361 3897 1507 3942 sunt.
1557 3889 1694 3943 Hinc
1741 3903 1874 3944 vero
1924 3888 2026 3954 fit,
2073 3896 2134 3942 nt

523 3982 684 4046 ratio,
703 3982 946 4051 obquam
969 3979 1322 4036 Constantius
1339 3979 1487 4035 illam
1506 3982 1690 4036 retulit
1712 3981 1779 4035 ad
1806 3997 2006 4035 annum
2025 3983 2130 4038 557

523 4073 763 4129 nondum
813 4087 1157 4145 provectum.
1185 4075 1322 4129 haud
1353 4075 1486 4129 satis
1511 4073 1688 4130 solida
1722 4075 1896 4132 videri
1925 4078 2119 4146 possit.

560 4168 697 4236 Qui
753 4183 886 4224 vero
941 4167 1086 4223 illam
1140 4183 1282 4223 anno
1328 4165 1433 4224 553
1485 4168 1848 4238 conscriptam
1903 4179 2128 4239 putant,

523 4263 626 4319 hoc
673 4262 1017 4332 petissimum
1069 4260 1422 4316 fundamento
1470 4263 1746 4328 nituntur,
1797 4262 1943 4332 quod
1986 4262 2128 4318 Con-

523 4357 789 4422 stantius,
820 4356 910 4426 qui
954 4355 1078 4410 huic
1117 4353 1526 4410 conscribendas
1567 4353 1766 4411 adluit.
1801 4369 2129 4425 quamquam

525 4465 668 4503 anno
711 4448 817 4503 557
865 4458 1100 4505 exeunte
1148 4449 1324 4514 Maio,
1371 4448 1544 4505 Roma
1591 4449 1870 4520 digressus
1918 4451 2024 4516 sit,
2075 4458 2133 4505 nt

2238 3251 2448 3289 scmtus.

2310 3329 2422 3386 Cur
2455 3332 2636 3402 itaque
2680 3334 3023 3404 eorum,qui
3067 3349 3184 3390 eam
3235 3334 3586 3391 Sirmiensem
3631 3331 3792 3388 formu-

2238 3421 2345 3478 lam
2372 3425 2545 3494 primo
2566 3434 2658 3480 aut
2679 3425 2852 3482 altero
2874 3441 3062 3483 mense
3077 3429 3208 3482 anni
3236 3429 3346 3484 558
3364 3429 3608 3499 scriptam
3623 3432 3787 3496 putant.

2236 3523 2562 3575 sententiam
2608 3537 2710 3593 ego
2760 3524 3030 3579 veriorem
3083 3526 3398 3582 existimem
3428 3568 3443 3592 ,
3475 3525 3592 3580 facit
3637 3519 3791 3590 dule

2239 3614 2428 3671 llilarii
2458 3617 2858 3684 testiinonium,
2893 3618 3124 3675 alterum
3172 3620 3227 3676 in
3264 3621 3410 3676 libro
3458 3620 3525 3676 de
3568 3613 3789 3688 Synodis.

2235 3710 2465 3765 alternrn
2506 3710 2558 3765 in
2592 3728 2756 3782 opere
2801 3723 2989 3770 eontra
3035 3713 3450 3774 Constantium.
3493 3714 3616 3770 Nam
3659 3709 3793 3781 priore

2237 3802 2378 3868 loco,
2411 3820 2532 3858 cum
2565 3804 2878 3862 Gallicanos
2906 3809 3195 3880 episcopos
3224 3811 3294 3866 de
3326 3811 3619 3882 Ancyranat
3637 3799 3789 3875 synodi

2237 3896 2648 3954 delinitionibus
2692 3901 2958 3957 certiores
3015 3902 3266 3971 faceret,
3323 3904 3439 3960 lucc
3487 3903 3560 3958 ait
3597 3918 3608 3953 :
3639 3897 3796 3952 Etluec

2235 3989 2438 4060 quidem
2466 4033 2478 4056 ,
2512 3993 2702 4064 fratres
2737 3995 3030 4048 charissimi
3056 4037 3070 4061 ,
3098 3997 3268 4052 omnis
3301 4012 3418 4064 quas
3463 3995 3594 4051 edita
3619 4001 3680 4046 est
3700 3985 3795 4057 βδεῖ

2237 4083 2472 4138 doctrina
2500 4087 2602 4158 per’
2618 4103 2813 4154 paucos
2834 4089 2994 4160 juxta
3031 4090 3392 4145 universitatis
3419 4091 3615 4144 modum
3649 4083 3795 4138 Orien-

2237 4175 2386 4240 tales,
2420 4191 2516 4231 sns
2543 4192 2626 4231 ms
2657 4193 2790 4233 IPSIS
2831 4194 3000 4235 onore
3024 4195 3214 4235 DIEBUS
3267 4183 3456 4251 quibus
3487 4196 3570 4235 vos
3595 4179 3795 4250 ingestam

2238 4268 2471 4324 ltrcresim
2501 4265 2804 4342 respiciatis,
2844 4274 3093 4340 emersit;
3134 4277 3288 4348 cujus
3320 4271 3633 4345 exponendis
3655 4287 3704 4323 ea
3724 4265 3798 4335 fuit

2235 4362 2389 4426 ratio,
2413 4361 2551 4433 quod
2571 4365 2725 4418 unius
2744 4367 3047 4420 substantiae
3072 4364 3341 4422 silentium
3363 4363 3705 4422 decernebatur
3719 4355 3794 4428 (gl-

2238 4453 2400 4510 Hisce
2431 4457 2611 4527 itaque
2634 4458 2816 4514 verbis
2848 4501 2864 4526 ,
2909 4476 3029 4530 quae
3064 4461 3312 4528 profecto
3360 4460 3652 4519 decretoria
3683 4459 3796 4515 sunh

525 4541 579 4597 in
633 4541 904 4612 Illyricum
969 4538 1290 4609 festinaret,
1341 4551 1522 4598 tamen
1578 4557 1678 4598 nec
1729 4543 1939 4598 Italiam
1995 4545 2208 4610 reli-D
2239 4549 2527 4604 manifesto
2558 4551 2898 4622 liquet,uno
2946 4571 3152 4626 prope,
3185 4556 3498 4627 eodemque
3525 4563 3740 4622 tempore
3777 4558 3800 4596 ει

525 4633 732 4703 quisse,
764 4647 865 4688 nec
893 4632 1149 4688 Sirmium
1191 4643 1318 4690 ante
1360 4642 1666 4702 postremos
1691 4635 1811 4705 ejus
1839 4637 1967 4691 anni
2008 4636 2129 4693 dies

525 4727 826 4781 accessisse
855 4725 1123 4787 videatur.
1155 4743 1276 4782 cum
1310 4727 1458 4797 leges
1499 4727 1796 4783 habeamus
1822 4731 1890 4784 ab
1921 4745 1987 4784 eo
2019 4729 2134 4785 Me-

527 4820 726 4874 diolani
774 4820 930 4875 datas
961 4822 1050 4876 die
1093 4821 1212 4876 Aet
1241 4819 1276 4876 6
1322 4819 1641 4877 Decembris
1691 4823 1896 4879 mensis
1925 4822 2021 4894 (c),
2077 4835 2132 4879 at

528 4912 648 4968 haec
673 4927 892 4984 quoque
915 4913 1054 4968 ratio
1085 4913 1226 4968 haud
1248 4913 1573 4970 difﬁcultate
1607 4925 1781 4970 vacat.
1811 4917 2130 4974 Ammianus

527 5006 672 5064 enim
719 5007 1060 5064 Marcellinus
1092 5049 1106 5074 ,
1142 5006 1288 5064 Urbe
1314 5023 1460 5078 aegre
1490 5008 1682 5066 relicta
1709 5052 1724 5076 ,
1773 5011 1825 5064 in
1859 5010 2128 5083 Illyricum

527 5102 802 5173 festinasse
845 5101 1228 5170 imperatorem
1277 5101 1505 5168 scribit,
1549 5109 1611 5157 ut
1667 5102 2018 5172 Quadorum,
2077 5114 2133 5162 et

529 5194 892 5252 Sarmatarum
935 5205 1114 5252 motus
1156 5205 1532 5266 compesceret
1563 5215 1575 5250 :
1612 5199 1898 5255 Ammiano
1923 5201 2134 5257 accedit

524 5287 770 5346 Julianus
797 5332 812 5356 ,
844 5289 937 5361 qui
983 5288 1448 5344 Chnodomarinm
1501 5293 1883 5361 Argentineusi
1940 5293 2131 5363 prtelio

525 5393 768 5455 captum,
798 5385 975 5439 statim
1020 5383 1341 5441 Constantio
1385 5384 1600 5441 misisse
1627 5383 1720 5453 ait,
1749 5389 2075 5443 commodum
2105 5405 2133 5445 e

623 5623 676 5700 θ)
714 5623 915 5700 Adito";
943 5627 1011 5683 ad
1042 5628 1208 5700 “"313;
1335 5623 1496 5700 εἵην
1531 5640 1653 5700 capi
1685 5627 1774 5700 Hs

623 5697 670 5771 c)
689 5698 1082 5772 _Cod.ATheod.
1111 5700 1147 5772 l.
1176 5699 1212 5755 5
1236 5699 1305 5756 de
1334 5697 1536 5768 Maleﬁ,
1562 5710 1616 5755 et
1644 5699 1679 5754 Ι.
1717 5699 1783 5757 14
1809 5697 1880 5756 de
1909 5698 2116 5772 Episc.,

625 5574 657 5610 a
719 5556 796 5611 De
820 5554 953 5627 Syn.
985 5571 1042 5610 η.
1069 5549 1125 5612 3.
1461 5577 1464 5580 ~

599 5554 678 5771 ἕὸξ
714 5627 915 5683 Adnot.
943 5627 1011 5683 ad
1042 5628 1208 5682 llilar.
1239 5625 1308 5684 de
1335 5623 1464 5700 Syn.

623 5715 648 5752 c
691 5698 1082 5771 Cod._Theod.
1111 5700 1147 5754 l.
1176 5699 1212 5755 5
1236 5699 1305 5756 de
1334 5699 1464 5756 Male

527 5781 582 5828 et
610 5769 661 5826 ’1.’
679 5770 713 5827 9
739 5770 807 5828 de
830 5769 987 5828 Curs.
1028 5771 1163 5842 pub.

2233 4641 2531 4697 Gallicanis
2561 4655 2615 4698 et
2655 4646 2956 4718 Ancyranis
2982 4649 3291 4720 episcOpis,
3325 4649 3614 4706 anathema
3638 4643 3798 4700 dictum

2237 4732 2415 4790 eidem
2445 4736 2632 4793 fuisse.
2678 4737 2736 4794 Si
2763 4754 2895 4795 vero
2925 4740 2975 4796 id
3007 4741 3075 4797 ab
3118 4741 3432 4815 Ancyranis
3480 4743 3666 4798 factum
3705 4732 3802 4788 luis-

2237 4843 2298 4882 se
2373 4830 2578 4886 scimns
2635 4832 2736 4887 sub
2800 4831 2995 4888 festum
3069 4835 3362 4893 Paschalis
3401 4881 3416 4906 ,
3467 4836 3608 4909 quod
3653 4825 3802 4889 incidit

2236 4935 2383 4976 anno
2444 4922 2540 4977 illo
2584 4924 2638 4979 in
2700 4923 3083 4984 duodecimam
3147 4930 3361 5002 Aprilis
3389 4975 3406 4998 ,
3448 4929 3635 4988 eodem
3672 4924 3803 4980 etiam

2236 5028 2425 5070 mense
2452 5014 2505 5070 id
2536 5031 2566 5070 a
2606 5015 2904 5074 Gallicanis
2943 5022 3247 5092 praestitum
3276 5023 3472 5080 'videri
3518 5023 3693 5086 debet;
3721 5026 3804 5084 quo

2234 5110 2540 5177 argumenti
2564 5125 2761 5180 genere
2776 5112 3098 5170 Sirmondus
3119 5116 3312 5181 utitur,
3337 5124 3403 5172 ut
3425 5116 3702 5190 synodum.
3723 5119 3804 5179 qua

2233 5199 2592 5260 Sirmiensem
2643 5221 2763 5261 eam
2821 5207 3217 5278 blasphemiam
3248 5211 3566 5268 damnatam
3614 5201 3806 5264 aGalliS

2235 5305 2388 5366 putat
2410 5337 2425 5363 ,
2467 5297 2656 5354 eodem
2689 5315 2854 5371 prope
2885 5309 3129 5374 tempore
3155 5305 3451 5361 collectam
3497 5303 3681 5360 merito
3705 5311 3806 5352 cen-

2232 5400 2369 5445 seat.
2401 5391 2670 5459 Quantum
2702 5407 2835 5448 vero
2868 5396 3130 5466 temporis
3171 5400 3419 5467 spatium
3466 5389 3808 5454 intercurrisse

2305 5558 2382 5636 (ἀ)
2414 5557 2902 5636 ρττμηδᾶ-Αιῐιεη.
2924 5578 2983 5636 p.
3005 5562 3311 5636 279,7edit.
3345 5566 3554 5636 Spanh.

2303 5629 2374 5710 ἐς)
2564 5629 2978 5710 defruti-inn.
3009 5643 3065 5692 et
3088 5629 3218 5693 1.27
3249 5635 3324 5693 de
3353 5629 3551 5710 appet.

2302 5701 2373 5772 (Ιὶ
2416 5700 2589 5772 Epist.
2619 5703 2715 5768 27,
2744 5700 2797 5772 βξ
2830 5704 2954 5759 114.

2309 5771 2386 5844 (g)
2427 5771 2503 5829 De
2528 5773 2662 5845 Syn.
2683 5815 2698 5842 ,
2722 5771 2779 5831 n.
2805 5774 2896 5832 28.
