3950 6330
171 208 261 265 9.93
1546 190 2087 273 PROLEGOMENA.

3350 214 3457 283 991

166 325 335 398 potuit,
361 332 423 379 ut
443 314 626 393 impia
653 324 770 382 haec
797 325 1026 381 formula
1054 340 1084 381 a
1112 325 1254 391 loco,
1289 326 1377 382 ubi
1403 328 1603 399 scripta
1635 338 1738 396 est,
1771 342 1820 404 Α
1850 349 1991 389 anno
2158 346 2509 409 congregata.
2555 337 2687 396 Nam
2723 348 2856 396 metu
2909 341 3068 412 plebis
3097 342 3315 415 propria
3343 346 3460 413 pia-

165 421 207 475 in
235 417 430 475 Gallias
459 418 664 476 deferri
697 420 924 490 posset?
951 419 1083 475 Nam
1104 418 1288 474 statim
1320 437 1383 475 ac
1404 436 1466 476 ea
1496 435 1741 493 accepta,

162 522 206 569 ct
225 513 521 583 significata
553 524 659 581 est,
693 514 929 571 Hilarius
960 514 1271 571 damnatam
1303 515 1470 571 fuisse
1503 516 1703 572 indicat
1731 536 1743 573 :

164 606 226 679 (ιθ)
253 612 328 662 An
360 623 496 663 vero
524 610 729 666 mensis
760 610 920 665 unius
956 611 1188 683 spatium
1221 611 1442 665 minime
1472 610 1748 667 sufficiens

163 704 301 757 fuerit
329 745 343 769 ,
377 704 614 760 Ursacio
645 706 984 775 potissimum
1011 714 1065 760 et
1094 705 1322 760 Valente
1351 705 1745 774 adnitentibus,

162 807 207 850 ut
241 811 296 852 ea
331 813 498 867 quam
530 799 796 853 citissime
840 799 1303 854 transmitteretur
1327 799 1350 852 ?
1378 797 1565 869 Itaque
1595 811 1748 854 citra

158 892 370 961 primum
402 901 497 947 aut
524 893 754 949 alterum
777 892 904 949 anni
932 893 1177 964 ejusdem
1212 907 1456 949 mensem
1488 893 1749 949 collocari

160 986 229 1038 vix
266 985 496 1056 poterit.

216 1081 461 1135 Alterum
506 1079 699 1137 Hilarii
750 1082 1161 1148 testimonium,
1192 1080 1309 1136 hmc
1348 1081 1464 1151 ejus
1511 1080 1577 1136 ad
1606 1079 1750 1137 Con-

155 1178 399 1228 stantium
433 1174 594 1229 verba
635 1174 987 1246 suppeditant
1019 1194 1032 1229 :
1072 1173 1278 1229 Incerto
1323 1174 1457 1228 enim
1489 1173 1751 1228 doctrina-

154 1280 247 1319 rum
271 1274 428 1320 vento
450 1283 793 1337 vagamur....
823 1266 945 1322 lam
995 1284 1114 1323 vero
1161 1266 1384 1337 proximi
1414 1267 1536 1320 anni
1578 1267 1707 1335 ﬁdes
1734 1307 1750 1332 ,

157 1361 259 1431 quid
296 1365 425 1434 jam
470 1361 535 1414 de
558 1363 917 1418 imntulatione
956 1380 1060 1417 non
1086 1362 1283 1416 habet?
1315 1359 1549 1414 Primum
1573 1402 1588 1427 ,
1641 1376 1755 1431 qua:

155 1454 481 1509 bomaeusium
508 1456 738 1511 decernit
763 1462 942 1512 taceri.
987 1457 1217 1529 Sequens
1250 1473 1431 1511 rursus
1460 1499 1473 1523 ,
1502 1472 1618 1527 qua:
1659 1456 1756 1511 ho-

159 1549 419 1603 mteusium
449 1548 678 1603 decernit
700 1558 747 1604 et
771 1551 1040 1621 prwdicat.
1106 1548 1369 1617 Tertium,
1414 1565 1529 1619 qua:
1577 1546 1756 1604 Usiam

153 1640 444 1715 simpliciter
472 1661 503 1698 a
553 1642 798 1701 Palribus
843 1654 1215 1716 prtesumptam
1248 1661 1336 1716 per
1374 1642 1753 1716 indulgentiam

1853 428 1969 481 cula
1993 444 2093 481 non
2123 430 2236 483 ausi
2264 435 2496 502 proferre
2516 475 2529 496 ,
2563 434 2833 505 epistolam
2879 435 2973 489 sub
3004 437 3331 509 imperatoris
3364 453 3461 491 no-

1852 522 1987 576 mine
2018 524 2263 579 miserunt
2286 568 2300 589 ,
2329 528 2466 579 omni
2498 529 2748 596 pravitate
2774 530 3015 600 refertam
3039 573 3055 599 ,
3089 548 3155 586 eo
3189 531 3418 587 consilio
3444 574 3460 601 ,

1851 622 1907 667 ut
1927 614 1971 668 si
1999 632 2055 668 ea
2082 617 2239 685 aequis
2268 618 2481 672 auribus
2502 621 2727 691 populus
2764 623 3043 693 reciperet,
3078 640 3299 680 PUBLICA
3330 639 3464 681 suc-

1851 720 2125 762 'I'OBI'I'ATE
2153 708 2328 780 cupita
2353 713 2601 781 referrent
2642 728 2660 767 .·
2690 714 2771 768 sin
2817 715 2966 770 aliter
3006 718 3184 787 fuisset
3227 728 3461 789 excepta,

1854 800 2019 853 omnis
2046 800 2239 855 invidia
2266 813 2396 857 esset
2435 805 2487 857 in
2517 820 2651 876 rege,
2684 816 2729 859 et
2759 808 2873 878 ipsa
2895 809 3049 862 etiam
3080 810 3316 876 venialis,
3344 810 3463 880 quia

1853 894 2005 947 etiam
2053 902 2159 947 tum
2209 896 2602 952 catechumenus
2654 909 3029 954 sacramentum
3099 901 3220 968 ﬁdei
3283 904 3464 958 merito

1854 986 2111 1041 videretur
2139 989 2367 1058 potuisse
2393 991 2592 1044 nescire
2635 989 2738 1063 (ά).
2781 992 2857 1048 Ex
2891 992 2995 1049 hoc
3043 1004 3221 1049 autem
3273 993 3465 1052 Severi

1855 1078 1974 1135 loco
2019 1080 2275 1151 intelligis
2303 1083 2493 1150 etiam,
2525 1082 2651 1155 quid
2681 1083 2886 1140 Hilario
2913 1087 3007 1151 sit,
3039 1088 3259 1157 publica:
3283 1100 3465 1142 aucto-

1855 1176 2025 1230 ritatis
2052 1178 2326 1248 professio.

1927 1268 2034 1324 Sed
2061 1278 2115 1324 et
2144 1269 2246 1323 alia
2280 1279 2364 1325 est
2389 1285 2552 1327 causa
2574 1314 2589 1341 ,
2620 1289 2717 1328 cur
2740 1288 2803 1329 ea
2835 1272 3060 1330 formula
3085 1290 3191 1331 non
3225 1275 3419 1349 synodi
3444 1316 3458 1341 ,

1856 1370 1951 1416 aut
1971 1362 2372 1433 episcoporum,
2400 1364 2493 1420 scd
2520 1379 2625 1420 uno
2651 1376 2855 1421 tantum
2881 1367 3224 1438 imperatoris
3244 1370 3465 1425 nomine

1858 1456 2025 1511 missa
2070 1456 2240 1512 videri
2287 1467 2554 1528 oporteat.
2608 1458 2665 1515 Si
2711 1460 2854 1515 enim
2905 1460 3128 1515 llosium
3186 1463 3464 1531 excipias,

1858 1551 2044 1607 Cmteri
2069 1564 2300 1621 quatuor
2328 1595 2344 1621 ,
2394 1569 2529 1623 quos
2560 1553 2798 1611 Hilarius
2848 1556 2992 1610 illius
3020 1567 3271 1612 auctores
3300 1557 3466 1613 fuisse

1860 1647 2077 1710 asserit,
2129 1656 2281 1703 extra
2316 1642 2579 1704 Ecclesia!
2598 1650 3037 1705 communionem
3067 1650 3281 1706 fuerant
3315 1670 3327 1705 :
3361 1651 3465 1708 hoc

153 1748 372 1791 excusat.
394 1736 744 1803 Postremum,
768 1754 883 1808 qua:
911 1754 1013 1792 non
1036 1748 1271 1803 excusat,
1302 1736 1392 1790 sed
1415 1736 1623 1790 damnat
1651 1735 1747 1808 (b).
1783 1758 1831 1818 Β
1859 1737 2050 1792 saltem
2098 1739 2165 1793 de
2192 1739 2417 1796 Ursacio
2460 1751 2515 1797 et
2552 1741 2783 1798 Valente
2826 1741 2964 1799 Galli
3020 1744 3259 1815 episcopi
3313 1752 3466 1800 certo

156 1832 431 1888 Scribebat
460 1832 553 1888 ille
580 1832 1054 1903 ConstantinOpoli
1081 1835 1309 1905 positus,
1341 1848 1483 1888 atino
1509 1832 1616 1888 559
1640 1832 1749 1902 jam

155 1942 312 1997 prope
342 1935 581 1981 exeunte
606 1969 621 1993 ,
650 1936 742 1981 aut
781 1928 955 1982 altero
1000 1926 1110 1996 jam
1160 1928 1398 1980 ineunte.
1444 1923 1581 1978 Huic
1622 1938 1753 1978 vero

155 2022 414 2091 proximus
467 2036 604 2076 unus
661 2029 775 2087 est,
809 2020 899 2091 qui
957 2028 1315 2089 prtecesscrat
1344 2060 1359 2085 ,
1410 2033 1585 2070 annus
1616 2034 1630 2070 :
1666 2016 1755 2071 hic

156 2112 303 2185 igitur
334 2114 625 2169 Sirmiensi
657 2112 1043 2181 blasphemiaz,
1068 2127 1131 2166 ac
1161 2127 1280 2182 quae
1306 2110 1431 2164 huic
1461 2106 1753 2163 contrariae

155 2220 217 2264 est
239 2251 256 2275 ,
284 2207 599 2281 Aneyrance
643 2207 849 2263 ecthcsi
890 2216 1067 2260 ortum
1098 2204 1361 2270 dederat;
1396 2218 1528 2274 quas
1555 2199 1753 2256 deinde

156 2303 403 2359 formulas
422 2301 562 2356 haud
582 2301 753 2356 multo
776 2298 1230 2370 postSirmiensis
1250 2298 1429 2364 tertia,
1449 2312 1566 2367 qure
1590 2295 1753 2349 asiam

153 2406 388 2464 excusat,
424 2412 493 2452 ac
522 2395 722 2452 deinde
765 2395 1129 2453 Seleuciensis
1167 2394 1559 2449 Acaciannrum
1583 2432 1598 2459 ,
1633 2406 1754 2460 quae

155 2494 338 2551 deinde
361 2509 500 2549 nova
530 2492 827 2563 appendice
853 2489 1332 2559 Constantinopoli
1363 2489 1431 2543 ab
1463 2489 1528 2542 iis
1553 2487 1750 2542 donata

153 2595 243 2650 est,
273 2600 336 2640 ac
366 2587 536 2640 asiam
562 2594 750 2653 aperte
776 2584 1016 2651 damnat,
1051 2582 1356 2639 subsecutae
1387 2589 1536 2636 sunt.

212 2678 519 2733 Monstrum
575 2679 757 2748 itaque
799 2677 901 2731 hoc
927 2718 940 2742 ,
972 2676 1101 2747 quin
1132 2675 1314 2729 statim
1364 2689 1426 2728 ac
1473 2673 1523 2727 in
1578 2671 1749 2727 lucem

154 2772 363 2842 prodiit,
396 2771 451 2826 in
481 2771 686 2828 Gallias
716 2770 941 2826 missttm
973 2770 1171 2834 fuerit,
1202 2768 1449 2823 dubitare
1482 2783 1580 2822 nos
1612 2765 1752 2820 haud

154 2866 329 2921 sinunt
356 2865 595 2921 Hilarius
621 2875 675 2922 et
706 2864 1056 2921 Phtebadius.
1090 2864 1159 2919 At
1190 2879 1313 2918 cum
1345 2862 1613 2928 Hilarius,
1645 2877 1751 2916 non

155 2973 179 3011 a
203 2958 411 3030 synodo
435 3000 449 3024 ,
486 2974 605 3027 quae
637 2957 784 3012 nulla
818 2958 991 3012 fuerat
1017 2998 1031 3022 ,
1078 2972 1185 3011 non
1218 2954 1286 3009 ab
1315 2955 1620 3026 episcopis,
1656 2952 1751 3009 sed

156 3060 348 3106 tantum
380 3069 442 3105 ex
474 3050 684 3120 Oppido
726 3051 1005 3106 Sirmiensi
1044 3050 1255 3103 missum
1306 3048 1489 3114 dicat,
1525 3063 1629 3101 non
1660 3047 1755 3100 oh-

1857 1840 2164 1887 statnerant
2217 1831 2310 1906 (e).
2361 1833 2723 1900 Quamobrem
2780 1837 2925 1891 omni
2972 1853 3096 1892 cum
3136 1839 3461 1895 orthodoxis

1856 1923 2126 1995 episcopis
2152 1925 2442 1981 interdicto
2473 1943 2567 1997 per
2595 1942 2831 1983 canones
2860 1929 3161 1984 litterarum
3186 1945 3461 1987 commer-

1856 2017 1964 2084 cio,
1998 2033 2107 2072 non
2165 2028 2283 2074 erat
2324 2035 2421 2074 cur
2461 2020 2566 2075 illis
2603 2034 2866 2076 consueto
2914 2038 3067 2078 more
3107 2038 3171 2079 ac
3200 2023 3268 2079 de
3299 2024 3464 2081 rebus

1856 2110 1922 2162 ad
1946 2109 2108 2165 fidem
2142 2113 2540 2182 pertinentibus
2567 2114 2753 2170 Ariani
2780 2115 2854 2170 illi
2880 2116 3177 2172 scriberent
3202 2134 3216 2183 ;
3250 2133 3464 2189 unaque

1858 2201 1973 2257 haec
2000 2213 2284 2275 supererat
2313 2207 2419 2273 via,
2442 2214 2543 2278 qua
2571 2208 2733 2263 etiam
2761 2209 2841 2262 usi
2866 2218 3033 2272 sunt,
3069 2221 3125 2264 ut
3172 2210 3460 2267 formulam

1856 2311 1883 2347 a
1914 2296 2236 2352 Constantio
2293 2299 2431 2353 mitti
2481 2315 2546 2355 ac
2590 2316 2685 2369 per
2727 2302 3074 2371 magistratus
3128 2304 3461 2375 promulgari

1857 2402 2154 2458 curarent,
2192 2394 2334 2465 quod
2376 2394 2665 2466 aliquando
2707 2411 2736 2449 a
2787 2395 3106 2452 Cotistantio
3133 2396 3330 2453 faetum
3384 2400 3464 2454 lc-

1856 2486 2050 2557 gimus.
2109 2485 2387 2557 Siquidem
2418 2502 2538 2542 cum
2571 2487 2639 2542 de
2668 2487 2965 2543 Athanasio
2994 2489 3260 2560 agebatur
3285 2532 3299 2555 ,
3347 2507 3462 2544 ma—

1855 2578 2155 2649 gistratibus
2204 2579 2520 2647 scripserat,
2574 2588 2629 2633 et
2694 2579 2949 2634 tnnlctatn
3008 2578 3458 2651 denuntiaverat,

1859 2674 1959 2728 nisi
1989 2676 2109 2743 quis
2142 2674 2374 2744 propria:
2402 2674 2639 2729 civitatis
2664 2674 2977 2744 episcopum
3008 2673 3269 2731 adversus
3308 2675 3459 2733 illum

1856 2764 2169 2820 subscribere
2196 2766 2444 2838 coegisset
2472 2764 2559 2838 (f).
2591 2768 2720 2836 Qua:
2754 2782 2875 2821 cum
2901 2766 2974 2821 ita
3008 2768 3139 2833 sint,
3186 2768 3460 2838 paradoxa

1858 2860 1987 2914 mihi
2017 2860 2229 2915 videtur
2250 2876 2439 2916 eorum
2467 2862 2734 2915 sententia
2763 2902 2776 2927 ,
2812 2862 2899 2929 qui
2923 2860 3278 2917 Sirtniensem
3309 2863 3457 2917 illam

1858 2952 2251 3022 blasphemiam
2280 2954 2596 3026 synodicam
2629 2953 2904 3024 appellant
2928 2997 2941 3018 ,
2970 2963 3133 3025 atque
3160 2955 3213 3009 in
3242 2954 3456 3025 synodo

1857 3046 2130 3102 conditam
2164 3045 2351 3113 aiunt,
2372 3062 2494 3101 eum
2527 3056 2788 3116 praeterea
2821 3062 2920 3102 nec
2947 3051 3326 3117 episcoporum
3362 3064 3463 3103 nu-

155 3160 309 3199 scure
361 3146 502 3199 viam
552 3144 789 3215 indicat,
822 3159 925 3214 qua
981 3143 1204 3197 missum
1249 3141 1443 3196 fuerat.
1495 3140 1823 3217 UrsaciusC
1860 3154 2040 3194 merus
2097 3140 2176 3194 rei
2224 3148 2389 3194 tanta:
2438 3137 2760 3194 definienda:
2802 3139 3145 3195 necessarius
3183 3139 3457 3208 adfuerit,

157 3238 312 3307 igitur
337 3247 387 3293 ct
421 3238 620 3293 Valens
648 3280 661 3303 ,
696 3252 879 3293 rerum
919 3235 1124 3291 domini
1170 3251 1292 3291 cum
1326 3244 1530 3302 esseut,
1559 3234 1754 3305 Magis-

160 3329 311 3383 triani
349 3344 441 3383 seu
492 3329 694 3399 publici
726 3328 969 3384 cursoris
1000 3342 1164 3399 opera
1189 3327 1269 3381 usi
1298 3334 1456 3392 sunt,
1481 3341 1546 3381 eo
1574 3326 1753 3380 consi-

158 3423 243 3488 lio,
284 3434 342 3478 ut
367 3424 655 3479 celerrime
688 3421 815 3477 ferri
847 3430 1070 3492 posset,
1100 3437 1163 3476 ac
1195 3430 1454 3491 prmterea
1488 3429 1547 3474 ut
1576 3418 1751 3489 impe-

158 3520 343 3573 ratoris
364 3533 561 3574 nomen
590 3529 641 3573 et
665 3518 965 3589 jussionetn
990 3531 1100 3586 prie
1122 3530 1182 3571 se
1204 3515 1387 3581 ferret,
1412 3530 1519 3586 quo
1543 3513 1754 3569 facilius

162 3615 521 3683 reciperetur:
546 3612 929 3684 Magistrianos
960 3611 1103 3666 enim
1137 3612 1202 3665 ad
1228 3622 1419 3681 magna
1450 3608 1752 3679 principum

162 3707 470 3777 perferenda
520 3706 772 3760 mandata
820 3705 1024 3761 electos
1051 3702 1418 3760 Gothofredus
1459 3702 1751 3767 observat,

164 3800 397 3869 alqueiis
426 3802 501 3854 uti
532 3797 586 3854 in
624 3799 786 3854 rebus
838 3796 1094 3852 Ecclesia:
1141 3795 1521 3866 perturbandis
1550 3836 1565 3862 ,
1607 3793 1753 3850 Con-

165 3896 349 3950 stantio
379 3894 520 3949 haud
561 3895 834 3949 insuetum
882 3891 1084 3955 fuisse,
1127 3906 1194 3946 ex
1222 3889 1568 3945 Thcodoreto
1599 3888 1754 3944 colli-

166 3987 324 4056 gimus
345 3986 445 4061 (c).
476 3987 589 4041 lloc
613 4001 741 4041 vero
763 3992 868 4049 est,
887 3983 1029 4054 quod
1055 3984 1196 4038 idem
1225 3981 1459 4037 Hilarius
1481 3981 1589 4036 alio
1612 3983 1753 4049 loco,

169 4089 313 4150 atque
342 4079 427 4135 his
452 4079 635 4134 verbis
664 4078 905 4148 apertius
935 4076 1169 4144 explicat
1202 4093 1215 4129 :
1246 4075 1408 4128 Antea
1434 4075 1487 4128 in
1536 4074 1756 4129 obscuro

169 4183 303 4245 atque
322 4175 373 4229 in
396 4173 603 4244 angulis
632 4172 887 4227 Dominus
911 4170 1178 4235 Christus,
1213 4168 1310 4224 Dei
1339 4186 1453 4224 esse
1477 4168 1756 4223 secundum

170 4276 390 4322 naturam
421 4264 566 4337 ﬁlius
589 4265 902 4339 negabatur,
928 4274 975 4319 et
1005 4264 1236 4319 essentia:
1291 4263 1444 4330 inops
1495 4272 1752 4333 paternw,

172 4362 404 4431 accepisse
433 4375 552 4413 cum
600 4359 719 4412 aliis
746 4355 1007 4411 Creaturis
1046 4355 1111 4409 de
1142 4371 1244 4409 non
1272 4353 1588 4409 exstantibus
1616 4369 1754 4424 pra:-

173 4452 433 4508 dicabatur.
488 4453 554 4507 At
589 4468 707 4507 vero
737 4467 872 4506 nunc
916 4464 1155 4506 νυιςιιειε
1197 4461 1593 4503 Αυοτοιιιτλτιε
1623 4460 1754 4500 PRO-

1860 3252 1957 3291 nec
1980 3235 2250 3308 synodicae
2281 3235 2349 3291 de
2381 3250 2532 3289 more
2562 3244 2655 3289 aut
2696 3234 2911 3304 scriptae
2938 3276 2951 3299 ,
2979 3243 3072 3288 aut
3119 3234 3298 3288 missae
3340 3232 3461 3289 fue-

1858 3329 1998 3395 rint,
2031 3343 2130 3383 nec
2181 3329 2215 3383 ii
2245 3327 2570 3391 convocati,
2605 3327 2801 3398 quibus
2832 3325 3124 3382 accedendi
3158 3326 3249 3397 jus
3292 3336 3411 3382 erat
3445 3344 3460 3383 :

1858 3436 2187 3491 quamquam
2216 3422 2259 3474 si
2294 3421 2574 3475 fortuitum
2606 3420 2779 3487 illum,
2808 3435 2871 3475 ac
2900 3426 3151 3489 quatuor,
3176 3430 3269 3473 aut
3301 3418 3463 3489 quin-

1858 3530 1962 3584 que
2001 3511 2381 3583 epi~cnporum
2428 3512 2828 3568 clandestinum
2875 3526 3225 3581 congressum
3271 3511 3465 3583 synodi

1859 3606 2099 3672 nomine,
2135 3605 2446 3676 editumque
2473 3605 2541 3659 ab
2571 3621 2636 3659 eo
2690 3605 2976 3659 formulam
3017 3605 3333 3677 synodicam
3361 3619 3464 3675 ap-

1860 3701 2059 3772 pellare
2111 3700 2352 3755 volueris
2386 3743 2400 3766 ,
2438 3701 2659 3756 minime
2706 3714 3105 3771 repugnarem,
3168 3715 3234 3755 en
3284 3709 3466 3755 tamen

1858 3811 2054 3864 sensu,
2088 3813 2198 3868 quo
2254 3796 2582 3852 Sardicense
2633 3797 2921 3851 cnncilinm
2974 3796 3193 3867 scripsit
3249 3796 3470 3852 Arianos

1856 3890 2112 3944 venientes
2150 3888 2427 3944 Serdicam
2458 3904 2554 3959 per
2587 3889 2802 3960 singula
2858 3888 2975 3944 loca
3020 3888 3246 3961 synodos
3274 3888 3469 3944 fecisse

1860 3984 2005 4039 inter
2044 3999 2137 4050 se,
2178 3992 2233 4039 et
2284 3985 2561 4054 pactiones
2604 3999 2726 4039 cum
2784 3982 3316 4039 interminationibus
3348 4025 3362 4049 ,
3412 3990 3469 4037 ut

1858 4077 2083 4134 omnino
2129 4079 2414 4133 venientes
2456 4077 2734 4132 Sardieam
2766 4076 2831 4131 ad
2865 4076 3129 4147 judicium
3177 4091 3285 4129 non
3311 4088 3469 4130 acce-

1859 4172 2087 4237 derent,
2136 4185 2309 4242 neque
2332 4170 2388 4225 in
2443 4185 2609 4226 unum
2658 4183 2779 4224 cum
2838 4179 3026 4224 sancta
3068 4167 3279 4238 synodo
3328 4182 3465 4223 con-

1859 4267 2148 4333 venirent,
2229 4280 2293 4321 ea
2371 4279 2507 4319 voce
2572 4262 2911 4334 peculiares,
2987 4260 3467 4331 clandestinosque

1860 4375 2047 4416 eorum
2071 4367 2369 4414 conventus
2398 4356 2711 4425 estprimens

1930 4453 2036 4512 Sed
2070 4464 2123 4508 ut
2154 4454 2219 4509 ad
2251 4453 2553 4509 institutum
2586 4452 2806 4508 redeam
2828 4493 2843 4519 ,
2886 4466 3212 4525 quamquam
3247 4451 3363 4508 haec
3392 4452 3462 4509 ab

176 4560 402 4613 “5510M
452 4546 665 4601 Ιιαπεδὶε
717 4560 1089 4616 prorumpens.
1140 4542 1195 4595 id
1227 4541 1365 4613 quod
1406 4551 1556 4595 αηιεα
1578 4540 1756 4611 furtim
1784 4563 1839 4625 Ῑ)
1864 4562 1930 4604 co
1960 4548 2181 4604 minime
2220 4562 2443 4620 prorsus
2474 4553 2732 4602 extranea
2763 4546 2894 4613 sint,
2928 4548 3107 4601 statim
3141 4561 3205 4603 ac
3235 4547 3467 4604 formula

178 4642 494 4705 mussitabat,
528 4656 666 4693 nunc
710 4655 813 4693 non
861 4636 997 4692 clam
1039 4636 1225 4691 victrix
1252 4636 1574 4707 gloriabatur
1603 4650 1621 4688 :
1649 4644 1761 4688 tum

180 4729 350 4790 deinde
378 4732 663 4790 Ursacium
696 4741 751 4789 et
782 4731 1063 4787 Valentem
1092 4730 1261 4787 veluti
1286 4729 1579 4802 impietatis
1602 4730 1763 4797 hujus

185 4836 411 4884 aut-tores
432 4841 691 4896 arguens,
720 4827 1044 4898 fefellerunt,
1075 4826 1192 4894 ait,
1222 4827 1545 4897 ignorantem
1566 4839 1759 4895 regem,

184 4929 227 4969 ut
240 4920 374 4974 istius
388 4922 523 4976 modi
536 4921 771 4993 perﬁdia:
787 4919 940 4988 ﬁdem
961 4919 1110 4974 bellis
1120 4928 1395 4989 occupatus
1410 4929 1685 4988 exponeret
1706 4925 1757 4971 et

183 5013 395 5067 credendi
409 5019 631 5087 formam
649 5011 898 5069 Ecclesiis
932 5012 1159 5067 nondum
1182 5022 1511 5085 regeneratus
1537 5026 1761 5084 expone-

186 5113 267 5172 ret;
290 5104 405 5163 hinc
423 5110 567 5165 enim
600 5108 809 5180 colligis
836 5122 943 5163 uno
965 5105 1143 5162 omnia
1165 5104 1511 5178 imperatoris
1540 5105 1763 5161 nomine

192 5202 295 5255 tunc
322 5216 531 5271 peracta
554 5203 746 5259 fuisse.
780 5201 892 5258 Hac
918 5202 1111 5258 eadem
1140 5201 1217 5256 illi
1242 5200 1451 5265 fraude,
1478 5216 1600 5270 qua:
1616 5199 1757 5255 male

191 5293 379 5361 midit,
402 5297 480 5351 usi
498 5298 713 5352 fuerant
741 5295 1043 5351 latrocinali
1064 5294 1119 5350 in
1139 5292 1533 5350 Mediolanensi
1547 5292 1760 5366 synodo

254 5462 320 5540 (ᾳ)
358 5465 429 5540 De
458 5467 622 5540 εγω,
650 5481 706 5521 n.
730 5466 795 5540 β.

275 5535 323 5596 bl
360 5537 471 5594 Lib.
501 5535 539 5596 it
560 5539 685 5595 adv.
713 5538 905 5595 Const.
936 5552 993 5592 n.
1025 5535 1081 5595 5.

281 5609 323 5676 ε)
357 5609 417 5666 H.
441 5611 501 5667 E.
535 5614 572 5669 Ι.
599 5626 659 5676 ιι,
687 5625 810 5676 cap.
842 5609 898 5665 5.

279 5627 330 5751 ες
358 5627 954 5751 ’ἑέὲῖξι-Ἦέέιῗῗῗίύῗὶι,
985 5696 1053 5751 n.
1074 5677 1203 5736 ten.

280 5748 323 5821 ι)
357 5752 453 5811 Hii.
483 5754 549 5812 de
578 5748 739 5826 Syn.,
774 5770 828 5810 nr.
858 5752 913 5818 2,
945 5762 995 5810 et
1028 5750 1215 5808 Contr.
1243 5751 1431 5810 Const.
1457 5769 1513 5810 n.
1540 5753 1597 5809 2.

252 5534 275 5816 l

1867 4643 1981 4698 hate
2011 4642 2181 4699 Gallis
2229 4642 2501 4713 episcopis
2569 4639 2812 4696 nuntiata
2870 4656 2933 4695 ac
2984 4639 3286 4713 significata
3341 4650 3466 4709 est,

1866 4738 2041 4809 palam
2076 4735 2298 4806 rejeeta,
2331 4740 2508 4806 palam
2536 4735 2792 4790 damnata
2822 4733 2925 4789 fuit
2950 4752 2962 4789 :
2986 4750 3053 4788 an
3084 4750 3213 4789 vero
3242 4734 3469 4790 collecta

1864 4834 2107 4906 synodo,
2144 4841 2200 4887 ut
2226 4832 2548 4888 Sirmondus
2579 4840 2790 4896 censet,
2823 4845 2891 4885 an
2925 4844 3054 4884 vero
3080 4827 3471 4885 circumeunti-

1865 4926 1964 4982 bus
1993 4927 2373 4996 episcoporum
2408 4925 2624 4987 litteris,
2653 4934 2713 4978 ut
2746 4922 2862 4979 fieri
2894 4923 3059 4977 etiam
3101 4924 3297 4992 potuit,
3320 4919 3471 4975 nihil

1863 5020 2090 5075 interest
2133 5033 2401 5089 qumrere.
2450 5016 2602 5071 Nunc
2649 5031 2818 5084 vero,
2868 5030 2977 5087 quo
3021 5014 3230 5070 recidat
3270 5012 3467 5076 oratio,

1864 5110 1989 5165 vide
2014 5128 2027 5163 :
2072 5109 2119 5167 si
2150 5125 2268 5165 eam
2296 5124 2439 5163 anno
2466 5108 2569 5165 557
2597 5110 2855 5179 scriptam
2883 5108 3110 5173 asset-is,
3134 5106 3179 5161 si
3203 5104 3473 5161 Constan-

1862 5204 1921 5259 tii
1952 5204 2278 5259 auctoritate
2312 5202 2704 5275 promulgatam
2752 5217 2817 5255 ac
2847 5200 3128 5256 sul'fultam
3158 5199 3339 5264 vides,
3370 5213 3473 5254 cur

1864 5295 1998 5351 nihil
2044 5307 2224 5351 actum
2253 5295 2321 5351 ab
2350 5295 2445 5352 illo
2474 5293 2685 5351 interea
2732 5291 2831 5349 fuit
2872 5303 3059 5349 contra
3100 5300 3473 5364 repugnantes

1940 5465 2013 5539 (fl
2054 5464 2254 5539 Attian.
2287 5465 2356 5520 ad
2386 5462 2535 5539 solit.
2570 5480 2625 5536 p.
2657 5463 2790 5539 s29.

1942 5535 2019 5613 (g)
2062 5538 2137 5613 Es
2190 5535 2639 5613 interpretatione
2667 5537 2856 5613 Hilarii
2904 5536 3094 5613 fragm.
3132 5553 3186 5589 n.
3214 5535 3246 5590 7
3286 5551 3467 5613 graece

1868 5606 2010 5682 aptid
2040 5609 2394 5687 Athanasium
2423 5629 2437 5666 :
2474 5615 2570 5687 xui
2596 5609 2907 5687 ‘pro'pevoi
2928 5606 3080 5687 Siti;
3108 5613 3200 5670 τήν
3227 5606 3469 5687 Sapientia

1870 5680 2002 5742 κᾶτὰ
2024 5686 2221 5747 τόπους
2248 5682 2493 5746 συνόδους
2522 5680 2787 5743 irremisse
2813 5682 2944 5760 πρὸς
2974 5680 3211 5744 ἑαυτοῦμ
3272 5748 3273 5751 η
