3878 6346
579 313 688 371 295

1751 299 2067 359 SANCTUS
2108 299 2292 356 DAMA
2305 300 2432 358 SUS
2471 301 2554 358 PA
2565 304 2673 360 PA.
3707 312 3763 366 23s

578 426 909 500 episcopos?
952 422 1183 480 llilaritts
1214 419 1458 491 profecto
1487 417 1713 476 Ursacio
1754 427 1809 472 et
1839 417 2050 472 Valenti
2081 431 2176 470 ex-
2209 423 2262 482 Α
2289 417 2593 474 miliaribus
2625 427 2832 475 tantum
2865 419 3096 490 Ursacii,
3135 420 3400 489 Valentis,
3426 431 3478 478 et
3499 422 3767 483 Germiniilit-

580 523 826 595 probrat,
853 517 993 586 quod
1023 533 1085 574 ea
1116 515 1481 589 promulgata,
1505 511 1946 570 contradicentes
1971 508 2182 583 episco-

581 631 679 687 pos
715 614 781 669 ad
811 612 1061 670 exsilium
1093 619 1407 681 coegerant.
1450 607 1738 676 Coegcrunt
1769 607 1907 661 enim
1948 623 2070 673 nos,
2108 605 2183 660 ait

581 708 693 776 ille,
717 707 786 762 ad
804 706 1114 762 voluntatem
1138 701 1439 766 exsulandi,
1467 700 1592 755 dum
1615 700 1892 771 impietatis
1914 700 2184 769 imponunt

581 802 932 858 necessitatem
965 800 1062 871 (α).

652 898 723 952 At
752 895 883 952 viris
913 895 1022 950 illis
1051 894 1119 950 ad
1151 908 1369 951 omnem
1409 891 1724 959 audaciam,
1777 890 2186 948 crudelitatem-

579 1007 685 1063 que
716 989 940 1061 paratis,
974 1003 1081 1044 non
1108 987 1417 1050 consilium.
1442 1002 1553 1041 non
1586 984 1822 1050 animus,
1847 984 1942 1039 sed
1972 994 2186 1054 tempus

581 1081 773 1139 defuit.
816 1081 950 1137 Nam
979 1079 1227 1137 confecta
1275 1079 1479 1134 interea
1510 1080 1798 1149 Ancyrana
1830 1075 2072 1146 synodus
2099 1082 2187 1129 est

580 1175 802 1231 ineunte
847 1171 1020 1243 Aprili
1074 1187 1303 1238 mense,
1352 1186 1472 1242 qua:
1517 1169 1872 1226 Sirmiensem
1927 1167 2184 1236 blasphe-

584 1271 750 1326 miam
797 1268 899 1324 sub
938 1267 1253 1324 Eudoxiana
1306 1263 1503 1320 ltzeresi
1552 1264 1808 1319 latentem
1862 1263 2182 1318 conliserat.

580 1363 767 1436 Legati
798 1363 888 1434 qui
917 1362 986 1417 ab
1017 1360 1110 1416 illa
1139 1358 1206 1414 ad
1237 1357 1614 1413 Constantium
1643 1354 1895 1422 fuerant,
1946 1352 2181 1409 Basilius

581 1460 944 1531 Ancyranus,
997 1455 1247 1510 Eleusius
1298 1461 1353 1508 et
1399 1451 1763 1516 Eustathius,
1814 1465 1878 1504 ac
1927 1447 2185 1504 Sirmium

583 1551 808 1608 ineunte
840 1547 980 1604 Maio
1009 1544 1298 1602 commodo
1327 1543 1587 1600 accedere
1638 1535 1929 1612 potuerant
1949 1583 1964 1607 ,
2019 1540 2190 1609 impe-

586 1652 825 1700 ratorcm
875 1655 907 1696 a
957 1639 1124 1711 priori
1195 1636 1466 1692 sententia
1519 1634 1866 1704 depulerunt.
1935 1632 2188 1688 Ursacius

586 1737 735 1808 ipse,
765 1734 968 1791 Valens
1006 1747 1070 1788 ac
1098 1731 1408 1788 Germinius
1439 1728 1757 1784 Constantio
1788 1725 2048 1796 obsequi,
2077 1725 2190 1780 Sir-

2289 513 2420 570 teris
2443 556 2458 582 ,
2516 515 2662 587 quod
2689 530 2785 572 eos
2813 533 2921 572 non
2949 518 3140 573 lateret
3164 559 3181 584 ,
3221 518 3379 590 cujus
3402 530 3540 576 esset
3575 523 3702 576 animi
3725 527 3769 580 rit

2287 609 2587 676 pessimus,
2619 626 3073 684 communemque
3099 629 3223 669 sese
3254 613 3456 670 habere
3479 629 3588 669 cum
3611 615 3679 670 illo
3697 633 3768 672 car-

2287 716 2433 757 sam:
2461 702 2587 758 hinc
2613 703 2705 760 ille
2732 720 2870 759 unus
2893 705 3095 775 gratias
3114 707 3222 778 egit
3251 704 3476 762 Ursacio
3497 705 3606 775 ipsi,
3627 707 3771 774 Valenti,

2287 809 2350 848 ac
2405 792 2718 862 Germinio,
2768 796 2908 867 quod
2951 814 3131 852 eorum
3189 797 3480 853 Ministerio
3531 797 3774 857 Occidentis

2293 896 2426 942 recte
2471 890 2660 942 sentire
2691 899 3009 960 coeperant;
3074 890 3298 946 Hosium
3330 907 3452 947 eam
3494 890 3776 960 blasphemiae

2291 979 2531 1050 proﬁteri
2563 992 2807 1038 coactum
2841 984 2904 1038 iis
2934 984 3115 1040 verbis
3141 986 3497 1057 exprimens:
3527 984 3596 1055 (τ)
3617 990 3775 1057 atquei,

2288 1075 2484 1144 quibus
2503 1076 2775 1144 reseriltit,
2795 1085 2854 1132 ut
2876 1077 3046 1145 vides,
3073 1089 3183 1135 tres
3207 1090 3335 1134 sunt
3355 1080 3636 1136 dumtaxat.
3659 1081 3780 1149 Quarti

2289 1168 2638 1224 Constantius
2662 1170 2856 1227 lucresi
2882 1188 2978 1242 per
3000 1173 3226 1244 legatos,
3251 1175 3340 1244 qui
3359 1172 3572 1245 Ancyra
3595 1187 3778 1230 venerat

2290 1263 2520 1318 indicata
2549 1306 2563 1330 ,
2617 1275 2727 1320 tum
2761 1276 3048 1322 novatorcs
3078 1268 3276 1323 exsilio
3306 1268 3579 1322 damnavit
3599 1267 3781 1334 ,Aetina.

2291 1358 2496 1415 scilicet
2525 1401 2540 1425 ,
2587 1359 2889 1415 Eudoxium
2919 1376 2981 1416 ac
3010 1361 3192 1417 socius
3219 1402 3234 1428 ,
3293 1370 3407 1416 tum
3440 1361 3639 1430 scriptis
3671 1363 3782 1415 litteris

2290 1451 2659 1508 Antiocltenos
2706 1457 2952 1519 monuit,
3003 1471 3070 1510 ne
3112 1455 3510 1526 promulgatam
3546 1454 3594 1508 in
3621 1451 3782 1508 Euctus

2292 1543 2452 1599 fidem
2487 1545 2804 1601 desererent
2838 1564 2850 1598 :
2900 1556 3058 1616 atque
3100 1555 3156 1599 ut
3187 1545 3563 1600 Eudoxianam
3603 1546 3780 1604 heresim.

2289 1637 2500 1700 im’piam
2522 1679 2536 1702 ,
2586 1654 2768 1692 novam
2808 1656 2868 1691 ac
2898 1655 3013 1694 sero
3043 1655 3107 1692 ex
3141 1639 3336 1692 erroris
3367 1637 3603 1693 barathro
3632 1653 3783 1692 artatas

2291 1742 2704 1788 exsecrarentur
2725 1732 2826 1804 (ά).
2861 1735 2940 1787 An
2974 1747 3102 1787 vero
3129 1731 3220 1788 ille
3251 1741 3358 1786 tam
3391 1731 3659 1803 impudens
3680 1732 3780 1795 fuerit

588 1831 851 1886 miensem
881 1826 1165 1883 formulam
1184 1824 1419 1894 eiurare,
1453 1829 1614 1893 atque
1630 1819 1972 1891 Ancyranam
2004 1819 2190 1873 ectlte-
2219 1819 2266 1881 B
2296 1834 2355 1880 υι
2386 1828 2501 1883 ηερε
2528 1837 2714 1898 agere;
2737 1869 2752 1894 ,
2800 1838 2855 1882 ει
2883 1827 3146 1882 εει-ηκτοι
3171 1868 3187 1894 ,
3239 1829 3283 1882 si
3314 1843 3377 1884 ea
3407 1826 3628 1882 formula
3653 1827 3784 1897 ρι-οξρυ

587 1923 690 1979 sim
721 1963 736 1990 ,
791 1937 912 1994 qum
952 1930 1079 1976 tunc
1141 1917 1484 1991 promulgata
1533 1925 1658 1983 est,
1727 1913 1968 1985 profiteri
2013 1912 2189 1968 coacti

553 2001 736 2072 dsunt.
786 2014 922 2070 lline
953 2013 1060 2068 illis
1089 2025 1280 2067 omnes
1327 2008 1558 2065 nocendi
1612 2010 1762 2064 nervi
1816 2019 2079 2077 repente,
2127 2020 2190 2060 ac

591 2117 790 2180 praster
819 2122 1038 2163 onmem
1069 2105 1566 2173 exspectationem,
1614 2102 1810 2157 succisi
1858 2110 2002 2155 sunt.
2053 2100 2188 2154 Rem

589 2209 812 2257 narrant
843 2199 1077 2254 Hilarius
1100 2240 1115 2264 ,
1144 2197 1400 2254 Socrates
1432 2212 1495 2251 ac
1525 2196 1861 2253 Sozomenus
1881 2237 1898 2262 ,
1942 2195 2031 2265 qui
2061 2208 2190 2248 con-

589 2295 691 2352 suli
720 2305 963 2367 possunt.
1011 2295 1093 2349 An
1124 2308 1232 2348 non
1263 2292 1416 2348 vides
1445 2299 1630 2363 aperta
1659 2292 1839 2348 omnia
1865 2334 1879 2359 ,
1924 2301 1977 2346 et
2008 2290 2188 2360 plana,

588 2404 653 2446 ac
678 2389 821 2461 quod
851 2388 1091 2444 Hilarius
1120 2387 1217 2455 ait,
1254 2386 1440 2443 Gallos
1467 2397 1522 2440 et
1551 2385 1871 2457 Ancyranos
1903 2382 2192 2453 episcopos

587 2499 697 2539 uno
744 2498 915 2556 pr0pe
980 2481 1284 2550 eodemque
1358 2488 1604 2550 tempore
1655 2477 1992 2548 impietatem
2042 2475 2190 2529 illam

587 2578 917 2644 damnasse,
961 2587 1020 2631 ut
1064 2575 1411 2632 verissimum
1456 2573 1568 2627 sit?

660 2671 770 2727 Sed
800 2683 1088 2741 pergamus
1117 2668 1195 2723 rei
1222 2708 1238 2732 ,
1281 2665 1348 2722 de
1379 2681 1483 2737 qua
1515 2665 1725 2735 agitur,
1761 2662 1938 2718 lucem
1969 2660 2186 2717 afferre.

589 2763 768 2833 Qumri
806 2761 969 2831 igitur
1001 2770 1208 2830 petest,
1253 2774 1323 2814 an
1355 2774 1417 2813 ea
1447 2757 1681 2812 formula
1709 2756 1851 2811 sicut
1878 2757 1929 2811 itt
1958 2755 2187 2822 Gallias,

593 2855 666 2912 ita
710 2855 876 2910 missa
922 2855 975 2908 in
1002 2853 1278 2909 Orientem
1324 2851 1530 2916 fuerit,
1579 2867 1641 2906 ac
1673 2851 2058 2922 promulgata?
2101 2850 2192 2906 Sic

592 2947 842 3005 nonnulli
874 2954 1064 3018 putant
1095 2963 1108 3000 :
1153 2943 1405 3016 equidem
1438 2943 1583 2999 haud
1614 2943 1774 2999 facile
1801 2947 2187 3011 concesserim,

507 3111 512 3116 α
593 3043 877 3101 Ursacium
903 3083 920 3111 ,
953 3041 1265 3106 Valentem,
1294 3037 1632 3094 Germinium
1661 3046 1717 3093 et
1746 3037 2046 3093 Potamium
2076 3036 2193 3107 ejus

593 3147 844 3194 auctores
867 3176 884 3205 ,
935 3132 1314 3191 Occidentales
1342 3147 1466 3188 cum
1497 3140 1680 3187 essent
1703 3171 1720 3198 ,
1775 3146 1841 3186 ac
1867 3141 2190 3188 exterarum

2296 1930 2452 1974 antea
2479 1936 2507 1974 a
2535 1936 2593 1976 se
2619 1922 2825 1987 fuerat,
2860 1921 2904 1975 si
2936 1937 3030 1992 per
3057 1919 3335 1976 Orientem
3366 1921 3678 1992 promulgata
3701 1918 3785 1989 iusst

2295 2029 2394 2069 suo
2438 2030 2501 2070 ac
2540 2015 2833 2086 encyclicis
2862 2015 3243 2086 episcoporum
3278 2015 3506 2080 litteris,
3539 2025 3593 2070 ut
3617 2015 3785 2083 recitau-

2297 2116 2383 2162 tur
2405 2109 2429 2162 ?
2451 2110 2540 2174 At,
2575 2109 2806 2179 inquies,
2838 2111 3011 2180 potuit
3039 2126 3101 2165 ea
3143 2110 3392 2180 privatim
3425 2126 3490 2166 ac
3537 2109 3785 2164 familiaribus

2294 2204 2540 2273 epistolis
2571 2205 2817 2275 vulgari:
2856 2206 2984 2275 quid
3016 2221 3144 2260 vero
3173 2206 3302 2261 hinc
3341 2206 3609 2278 colliges?
3649 2210 3707 2260 Att
3726 2221 3784 2260 ea

2298 2307 2579 2368 prapterea
2616 2299 2970 2370 Demophilus
2995 2309 3147 2355 certo
3178 2301 3433 2356 viderat?
3456 2301 3539 2356 An
3565 2300 3694 2356 ﬁdem
3716 2317 3787 2368 prs

2297 2396 2468 2457 terea,
2493 2406 2651 2461 quam
2680 2390 2820 2447 fama
2851 2400 3082 2460 tantum,
3106 2407 3170 2448 ac
3199 2391 3406 2448 incerta
3431 2409 3562 2449 voce
3585 2393 3786 2448 clanculum

2297 2495 2571 2552 protusam
2600 2494 2914 2554 acceperat,
2965 2501 3065 2540 nec
3091 2484 3227 2540 satis
3257 2497 3594 2557 perspectam
3629 2485 3786 2547 habetat,

2297 2589 2568 2645 exponere
2596 2574 2814 2632 Liberio
2848 2577 3064 2648 potuit?
3091 2579 3288 2635 Contra
3317 2596 3447 2636 vero
3475 2578 3788 2652 Ancyrattaade

2297 2667 2587 2735 ﬁnitiones,
2614 2671 2810 2741 quibus
2832 2672 3170 2727 Antiochena
3199 2684 3254 2728 et
3283 2673 3596 2730 Sirmiensis
3619 2670 3786 2741 exposita

2295 2777 2553 2835 expresse
2580 2765 2896 2820 confirmata
2926 2773 3040 2833 est,
3073 2767 3431 2838 promulgatae
3460 2770 3633 2824 statim
3659 2766 3786 2820 luent:

2297 2858 2592 2930 encyclicis
2635 2859 2702 2913 de
2751 2875 2903 2916 more
2950 2861 3189 2916 litteris:
3235 2861 3585 2919 ConSIantius
3628 2869 3785 2930 prstare

2297 2950 2418 3006 illas
2471 2961 2596 3007 tunc
2642 2953 2891 3009 obtinere
2941 2957 3085 3010 solas
3133 2956 3378 3026 jusserat
3430 2957 3525 3029 (ε).
3577 2957 3662 3010 Vix
3700 2955 3787 3022 igita

2297 3045 2455 3099 aliam
2487 3045 2555 3100 ab
2583 3062 2668 3106 ea.
2698 3064 2819 3118 qua:
2851 3058 2977 3104 tunc
3007 3049 3322 3117 obtinebat,
3353 3051 3511 3108 fidem
3543 3047 3787 3118 Denwpltiits

2298 3137 2516 3194 Liberio
2543 3139 2862 3208 exposuisse
2895 3142 3092 3211 potuit.

590 3237 832 3294 omnium
862 3234 1227 3291 Ecclesiarum
1255 3247 1528 3288 consensu
1557 3240 1839 3298 carerent,
1872 3229 2029 3284 tidem
2061 3243 2188 3299 pro-
2219 3222 2265 3285 C
2371 3229 2497 3285 Haec
2535 3240 2712 3286 autem
2743 3247 2862 3288 cum
2893 3234 2963 3288 ita
3007 3249 3068 3290 se
3097 3233 3374 3301 habeant,
3417 3235 3629 3292 minime
3654 3244 3787 3288 neces

592 3333 840 3406 posuisse
879 3331 1154 3404 propriam
1191 3327 1560 3385 Orientalibus
1586 3368 1601 3392 ,
1654 3335 1714 3382 ut
1754 3325 1819 3380 iis
1847 3323 2009 3380 etiam
2038 3338 2192 3378 corn-

593 3429 774 3486 munis
801 3435 988 3493 esset,
1034 3441 1098 3482 ac
1129 3424 1503 3497 promulgasse
1529 3464 1544 3488 ,
1585 3431 1645 3477 ut
1671 3422 1740 3476 ab
1767 3420 2018 3476 omnibus
2048 3418 2195 3473 velut

589 3529 800 3579 certum
864 3520 1329 3588 cnnstitutnmque
1373 3516 1569 3586 dogma
1631 3513 1990 3584 reciperetur.
2043 3510 2195 3565 Hanc

594 3631 725 3672 vero
743 3613 1072 3671 sententiam
1105 3611 1244 3676 haec,
1274 3611 1328 3666 ni
1354 3609 1534 3676 fallor,
1561 3618 1822 3678 praeterea
1845 3605 2194 3662 confirmant.

595 3707 781 3766 Primo
809 3707 956 3780 quod
985 3706 1253 3778 Georgius
1280 3703 1623 3759 Laodicenus
1652 3702 1705 3757 in
1738 3701 1957 3765 litteris,
1991 3714 2111 3770 quae
2138 3699 2193 3753 in

596 3801 884 3874 Ancyrana
950 3797 1162 3870 synodo
1223 3798 1465 3854 recitatre
1521 3806 1685 3863 sunt,
1753 3809 1917 3850 unum
1978 3803 2192 3848 tantum

598 3895 815 3953 Actium
867 3901 924 3949 et
963 3889 1267 3946 Eudoxium
1322 3888 1549 3944 haeresis
1603 3898 1732 3942 tunc
1777 3895 1911 3941 ortae
1944 3900 2195 3942 anetores

595 3988 708 4046 dat.
751 3985 1005 4045 Secundo
1040 3983 1184 4056 quod
1213 3983 1444 4039 Basilius
1475 3985 1796 4053 Ancyranus
1840 3980 1892 4034 in
1920 3980 2197 4052 encyclioa

593 4097 666 4139 ex
694 4079 903 4155 synodo
933 4095 965 4135 a
991 4094 1053 4136 se
1082 4077 1264 4134 habita
1290 4117 1307 4144 ,
1335 4074 1532 4146 scripta
1559 4116 1573 4141 ,
1615 4084 1727 4129 tum
1757 4089 1851 4130 eos
1881 4074 2196 4144 perstringit

593 4178 917 4244 dumtaxat,
943 4179 1080 4246 {tum
1118 4188 1252 4230 vero
1291 4187 1358 4229 ex
1396 4170 1736 4243 Illyricorum
1780 4169 1977 4224 nuntiis
2004 4168 2078 4242 (ὁ)
2106 4184 2197 4225 ac-

591 4274 804 4346 cepisse
832 4287 892 4329 se
930 4269 1156 4334 scribit,
1208 4267 1504 4340 perniciem
1557 4264 1707 4320 illam
1760 4262 1925 4318 latius
1972 4278 2196 4334 serpere

596 4347 1028 4440 propagarique,
1075 4361 1143 4418 ad
1173 4361 1343 4418 instar
1373 4359 1632 4416 fermenti
1667 4375 1679 4412 :
1732 4371 1853 4412 eam
1892 4354 2058 4427 igitur
2088 4371 2194 4411 non

595 4462 848 4517 viderant
873 4458 1178 4516 Orientales
1205 4498 1220 4524 ,
1270 4471 1372 4512 nec
1401 4455 1490 4510 illa
1533 4453 1602 4509 iis
1630 4453 1683 4509 in
1712 4451 1850 4508 locis
1879 4451 2094 4522 vulgata
2128 4451 2197 4506 de

598 4571 750 4611 more
777 4553 970 4609 fuerat.
997 4551 1186 4608 Tertio
1212 4567 1318 4606 non
1346 4566 1447 4622 ego
1469 4549 1730 4619 dilliteor,
1765 4546 1892 4617 quin
1921 4546 2193 4610 Eudoxio,

2297 3332 2398 3388 est,
2431 3332 2489 3378 ut
2517 3323 2719 3380 diutius
2747 3326 3004 3381 immorer
3035 3325 3088 3381 itt
3117 3327 3418 3384 refellendo
3449 3327 3676 3399 Dupinio,
3699 3335 3788 3390 atque

2297 3433 2566 3488 anonymo
2594 3420 2887 3488 scriptore,
2914 3419 3006 3488 qui
3035 3420 3326 3490 Dupinium
3354 3419 3508 3475 nobis
3539 3422 3702 3475 iterum
3725 3429 3788 3483 prti-

2297 3511 2480 3581 posuit
2501 3510 2702 3580 elapsis
2739 3511 2896 3566 annis
2925 3511 2978 3566 in
3004 3511 3268 3568 Gallicam
3301 3513 3532 3585 linguam
3556 3522 3789 3565 conversas

2296 3604 2397 3658 sub
2427 3605 2582 3659 titulo
2616 3601 2884 3659 Tractatus
2921 3606 2985 3659 de
3030 3606 3384 3661 ecclesiastica
3427 3616 3473 3662 et
3509 3602 3716 3660 simulari
3742 3615 3788 3668 pc-

2299 3705 2478 3751 tcstate
2507 3696 2598 3767 (f).
2644 3695 2745 3764 Qui
2796 3697 2970 3767 primo
3002 3697 3387 3769 Demophilum
3432 3702 3560 3755 inter
3587 3701 3788 3754 Atlanteas

2297 3790 2632 3846 conlidenter
2676 3790 2959 3858 collocat,
3015 3790 3215 3848 deinde
3271 3792 3532 3863 duplicent
3579 3808 3616 3847 a
3661 3783 3788 3846 liberti

2297 3881 2560 3951 signatam
2584 3880 2869 3937 formulam
2891 3883 3147 3950 somniat,
3167 3888 3401 3941 alteram
3428 3885 3622 3941 scilicet
3640 3885 3786 3936 Beroea.

2299 3991 2526 4046 eamque
2553 3978 2808 4032 Arianam
2839 3986 3028 4044 totam,
3061 3991 3224 4051 atque
3252 3983 3624 4038 Anommorum
3650 3985 3787 4034 settle?

2301 4071 2389 4126 tia:
2415 4071 2806 4128 conformatum
2833 4116 2848 4142 ,
2899 4075 3124 4130 alteram
3157 4092 3287 4133 vero
3317 4077 3498 4133 Sirmii
3524 4119 3536 4140 ,
3580 4089 3642 4132 eo
3676 4081 3786 4136 ntuli“

2297 4165 2481 4221 animo
2505 4211 2520 4234 ,
2572 4167 2912 4237 consilioque
2936 4209 2952 4236 ,
3002 4180 3060 4224 ut
3085 4169 3153 4226 de
3184 4147 3355 4240 priori
3402 4172 3488 4228 illa
3516 4162 3786 4226 Beroeaesub'

2299 4260 2504 4329 scripta
2559 4275 2680 4316 sese
2731 4271 3028 4332 purgaret,
3076 4263 3461 4338 vulgatamque
3498 4263 3626 4337 quod
3673 4257 3785 4314 Ftlitml

2301 4352 2443 4408 Patri
2474 4354 2793 4411 dissimilem
2840 4357 3119 4427 professus
3159 4371 3345 4428 esset,
3387 4359 3574 4416 famam
3597 4353 3786 4420 dissiparel

2298 4445 2439 4518 apud
2471 4447 2731 4503 Basilium
2763 4452 3108 4522 Aneyranum
3134 4461 3477 4526 caeterosque
3503 4446 3783 4508 Setniariantré.

2299 4542 2390 4612 llui
2444 4543 2511 4597 ad
2574 4543 2949 4600 Constantium
3023 4546 3210 4604 Sirmii
3265 4559 3516 4619 agentem
3563 4542 3692 4618 legati
3727 4541 3785 4590 ltit-

594 4647 686 4720 qui
734 4652 986 4702 recenter
1026 4621 1399 4699 Antiochean
1429 4641 1545 4697 sedi
1596 4641 1934 4710 irrepserat,
1975 4638 2192 4710 cognita
2220 4621 2276 4682 D
2301 4642 2423 4688 runt
2449 4633 2551 4706 (g).
2598 4636 2730 4704 Qua:
2755 4637 2902 4693 enim
2933 4637 3080 4694 dicta
3110 4656 3142 4696 a
3174 4657 3264 4697 me
3293 4640 3555 4698 hactenus
3576 4680 3590 4706 ,
3617 4647 3662 4693 et
3681 4633 3785 4697 disl‘i

588 4738 791 4796 fuerit:
821 4745 876 4792 at
905 4736 996 4792 uni
1023 4735 1270 4792 Eudoxio
1300 4733 1658 4805 significatam
1689 4731 1985 4798 contendo,
2013 4747 2078 4788 ac
2103 4734 2187 4788 fa-

669 4880 724 4952 (a
792 4877 867 4932 De
894 4874 1026 4947 Syn.
1055 4888 1179 4944 cap.
1206 4873 1299 4930 78.

669 4952 723 5020 (ὁ
789 4949 850 5005 0i
875 4949 976 5004 ἀπὸ
1002 4953 1102 5004 τῶν
1124 4946 1258 5002 κατὰ
1277 4967 1299 5000 τ

670 5021 720 5149 ξε
785 5021 1075 5078 Sozouten.
1111 5017 1202 5072 lib.
1237 5031 1299 5081 tv,

734 5094 753 5149 l
797 5095 1014 5149 Sozam.
1049 5088 1145 5144 lib.
1175 5103 1249 5149 tv,
1281 5102 1299 5142 ‹

666 4942 748 5022 (ὁ)
789 4949 850 5022 Οἱ
875 4942 976 5004 ἁτέό
1002 4942 1258 5022 τῶνξιλατὰ
1277 4946 1338 5000 τὸ
1363 4943 1608 5022 ιλλυριιεόν
1634 4942 2056 5017 ἀπαγγέλλουσιν.

694 5015 746 5085 ε)
785 5021 1075 5078 Sozouten.
1111 5017 1202 5072 lib.
1237 5031 1308 5081 tv,
1340 5015 1580 5085 cap.'l‘2.

797 5095 1014 5151 Sozom.
1049 5088 1145 5144 lib.
1175 5103 1249 5153 tv,
1281 5102 1400 5156 cap.
1437 5087 1524 5142 l3.

699 5094 732 5149 tl
797 5095 1014 5151 Sozam.
1049 5094 1145 5144 lib.
1175 5103 1249 5153 tv,
1281 5102 1400 5156 cap.

699 5094 753 5238 el
786 5167 916 5238 δοῖ,
1075 5175 1148 5238 tv,
1177 5173 1296 5238 cap.
1328 5157 1418 5212 H.

696 5226 742 5309 ﬂ
783 5233 966 5292 Traité
993 5233 1063 5288 de
1093 5226 1142 5286 la
1174 5226 1456 5309 puissance
1482 5226 1893 5300 ecclésiastique
1945 5239 2000 5285 et
2054 5237 2192 5286 tem-

600 5301 830 5382 por'e'lle,
871 5317 1185 5382 Inccxxvn.
1217 5316 1284 5382 ’βε
1318 5301 1442 5382 ζιιξε

669 5381 747 5456 (9)
788 5370 856 5456 lie
898 5378 1022 5456 n’est
1046 5372 1298 5456 ,ιηξεὶςῇ
1323 5373 1370 5425 le
1401 5371 1500 5456 lien
1546 5370 1892 5456 tl’examinerh
1925 5371 2090 5456 quelle
2118 5385 2190 5429 est

598 5441 739 5507 σοιὶῖ
778 5451 1000 5522 formula
1023 5445 1191 5522 defui
1221 5445 1254 5498 ὰ
1277 5441 1501 5522 laquelle
1541 5441 1932 5522 ilnsouscrivit;
1979 5443 2016 5495 il
2059 5461 2188 5522 non:

598 5525 744 5595 suﬂit
770 5512 866 5595 que
893 5525 964 5595 les
992 5512 1200 5595 ancient
1237 5517 1374 5595 aiant
1414 5513 1745 5595 ‘assuré‘fque
1783 5512 1835 5565 la
1881 5515 2098 5595 [ortu-ulc
2125 5516 2187 5569 de

601 5584 736 5662 {aliis
763 5584 982 5663 l'aqttelle
1029 5591 1068 5646 ξι
1095 5587 1366 5644 souscrivit
1398 5584 1841 5663 etalt-ltet'etique,‘
1863 5594 1907 5636 et
1939 5585 2064 5663 qu’il
2095 5604 2188 5663 np-

603 5653 796 5730 'proum
827 5653 1177 5719 'l‘Arianisme
1226 5700 1241 5714 .
1287 5701 1303 5716 .
1349 5699 1364 5713 .
1410 5695 1424 5711 .
1488 5653 1770 5730 D_'_ail_le_urs
1816 5654 1901 5730 βαΔ
1930 5657 2183 5730 [ar-mule,

599 5724 724 5799 ou'il
751 5737 884 5792 avait
912 5734 1158 5790 souscrite
1183 5733 1312 5786 dans
1343 5745 1435 5786 son
1457 5725 1587 5799 exil,
1614 5724 1688 5799 lui
1714 5724 1849 5799 avoit
1871 5727 1952 5780 été
1979 5731 2190 5799 ρι-έεεη.

595 5797 654 5860 de
703 5822 798 5878 par
820 5806 1144 5876 Démophile,
1179 5805 1365 5871 aricn;
1395 5810 1445 5858 et
1470 5798 1568 5857 elle
1590 5798 1716 5854 était
1744 5797 1789 5852 si
1818 5799 1922 5868 fort
1955 5798 2185 5869 arienne,

669 5021 694 5312 Ξ

2296 4739 2407 4787 tata
2434 4744 2600 4801 sunt,
2647 4749 2712 4789 ac
2739 4751 2858 4805 qua:
2889 4745 3157 4806 prmterea
3185 4753 3380 4795 rursus
3407 4737 3618 4795 dicenda
3647 4730 3784 4788 restitit

2335 4874 2416 4927 u’t‘t
2472 4875 2745 4930 l'occasion
2787 4875 3008 4948 decette
3040 4879 3413 4948 souscription,
3434 4881 3506 4936 les
3527 4877 3678 4934 Arietis
3694 4871 3784 4947 ἀὶτςῖί

2317 4939 2622 5027 lautemenn
2653 4963 2772 5027 (ηιξ,
2795 4945 2978 5027 Liltére
3006 4951 3148 5027 aitait
3171 4939 3413 5027 reconnu'
3433 4971 3526 5022 par
3549 4968 3601 5008 sa
3615 4939 3786 5027 ξραίσίν

2299 5017 2409 5071 tion
2461 5035 2556 5087 que
2604 5019 2652 5072 le
2686 5017 2797 5072 Fils
2845 5021 2968 5073 était
3009 5022 3375 5077 dissentbloble
3411 5017 3445 5078 ἆ
3477 5041 3566 5079 son
3609 5019 3730 5076 Pin;
3759 5021 3786 5082 ί(

2300 5091 2388 5171 qui
2416 5089 2617 5171 obliger;
2647 5090 2717 5171 les
2747 5089 3092 5171 Sémiariens,
3118 5095 3295 5163 quand
3325 5093 3506 5171 Libére
3539 5100 3608 5171 [ut
3637 5091 3786 5171 refigi

2301 5158 2552 5237 S_irmic_li,
2585 5159 2908 5237 dl’engager
2951 5164 2984 5216 ὰ
3010 5158 3184 5237 signer
3213 5183 3327 5237 pune
3369 5158 3787 5237 professiondill"

2301 5178 2552 5223 otrmtcn,
2585 5178 2618 5214 a
2647 5178 2908 5286 t'enlqager
2951 5179 2984 5216 a
3010 5180 3184 5235 stgner
3223 5183 3327 5220 une
3369 5178 3640 5237 profession
3664 5178 3786 5224 αεινίε

2301 5231 2432 5302 dans
2475 5231 2738 5302 laquellet
2789 5236 3163 5290 reconnoissait
3201 5236 3248 5290 le
3305 5237 3422 5294 Fila
3446 5230 3786 5302 semblubltiﬁ'

2302 5301 2453 5356 Pere.
2625 5301 2806 5381 Libero:
2835 5306 3158 5381 sigpaﬂeu;
3199 5309 3302 5380 fois
3326 5327 3346 5365 :
3390 5312 3444 5365 la
3470 5305 3699 5381 prendere,
3719 5299 3786 5381 Mf

2297 5391 2391 5451 {an
2418 5374 2520 5451 cxil
2538 5415 2571 5451 ,_
2603 5391 2704 5451 une
2723 5374 2946 5451 {orntu'le
2974 5377 3039 5430 de
3086 5379 3161 5444 [oi
3199 5374 3316 5433 lout
3347 5382 3382 5436 ὰ
3411 5374 3502 5451 [ait
3529 5381 3714 5451 arietini,
3736 5376 3787 5448 lii"

2291 5443 2600 5516 Démopltile
2630 5446 2705 5499 lui
2725 5443 2995 5514 ‘présenta,
3040 5443 3094 5502 et,
3117 5451 3272 5515 aprés
3303 5454 3343 5506 il
3371 5443 3548 5508 deripit
3570 5465 3657 5505 ana:
3678 5443 3785 5516 Oriﬂ‘

2291 5514 2468 5594 litua:
2498 5557 2511 5570 .
2549 5558 2562 5570 .
2597 5557 2610 5570 .
2641 5521 2787 5594 {tant
2811 5520 3008 5594 ensum
3031 5514 3248 5594 rappelé
3273 5526 3308 5577 ἀ
3351 5523 3593 5586 Sirmiclt.
3618 5520 3674 5594 lt!
3695 5514 3784 5594 άέΡθξ

2291 5590 2365 5642 tés
2409 5588 2480 5667 dit
2510 5590 2706 5667 c_onc_ile
2740 5589 2993 5667 α’ᾼηεεμε
3025 5630 3040 5667 ε
3077 5588 3142 5667 ξέ
3171 5595 3494 5667 ιὀὁιίςὲνεηι
3527 5596 3590 5667 Δρ
3614 5591 3784 5667 signa

2290 5659 2480 5741 '39.“?
2503 5659 2593 5741 4η
2620 5661 2866 5741 fama."
2892 5651 2956 5741 ᾆε
3010 5663 3131 5741 fol...
3172 5676 3221 5720 ει
3249 5651 3345 5741 αξ
3361 5651 3668 5724 resonanti
3688 5651 3785 5741 1"“

2291 5727 2406 5814 Fils
2432 5731 2553 5784 était
2579 5731 2856 5814 semltlaltle
2883 5734 2915 5787 ὰ
2939 5727 3033 5814 son
3061 5735 3219 5814 Rere.
3273 5737 3410 5795 σαι
3435 5740 3567 5814 ainsi
3588 5749 3666 5806 que
3685 5729 3783 5814 $053"

2290 5805 2436 5855 mene
2480 5812 2726 5873 rapporte
2766 5815 2894 5860 cette
2937 5805 3187 5880 histoire,
3237 5818 3289 5866 et
3326 5829 3386 5868 sa
3422 5805 3625 5870 relation
3647 5809 3784 5861 ιιιεοιν
