3878 6346
113 229 210 285 297

1463 217 1993 278 PllOLEGOMENA.

3284 231 3390 287 298

111 348 282 411 aperte
306 337 705 401 demonstrant,
752 335 1069 406 Dupiuium,
1099 349 1219 405 quin
1246 349 1535 405 numquam
1566 338 1675 393 fue-
1706 347 1755 405 Α
1784 353 1881 392 cur
1922 337 1974 392 in
2019 338 2215 396 litteris
2260 340 2327 395 ad
2365 340 2666 399 Orientales
2714 343 2932 414 scriptis
2958 387 2972 411 ,
3015 347 3169 416 ﬁdem
3208 348 3310 403 sibi
3354 364 3384 403 a

108 442 245 498 runt,
278 429 412 485 facta
449 440 648 486 temere
674 430 1030 493 comminisci,
1064 428 1319 500 falsisque
1348 444 1410 484 ea
1439 432 1683 487 testimo-

109 525 204 580 niis
224 520 563 590 continuare,
593 530 649 577 ut
678 520 882 586 fucum,
910 530 1070 591 prout
1090 520 1250 587 solet,
1276 520 1462 576 lectori
1498 521 1680 582 faciat.

105 662 129 724 §
159 658 237 710 VI.
254 656 591 724 —_Rei_totiu_s
612 671 638 707 a
662 655 1040 724 Liberiqgestaa
1059 656 1536 724 series__exponitur,
1557 659 1688 721 ejus-

161 696 1688 786 titlead'Biiéiigfesiﬂ'ﬁdftfrgiiuﬁi'éi'faiéliiéafinitiis

164 782 473 845 explicantur.
503 782 735 844 Exposita
766 784 842 832 rei
874 790 987 831 tunc
1010 789 1167 845 gesta;
1191 786 1352 831 series
1374 782 1687 833 continuatur

162 848 443 908 auctoritate
457 845 732 903 Sozomeni,
750 852 900 908 atque
911 845 1091 906 Acacii,
1117 844 1421 908 aliorumque
1448 844 1688 896 Constan-

163 907 350 970 tinOpoli
374 914 785 971 congregatorum
808 907 1098 958 Arianorum
1122 907 1399 958 testimonio
1422 921 1518 957 non
1542 918 1689 959 antea

161 972 427 1022 observato.

171 1080 293 1145 Quae
341 1077 517 1148 itaque
565 1077 826 1133 hactenus
881 1076 1022 1132 dicta
1052 1117 1066 1141 ,
1110 1085 1166 1133 et
1213 1076 1487 1145 disputata
1531 1092 1560 1130 a
1604 1092 1690 1133 me

106 1179 239 1235 sunt,
257 1184 375 1225 eum
415 1185 533 1240 qua:
561 1179 808 1241 suscepta
835 1186 864 1224 a
892 1169 1108 1225 Liberio
1131 1168 1265 1225 fides
1294 1167 1479 1237 fuerit,
1510 1178 1691 1225 osten-

106 1263 227 1318 dunt
249 1303 265 1329 ,
295 1271 402 1318 tum
435 1277 567 1318 vero
596 1272 761 1318 totam
790 1278 969 1317 rerum
1000 1272 1274 1333 gestarum
1304 1265 1501 1319 seriem
1532 1263 1693 1318 facile

102 1358 203 1429 jam
246 1356 626 1429 pervidendum
667 1356 924 1413 offerunt.
969 1358 1201 1413 Basilius
1243 1356 1690 1429 igitur,c0nfecta

105 1452 369 1521 Ancyrana
412 1450 621 1522 synodo
645 1491 661 1515 ,
698 1466 761 1507 ac
790 1451 1137 1506 Paschalibus
1168 1449 1309 1506 forte
1357 1451 1571 1518 diebus,
1622 1452 1691 1507 ad

109 1543 468 1615 imperatorem
501 1544 774 1615 profectus
811 1556 896 1601 est
934 1546 1118 1603 Sirmii
1152 1557 1442 1617 agentem;
1476 1562 1649 1619 eoque
1676 1590 1690 1617 ,

110 1645 165 1693 ut
190 1637 328 1703 dixi,
360 1638 646 1708 pervenire
679 1638 840 1695 facile
883 1639 1055 1709 potuit
1104 1642 1326 1695 ineunte
1373 1639 1559 1695 Maio:
1604 1655 1696 1697 res

1790 429 2100 499 Demoyhilo
2153 434 2441 502 expositam
2488 450 2549 491 se
2596 438 2874 506 suscipere
2948 437 3195 496 Liberius
3268 442 3381 506 ait,

1789 524 1892 580 hac
1920 541 2045 581 vero
2080 525 2147 581 de
2179 544 2239 583 re
2283 529 2490 584 nullum
2524 530 2576 584 iu
2605 532 2725 585 aliis
2754 532 2819 586 ad
2851 532 3129 588 Ursaeium
3164 534 3338 604 ipsum
3366 576 3382 601 ,

1787 629 1841 672 et
1874 616 2152 675 Valentem
2182 627 2237 675 et
2282 620 2617 678 Germinium
2648 624 2918 694 exaratis,
2969 626 3190 682 verbum
3237 627 3385 683 fece-

1790 708 1880 763 rit.
1907 710 2039 778 Quis
2074 712 2214 767 enim
2247 712 2373 768 hinc
2416 730 2521 769 non
2553 715 2764 779 videat,
2807 732 2929 772 cum
2962 719 3103 774 idem
3137 720 3386 776 Liberius

1791 815 1884 856 eas
1918 801 2125 858 litteras
2168 814 2457 874 exararet,
2506 822 2667 861 unam
2700 806 2868 864 fuisse
2914 825 3101 865 eorum
3140 812 3384 867 nuntium

1792 891 1995 961 ﬁdem,
2050 895 2377 968 missamque
2427 898 2651 965 proinde
2717 908 3000 972 utramque
3051 903 3337 974 epistulam
3368 945 3384 971 ,

1792 996 2077 1056 postquam
2105 987 2298 1043 Valens
2323 1033 2338 1057 ,
2371 988 2630 1046 Ursacius
2660 1002 2715 1047 et
2739 992 3050 1051 Germinius
3089 998 3391 1069 Aneyranae

1792 1079 1985 1150 synodi
2014 1079 2417 1137 deiiuitioaibus
2446 1083 2903 1154 subscripserunt,
2942 1074 3206 1159 nullaque
3248 1090 3390 1145 inter

1794 1185 1888 1226 eos
1916 1212 1930 1237 ,
1970 1180 2024 1225 et
2067 1172 2369 1229 Orientales
2413 1174 2653 1231 exterior
2693 1175 2746 1232 in
2796 1180 3078 1234 sententiis
3119 1180 3390 1238 discordia

1795 1277 1919 1319 esse
1949 1263 2267 1319 videbatur?

1868 1355 2020 1412 Nunc
2060 1373 2189 1413 vero
2230 1358 2517 1415 videndum
2563 1376 2590 1414 a
2632 1361 2786 1416 nobis
2814 1372 2929 1429 est,
2969 1365 3097 1435 quid
3142 1366 3392 1424 Liberius

1797 1451 2010 1521 egerit,
2050 1461 2334 1524 postquam
2379 1453 2638 1510 Sirmium
2688 1459 2939 1513 accessit.
2980 1460 3310 1517 Athanasius
3335 1472 3393 1519 et

1798 1543 2067 1612 Hilarius,
2108 1558 2167 1603 ut
2202 1549 2312 1604 dixi
2338 1592 2354 1617 ,
2392 1551 2524 1606 nihil
2575 1553 2817 1622 profecto
2858 1555 3209 1625 exprimunt,
3251 1560 3393 1628 quod

1801 1653 1899 1693 nos
1935 1640 2055 1708 ejus
2082 1642 2158 1697 rei
2186 1641 2419 1699 dilucide
2452 1646 2686 1702 scientes
2715 1648 2892 1703 faciat.
2924 1648 3181 1706 Socrates
3204 1653 3271 1708 de
3302 1653 3396 1708 hu-

115 1732 252 1786 illum
280 1747 399 1787 suas
425 1734 539 1803 pari
575 1733 854 1789 celeritate
873 1776 886 1800 ,
915 1749 979 1789 ae
1005 1734 1263 1789 felicitate
1292 1734 1594 1791 confecisse
1624 1752 1689 1791 ex
1724 1748 1769 1810 Β
1794 1729 1881 1799 itis
1908 1734 2177 1802 pontilicis
2209 1737 2359 1806 lapsu
2379 1737 2508 1793 nihil
2529 1741 2751 1796 omnino
2777 1743 3252 1816 attigit;siquidcm
3282 1747 3394 1803 Ru-

120 1826 308 1881 llilario
332 1834 385 1882 et
420 1827 726 1883 Sozomeno
776 1827 977 1883 scimus
1005 1845 1019 1882 :
1055 1843 1178 1883 nam
1207 1827 1522 1884 Sirtuiensis
1546 1828 1690 1884 blas-

122 1919 318 1989 phemia
361 1919 608 1991 abrogata
655 1929 708 1975 et
752 1914 1190 1975 Autiueltena'in
1232 1919 1503 1974 Eucmniis
1561 1919 1694 1975 fides

116 2011 295 2065 iterum
321 2011 629 2066 conﬁrmata
658 2022 774 2077 est;
812 2010 1060 2066 Ursacins
1104 2021 1364 2089 prieterea
1411 2020 1466 2066 et
1494 2011 1695 2068 Valens

109 2106 335 2176 ejusdem
373 2107 724 2179 blasphemia:
751 2118 1001 2163 auctOres
1030 2092 1390 2178 ignorantiam
1423 2108 1647 2178 professi
1674 2152 1691 2179 ,

104 2210 456 2266 revocarunt,
495 2200 639 2270 quod
688 2200 968 2267 fecerant,
1012 2199 1373 2256 Antiochense
1418 2211 1471 2256 et
1516 2204 1695 2274 Ancy-

102 2308 237 2347 rauaa
261 2292 465 2348 ecthesi
489 2294 830 2349 subscribere
857 2294 1029 2349 coacti
1054 2311 1068 2348 :
1096 2293 1375 2349 Eudoxius
1396 2303 1452 2350 et
1473 2296 1691 2363 Aetius,

99 2385 289 2457 aliique
330 2385 604 2441 manifesti
648 2385 765 2455 ejus
814 2385 1106 2455 impietatis
1151 2395 1453 2442 sectatores
1478 2387 1694 2444 exsules

101 2478 217 2533 facti
247 2496 259 2531 :
288 2478 545 2534 Basiliaui
589 2479 824 2551 denique
850 2479 1084 2536 victores
1112 2480 1367 2536 universa
1394 2480 1509 2536 loca
1540 2496 1695 2551 pera-

96 2582 313 2643 grarunt
335 2616 351 2641 ,
381 2582 442 2628 ut
467 2572 803 2629 homwusium
833 2573 947 2630 sive
977 2578 1313 2648 Ancyranam
1346 2574 1503 2630 fidem
1525 2617 1540 2642 ,
1573 2589 1693 2643 qua:

94 2668 273 2722 eadem
308 2684 434 2723 curn
475 2667 761 2725 Sirmieusi
793 2679 910 2736 est,
942 2668 1327 2725 confirmarent
1372 2665 1472 2742 (a).
1506 2666 1694 2725 Nullus

95 2759 267 2832 itaque
292 2763 513 2828 dubito,
545 2762 672 2833 quin
707 2761 915 2817 litteras
943 2778 1347 2835 quaquaVersus
1375 2764 1517 2819 illico
1544 2780 1693 2835 spar-

90 2855 142 2926 gi
164 2858 473 2914 curaverint
497 2900 512 2925 ,
543 2858 741 2928 quibus
761 2858 999 2928 episcOpi
1030 2874 1219 2914 omnes
1243 2874 1337 2928 per
1366 2858 1645 2914 Orientem
1674 2900 1690 2926 ,

90 2960 245 3020 atque
277 2951 315 3006 ii
344 2952 729 3022 potissimum,
776 2953 866 3024 qui
914 2953 1268 3009 Sirtuiensem
1315 2953 1473 3008 fidem
1522 2954 1691 3023 profi-

90 3044 368 3113 tebantur,
401 3060 466 3101 ea
497 3044 566 3101 de
602 3061 664 3101 re
691 3046 953 3101 certiores
982 3046 1175 3100 fierent
1198 3087 1214 3112 ,
1242 3061 1379 3116 quos
1411 3046 1553 3101 inter
1583 3044 1688 3101 De-

1799 1822 1976 1889 finus,
2006 1842 2164 1896 quem
2207 1830 2453 1900 sequitur
2498 1831 2854 1904 plerumque,
2898 1836 2999 1891 hac
3043 1836 3112 1892 de
3158 1855 3217 1894 re
3258 1840 3396 1896 nihil

1795 1917 1925 1971 certi
1952 1928 2286 1987 compertum
2316 1938 2376 1977 se
2405 1921 2658 1980 habuisse
2687 1928 2875 1982 scribit
2903 1925 2997 2001 (c).
3030 1929 3182 1986 Unus
3212 1932 3395 2003 itaque

1792 2006 2125 2067 Sozumeuus
2161 2021 2440 2082 superest,
2474 2016 2563 2087 qui
2592 2025 2758 2088 geste
2801 2026 2928 2075 tunc
2958 2022 3035 2077 rei
3075 2026 3395 2081 memoriam

1796 2101 2094 2157 transmisit
2121 2104 2185 2158 ad
2214 2118 2491 2175 posteros,
2521 2115 2683 2178 atque
2712 2110 2860 2165 illam
2892 2112 3031 2167 adeo
3059 2113 3393 2183 descriptam

1794 2204 2077 2261 accurate,
2112 2206 2169 2249 ut
2202 2212 2418 2251 omnem
2445 2198 2667 2255 omnino
2701 2202 2958 2269 pudorem
2987 2206 3204 2262 exuisse
3231 2225 3397 2277 opor-

1796 2293 1942 2356 teat,
1977 2288 2067 2357 qui
2107 2288 2225 2359 ejus
2256 2290 2358 2346 huc
2396 2290 2449 2345 in
2484 2290 2625 2347 factu
2647 2296 3023 2352 auctoritatem
3056 2299 3208 2369 sequi
3235 2300 3391 2356 nolit.

1797 2378 1948 2434 Illum
1980 2380 2159 2452 itaque
2190 2398 2372 2453 opera:
2403 2386 2632 2452 pretium
2661 2394 2746 2441 est
2785 2399 2841 2441 Ill
2866 2387 3169 2446 audiamus.

1872 2471 2031 2527 Haud
2057 2474 2215 2529 ntulto
2245 2486 2356 2543 post
2384 2473 2675 2546 Imperator
2700 2478 2763 2532 ab
2794 2479 2917 2534 urbe
2949 2479 3110 2535 Roma
3142 2482 3395 2538 Sirmium

1795 2581 2067 2633 reversus,
2121 2584 2236 2621 cum
2286 2568 2639 2624 Occidentales
2694 2571 2916 2644 episcOpi
2973 2574 3280 2644 legationem
3325 2577 3394 2631 ad

1796 2661 1969 2732 ipsum
2019 2662 2314 2730 misissent,
2359 2662 2620 2718 Liberium
2664 2664 2845 2719 Berwa
2879 2667 2949 2721 ad
2984 2685 3038 2722 se
3092 2670 3394 2728 accersivit;

1797 2768 2013 2822 cumque
2039 2755 2273 2810 adessent
2316 2756 2470 2827 legati
2509 2758 2866 2831 episcoporum
2898 2759 3155 2829 Orientis,
3202 2781 3393 2819 convo-

1795 2846 1923 2901 catis
1974 2847 2321 2902 sacerdotibus
2344 2889 2357 2914 ,
2398 2849 2486 2919 qui
2530 2849 2585 2902 in
2624 2851 2871 2904 comitatu
2902 2863 3089 2920 erant,
3138 2853 3400 2913 Liberium

1796 2939 1947 3011 carpit
1978 2941 2280 3009 compellere
2301 2982 2315 3002 .
2349 2950 2401 2994 ut
2446 2939 2497 2993 F
2500 2942 2646 2996 ilium
2676 2941 2852 2999 Patris
2890 2963 2995 3000 non
3039 2964 3146 3001 esse
3183 2951 3401 3005 consub-

1796 3031 2088 3087 stantialem
2126 3033 2469 3104 proﬁteretur.
2498 3033 2771 3091 Instabant
2799 3049 2968 3093 autem
2995 3081 3009 3105 ,
3044 3051 3089 3094 et
3125 3042 3401 3114 imperato-

87 3137 364 3210 moplmus
409 3139 604 3194 ,ηετίιο
649 3138 1013 3194 numerandus
1043 3150 1127 3194 ρει
1152 3180 1168 3205 ν
1209 3138 1330 3209 quia
1377 3152 1484 3193 ηοη
1532 3139 1692 3209 longe
1718 3139 1764 3203 ρ
1797 3143 1904 3180 rem
1930 3127 1999 3180 ad
2022 3127 2115 3180 hoc
2142 3127 2504 3197 impellebant,
2539 3127 2802 3200 Basilius,
2838 3132 3136 3188 Eustathius
3161 3146 3211 3190 et
3246 3138 3399 3193 (fleu-

87 3232 305 3298 aberat,
351 3249 418 3289 ac
459 3232 745 3290 Sirmieusi
790 3233 965 3289 eidem
1010 3232 1131 3287 fidei
1162 3232 1571 3288 conscribendas
1600 3231 1697 3287 ad-

84 3323 294 3392 fuerat,
324 3343 557 3399 eamque
584 3337 643 3381 ut
672 3326 904 3382 vidimus
923 3371 936 3391 ,
965 3342 1092 3382 cum
1139 3324 1490 3381 Semiarianis
1518 3325 1696 3396 palam

84 3420 464 3490 profitebatur.
501 3421 628 3477 Haec
659 3435 788 3475 vero
822 3420 1004 3476 omnia
1034 3435 1157 3474 cum
1191 3419 1283 3473 ille
1313 3418 1531 3474 Liberiu
1559 3434 1699 3490 prm—

85 3526 210 3568 sens
242 3523 564 3581 narrasset,
609 3524 771 3583 atque
812 3512 1176 3583 explicasset,
1209 3511 1477 3578 obtinuit,
1510 3522 1565 3564 Ill
1606 3510 1700 3566 ille

82 3605 275 3660 exsilio
306 3606 610 3671 fractus,et
631 3603 793 3661 Urbis
815 3603 1111 3660 revisendte
1140 3602 1391 3673 cupidus,
1414 3602 1481 3658 ad
1508 3601 1702 3659 Orien-

85 3699 219 3754 tales
265 3700 580 3764 scribsret,
622 3698 713 3770 qni
765 3699 816 3753 in
864 3698 1120 3754 comitatu
1168 3707 1363 3763 erant,
1414 3708 1468 3753 et
1513 3713 1694 3753 rerum

80 3790 245 3873 apud.
272 3791 666 3861 imperatorem
711 3790 1095 3861 potiebantur,
1146 3789 1403 3845 Basilium
1445 3790 1689 3859 scilicet,

83 3890 141 3935 ut
168 3882 517 3954 Nicephorus
546 3884 780 3954 explicat
804 3924 820 3950 ,
848 3882 1073 3955 ejusque
1094 3883 1273 3939 socios
1304 3883 1401 3955 (b).
1426 3881 1537 3939 Nec
1564 3899 1697 3939 vero

81 3977 417 4031 sententiam
448 3976 587 4032 hanc
616 3991 789 4031 meam
817 3985 1063 4032 evertere
1084 3976 1324 4039 videtur,
1357 3979 1501 4047 quod
1553 3974 1698 4031 idem

79 4067 329 4135 pontifex
359 4068 587 4126 Ursacio
620 4069 818 4133 etiam,
864 4074 920 4123 et
958 4066 1174 4122 Valenti
1218 4066 1537 4139 scripserit,
1578 4068 1693 4124 Sir-

80 4158 317 4216 miensis
384 4161 502 4231 ejus
548 4160 899 4232 blasphemiae
940 4160 1251 4217 auctoribus
1310 4172 1364 4217 et
1411 4160 1696 4217 asserturi-

80 4250 182 4306 bus
208 4272 222 4306 ;
251 4269 379 4309 cum
400 4254 546 4311 enim
574 4255 730 4309 istam
759 4265 883 4309 tunc
905 4253 939 4308 ii
964 4262 1343 4320 revocasscnt,
1366 4263 1417 4309 et
1444 4252 1692 4309 eamdem

78 4359 202 4399 eum
240 4346 476 4414 Basilio,
507 4346 828 4417 exterisque
869 4345 1218 4402 Semiarianis
1246 4345 1405 4401 fidem
1452 4344 1694 4415 profiteri

79 4439 255 4494 coacti
292 4439 560 4506 fuissent,
594 4440 737 4494 nulla
800 4445 921 4494 erat
970 4448 1156 4509 aperta
1207 4440 1344 4493 ratio
1405 4452 1503 4493 cur
1549 4436 1693 4493 idem

76 4535 331 4603 pontifex
354 4577 369 4601 ,
408 4534 498 4606 qui
538 4534 905 4592 Orientalibus
945 4534 1283 4603 scripserat,
1321 4548 1508 4589 eorum
1539 4531 1695 4589 Occi-

74 4625 387 4685 dentalium
414 4631 576 4687 etiam
597 4673 609 4695 ,
644 4645 871 4700 quorum
895 4645 1088 4701 magna
1120 4639 1237 4685 erat
1260 4630 1400 4699 apud
1429 4630 1694 4685 Constan-

74 4722 212 4777 tium
241 4724 423 4794 gratia
443 4766 458 4790 ,
486 4739 550 4779 ac
577 4723 768 4779 eadem
797 4732 923 4778 tunc
950 4740 1071 4779 eum
1103 4721 1317 4779 meteris
1348 4722 1511 4790 ﬁdes,
1543 4737 1694 4778 com-

73 4816 405 4873 munionem
434 4808 681 4889 refugere
724 4816 1022 4873 debuisset.
1054 4816 1193 4872 Hine
1229 4831 1356 4873 vero
1394 4815 1650 4887 intelligis
1672 4856 1688 4883 ,

75 5000 248 5069 [orme
277 5018 391 5056 aua:
413 5004 622 5058 anciens
651 5012 972 5057 monuments
1013 5001 1142 5055 dans
1176 5000 1247 5055 les
1273 4998 1581 5069 Fragments
1606 4997 1687 5053 ‘de

75 5018 248 5069 [orme
277 5018 391 5056 ana:
413 5020 622 5058 anetens
651 5018 972 5057 monuments
1013 5018 1142 5055 aans
1176 5018 1247 5055 ιεε
1273 5018 1382 5053 rra
1421 5018 1572 5053 metut

75 5072 141 5128 S.
163 5071 401 5145 Hilaire
429 5116 441 5129 .
474 5116 488 5129 .
525 5116 538 5128 .
570 5075 698 5130 Hzre
725 5076 997 5145 exscripta
1025 5088 1094 5129 ex
1123 5072 1352 5127 Dissert.
1382 5018 1436 5139 ἕ,
1460 5068 1489 5141 §
1516 5070 1572 5126 3.

148 5144 237 5215 (a)
285 5144 515 5218 Philust.
545 5147 640 5201 lib.
672 5163 745 5211 tv,
765 5162 885 5218 eap.
912 5144 968 5203 9.

150 5220 239 5289 (Ab)
285 5215 512 5289 ﬁiceph.
542 5218 636 5272 lib.
668 5234 723 5272 tx
750 5259 764 5283 ,
796 5215 915 5289 cap.
948 5218 1039 5276 37.

156 5286 236 5411 (9
284 5286 452 5343 Libft
476 5333 491 5357 ,
520 5306 637 5358 cap.
661 5289 752 5372 2'7:

156 5360 170 5411 l
224 5362 241 5411 l
290 5359 445 5411 Hune
467 5360 752 5411 Sozomem

150 5356 241 5429 (ἆ)
290 5359 445 5414 Hunc
467 5356 753 5418 Sozomeni
780 5360 956 5415 locum
979 5401 995 5426 ,
1024 5359 1229 5416 nefarie
1250 5368 1429 5413 tamen
1452 5356 1700 5429 falsatum

74 5427 386 5499 exscripsit
416 5431 694 5487 Graeculus
719 5432 829 5496 ille,
849 5434 1001 5498 cujus
1028 5442 1202 5486 exstat
1234 5432 1393 5483 variis
1417 5429 1470 5483 iu
1504 5427 1696 5483 biblio-

77 5502 267 5575 thecis
292 5501 579 5575 rhapsodia
602 5503 848 5575 quaedam
872 5504 975 5559 sub
995 5504 1258 5559 ementito
1276 5500 1451 5554 Photii
1478 5502 1699 5565 patriar-

75 5571 197 5646 cha:
230 5571 493 5634 nomine.
519 5591 582 5631 ac
608 5571 709 5629 sub
750 5576 853 5629 huc
895 5575 1049 5646 titulo
1085 5594 1094 5621 τ
1121 5576 1415 5646 iuvar/anui
1454 5575 1542 5626 καὶ
1572 5575 1699 5646 duro.

77 5641 271 5709 δείξεις
322 5646 546 5721 ἀκριϐῶς
575 5648 951 5721 συνειλεγμέναι
974 5644 1030 5701 ἔκ
1069 5667 1124 5702 τε
1163 5641 1461 5721 συνὸδίκών,
1489 5646 1577 5697 καί
1615 5644 1699 5721 εστ

72 5725 311 5805 ςορικῶν
334 5715 537 5805 γροιφῶν
556 5724 676 5795 περὶ
704 5715 1026 5805 imarum-raw:
1054 5721 1140 5773 καὶ
1176 5715 1590 5805 μητοοπρλιτῶν,
1617 5716 1702 5770 καὶ

71 5786 282 5844 λοιπῶν
336 5786 522 5863 irép’m
542 5786 818 5865 ἀνάγχαίων
838 5835 852 5858 ,
883 5786 1337 5851 Ἐκκλησιαισίτικῶν
1372 5789 1699 5863 ζητημάτων.

628 5886 898 5948 Paxaea.
964 5884 1136 5951 XIII.

1724 4593 1775 4653 D

1798 3218 1905 3272 sius
1932 3259 1947 3283 ,
1979 3219 2066 3289 qui
2096 3220 2360 3289 prwcipua
2398 3222 2542 3289 apud
2580 3222 2750 3290 ipsum
2778 3226 3083 3279 auctoritate
3117 3228 3400 3298 pollebant.

1806 3314 2052 3381 Quicum
2099 3331 2194 3379 ea,
2236 3331 2351 3383 qua:
2395 3326 2573 3370 contra
2620 3315 2846 3371 Paulum
2888 3317 3320 3389 Samosatenum,
3353 3333 3405 3378 et

1799 3414 1979 3460 contra
2025 3405 2306 3461 P/totinum
2351 3408 2647 3478 episcopum
2680 3408 2861 3465 Sirmii
2904 3410 3109 3468 decreta
3153 3414 3402 3483 (iterant,

1803 3516 1863 3554 ac
1889 3512 2136 3570 praeterea
2162 3500 2282 3568 [idei
2310 3503 2588 3572 formulam
2615 3508 2667 3557 in
2697 3503 3018 3560 dedicatione
3046 3506 3403 3565 Antiochensis
3452 3544 3460 3551 -

1801 3593 2028 3650 basilica’
2052 3594 2243 3649 editam
2269 3637 2284 3662 ,
2324 3595 2378 3649 in
2423 3613 2582 3649 unum
2611 3606 2730 3652 tunc
2761 3596 2992 3652 libellum
3021 3602 3359 3675 conjecissent
3386 3644 3401 3670 ,

1801 3689 2014 3757 perinde
2043 3690 2191 3759 quasi
2219 3687 2429 3759 quidam
2451 3689 2544 3743 sub
2568 3689 2770 3744 obtentu
2799 3690 3031 3747 vocabuli
3066 3695 3406 3751 consubstan-

1798 3786 1937 3841 tialis
1978 3788 2243 3857 propriam
2288 3783 2526 3841 hwresim
2566 3788 2796 3844 stabilire
2839 3802 3182 3859 conarentur,
3226 3793 3406 3861 effece-

1800 3889 1919 3933 runt
1958 3889 2011 3933 ut
2054 3878 2289 3934 Liberius
2329 3888 2375 3933 et
2418 3880 2767 3946 Athanasius,
2802 3881 3097 3938 Alexander
3122 3924 3137 3951 ,
3169 3884 3406 3941 Severia-

1801 3989 1897 4028 nus
1933 3983 1981 4028 et
2022 3970 2265 4027 Crescens
2305 3971 2497 4043 Africa:
2533 3974 2765 4043 episcOpi
2812 3975 2859 4029 ei
2912 3977 3151 4047 formula:
3188 3994 3404 4033 consen-

1800 4068 1970 4122 tirent.
1995 4066 2372 4121 Consenserunt
2402 4067 2595 4137 pariter
2629 4067 2878 4123 Ursacius
2903 4079 2950 4124 et
2974 4069 3269 4125 Germinius
3292 4074 3402 4142 epi-

1799 4176 1987 4234 scOpus
2038 4159 2260 4225 Sirmii,
2323 4170 2370 4214 et
2423 4159 2614 4216 Valens
2652 4160 2889 4228 Marsae,
2938 4174 2986 4217 et
3027 4176 3276 4235 quotquot
3338 4184 3403 4223 ea:

1805 4253 2028 4307 Orientis
2055 4252 2285 4325 partibus
2312 4252 2525 4307 aderant
2551 4254 2794 4323 episcOpi.
2825 4254 2932 4309 Sed
2959 4264 3006 4308 et
3026 4259 3401 4328 confessionem

1799 4366 1832 4403 a
1861 4347 2064 4403 Liberio
2107 4346 2330 4402 vicissim
2372 4358 2702 4415 susceperunt
2729 4388 2744 4413 ,
2784 4363 2888 4415 qua
2917 4365 3002 4404 eos
3026 4390 3042 4416 ,
3074 4352 3164 4420 qui
3199 4349 3402 4411 Filium

1801 4440 2088 4496 substantia
2113 4449 2159 4493 et
2200 4456 2291 4510 per
2321 4444 2491 4493 omnia
2527 4437 2675 4494 Patri
2717 4440 2939 4496 similem
2969 4459 3072 4497 non
3113 4462 3221 4503 esse
3263 4466 3406 4506 asse-

1800 4542 1969 4587 rerent
1993 4572 2009 4597 ,
2047 4531 2241 4585 alienos
2287 4532 2349 4586 ab
2380 4528 2613 4586 Ecclesia
2643 4533 3007 4600 pronuntiabat
3054 4535 3255 4609 (d).....
3300 4540 3400 4599 liis

1804 4644 1893 4699 per
1942 4627 2132 4698 legatos
2182 4624 2588 4680 Occidentalium
2632 4627 2880 4698 confectis
2904 4669 2919 4694 ,
2966 4629 3250 4693 imperator
3289 4634 3399 4692 Ra-

1802 4737 1939 4775 mam
1972 4717 2220 4773 redeundi
2251 4727 2547 4787 potestatem
2574 4717 2715 4789 fecit.
2753 4717 3089 4791 Scripserunt
3118 4726 3272 4782 etiam
3293 4729 3402 4801 epio

1800 4812 1987 4885 scopi,
2037 4809 2125 4881 qui
2181 4809 2433 4866 Sirmium
2487 4819 2827 4865 convenerant
2873 4812 2943 4867 ad
2991 4812 3263 4888 Felicem,
3310 4822 3399 4891 qui

2467 4994 2753 5055 Ερὼτησις.

2467 5014 2503 5047 ελ
2541 5015 2753 5055 mna-te.

1868 5066 1945 5125 Ἐν
1978 5070 2151 5128 ποίοις
2174 5068 2429 5140 φαίνονται
2461 5014 2801 5144 πεπραχότες
2831 5068 2877 5124 οἱ
2902 5067 3137 5143 Ῥωμαῖοι
3173 5076 3397 5152 impauid-

1793 5157 1932 5217 ’γωςς
2457 5208 2492 5225 ,ι
2560 5208 2570 5225 ,

2467 5218 2767 5284 ᾼπὸκριᾳις.

1874 5283 1987 5342 Ἐπὶ
2014 5286 2365 5359 timaram-ian
2392 5282 2627 5359 ALGSPALOL:
2658 5282 2684 5337 ὁ
2710 5282 2904 5359 Ῥώμης
2928 5287 3061 5359 μιτὰ
3086 5294 3177 5349 τήν
3212 5292 3265 5346 ἐκ
3303 5305 3398 5359 τῆς

1806 5358 2087 5437 ὑπερορίας
2124 5353 2363 5412 ἐπάνοδον
2383 5394 2398 5419 ,
2431 5362 2493 5437 rufi
2518 5350 2581 5437 ’ἐν
2612 5350 2897 5437 ’Λνξιοχξεὶῗι
2925 5350 3181 5437 inﬂeris-3r;
3223 5350 3399 5424 πίστξὶ

1801 5413 2079 5506 emisisse
2097 5447 2370 5517 συνῃνξσεγ
2386 5413 2406 5452 ⁷·
2440 5413 2492 5478 εὖ
2514 5425 2659 5512 μέρει
2687 5423 2742 5512 δὲ
2772 5413 3042 5515 spolior/ictu
3065 5413 3215 5517 ,πάρ’
3239 5413 3397 5493 αὐτο-δ

1801 5497 2388 5572 incuuarre-onward;
2417 5516 2470 5572 rs
2495 5497 2814 5572 _6_‘A_'yr.iipae
2884 5500 2970 5551 καὶ
3017 5497 3289 5572 βύστᾶθιος
3320 5519 3405 5564 Σε..

1805 5565 2071 5633 ϐαὰτείας.
2099 5568 2357 5643 ἕτιγεᾳμήν
2384 5570 2471 5620 καὶ
2495 5565 2773 5629 Ἐλεύσειος
2796 5565 3404 5643 ἀποκηρύττουσανίτοὺς

1802 5650 1875 5717 μή
1901 5645 2031 5700 κατὰ
2056 5638 2223 5719 narres;
2241 5638 2563 5719 ’Λξοιιιφιῳι
2590 5642 2850 5719 refigi-arpi
2892 5638 2977 5693 τὸν
3002 5640 3114 5696 Υἱὸν
3143 5638 3405 5719 λέγονταςξ

1804 5706 1890 5777 διαὶ
1908 5723 2001 5778 τῆς
2026 5715 2283 5776 κοινωνίας
2304 5711 2359 5769 δὲ
2388 5712 2552 5768 αὐτῶν
2577 5706 2641 5764 οὐκ
2658 5706 2944 5767 Stin-"atros.

2730 5859 2812 5925 10
