3950 6330
165 225 258 284 ὃῦὶ

166 337 514 411 singularisua
542 335 805 393 modestia
833 336 1030 408 inquit,
1054 337 1171 393 viro
1184 335 1401 409 dignam
1428 339 1530 412 (a).

228 432 335 489 Cur
356 446 484 487 vero
512 430 590 486 sic
614 429 960 496 dubitaverit,
992 428 1196 487 faciunt
1232 433 1345 487 haec
1372 447 1540 502 pauca
1559 474 1572 498 ,
1622 448 1744 505 quae

157 530 259 599 jam
299 527 521 582 recitata
549 533 698 593 sunt,
729 522 1015 580 Sozomeni
1046 525 1209 580 verba
1234 545 1246 577 :
1273 525 1573 581 Convocatis
1603 525 1745 583 Con-

158 620 378 677 stantius
402 620 775 687 sacerdotibus,
803 624 891 692 qui
918 623 973 676 in
1001 620 1259 677 Comitatu
1282 632 1448 688 erant,
1485 621 1745 676 Liberium

159 714 298 782 coepit
340 714 665 784 compellere,
716 723 772 766 ut
811 712 1011 769 Filium
1037 713 1215 769 Patris
1241 731 1344 770 non
1372 729 1497 770 esse
1524 712 1746 771 consub-

155 807 438 863 stantialem
490 807 837 878 proﬁteretur.
887 808 1168 877 Siquidem
1202 824 1262 863 ea
1291 808 1369 863 sic
1418 809 1635 877 accipit,
1686 816 1743 863 ut

151 898 420 956 Liberium
458 899 656 955 nedum
705 899 973 954 homousii
1018 899 1410 970 prolessionem
1461 900 1740 967 deserere,

150 1010 332 1051 verum
365 994 528 1049 etiam
555 993 687 1049 illud
719 994 894 1063 palam
926 994 1175 1049 damnare
1203 1009 1231 1048 a
1265 993 1590 1050 Constantio
1617 1008 1741 1049 coa-

148 1096 283 1145 ctum
311 1096 486 1156 putet.
512 1085 642 1145 Erat
669 1101 799 1141 vero
819 1100 1002 1153 causa,
1032 1095 1090 1141 ut
1114 1085 1440 1155 suspicatur,
1487 1101 1583 1141 cur
1633 1086 1736 1140 im«

148 1190 357 1252 perator
388 1179 444 1235 id
473 1180 658 1235 vellet.
690 1178 823 1234 Nam
847 1180 890 1233 si
912 1178 1163 1242 Basilius,
1197 1178 1398 1250 aliique
1418 1179 1738 1235 Semiariani

146 1275 191 1329 in
212 1270 507 1346 Ancyrano
533 1283 807 1328 conventu
837 1272 960 1327 huic
994 1270 1112 1326 voci
1158 1273 1434 1328 anathema
1465 1271 1735 1339 dixerant,

143 1368 183 1425 si
207 1366 517 1423 Constantii
538 1367 778 1423 animum
812 1378 939 1423 tunc
963 1367 1333 1437 possidebant,
1385 1384 1447 1424 ac
1492 1369 1738 1425 modera-

141 1461 355 1526 bantur,
380 1461 499 1517 ﬁeri
530 1462 692 1516 etiam
718 1462 874 1517 facile
898 1462 1091 1533 potuit,
1150 1469 1207 1517 ut
1252 1470 1559 1530 temporum
1585 1464 1738 1519 beni-

138 1554 360 1625 gnitate,
386 1560 550 1624 atque
594 1552 837 1624 eiusdem
886 1554 1232 1625 imperatoris
1273 1554 1601 1610 auctoritate
1652 1555 1737 1611 usi

137 1651 255 1715 sint,
283 1660 345 1705 ut
376 1664 501 1705 eum
530 1646 838 1721 pontiﬁcem
867 1646 922 1703 in
957 1648 1096 1703 hanc
1151 1649 1475 1703 sententiam
1522 1655 1731 1717 pertrao

1538 223 2073 293 PROLEGOMENA.

1775 347 1827 406 Α
1854 341 2075 408 simum,
2109 355 2173 399 ac
2192 342 2535 401 manifestum
2557 354 2711 418 puto.
2747 347 2969 405 Constat
2995 350 3140 407 enim
3188 352 3448 413 Basiliam
3505 401 3509 405 .

3345 237 3452 296 509

1846 434 2191 507 Ancyranum
2218 436 2608 495 subscribenda
2636 445 2992 513 proposuisse
3035 462 3097 501 ea
3124 464 3241 517 quae
3272 461 3452 508 contra

1847 527 2074 591 Paulum
2097 529 2515 599 Samosatenum,
2548 543 2596 588 et
2618 547 2797 589 contra
2822 534 3107 593 Pltotinum
3128 542 3444 617 episwpum,

1846 622 2029 677 Sirmii
2055 624 2259 678 decreta
2286 624 2516 695 fuerant,
2547 643 2607 681 ac
2631 639 2882 696 prieterea
2920 632 3043 699 ﬁdei
3070 635 3350 703 formulam
3392 638 3449 693 in

1845 713 2168 770 dedicatione
2190 716 2547 773 Antiochensis
2579 717 2827 777 Ecclesia?
2861 722 3071 790 editam,
3123 741 3229 780 una
3283 728 3445 786 simul

1845 809 2143 879 scriptione
2190 813 2509 882 conjuncta,
2543 824 2705 884 atque
2748 817 2895 872 aliud
2952 820 3108 875 nihil.
3139 822 3280 888 Quid
3314 840 3445 882 vero

1845 899 1970 956 hinc
1989 902 2215 974 colligas
2241 904 2384 960 haud
2411 909 2702 964 obscurum
2731 917 2835 966 est.
2866 912 2920 966 Si
2950 914 3095 968 enim
3124 913 3443 975 Sirmiensis

1842 1008 1962 1048 cum
1988 994 2257 1065 adjunctis
2287 999 2756 1057 anathematismis
2781 1043 2796 1067 ,
2850 1003 2895 1059 si
2950 1004 3442 1077 Pitilippotiolitana

1842 1087 2001 1157 ﬁdes,
2025 1090 2069 1144 si
2098 1093 2432 1148 Antiochena
2456 1095 2563 1162 illa,
2599 1112 2718 1167 quae
2736 1108 3057 1154 exterarum
3085 1102 3348 1172 omnium,
3385 1118 3442 1161 ut

1842 1179 1915 1234 ita
1941 1180 2141 1249 dicam,
2165 1181 2285 1240 fons
2316 1194 2370 1240 et
2394 1187 2544 1257 origo
2590 1201 2673 1243 est
2703 1230 2719 1256 ,
2763 1190 3104 1247 homteusium
3154 1195 3445 1254 adstruunt

1840 1274 2142 1341 dumtaxat,
2168 1279 2494 1336 Itomousium
2524 1298 2656 1338 vero
2694 1300 3023 1358 quamquam
3072 1292 3436 1361 supprimant,

1839 1368 2063 1426 minime
2092 1370 2348 1427 damnant
2374 1376 2466 1447 (ρ),
2495 1390 2593 1431 nec
2611 1376 2843 1434 Basilius
2864 1379 3057 1444 voluit,
3086 1393 3193 1438 uta
3217 1382 3438 1440 Liberio

1838 1475 1902 1516 ea
1937 1478 2038 1516 vox
2062 1462 2434 1533 damnaretur,
2462 1482 2563 1524 nec
2587 1484 2705 1524 eam
2734 1469 3012 1526 Liberium
3044 1472 3335 1532 damnasse
3357 1477 3439 1533 vi-

1839 1550 1954 1608 deri
1989 1563 2186 1624 potest,
2220 1555 2315 1612 sed
2344 1558 2489 1615 nudo
2525 1561 2819 1618 involvisse
2850 1562 3113 1632 silentio;
3163 1584 3283 1638 quae
3333 1587 3439 1627 una

1838 1656 1957 1701 erat
1982 1649 2176 1705 oblata:
2205 1664 2267 1705 ac
2299 1652 2366 1706 ab
2389 1670 2455 1709 eo
2479 1657 2817 1713 conﬁrnratte
2844 1657 3092 1716 formulae
3119 1662 3222 1717 vis.

137 1749 347 1803 herent.
385 1744 559 1801 Unum
584 1753 763 1801 tamen
793 1753 898 1806 est,
924 1743 1069 1815 quod
1094 1742 1500 1806 Tillemontium
1546 1759 1609 1798 ea
1660 1742 1729 1799 de
1758 1742 1805 1802 B
1904 1737 2084 1796 Unum
2112 1750 2289 1801 tamen
2313 1745 2503 1814 video,
2534 1748 2676 1820 quod
2712 1765 2779 1805 ex
2807 1749 3111 1808 Sozomeno
3132 1754 3250 1823 ipso
3278 1753 3439 1824 objici

136 1856 187 1896 re
209 1839 439 1895 dubium
461 1837 647 1906 habet,
674 1844 837 1907 atque
858 1836 992 1891 illud
1015 1848 1120 1904 εει,
1150 1836 1291 1906 quod
1323 1836 1573 1901 Basilius,
1603 1836 1727 1891 alii-

135 1948 227 2004 que
248 1933 561 2002 Aucyranaa
580 1930 772 2003 synodi
802 1929 957 2001 legati
991 1930 1265 1985 anathema
1285 1928 1418 1983 illud
1445 1928 1583 1984 clam
1606 1944 1731 1986 esse

135 2036 384 2095 oportere
415 2034 739 2090 statuerant,
771 2031 933 2093 atque
967 2022 1067 2078 hoc
1089 2022 1366 2078 decretum
1403 2021 1471 2077 ab
1499 2021 1583 2088 iis,
1608 2037 1730 2092 qua:

131 2119 305 2174 Sirmii
341 2119 697 2190 promulgat-.1:
721 2126 866 2185 sunt,
900 2116 1311 2172 deﬁnitionibus
1333 2126 1724 2186 expunxerant.

132 2210 387 2267 Rationes
412 2210 630 2277 deinde,
665 2223 761 2264 seu
790 2208 1130 2277 conjecturas
1154 2208 1342 2275 all‘ert,
1370 2208 1440 2262 ob
1470 2223 1604 2280 quas
1633 2224 1727 2264 eos

131 2313 338 2373 captata
364 2303 768 2373 Opportunitate
791 2301 856 2356 ab
880 2301 1128 2356 instituto
1161 2300 1255 2357 illo
1281 2300 1512 2355 consilio
1544 2314 1728 2355 reces-

130 2400 285 2462 sisse,
318 2413 382 2453 ac
411 2398 610 2454 liberas
655 2396 832 2452 eidem
872 2397 1186 2451 anathemati
1245 2395 1480 2449 habenas
1517 2395 1727 2450 laxasse

131 2504 350 2559 censet;
386 2495 560 2562 primo
590 2492 715 2563 quia
748 2490 984 2546 Hilarius
1010 2489 1219 2556 scribit,
1250 2488 1557 2555 Ursacium,
1620 2489 1724 2543 Va-

131 2586 325 2643 lentem
359 2595 414 2642 et
439 2585 775 2642 Germinium
804 2583 873 2638 ab
899 2583 1093 2638 eodem
1144 2582 1347 2637 Basilio
1401 2582 1721 2652 postulasse,

129 2690 181 2735 ut
204 2681 481 2751 legeretur
509 2679 738 2749 epistola
761 2678 829 2734 de
851 2678 1103 2733 homousii
1130 2687 1174 2731 et
1202 2676 1469 2732 homwusii
1522 2678 1725 2747 exposi-

128 2777 491 2846 tione;quam
517 2773 664 2828 illam
695 2773 868 2844 ipsam
910 2788 1032 2827 esse
1078 2771 1328 2842 opinatur
1376 2773 1458 2825 vir
1508 2771 1719 2837 doctus,

128 2886 244 2941 quae
275 2872 339 2923 ah
372 2869 662 2941 Ancyrana
712 2867 921 2939 synodo
952 2868 1153 2936 scripta
1179 2866 1372 2931 fuerat,
1401 2866 1469 2920 ab
1488 2865 1725 2935 Epipha-

129 2965 210 3020 nio
243 2965 469 3019 recitata
498 2960 599 3033 (ὁ),
632 2977 693 3016 ac
724 2961 1067 3015 Itontwtisium
1086 2975 1358 3025 asserens,
1396 2959 1721 3014 homonsium

129 3057 471 3112 anathemate
502 3054 935 3124 proscripserat;
968 3052 1205 3107 secundo
1242 3052 1365 3121 quia
1414 3051 1723 3106 Vielorinus

1834 1829 2097 1889 adversus
2130 1834 2268 1892 hanc
2298 1841 2621 1894 sententiam
2652 1841 2790 1897 forte
2820 1853 3023 1912 posset.
3057 1844 3359 1910 Eudoxius,
3385 1857 3446 1902 ut

1834 1922 2025 1982 haeresi
2060 1937 2184 1984 tunc
2214 1933 2516 2003 erumpenti
2541 1943 2799 2005 patronos
2826 1949 3093 2006 quareret
3116 1978 3133 2004 ,
3165 1939 3218 1993 in
3250 1940 3445 2009 vulgus

1831 2033 2136 2088 sparserat,
2167 2022 2440 2080 Liberium
2474 2036 2530 2082 et
2563 2026 2938 2084 Occidentales
2970 2042 3082 2084 tum
3111 2031 3440 2088 liomousium

1831 2110 2116 2181 rejecisse,
2151 2124 2259 2170 tum
2302 2128 2563 2188 praeterea
2593 2122 2838 2176 conliteri
2873 2119 3073 2178 Filium
3110 2121 3257 2178 Patri
3288 2125 3445 2179 dissi-

1830 2204 2021 2259 milem.
2053 2206 2215 2263 Vides
2246 2208 2428 2278 itaque
2452 2210 2724 2282 bicipitem
2749 2227 2871 2268 esse
2900 2215 3251 2272 calumniam.
3302 2217 3442 2285 Quid

1829 2311 1960 2352 vero
1986 2297 2273 2354 Liberius?
2294 2299 2401 2357 Eos
2426 2304 2512 2374 qui
2542 2301 2590 2357 F
2594 2305 2743 2359 ilium
2769 2307 3054 2361 secundum
3079 2309 3441 2380 substantiam,

1829 2400 1873 2445 et
1900 2409 1990 2463 per
2019 2395 2190 2449 omnia
2226 2395 2372 2450 Patri
2393 2399 2612 2455 similem
2640 2416 2743 2455 non
2770 2418 2877 2456 esse
2902 2415 3214 2471 assererem,
3247 2407 3444 2463 alienos

1827 2485 1891 2540 ab
1934 2485 2168 2543 Ecclesia
2207 2493 2507 2560 pronuntiat
2542 2492 2645 2566 (ά).
2680 2492 2814 2549 Cum
2859 2495 3039 2567 itaque
3081 2513 3184 2553 una
3233 2508 3440 2556 tantum

1829 2578 2097 2636 Itomwusii
2141 2583 2478 2652 professione
2517 2602 2640 2641 eum
2684 2588 2993 2656 pontiﬁcem
3039 2604 3161 2646 sese
3210 2607 3444 2663 purgan-

1830 2679 1935 2726 tem
1970 2673 2187 2743 videas,
2218 2676 2372 2731 alteri
2411 2678 2699 2735 calumniae
2734 2681 2896 2750 capiti
2931 2682 3072 2736 latus
3109 2685 3337 2754 praebet.
3369 2686 3444 2743 At

1828 2762 1931 2820 hoc
1953 2765 2173 2821 minime
2196 2782 2418 2824 necesse
2440 2778 2544 2836 est,
2570 2778 2630 2825 ut
2654 2770 2933 2828 dicamus:
2958 2771 3239 2828 Eudoxius
3267 2778 3438 2844 enim,

1828 2856 1917 2926 qui
1964 2865 2196 2928 utraque
2236 2874 2368 2916 voce
2406 2861 2653 2916 eamdem
2698 2862 2928 2932 exprimi
2968 2875 3023 2920 et
3068 2868 3237 2921 asseri
3279 2869 3443 2925 ﬁdem

1829 2949 2022 3004 merito
2049 2951 2411 3023 intelligebat,
2445 2955 2767 3009 Itomousium
2808 2972 2962 3026 teque
2994 2972 3057 3012 ac
3100 2960 3440 3017 homwusium

1828 3044 2257 3112 proscripserat,
2287 3056 2451 3115 atque
2482 3048 2533 3100 in
2568 3048 2689 3117 ejus
2714 3050 2955 3104 criminis
2985 3054 3299 3107 societatem
3342 3053 3439 3108 Li-

44 3168 47 3171 ·
128 3165 220 3207 nos
253 3150 413 3205 docet
440 3148 669 3219 scriptas
701 3145 767 3199 ab
791 3144 1160 3199 Orientalibus
1198 3142 1262 3197 ad
1310 3142 1467 3198 Afros
1492 3143 1718 3207 litteras,
1748 3139 1794 3203 ί]
1826 3134 2033 3190 berium
2088 3136 2222 3192 falso
2260 3139 2621 3196 advocaverat
2660 3158 2673 3194 :
2715 3140 2768 3195 id
2809 3142 2970 3211 igitur
3013 3150 3139 3199 tunc
3176 3146 3437 3216 agebatur

130 3254 181 3297 ut
202 3242 239 3297 ii
271 3256 390 3296 cum
413 3238 779 3295 Orientalibus
826 3237 1095 3301 omnibus,
1130 3245 1183 3291 et
1218 3236 1360 3290 Afris
1408 3236 1538 3305 ipsis
1561 3277 1576 3300 ,
1629 3236 1720 3306 qui

128 3336 199 3393 sic
227 3344 553 3401 statuerant,
586 3332 909 3387 liamousium
936 3331 1005 3386 ab
1038 3328 1278 3385 Ecclesia
1325 3330 1606 3399 ejicerent,
1656 3344 1721 3385 ac

130 3429 189 3485 iis
218 3429 411 3485 litteris
441 3443 548 3484 non
572 3429 810 3482 rationes
832 3441 859 3477 a
889 3440 1039 3479 saera
1065 3425 1345 3492 Scriptura
1378 3424 1594 3492 petitas,
1622 3422 1719 3478 sed

128 3523 406 3595 jussioues,
440 3533 496 3577 et
522 3521 696 3577 minas
724 3520 1007 3591 adjunctas
1063 3519 1226 3573 fuisse
1258 3518 1406 3573 dolet
1437 3534 1451 3583 ;
1499 3532 1624 3572 nam
1671 3517 1719 3573 si

133 3632 333 3683 omnes,
364 3624 424 3673 ut
457 3615 711 3678 vidimus,
748 3615 836 3669 uni
865 3612 1149 3683 eidemque
1181 3612 1426 3667 formulae
1474 3628 1596 3668 cum
1629 3612 1717 3667 Li-

132 3710 275 3767 berio
297 3710 752 3781 subscripserant,
784 3707 924 3762 idem
945 3706 1189 3776 profecto
1215 3706 1280 3760 de
1305 3705 1557 3763 omnibus
1575 3705 1719 3773 judi-

136 3804 264 3859 cium
296 3818 417 3860 esse
442 3801 604 3857 debet
637 3817 651 3866 ;
683 3809 735 3855 et
766 3800 809 3855 si
834 3798 952 3854 Afri
980 3800 1219 3869 epiSCOpi
1248 3840 1263 3866 ,
1316 3808 1371 3854 et
1411 3798 1719 3854 Orientales

139 3898 445 3951 homonsium
466 3896 535 3950 ab
568 3892 813 3950 Ecclesia
852 3901 980 3949 tunc
1014 3893 1397 3962 proscripsisse
1417 3893 1545 3947 dicti
1569 3900 1715 3958 sunt,

138 3990 270 4045 nulla
289 3987 471 4044 aﬁ'erri
504 3987 641 4042 ratio
665 3994 866 4056 potest,
889 4000 985 4041 cur
1006 3986 1074 4039 ab
1114 3998 1179 4039 eo
1210 3984 1439 4039 crimine
1471 3983 1719 4040 Liberius

138 4070 440 4153 excipiatur.

204 4177 289 4233 Ha:
319 4178 481 4247 igitur
512 4184 637 4230 sunt
659 4189 859 4241 causaz,
894 4174 963 4228 ob
984 4188 1121 4244 quas
1147 4173 1229 4227 vir
1258 4173 1349 4228 ille
1379 4173 1718 4229 accuratissi-

140 4288 247 4329 mus
272 4288 386 4329 rem
416 4273 557 4326 hanc
586 4271 637 4324 in
662 4269 872 4325 incerto
902 4269 1215 4338 relinquere
1246 4269 1401 4322 visus
1436 4279 1547 4334 est;
1600 4285 1717 4338 quae

143 4374 321 4435 tamen,
363 4374 425 4421 ut
463 4366 516 4419 in
568 4371 756 4433 aperta
813 4362 930 4417 luce
980 4362 1239 4418 collocari
1296 4363 1485 4431 possit,
1544 4360 1717 4431 primo

142 4459 534 4531 disquirendum
578 4474 615 4513 a
651 4474 737 4513 me
767 4464 849 4513 est
877 4498 891 4523 ,
938 4456 1065 4526 quid
1102 4456 1440 4511 Sozomenus
1478 4454 1716 4512 recitatis

1822 3228 2135 3295 dumtaxat,
2170 3240 2226 3284 ut
2251 3230 2394 3286 idetn
2428 3233 2669 3304 pontifex
2700 3234 2857 3290 ﬁdem
2888 3237 3209 3292 catholicam
3240 3239 3435 3296 adver—

1821 3334 1913 3377 Sus
1950 3319 2184 3377 Eudoxii
2223 3323 2381 3379 dolos
2419 3338 2721 3393 assereret,
2751 3329 3130 3401 vulgatamque
3168 3331 3435 3391 adversus

1822 3428 1882 3469 se
1906 3415 2231 3470 calumniam
2262 3433 2512 3473 eversum
2554 3421 2675 3476 iret.
2710 3421 2766 3475 Id
2796 3438 2926 3478 vero
2958 3439 3081 3479 cum
3109 3437 3291 3495 aperta
3328 3442 3432 3493 una

1821 3504 2112 3562 homoeusii
2141 3507 2480 3578 professione
2521 3511 2735 3566 abunde
2793 3528 3260 3586 consequeretur,
3320 3529 3430 3573 tum

1820 3600 1959 3670 apud
1990 3600 2355 3671 Eudoxianos,
2384 3613 2495 3659 tum
2521 3606 2662 3676 apud
2694 3606 2841 3677 ipsos
2870 3609 3031 3663 etiam
3063 3608 3375 3669 Catholicos
3411 3656 3427 3682 ,

1820 3694 2013 3763 quibus
2061 3702 2188 3750 tunc
2234 3698 2492 3765 temporis
2525 3714 2627 3754 una
2658 3709 2777 3754 erat
2821 3702 3100 3773 utriusque
3128 3704 3308 3772 vocis,
3340 3722 3430 3760 ea-

1821 3785 2052 3857 demque
2089 3787 2349 3853 vis,niltil
2394 3806 2529 3860 Opus
2567 3793 2684 3857 fuit,
2718 3802 2776 3848 ιιι
2820 3796 2981 3849 etiam
3031 3796 3099 3851 de
3144 3797 3431 3856 hotnousio

1821 3876 2022 3947 aliquid
2054 3877 2298 3943 adderet,
2327 3889 2421 3936 aut
2441 3897 2595 3937 suam
2629 3893 2753 3940 tunc
2782 3884 3052 3955 proferret
3077 3892 3426 3949 sententiam.

1821 3968 2089 4024 Caeterum
2124 3986 2243 4025 cum
2289 3972 2559 4029 Liberium
2592 3975 2789 4031 oblata:
2840 3995 2867 4031 ιι
2916 3978 3271 4037 Setniarianis
3315 3982 3428 4040 for-

1823 4062 1981 4116 mula:
2004 4064 2428 4121 subscribentem
2450 4109 2463 4132 ,
2498 4067 2768 4124 Ananiceos
2796 4070 3078 4127 dumtaxat
3097 4073 3164 4128 ab
3185 4075 3428 4133 Ecclesia

1821 4154 2029 4210 alienos
2068 4159 2505 4226 pronuntiantem
2540 4162 2717 4227 vides,
2742 4173 2928 4232 aperte
2956 4166 3116 4219 etiam
3145 4167 3422 4237 intelligis,

1822 4247 2232 4319 homousianos,
2261 4262 2316 4307 et
2348 4256 2753 4311 hommusianos
2792 4258 2907 4328 pari
2944 4258 2995 4312 in
3021 4260 3194 4328 pretio
3216 4269 3273 4316 et
3302 4265 3422 4320 loco

1822 4343 1888 4399 ab
1920 4344 2011 4399 illo
2052 4346 2262 4401 habitos
2285 4390 2299 4415 ,
2325 4362 2389 4402 ac
2418 4350 2580 4405 etiam
2628 4367 2733 4405 non
2764 4351 2997 4408 obscure
3031 4354 3271 4427 colligis,
3302 4373 3424 4428 qua;

1820 4438 1939 4506 ejus
1968 4446 2222 4507 praeterea
2250 4441 2317 4495 de
2345 4456 2473 4497 voce
2494 4442 2606 4511 illa,
2634 4460 2755 4499 cum
2778 4443 2895 4501 haec
2923 4457 3131 4525 ageret,
3157 4454 3423 4509 sententia

144 4530 283 4609 modo
314 4552 499 4609 verbis
522 4550 776 4615 senserit,
808 4559 919 4603 tum
950 4547 1149 4603 deinde
1185 4546 1540 4617 expendenda
1586 4546 1717 4602 alla-
1743 4533 1801 4595 D
1825 4530 2004 4586 fuerit.

146 4653 293 4700 tarum
315 4645 748 4716 conjecturarum
778 4641 879 4695 vis.
906 4639 1059 4707 Quod
1088 4641 1268 4711 itaque
1291 4641 1485 4694 attinet
1515 4640 1580 4693 ad
1613 4639 1722 4709 pri-

147 4754 271 4795 mum
299 4750 457 4811 caput
483 4738 551 4793 de
579 4747 761 4793 mente
785 4749 981 4802 nempe
1012 4732 1325 4797 Sozomeni,
1374 4732 1512 4787 haud
1566 4733 1722 4802 equi-

147 4828 251 4886 dem
274 4829 563 4895 contendo,
594 4829 723 4899 quin
752 4826 1131 4891 Constantius,
1180 4839 1245 4879 ac
1291 4823 1617 4881 Semiariani
1643 4824 1717 4880 illi

146 4923 359 4993 episcorii
403 4923 681 4978 Liberium
737 4917 1193 4982 sollicitaverint,
1243 4932 1313 4971 ne
1370 4917 1718 4987 proliteretur

148 5022 209 5087 pii
230 5015 344 5075 εἶναι
360 5021 441 5075 τὸν
472 5017 585 5074 Tib»
608 5023 685 5090 τῷ
713 5016 871 5090 Πατρὶ
897 5010 1187 5084 ὁμοούσιον.
1222 5013 1292 5064 At
1335 5011 1565 5079 quaestio
1610 5018 1713 5077 est,

149 5126 252 5178 qua:
270 5115 334 5166 sit
354 5113 543 5167 horum
572 5109 867 5163 verborum
891 5104 990 5167 vis,
1020 5120 1087 5159 an
1119 5101 1329 5158 scilicet
1351 5114 1594 5172 apertam
1620 5103 1718 5157 lio-

150 5204 317 5257 mousii
346 5200 770 5264 execrationem,
794 5213 863 5251 an
887 5197 1095 5251 nudum
1134 5196 1253 5265 ejus
1309 5196 1582 5250 silentium
1622 5210 1715 5250 ex-

151 5301 610 5367 petiuminierant
638 5314 653 5362 ;
681 5304 844 5365 atque
872 5293 974 5349 hoc
1001 5306 1103 5364 ego
1146 5297 1255 5346 tota
1291 5334 1305 5356 ,
1354 5306 1513 5360 quant
1573 5288 1714 5345 idem

152 5390 449 5450 Sozomenus
475 5402 681 5459 narrat,
711 5386 839 5444 facti
866 5387 1007 5442 serie
1038 5395 1189 5440 recte
1220 5397 1509 5453 perpensa,
1543 5381 1715 5438 veris-

236 5562 281 5631 α)
304 5561 546 5624 Tillem.,
582 5560 650 5615 de
681 5557 867 5616 Arian.
894 5554 945 5627 ᾗ.
979 5551 1071 5618 74,
1101 5560 1157 5608 et
1186 5550 1383 5609 innot.
1410 5549 1499 5604 57.

230 5634 260 5687 ὁ
309 5634 442 5689 liter.
473 5634 560 5691 73.
1403 5698 1411 5705 ι

236 5635 415 5827 ᾖνίό.
447 5703 633 5760 Petav.
668 5700 735 5756 ad
763 5698 958 5770 Epiph.
990 5697 1121 5779 liter.
1155 5695 1245 5759 73,
1281 5710 1333 5764 p.
1366 5692 1494 5749 5:20.

272 5777 518 5846 )Sozom.
552 5775 645 5831 lib.
686 5789 758 5841 tv,
788 5787 906 5843 cap.
940 5771 1002 5827 l5
1032 5785 1044 5823 :
1091 5781 1152 5824 Εν
1189 5771 1331 5844 μέρει
1361 5764 1495 5825 δέκα

236 5722 258 5758 ο

230 5634 260 5711 ‘b
309 5634 442 5715 “in
473 5634 560 5733 7‘3:
703 5700 804 5756 dE
846 5699 858 5710 '
904 5698 933 5752 ιι
990 5697 1103 5752 haec
1155 5695 1225 5751 7s
1281 5710 1313 5764 p
1366 5692 1473 5749 5'20

230 5635 288 5827 fil
303 5703 645 5827 ξῖίοξιῗιῖἰὶι.
668 5717 758 5827 atv.
940 5736 1002 5827 i5
1032 5785 1044 5823 :
1190 5736 1333 5827 uinci
1361 5764 1413 5822 δέ
1432 5735 1516 5825 xuii.
1541 5763 1561 5821 ἑ

272 5764 288 5847 )
314 5778 518 5831 Sozom.
552 5775 645 5831 lib.
686 5789 758 5841 tv,
788 5764 906 5843 cap.
940 5771 1002 5827 l5
1032 5785 1044 5823 :
1078 5767 1152 5824 Ἐν
1189 5771 1331 5844 μέρει
1361 5764 1516 5825 δὲκαὶ
1541 5764 1720 5839 ὁμολο-

1904 4625 2010 4681 Sed
2037 4635 2096 4680 ut
2120 4626 2185 4682 ad
2215 4643 2359 4696 eam,
2382 4634 2467 4683 cui
2487 4646 2514 4683 a
2550 4631 2765 4688 Liberio
2794 4634 3157 4706 subscriptum
3187 4640 3423 4702 vidimus

1827 4715 2112 4773 formulam
2142 4731 2442 4777 revertatur
2470 4725 2664 4792 oratio,
2693 4727 2760 4780 ab
2791 4726 3014 4782 eruditis
3040 4736 3322 4802 quaeritur,
3357 4752 3423 4793 an

1826 4811 1921 4866 illa
1952 4822 2074 4868 tunc
2106 4816 2364 4884 tempatis
2395 4832 2459 4872 ex
2497 4818 2708 4889 integro
2748 4824 3077 4891 composita,
3106 4836 3163 4881 et
3196 4845 3424 4898 prouisa

1828 4907 2019 4977 fuerit,
2055 4925 2121 4965 an
2159 4926 2308 4979 vero,
2340 4927 2461 4982 qua:
2489 4913 2597 4983 jam
2633 4917 2949 4984 exstabant,
2981 4917 3319 4977 Autiochena
3365 4924 3422 4980 in

1826 5002 2095 5060 Encwniis
2122 5047 2135 5070 ,
2163 5017 2217 5060 et
2256 5007 2568 5063 Sirmiensis
2601 5009 2793 5063 iterum
2841 5012 3127 5083 exscripta:
3167 5016 3424 5084 simplici-

1824 5102 1909 5151 ter
1932 5138 1948 5163 ,
1992 5114 2203 5169 unaque
2239 5102 2554 5171 scriptione,
2578 5116 2792 5172 unoque
2818 5103 3001 5159 libello
3040 5107 3267 5177 alligata:
3299 5110 3425 5166 huic

1824 5190 2071 5246 Pontilici
2102 5193 2294 5248 oblatu:
2320 5195 2445 5248 sint.
2480 5194 2585 5251 Sed
2609 5195 2886 5251 observari
2924 5198 3084 5253 debet
3116 5215 3215 5272 pro
3239 5202 3313 5257 rei
3344 5202 3428 5260 di-

1824 5283 2150 5340 lucidatione
2170 5285 2565 5343 Antiochenam
2589 5289 2639 5343 in
2667 5288 2936 5345 Eneteniis
2956 5291 3139 5362 ﬁdem,
3157 5298 3425 5367 omnium,

1822 5394 1943 5450 quae
1976 5379 2171 5436 deinde
2199 5385 2513 5453 excogitata:
2549 5394 2707 5452 sunt,
2737 5385 3134 5455 expositionum
3170 5388 3373 5445 fontem
3406 5432 3426 5461 ,

1821 5552 1935 5625 γαῖαν
1968 5554 2267 5632 ἐκρμίσᾳντο
2309 5554 2455 5632 ποιρᾲ
2490 5554 2752 5632 Λιϐερίον,
2796 5558 3257 5632 ἀποκηρύττουσαν
3303 5564 3427 5626 τοὺς

1820 5626 2033 5709 διήρεσς’
2052 5625 2232 5709 oricia»
2256 5647 2311 5682 τε
2345 5625 2432 5687 nati
2469 5625 2806 5693 κατά’πὰντα
2831 5625 3007 5701 ὅμοιόν
3053 5638 3127 5703 τῷ
3155 5638 3315 5709 ﬂori-pi
3342 5625 3429 5693 re.

1835 5696 1945 5755 Υἱόν
1974 5700 2362 5772 ἀποφαίνοντας.
