  <div class='ocr_page' id='page_1' title='image "/cluster/home/n/w/nwhite01/storage/ocr_20150623/13/hvd.32044015471295/157.png"; bbox 0 0 3950 6330; ppageno 0'>
   <div class='ocr_carea' id='block_1_1' title="bbox 547 196 653 254">
    <p class='ocr_par' dir='ltr' id='par_1_1' title="bbox 547 196 653 254">
     <span class='ocr_line' id='line_1_1' title="bbox 547 196 653 254; baseline 0 -1"><span class='ocrx_word' id='word_1_1' title='bbox 547 196 653 254; x_wconf 75' lang='grc'><strong>505</strong></span> 
     </span>
    </p>
   </div>
   <div class='ocr_carea' id='block_1_2' title="bbox 1724 186 2650 252">
    <p class='ocr_par' dir='ltr' id='par_1_2' title="bbox 1724 186 2650 252">
     <span class='ocr_line' id='line_1_2' title="bbox 1724 186 2650 252; baseline 0 -5"><span class='ocrx_word' id='word_1_2' title='bbox 1724 188 2044 252; x_wconf 81' lang='lat' dir='ltr'><strong>SANCTUS</strong></span> <span class='ocrx_word' id='word_1_3' title='bbox 2084 186 2410 250; x_wconf 74' lang='lat' dir='ltr'><strong>DAMASUS</strong></span> <span class='ocrx_word' id='word_1_4' title='bbox 2447 189 2650 249; x_wconf 81' lang='lat' dir='ltr'><strong>PAPA.</strong></span> 
     </span>
    </p>
   </div>
   <div class='ocr_carea' id='block_1_3' title="bbox 3683 206 3764 266">
    <p class='ocr_par' dir='ltr' id='par_1_3' title="bbox 3683 206 3764 266">
     <span class='ocr_line' id='line_1_3' title="bbox 3683 206 3764 266; baseline 0 -2"><span class='ocrx_word' id='word_1_5' title='bbox 3683 206 3764 266; x_wconf 65' lang='lat'><strong>304</strong></span> 
     </span>
    </p>
   </div>
   <div class='ocr_carea' id='block_1_4' title="bbox 541 300 3771 380">
    <p class='ocr_par' dir='ltr' id='par_1_4' title="bbox 541 300 3771 380">
     <span class='ocr_line' id='line_1_4' title="bbox 541 300 3771 380; baseline 0.002 -16"><span class='ocrx_word' id='word_1_6' title='bbox 541 324 609 364; x_wconf 91' lang='lat' dir='ltr'><strong>ac</strong></span> <span class='ocrx_word' id='word_1_7' title='bbox 655 315 874 380; x_wconf 90' lang='lat' dir='ltr'><strong>typum,</strong></span> <span class='ocrx_word' id='word_1_8' title='bbox 896 318 961 360; x_wconf 90' lang='lat' dir='ltr'><strong>ac</strong></span> <span class='ocrx_word' id='word_1_9' title='bbox 985 300 1272 375; x_wconf 85' lang='lat' dir='ltr'><strong>quamdam</strong></span> <span class='ocrx_word' id='word_1_10' title='bbox 1294 302 1460 358; x_wconf 88' lang='lat' dir='ltr'><strong>veluti</strong></span> <span class='ocrx_word' id='word_1_11' title='bbox 1500 308 1664 358; x_wconf 59' lang='lat' dir='ltr'><strong>secta:</strong></span> <span class='ocrx_word' id='word_1_12' title='bbox 1703 317 1816 358; x_wconf 68' lang='lat' dir='ltr'><strong>sum</strong></span> <span class='ocrx_word' id='word_1_13' title='bbox 1852 311 2117 359; x_wconf 91' lang='lat' dir='ltr'><strong>tesseram</strong></span> <span class='ocrx_word' id='word_1_14' title='bbox 2140 345 2154 368; x_wconf 88' lang='lat'><strong>,</strong></span> <span class='ocrx_word' id='word_1_15' title='bbox 2185 307 2238 368; x_wconf 86' lang='grc' dir='ltr'><strong>Α</strong></span> <span class='ocrx_word' id='word_1_16' title='bbox 2264 303 2494 360; x_wconf 73' lang='lat' dir='ltr'><strong>credidit</strong></span> <span class='ocrx_word' id='word_1_17' title='bbox 2523 302 2842 373; x_wconf 77' lang='lat' dir='ltr'><strong>simpliciter</strong></span> <span class='ocrx_word' id='word_1_18' title='bbox 2866 343 2880 370; x_wconf 91' lang='lat'><strong>,</strong></span> <span class='ocrx_word' id='word_1_19' title='bbox 2911 309 3008 358; x_wconf 91' lang='lat' dir='ltr'><strong>aut</strong></span> <span class='ocrx_word' id='word_1_20' title='bbox 3052 303 3193 376; x_wconf 84' lang='lat' dir='ltr'><strong>quod</strong></span> <span class='ocrx_word' id='word_1_21' title='bbox 3217 306 3376 379; x_wconf 86' lang='lat' dir='ltr'><strong>magis</strong></span> <span class='ocrx_word' id='word_1_22' title='bbox 3396 309 3570 376; x_wconf 87' lang='lat' dir='ltr'><strong>placet,</strong></span> <span class='ocrx_word' id='word_1_23' title='bbox 3595 316 3771 376; x_wconf 83' lang='lat' dir='ltr'><strong>credere</strong></span> 
     </span>
    </p>
   </div>
   <div class='ocr_carea' id='block_1_5' title="bbox 545 396 2154 470">
    <p class='ocr_par' dir='ltr' id='par_1_5' title="bbox 545 396 2154 470">
     <span class='ocr_line' id='line_1_5' title="bbox 545 396 2154 470; baseline -0.002 -13"><span class='ocrx_word' id='word_1_24' title='bbox 545 401 918 460; x_wconf 86' lang='lat' dir='ltr'><strong>Setniarianos</strong></span> <span class='ocrx_word' id='word_1_25' title='bbox 955 405 1215 470; x_wconf 88' lang='lat' dir='ltr'><strong>perpetuo</strong></span> <span class='ocrx_word' id='word_1_26' title='bbox 1250 412 1372 452; x_wconf 91' lang='lat' dir='ltr'><strong>esse</strong></span> <span class='ocrx_word' id='word_1_27' title='bbox 1405 397 1659 452; x_wconf 78' lang='lat' dir='ltr'><strong>Voluisse.</strong></span> <span class='ocrx_word' id='word_1_28' title='bbox 1695 396 1831 452; x_wconf 85' lang='lat' dir='ltr'><strong>Hinc</strong></span> <span class='ocrx_word' id='word_1_29' title='bbox 1860 413 1926 453; x_wconf 86' lang='lat' dir='ltr'><strong>ex</strong></span> <span class='ocrx_word' id='word_1_30' title='bbox 1966 398 2154 454; x_wconf 82' lang='lat' dir='ltr'><strong>Antio-</strong></span> 
     </span>
    </p>
   </div>
   <div class='ocr_carea' id='block_1_6' title="bbox 545 490 2154 562">
    <p class='ocr_par' dir='ltr' id='par_1_6' title="bbox 545 490 2154 562">
     <span class='ocr_line' id='line_1_6' title="bbox 545 490 2154 562; baseline -0.004 -11"><span class='ocrx_word' id='word_1_31' title='bbox 545 493 736 551; x_wconf 84' lang='lat' dir='ltr'><strong>chenae</strong></span> <span class='ocrx_word' id='word_1_32' title='bbox 767 492 926 562; x_wconf 83' lang='lat' dir='ltr'><strong>hujus</strong></span> <span class='ocrx_word' id='word_1_33' title='bbox 956 491 1077 545; x_wconf 88' lang='lat' dir='ltr'><strong>lidei</strong></span> <span class='ocrx_word' id='word_1_34' title='bbox 1107 490 1354 546; x_wconf 91' lang='lat' dir='ltr'><strong>formulis</strong></span> <span class='ocrx_word' id='word_1_35' title='bbox 1375 490 1917 546; x_wconf 64' lang='lat' dir='ltr'><strong>Pseudosat&#39;dicensis</strong></span> <span class='ocrx_word' id='word_1_36' title='bbox 1938 492 2154 561; x_wconf 84' lang='lat' dir='ltr'><strong>exposi-</strong></span> 
     </span>
    </p>
   </div>
   <div class='ocr_carea' id='block_1_7' title="bbox 545 581 2154 656">
    <p class='ocr_par' dir='ltr' id='par_1_7' title="bbox 545 581 2154 656">
     <span class='ocr_line' id='line_1_7' title="bbox 545 581 2154 656; baseline -0.003 -14"><span class='ocrx_word' id='word_1_37' title='bbox 545 587 622 642; x_wconf 92' lang='lat' dir='ltr'><strong>tio</strong></span> <span class='ocrx_word' id='word_1_38' title='bbox 663 585 838 656; x_wconf 88' lang='lat' dir='ltr'><strong>primo</strong></span> <span class='ocrx_word' id='word_1_39' title='bbox 883 582 1216 654; x_wconf 85' lang='lat' dir='ltr'><strong>composita,</strong></span> <span class='ocrx_word' id='word_1_40' title='bbox 1248 590 1304 638; x_wconf 92' lang='lat' dir='ltr'><strong>et</strong></span> <span class='ocrx_word' id='word_1_41' title='bbox 1335 581 1601 649; x_wconf 77' lang='lat' dir='ltr'><strong>conflata,</strong></span> <span class='ocrx_word' id='word_1_42' title='bbox 1630 593 1739 638; x_wconf 91' lang='lat' dir='ltr'><strong>tum</strong></span> <span class='ocrx_word' id='word_1_43' title='bbox 1782 583 1977 639; x_wconf 89' lang='lat' dir='ltr'><strong>deinde</strong></span> <span class='ocrx_word' id='word_1_44' title='bbox 2023 598 2154 637; x_wconf 90' lang='lat' dir='ltr'><strong>ana-</strong></span> 
     </span>
    </p>
   </div>
   <div class='ocr_carea' id='block_1_8' title="bbox 546 675 2152 742">
    <p class='ocr_par' dir='ltr' id='par_1_8' title="bbox 546 675 2152 742">
     <span class='ocr_line' id='line_1_8' title="bbox 546 675 2152 742; baseline -0.002 -9"><span class='ocrx_word' id='word_1_45' title='bbox 546 677 904 733; x_wconf 77' lang='lat' dir='ltr'><strong>thetnatismis</strong></span> <span class='ocrx_word' id='word_1_46' title='bbox 925 676 1186 732; x_wconf 88' lang='lat' dir='ltr'><strong>adversus</strong></span> <span class='ocrx_word' id='word_1_47' title='bbox 1213 675 1436 731; x_wconf 86' lang='lat' dir='ltr'><strong>Paulum</strong></span> <span class='ocrx_word' id='word_1_48' title='bbox 1463 675 1905 742; x_wconf 86' lang='lat' dir='ltr'><strong>Samosatenum,</strong></span> <span class='ocrx_word' id='word_1_49' title='bbox 1931 684 1984 731; x_wconf 93' lang='lat' dir='ltr'><strong>et</strong></span> <span class='ocrx_word' id='word_1_50' title='bbox 2013 675 2152 730; x_wconf 81' lang='lat' dir='ltr'><strong>Plio-</strong></span> 
     </span>
    </p>
   </div>
   <div class='ocr_carea' id='block_1_9' title="bbox 541 769 2150 842">
    <p class='ocr_par' dir='ltr' id='par_1_9' title="bbox 541 769 2150 842">
     <span class='ocr_line' id='line_1_9' title="bbox 541 769 2150 842; baseline -0.006 -15"><span class='ocrx_word' id='word_1_51' title='bbox 541 772 712 827; x_wconf 90' lang='lat' dir='ltr'><strong>tinum</strong></span> <span class='ocrx_word' id='word_1_52' title='bbox 739 769 1090 842; x_wconf 75' lang='lat' dir='ltr'><strong>promulgatis</strong></span> <span class='ocrx_word' id='word_1_53' title='bbox 1115 770 1343 825; x_wconf 84' lang='lat' dir='ltr'><strong>adaucta</strong></span> <span class='ocrx_word' id='word_1_54' title='bbox 1374 780 1458 825; x_wconf 92' lang='lat' dir='ltr'><strong>est</strong></span> <span class='ocrx_word' id='word_1_55' title='bbox 1485 770 1562 842; x_wconf 91' lang='lat' dir='ltr'><strong>(a)</strong></span> <span class='ocrx_word' id='word_1_56' title='bbox 1595 787 1608 824; x_wconf 88' lang='lat'><strong>:</strong></span> <span class='ocrx_word' id='word_1_57' title='bbox 1641 769 1952 826; x_wconf 87' lang='lat' dir='ltr'><strong>Sirmiensis</strong></span> <span class='ocrx_word' id='word_1_58' title='bbox 1983 785 2150 838; x_wconf 81' lang='lat' dir='ltr'><strong>vero,</strong></span> 
     </span>
    </p>
   </div>
   <div class='ocr_carea' id='block_1_10' title="bbox 541 865 2156 938">
    <p class='ocr_par' dir='ltr' id='par_1_10' title="bbox 541 865 2156 938">
     <span class='ocr_line' id='line_1_10' title="bbox 541 865 2156 938; baseline 0.001 -18"><span class='ocrx_word' id='word_1_59' title='bbox 541 882 704 938; x_wconf 88' lang='lat' dir='ltr'><strong>quam</strong></span> <span class='ocrx_word' id='word_1_60' title='bbox 750 867 854 922; x_wconf 88' lang='lat' dir='ltr'><strong>hoc</strong></span> <span class='ocrx_word' id='word_1_61' title='bbox 883 866 1004 921; x_wconf 92' lang='lat' dir='ltr'><strong>loco</strong></span> <span class='ocrx_word' id='word_1_62' title='bbox 1048 865 1385 922; x_wconf 86' lang='lat' dir='ltr'><strong>Sozomenus</strong></span> <span class='ocrx_word' id='word_1_63' title='bbox 1427 874 1730 933; x_wconf 92' lang='lat' dir='ltr'><strong>memorat,</strong></span> <span class='ocrx_word' id='word_1_64' title='bbox 1765 865 2156 921; x_wconf 85' lang='lat' dir='ltr'><strong>Pseudosardi—</strong></span> 
     </span>
    </p>
   </div>
   <div class='ocr_carea' id='block_1_11' title="bbox 542 958 2150 1031">
    <p class='ocr_par' dir='ltr' id='par_1_11' title="bbox 542 958 2150 1031">
     <span class='ocr_line' id='line_1_11' title="bbox 542 958 2150 1031; baseline -0.001 -17"><span class='ocrx_word' id='word_1_65' title='bbox 542 971 764 1015; x_wconf 89' lang='lat' dir='ltr'><strong>censem</strong></span> <span class='ocrx_word' id='word_1_66' title='bbox 795 959 944 1014; x_wconf 84' lang='lat' dir='ltr'><strong>illam</strong></span> <span class='ocrx_word' id='word_1_67' title='bbox 986 958 1214 1024; x_wconf 89' lang='lat' dir='ltr'><strong>retinet,</strong></span> <span class='ocrx_word' id='word_1_68' title='bbox 1245 974 1308 1014; x_wconf 92' lang='lat' dir='ltr'><strong>ac</strong></span> <span class='ocrx_word' id='word_1_69' title='bbox 1337 959 1450 1015; x_wconf 90' lang='lat' dir='ltr'><strong>fere</strong></span> <span class='ocrx_word' id='word_1_70' title='bbox 1480 958 1648 1014; x_wconf 90' lang='lat' dir='ltr'><strong>verbo</strong></span> <span class='ocrx_word' id='word_1_71' title='bbox 1691 969 1846 1014; x_wconf 90' lang='lat' dir='ltr'><strong>tenus</strong></span> <span class='ocrx_word' id='word_1_72' title='bbox 1876 959 2150 1031; x_wconf 81' lang='lat' dir='ltr'><strong>exprimit.</strong></span> 
     </span>
    </p>
   </div>
   <div class='ocr_carea' id='block_1_12' title="bbox 542 1051 2152 1124">
    <p class='ocr_par' dir='ltr' id='par_1_12' title="bbox 542 1051 2152 1124">
     <span class='ocr_line' id='line_1_12' title="bbox 542 1051 2152 1124; baseline 0 -15"><span class='ocrx_word' id='word_1_73' title='bbox 542 1052 601 1109; x_wconf 91' lang='lat' dir='ltr'><strong>Si</strong></span> <span class='ocrx_word' id='word_1_74' title='bbox 630 1053 791 1124; x_wconf 77' lang='lat' dir='ltr'><strong>igitur</strong></span> <span class='ocrx_word' id='word_1_75' title='bbox 819 1051 1134 1110; x_wconf 88' lang='lat' dir='ltr'><strong>Sirmiensis</strong></span> <span class='ocrx_word' id='word_1_76' title='bbox 1155 1051 1292 1107; x_wconf 91' lang='lat' dir='ltr'><strong>ﬁdes</strong></span> <span class='ocrx_word' id='word_1_77' title='bbox 1321 1051 1926 1118; x_wconf 88' lang='lat' dir='ltr'><strong>Pseudosardicensem,</strong></span> <span class='ocrx_word' id='word_1_78' title='bbox 1957 1054 2001 1106; x_wconf 91' lang='lat' dir='ltr'><strong>si</strong></span> <span class='ocrx_word' id='word_1_79' title='bbox 2034 1051 2152 1109; x_wconf 65' lang='lat' dir='ltr'><strong>haec</strong></span> 
     </span>
    </p>
   </div>
   <div class='ocr_carea' id='block_1_13' title="bbox 540 1129 2152 1215">
    <p class='ocr_par' dir='ltr' id='par_1_13' title="bbox 540 1129 2152 1215">
     <span class='ocr_line' id='line_1_13' title="bbox 540 1129 2152 1215; baseline -0.001 -12"><span class='ocrx_word' id='word_1_80' title='bbox 540 1145 935 1203; x_wconf 83' lang='lat' dir='ltr'><strong>Antiochenam</strong></span> <span class='ocrx_word' id='word_1_81' title='bbox 977 1146 1258 1214; x_wconf 86' lang='lat' dir='ltr'><strong>continet,</strong></span> <span class='ocrx_word' id='word_1_82' title='bbox 1285 1146 1330 1201; x_wconf 90' lang='lat' dir='ltr'><strong>si</strong></span> <span class='ocrx_word' id='word_1_83' title='bbox 1374 1157 1636 1215; x_wconf 66' lang='lat' dir='ltr'><strong>praiterea</strong></span> <span class='ocrx_word' id='word_1_84' title='bbox 1668 1129 2152 1202; x_wconf 78' lang='lat' dir='ltr'><strong>anathematismos</strong></span> 
     </span>
    </p>
   </div>
   <div class='ocr_carea' id='block_1_14' title="bbox 540 1241 2152 1312">
    <p class='ocr_par' dir='ltr' id='par_1_14' title="bbox 540 1241 2152 1312">
     <span class='ocr_line' id='line_1_14' title="bbox 540 1241 2152 1312; baseline 0 -15"><span class='ocrx_word' id='word_1_85' title='bbox 540 1242 804 1298; x_wconf 88' lang='lat' dir='ltr'><strong>adversus</strong></span> <span class='ocrx_word' id='word_1_86' title='bbox 852 1242 1266 1298; x_wconf 75' lang='lat' dir='ltr'><strong>SamoSatenum</strong></span> <span class='ocrx_word' id='word_1_87' title='bbox 1294 1284 1309 1310; x_wconf 90' lang='lat'><strong>,</strong></span> <span class='ocrx_word' id='word_1_88' title='bbox 1339 1249 1395 1297; x_wconf 92' lang='lat' dir='ltr'><strong>et</strong></span> <span class='ocrx_word' id='word_1_89' title='bbox 1439 1241 1728 1297; x_wconf 90' lang='lat' dir='ltr'><strong>Photinum</strong></span> <span class='ocrx_word' id='word_1_90' title='bbox 1783 1243 2152 1312; x_wconf 82' lang='lat' dir='ltr'><strong>promulgatos</strong></span> 
     </span>
    </p>
   </div>
   <div class='ocr_carea' id='block_1_15' title="bbox 539 1337 2151 1409">
    <p class='ocr_par' dir='ltr' id='par_1_15' title="bbox 539 1337 2151 1409">
     <span class='ocr_line' id='line_1_15' title="bbox 539 1337 2151 1409; baseline 0 -16"><span class='ocrx_word' id='word_1_91' title='bbox 539 1338 734 1393; x_wconf 85' lang='lat' dir='ltr'><strong>iterum</strong></span> <span class='ocrx_word' id='word_1_92' title='bbox 788 1338 1056 1408; x_wconf 74' lang='lat' dir='ltr'><strong>explicat,</strong></span> <span class='ocrx_word' id='word_1_93' title='bbox 1090 1337 1221 1392; x_wconf 84' lang='lat' dir='ltr'><strong>nihil</strong></span> <span class='ocrx_word' id='word_1_94' title='bbox 1253 1352 1390 1406; x_wconf 84' lang='lat' dir='ltr'><strong>Opus</strong></span> <span class='ocrx_word' id='word_1_95' title='bbox 1431 1347 1547 1403; x_wconf 87' lang='lat' dir='ltr'><strong>est,</strong></span> <span class='ocrx_word' id='word_1_96' title='bbox 1577 1348 1638 1392; x_wconf 91' lang='lat' dir='ltr'><strong>ut</strong></span> <span class='ocrx_word' id='word_1_97' title='bbox 1687 1337 1994 1398; x_wconf 75' lang='lat' dir='ltr'><strong>formulam.</strong></span> <span class='ocrx_word' id='word_1_98' title='bbox 2030 1353 2151 1409; x_wconf 71' lang='lat' dir='ltr'><strong>qua:</strong></span> 
     </span>
    </p>
   </div>
   <div class='ocr_carea' id='block_1_16' title="bbox 539 1430 2152 1503">
    <p class='ocr_par' dir='ltr' id='par_1_16' title="bbox 539 1430 2152 1503">
     <span class='ocr_line' id='line_1_16' title="bbox 539 1430 2152 1503; baseline 0 -15"><span class='ocrx_word' id='word_1_99' title='bbox 539 1430 716 1488; x_wconf 84' lang='lat' dir='ltr'><strong>oblata</strong></span> <span class='ocrx_word' id='word_1_100' title='bbox 741 1431 957 1486; x_wconf 87' lang='lat' dir='ltr'><strong>Liberio</strong></span> <span class='ocrx_word' id='word_1_101' title='bbox 985 1447 1013 1484; x_wconf 85' lang='lat' dir='ltr'><strong>a</strong></span> <span class='ocrx_word' id='word_1_102' title='bbox 1056 1431 1254 1486; x_wconf 85' lang='lat' dir='ltr'><strong>Basilio</strong></span> <span class='ocrx_word' id='word_1_103' title='bbox 1281 1442 1382 1498; x_wconf 92' lang='lat' dir='ltr'><strong>est,</strong></span> <span class='ocrx_word' id='word_1_104' title='bbox 1414 1439 1664 1488; x_wconf 89' lang='lat' dir='ltr'><strong>recenter</strong></span> <span class='ocrx_word' id='word_1_105' title='bbox 1690 1431 2072 1503; x_wconf 71' lang='lat' dir='ltr'><strong>compositam,</strong></span> <span class='ocrx_word' id='word_1_106' title='bbox 2097 1440 2152 1488; x_wconf 90' lang='lat' dir='ltr'><strong>et</strong></span> 
     </span>
    </p>
   </div>
   <div class='ocr_carea' id='block_1_17' title="bbox 539 1523 2148 1594">
    <p class='ocr_par' dir='ltr' id='par_1_17' title="bbox 539 1523 2148 1594">
     <span class='ocr_line' id='line_1_17' title="bbox 539 1523 2148 1594; baseline -0.001 -14"><span class='ocrx_word' id='word_1_107' title='bbox 539 1535 668 1580; x_wconf 92' lang='lat' dir='ltr'><strong>tunc</strong></span> <span class='ocrx_word' id='word_1_108' title='bbox 700 1539 984 1594; x_wconf 85' lang='lat' dir='ltr'><strong>procnsam</strong></span> <span class='ocrx_word' id='word_1_109' title='bbox 1026 1523 1192 1580; x_wconf 87' lang='lat' dir='ltr'><strong>fuisse</strong></span> <span class='ocrx_word' id='word_1_110' title='bbox 1221 1523 1465 1580; x_wconf 88' lang='lat' dir='ltr'><strong>dicamus</strong></span> <span class='ocrx_word' id='word_1_111' title='bbox 1494 1541 1562 1579; x_wconf 82' lang='lat' dir='ltr'><strong>ex</strong></span> <span class='ocrx_word' id='word_1_112' title='bbox 1602 1524 1892 1581; x_wconf 87' lang='lat' dir='ltr'><strong>Sozomeni</strong></span> <span class='ocrx_word' id='word_1_113' title='bbox 1924 1534 2105 1580; x_wconf 90' lang='lat' dir='ltr'><strong>mente</strong></span> <span class='ocrx_word' id='word_1_114' title='bbox 2133 1542 2148 1578; x_wconf 85' lang='lat'><strong>:</strong></span> 
     </span>
    </p>
   </div>
   <div class='ocr_carea' id='block_1_18' title="bbox 535 1619 2149 1692">
    <p class='ocr_par' dir='ltr' id='par_1_18' title="bbox 535 1619 2149 1692">
     <span class='ocr_line' id='line_1_18' title="bbox 535 1619 2149 1692; baseline -0.001 -16"><span class='ocrx_word' id='word_1_115' title='bbox 535 1619 804 1692; x_wconf 88' lang='lat' dir='ltr'><strong>siquidem</strong></span> <span class='ocrx_word' id='word_1_116' title='bbox 835 1636 939 1674; x_wconf 89' lang='lat' dir='ltr'><strong>una</strong></span> <span class='ocrx_word' id='word_1_117' title='bbox 977 1619 1094 1674; x_wconf 70' lang='lat' dir='ltr'><strong>haec</strong></span> <span class='ocrx_word' id='word_1_118' title='bbox 1122 1619 1438 1676; x_wconf 85' lang='lat' dir='ltr'><strong>Sirmiensis</strong></span> <span class='ocrx_word' id='word_1_119' title='bbox 1480 1619 1614 1674; x_wconf 84' lang='lat' dir='ltr'><strong>fides</strong></span> <span class='ocrx_word' id='word_1_120' title='bbox 1644 1621 1824 1674; x_wconf 89' lang='lat' dir='ltr'><strong>omnia</strong></span> <span class='ocrx_word' id='word_1_121' title='bbox 1857 1619 1907 1673; x_wconf 93' lang='lat' dir='ltr'><strong>in</strong></span> <span class='ocrx_word' id='word_1_122' title='bbox 1937 1635 1995 1675; x_wconf 94' lang='lat' dir='ltr'><strong>se</strong></span> <span class='ocrx_word' id='word_1_123' title='bbox 2033 1620 2149 1689; x_wconf 88' lang='lat' dir='ltr'><strong>ipsa</strong></span> 
     </span>
    </p>
   </div>
   <div class='ocr_carea' id='block_1_19' title="bbox 2259 398 3773 479">
    <p class='ocr_par' dir='ltr' id='par_1_19' title="bbox 2259 398 3773 479">
     <span class='ocr_line' id='line_1_19' title="bbox 2259 398 3773 479; baseline 0.005 -25"><span class='ocrx_word' id='word_1_124' title='bbox 2259 399 2429 454; x_wconf 86' lang='lat' dir='ltr'><strong>videri</strong></span> <span class='ocrx_word' id='word_1_125' title='bbox 2453 400 2643 454; x_wconf 90' lang='lat' dir='ltr'><strong>voluit.</strong></span> <span class='ocrx_word' id='word_1_126' title='bbox 2666 398 2747 455; x_wconf 84' lang='lat' dir='ltr'><strong>Ne</strong></span> <span class='ocrx_word' id='word_1_127' title='bbox 2760 414 2889 455; x_wconf 91' lang='lat' dir='ltr'><strong>vero</strong></span> <span class='ocrx_word' id='word_1_128' title='bbox 2903 398 3004 454; x_wconf 91' lang='lat' dir='ltr'><strong>hoc</strong></span> <span class='ocrx_word' id='word_1_129' title='bbox 3017 399 3635 474; x_wconf 86' lang='lat' dir='ltr'><strong>cxistimerconﬁdentins,</strong></span> <span class='ocrx_word' id='word_1_130' title='bbox 3649 425 3773 479; x_wconf 84' lang='lat' dir='ltr'><strong>quam</strong></span> 
     </span>
    </p>
   </div>
   <div class='ocr_carea' id='block_1_20' title="bbox 2259 491 3775 570">
    <p class='ocr_par' dir='ltr' id='par_1_20' title="bbox 2259 491 3775 570">
     <span class='ocr_line' id='line_1_20' title="bbox 2259 491 3775 570; baseline 0.007 -25"><span class='ocrx_word' id='word_1_131' title='bbox 2259 505 2354 561; x_wconf 88' lang='lat' dir='ltr'><strong>par</strong></span> <span class='ocrx_word' id='word_1_132' title='bbox 2382 502 2485 558; x_wconf 90' lang='lat' dir='ltr'><strong>est,</strong></span> <span class='ocrx_word' id='word_1_133' title='bbox 2519 507 2766 548; x_wconf 86' lang='lat' dir='ltr'><strong>asserere</strong></span> <span class='ocrx_word' id='word_1_134' title='bbox 2788 536 2802 560; x_wconf 91' lang='lat'><strong>,</strong></span> <span class='ocrx_word' id='word_1_135' title='bbox 2838 491 2945 547; x_wconf 90' lang='lat' dir='ltr'><strong>duo</strong></span> <span class='ocrx_word' id='word_1_136' title='bbox 2981 491 3216 559; x_wconf 86' lang='lat' dir='ltr'><strong>faciunt;</strong></span> <span class='ocrx_word' id='word_1_137' title='bbox 3249 494 3464 563; x_wconf 89' lang='lat' dir='ltr'><strong>primum</strong></span> <span class='ocrx_word' id='word_1_138' title='bbox 3492 500 3615 568; x_wconf 90' lang='lat' dir='ltr'><strong>quod</strong></span> <span class='ocrx_word' id='word_1_139' title='bbox 3644 500 3775 570; x_wconf 87' lang='lat' dir='ltr'><strong>jacta-</strong></span> 
     </span>
    </p>
   </div>
   <div class='ocr_carea' id='block_1_21' title="bbox 2257 583 3776 654">
    <p class='ocr_par' dir='ltr' id='par_1_21' title="bbox 2257 583 3776 654">
     <span class='ocr_line' id='line_1_21' title="bbox 2257 583 3776 654; baseline 0.007 -14"><span class='ocrx_word' id='word_1_140' title='bbox 2257 593 2369 640; x_wconf 91' lang='lat' dir='ltr'><strong>tum</strong></span> <span class='ocrx_word' id='word_1_141' title='bbox 2413 585 2540 640; x_wconf 91' lang='lat' dir='ltr'><strong>illud</strong></span> <span class='ocrx_word' id='word_1_142' title='bbox 2570 585 2639 640; x_wconf 88' lang='lat' dir='ltr'><strong>ab</strong></span> <span class='ocrx_word' id='word_1_143' title='bbox 2668 585 2733 640; x_wconf 88' lang='lat' dir='ltr'><strong>iis</strong></span> <span class='ocrx_word' id='word_1_144' title='bbox 2761 583 3071 649; x_wconf 88' lang='lat' dir='ltr'><strong>decretum,</strong></span> <span class='ocrx_word' id='word_1_145' title='bbox 3096 601 3203 640; x_wconf 94' lang='lat' dir='ltr'><strong>non</strong></span> <span class='ocrx_word' id='word_1_146' title='bbox 3233 587 3576 654; x_wconf 77' lang='lat' dir='ltr'><strong>Antiochenze,</strong></span> <span class='ocrx_word' id='word_1_147' title='bbox 3601 593 3680 647; x_wconf 90' lang='lat' dir='ltr'><strong>sed</strong></span> <span class='ocrx_word' id='word_1_148' title='bbox 3703 593 3776 651; x_wconf 80' lang='lat' dir='ltr'><strong>Sa-</strong></span> 
     </span>
    </p>
   </div>
   <div class='ocr_carea' id='block_1_22' title="bbox 2257 677 3775 751">
    <p class='ocr_par' dir='ltr' id='par_1_22' title="bbox 2257 677 3775 751">
     <span class='ocr_line' id='line_1_22' title="bbox 2257 677 3775 751; baseline 0.007 -19"><span class='ocrx_word' id='word_1_149' title='bbox 2257 687 2552 734; x_wconf 83' lang='lat' dir='ltr'><strong>mosatenac</strong></span> <span class='ocrx_word' id='word_1_150' title='bbox 2604 677 2813 750; x_wconf 85' lang='lat' dir='ltr'><strong>synodo</strong></span> <span class='ocrx_word' id='word_1_151' title='bbox 2880 678 3127 734; x_wconf 87' lang='lat' dir='ltr'><strong>attribuit</strong></span> <span class='ocrx_word' id='word_1_152' title='bbox 3165 696 3179 733; x_wconf 90' lang='lat'><strong>:</strong></span> <span class='ocrx_word' id='word_1_153' title='bbox 3228 678 3445 736; x_wconf 88' lang='lat' dir='ltr'><strong>alterum</strong></span> <span class='ocrx_word' id='word_1_154' title='bbox 3470 723 3483 748; x_wconf 94' lang='lat'><strong>,</strong></span> <span class='ocrx_word' id='word_1_155' title='bbox 3525 683 3648 751; x_wconf 89' lang='lat' dir='ltr'><strong>quod</strong></span> <span class='ocrx_word' id='word_1_156' title='bbox 3685 699 3775 742; x_wconf 87' lang='lat' dir='ltr'><strong>cum</strong></span> 
     </span>
    </p>
   </div>
   <div class='ocr_carea' id='block_1_23' title="bbox 2256 773 3779 845">
    <p class='ocr_par' dir='ltr' id='par_1_23' title="bbox 2256 773 3779 845">
     <span class='ocr_line' id='line_1_23' title="bbox 2256 773 3779 845; baseline 0.006 -19"><span class='ocrx_word' id='word_1_157' title='bbox 2256 789 2419 844; x_wconf 90' lang='lat' dir='ltr'><strong>quam</strong></span> <span class='ocrx_word' id='word_1_158' title='bbox 2450 773 2544 828; x_wconf 91' lang='lat' dir='ltr'><strong>ille</strong></span> <span class='ocrx_word' id='word_1_159' title='bbox 2589 789 2808 828; x_wconf 86' lang='lat' dir='ltr'><strong>causam</strong></span> <span class='ocrx_word' id='word_1_160' title='bbox 2838 773 2985 844; x_wconf 89' lang='lat' dir='ltr'><strong>agit,</strong></span> <span class='ocrx_word' id='word_1_161' title='bbox 3019 773 3232 829; x_wconf 85' lang='lat' dir='ltr'><strong>invictis</strong></span> <span class='ocrx_word' id='word_1_162' title='bbox 3257 774 3373 830; x_wconf 86' lang='lat' dir='ltr'><strong>aliis</strong></span> <span class='ocrx_word' id='word_1_163' title='bbox 3405 779 3691 845; x_wconf 80' lang='lat' dir='ltr'><strong>argumentis</strong></span> <span class='ocrx_word' id='word_1_164' title='bbox 3708 782 3779 836; x_wconf 85' lang='lat' dir='ltr'><strong>ob-</strong></span> 
     </span>
    </p>
   </div>
   <div class='ocr_carea' id='block_1_24' title="bbox 2257 865 3777 940">
    <p class='ocr_par' dir='ltr' id='par_1_24' title="bbox 2257 865 3777 940">
     <span class='ocr_line' id='line_1_24' title="bbox 2257 865 3777 940; baseline 0.007 -23"><span class='ocrx_word' id='word_1_165' title='bbox 2257 866 2448 929; x_wconf 85' lang='lat' dir='ltr'><strong>tineat,</strong></span> <span class='ocrx_word' id='word_1_166' title='bbox 2481 865 2615 920; x_wconf 89' lang='lat' dir='ltr'><strong>nihil</strong></span> <span class='ocrx_word' id='word_1_167' title='bbox 2646 882 2742 920; x_wconf 84' lang='lat' dir='ltr'><strong>sua</strong></span> <span class='ocrx_word' id='word_1_168' title='bbox 2768 865 2974 922; x_wconf 82' lang='lat' dir='ltr'><strong>referre</strong></span> <span class='ocrx_word' id='word_1_169' title='bbox 2999 867 3208 938; x_wconf 86' lang='lat' dir='ltr'><strong>putavit</strong></span> <span class='ocrx_word' id='word_1_170' title='bbox 3234 883 3496 938; x_wconf 69' lang='lat' dir='ltr'><strong>quaerere,</strong></span> <span class='ocrx_word' id='word_1_171' title='bbox 3519 885 3578 924; x_wconf 87' lang='lat' dir='ltr'><strong>an</strong></span> <span class='ocrx_word' id='word_1_172' title='bbox 3604 887 3777 940; x_wconf 82' lang='lat' dir='ltr'><strong>verum,</strong></span> 
     </span>
    </p>
   </div>
   <div class='ocr_carea' id='block_1_25' title="bbox 2254 958 3782 1034">
    <p class='ocr_par' dir='ltr' id='par_1_25' title="bbox 2254 958 3782 1034">
     <span class='ocr_line' id='line_1_25' title="bbox 2254 958 3782 1034; baseline 0.008 -23"><span class='ocrx_word' id='word_1_173' title='bbox 2254 971 2323 1013; x_wconf 90' lang='lat' dir='ltr'><strong>an</strong></span> <span class='ocrx_word' id='word_1_174' title='bbox 2372 958 2567 1013; x_wconf 86' lang='lat' dir='ltr'><strong>falsum</strong></span> <span class='ocrx_word' id='word_1_175' title='bbox 2611 959 2744 1014; x_wconf 91' lang='lat' dir='ltr'><strong>illud</strong></span> <span class='ocrx_word' id='word_1_176' title='bbox 2775 970 2924 1016; x_wconf 89' lang='lat' dir='ltr'><strong>esset</strong></span> <span class='ocrx_word' id='word_1_177' title='bbox 2958 958 3059 1031; x_wconf 76' lang='lat' dir='ltr'><strong>(tt).</strong></span> <span class='ocrx_word' id='word_1_178' title='bbox 3090 961 3351 1017; x_wconf 69' lang='lat' dir='ltr'><strong>Catterum</strong></span> <span class='ocrx_word' id='word_1_179' title='bbox 3394 963 3436 1016; x_wconf 91' lang='lat' dir='ltr'><strong>si</strong></span> <span class='ocrx_word' id='word_1_180' title='bbox 3461 963 3659 1034; x_wconf 88' lang='lat' dir='ltr'><strong>epistola</strong></span> <span class='ocrx_word' id='word_1_181' title='bbox 3690 967 3782 1023; x_wconf 86' lang='lat' dir='ltr'><strong>Dio-</strong></span> 
     </span>
    </p>
   </div>
   <div class='ocr_carea' id='block_1_26' title="bbox 2258 1049 3782 1124">
    <p class='ocr_par' dir='ltr' id='par_1_26' title="bbox 2258 1049 3782 1124">
     <span class='ocr_line' id='line_1_26' title="bbox 2258 1049 3782 1124; baseline 0.008 -20"><span class='ocrx_word' id='word_1_182' title='bbox 2258 1049 2397 1122; x_wconf 87' lang='lat' dir='ltr'><strong>nysii</strong></span> <span class='ocrx_word' id='word_1_183' title='bbox 2423 1050 2774 1107; x_wconf 81' lang='lat' dir='ltr'><strong>Alexandrini</strong></span> <span class='ocrx_word' id='word_1_184' title='bbox 2801 1055 3020 1108; x_wconf 87' lang='lat' dir='ltr'><strong>nomine</strong></span> <span class='ocrx_word' id='word_1_185' title='bbox 3045 1053 3298 1124; x_wconf 89' lang='lat' dir='ltr'><strong>inscripta</strong></span> <span class='ocrx_word' id='word_1_186' title='bbox 3322 1055 3385 1110; x_wconf 91' lang='lat' dir='ltr'><strong>ad</strong></span> <span class='ocrx_word' id='word_1_187' title='bbox 3414 1054 3615 1112; x_wconf 90' lang='lat' dir='ltr'><strong>Paulum</strong></span> <span class='ocrx_word' id='word_1_188' title='bbox 3637 1059 3782 1116; x_wconf 86' lang='lat' dir='ltr'><strong>Samo-</strong></span> 
     </span>
    </p>
   </div>
   <div class='ocr_carea' id='block_1_27' title="bbox 2257 1149 3780 1222">
    <p class='ocr_par' dir='ltr' id='par_1_27' title="bbox 2257 1149 3780 1222">
     <span class='ocr_line' id='line_1_27' title="bbox 2257 1149 3780 1222; baseline 0.007 -21"><span class='ocrx_word' id='word_1_189' title='bbox 2257 1154 2505 1201; x_wconf 89' lang='lat' dir='ltr'><strong>satenum</strong></span> <span class='ocrx_word' id='word_1_190' title='bbox 2547 1162 2704 1213; x_wconf 89' lang='lat' dir='ltr'><strong>vera,</strong></span> <span class='ocrx_word' id='word_1_191' title='bbox 2733 1163 2797 1204; x_wconf 91' lang='lat' dir='ltr'><strong>ac</strong></span> <span class='ocrx_word' id='word_1_192' title='bbox 2840 1149 3072 1219; x_wconf 84' lang='lat' dir='ltr'><strong>genuina</strong></span> <span class='ocrx_word' id='word_1_193' title='bbox 3128 1158 3242 1217; x_wconf 91' lang='lat' dir='ltr'><strong>est,</strong></span> <span class='ocrx_word' id='word_1_194' title='bbox 3273 1151 3316 1205; x_wconf 91' lang='lat' dir='ltr'><strong>si</strong></span> <span class='ocrx_word' id='word_1_195' title='bbox 3361 1167 3472 1222; x_wconf 72' lang='lat' dir='ltr'><strong>qua:</strong></span> <span class='ocrx_word' id='word_1_196' title='bbox 3509 1152 3780 1211; x_wconf 73' lang='lat' dir='ltr'><strong>Nicenorum</strong></span> 
     </span>
    </p>
   </div>
   <div class='ocr_carea' id='block_1_28' title="bbox 2258 1241 3782 1316">
    <p class='ocr_par' dir='ltr' id='par_1_28' title="bbox 2258 1241 3782 1316">
     <span class='ocr_line' id='line_1_28' title="bbox 2258 1241 3782 1316; baseline 0.006 -20"><span class='ocrx_word' id='word_1_197' title='bbox 2258 1241 2475 1297; x_wconf 90' lang='lat' dir='ltr'><strong>Patrum</strong></span> <span class='ocrx_word' id='word_1_198' title='bbox 2531 1243 2752 1299; x_wconf 90' lang='lat' dir='ltr'><strong>nomine</strong></span> <span class='ocrx_word' id='word_1_199' title='bbox 2799 1244 2850 1298; x_wconf 93' lang='lat' dir='ltr'><strong>in</strong></span> <span class='ocrx_word' id='word_1_200' title='bbox 2898 1243 3177 1315; x_wconf 90' lang='lat' dir='ltr'><strong>Ephesino</strong></span> <span class='ocrx_word' id='word_1_201' title='bbox 3200 1245 3425 1302; x_wconf 87' lang='lat' dir='ltr'><strong>concilio</strong></span> <span class='ocrx_word' id='word_1_202' title='bbox 3463 1249 3656 1302; x_wconf 79' lang='lat' dir='ltr'><strong>recitata</strong></span> <span class='ocrx_word' id='word_1_203' title='bbox 3688 1259 3782 1316; x_wconf 88' lang='lat' dir='ltr'><strong>est,</strong></span> 
     </span>
    </p>
   </div>
   <div class='ocr_carea' id='block_1_29' title="bbox 2256 1337 3785 1414">
    <p class='ocr_par' dir='ltr' id='par_1_29' title="bbox 2256 1337 3785 1414">
     <span class='ocr_line' id='line_1_29' title="bbox 2256 1337 3785 1414; baseline 0.006 -24"><span class='ocrx_word' id='word_1_204' title='bbox 2256 1337 2380 1391; x_wconf 90' lang='lat' dir='ltr'><strong>ﬁdei</strong></span> <span class='ocrx_word' id='word_1_205' title='bbox 2428 1339 2728 1406; x_wconf 88' lang='lat' dir='ltr'><strong>expositio,</strong></span> <span class='ocrx_word' id='word_1_206' title='bbox 2758 1337 2826 1393; x_wconf 91' lang='lat' dir='ltr'><strong>ad</strong></span> <span class='ocrx_word' id='word_1_207' title='bbox 2867 1338 3261 1394; x_wconf 81' lang='lat' dir='ltr'><strong>Antiochenam</strong></span> <span class='ocrx_word' id='word_1_208' title='bbox 3290 1341 3547 1410; x_wconf 87' lang='lat' dir='ltr'><strong>antiquam</strong></span> <span class='ocrx_word' id='word_1_209' title='bbox 3575 1341 3785 1414; x_wconf 83' lang='lat' dir='ltr'><strong>synodum</strong></span> 
     </span>
    </p>
   </div>
   <div class='ocr_carea' id='block_1_30' title="bbox 2253 1431 3788 1506">
    <p class='ocr_par' dir='ltr' id='par_1_30' title="bbox 2253 1431 3788 1506">
     <span class='ocr_line' id='line_1_30' title="bbox 2253 1431 3788 1506; baseline 0.003 -20"><span class='ocrx_word' id='word_1_210' title='bbox 2253 1431 2513 1502; x_wconf 84' lang='lat' dir='ltr'><strong>pertinet,</strong></span> <span class='ocrx_word' id='word_1_211' title='bbox 2547 1431 2740 1487; x_wconf 83' lang='lat' dir='ltr'><strong>falsum</strong></span> <span class='ocrx_word' id='word_1_212' title='bbox 2775 1433 3018 1503; x_wconf 89' lang='lat' dir='ltr'><strong>profecto</strong></span> <span class='ocrx_word' id='word_1_213' title='bbox 3042 1442 3127 1488; x_wconf 91' lang='lat' dir='ltr'><strong>est</strong></span> <span class='ocrx_word' id='word_1_214' title='bbox 3157 1434 3470 1488; x_wconf 78' lang='lat' dir='ltr'><strong>homousium</strong></span> <span class='ocrx_word' id='word_1_215' title='bbox 3494 1434 3555 1488; x_wconf 87' lang='lat' dir='ltr'><strong>ab</strong></span> <span class='ocrx_word' id='word_1_216' title='bbox 3581 1450 3634 1490; x_wconf 91' lang='lat' dir='ltr'><strong>ea</strong></span> <span class='ocrx_word' id='word_1_217' title='bbox 3659 1436 3788 1506; x_wconf 83' lang='lat' dir='ltr'><strong>rejec-</strong></span> 
     </span>
    </p>
   </div>
   <div class='ocr_carea' id='block_1_31' title="bbox 2257 1524 3786 1599">
    <p class='ocr_par' dir='ltr' id='par_1_31' title="bbox 2257 1524 3786 1599">
     <span class='ocr_line' id='line_1_31' title="bbox 2257 1524 3786 1599; baseline 0.005 -21"><span class='ocrx_word' id='word_1_218' title='bbox 2257 1535 2370 1578; x_wconf 89' lang='lat' dir='ltr'><strong>tum</strong></span> <span class='ocrx_word' id='word_1_219' title='bbox 2397 1524 2564 1582; x_wconf 88' lang='lat' dir='ltr'><strong>fuisse</strong></span> <span class='ocrx_word' id='word_1_220' title='bbox 2589 1567 2603 1590; x_wconf 89' lang='lat'><strong>,</strong></span> <span class='ocrx_word' id='word_1_221' title='bbox 2636 1541 2757 1581; x_wconf 90' lang='lat' dir='ltr'><strong>cum</strong></span> <span class='ocrx_word' id='word_1_222' title='bbox 2784 1537 3017 1597; x_wconf 87' lang='lat' dir='ltr'><strong>utroque</strong></span> <span class='ocrx_word' id='word_1_223' title='bbox 3049 1526 3168 1581; x_wconf 87' lang='lat' dir='ltr'><strong>loco</strong></span> <span class='ocrx_word' id='word_1_224' title='bbox 3197 1538 3466 1582; x_wconf 88' lang='lat' dir='ltr'><strong>asseratur</strong></span> <span class='ocrx_word' id='word_1_225' title='bbox 3491 1527 3608 1583; x_wconf 91' lang='lat' dir='ltr'><strong>illud</strong></span> <span class='ocrx_word' id='word_1_226' title='bbox 3629 1529 3786 1599; x_wconf 84' lang='lat' dir='ltr'><strong>apertis</strong></span> 
     </span>
    </p>
   </div>
   <div class='ocr_carea' id='block_1_32' title="bbox 2256 1619 3785 1693">
    <p class='ocr_par' dir='ltr' id='par_1_32' title="bbox 2256 1619 3785 1693">
     <span class='ocr_line' id='line_1_32' title="bbox 2256 1619 3785 1693; baseline 0.005 -22"><span class='ocrx_word' id='word_1_227' title='bbox 2256 1619 2438 1676; x_wconf 86' lang='lat' dir='ltr'><strong>verbis</strong></span> <span class='ocrx_word' id='word_1_228' title='bbox 2465 1621 2540 1693; x_wconf 74' lang='grc' dir='ltr'><strong>(ε)</strong></span> <span class='ocrx_word' id='word_1_229' title='bbox 2570 1637 2583 1674; x_wconf 94' lang='lat'>:</span> <span class='ocrx_word' id='word_1_230' title='bbox 2609 1635 2710 1691; x_wconf 89' lang='lat' dir='ltr'><strong>ego</strong></span> <span class='ocrx_word' id='word_1_231' title='bbox 2737 1636 2869 1677; x_wconf 91' lang='lat' dir='ltr'><strong>vero</strong></span> <span class='ocrx_word' id='word_1_232' title='bbox 2899 1637 3004 1677; x_wconf 93' lang='lat' dir='ltr'><strong>non</strong></span> <span class='ocrx_word' id='word_1_233' title='bbox 3037 1620 3196 1677; x_wconf 88' lang='lat' dir='ltr'><strong>video</strong></span> <span class='ocrx_word' id='word_1_234' title='bbox 3217 1661 3232 1686; x_wconf 91' lang='lat'><strong>,</strong></span> <span class='ocrx_word' id='word_1_235' title='bbox 3265 1637 3363 1676; x_wconf 87' lang='lat' dir='ltr'><strong>cur</strong></span> <span class='ocrx_word' id='word_1_236' title='bbox 3387 1637 3581 1685; x_wconf 86' lang='lat' dir='ltr'><strong>eorum.</strong></span> <span class='ocrx_word' id='word_1_237' title='bbox 3607 1622 3684 1693; x_wconf 91' lang='lat' dir='ltr'><strong>qui</strong></span> <span class='ocrx_word' id='word_1_238' title='bbox 3701 1623 3785 1679; x_wconf 68' lang='lat' dir='ltr'><strong>hac</strong></span> 
     </span>
    </p>
   </div>
   <div class='ocr_carea' id='block_1_33' title="bbox 535 1711 3786 1786">
    <p class='ocr_par' dir='ltr' id='par_1_33' title="bbox 535 1711 3786 1786">
     <span class='ocr_line' id='line_1_33' title="bbox 535 1711 3786 1786; baseline 0 -17"><span class='ocrx_word' id='word_1_239' title='bbox 535 1714 810 1781; x_wconf 85' lang='lat' dir='ltr'><strong>continet,</strong></span> <span class='ocrx_word' id='word_1_240' title='bbox 844 1723 898 1769; x_wconf 88' lang='lat' dir='ltr'><strong>et</strong></span> <span class='ocrx_word' id='word_1_241' title='bbox 952 1713 1361 1784; x_wconf 88' lang='lat' dir='ltr'><strong>complectitur,</strong></span> <span class='ocrx_word' id='word_1_242' title='bbox 1414 1727 1534 1782; x_wconf 76' lang='lat' dir='ltr'><strong>qua:</strong></span> <span class='ocrx_word' id='word_1_243' title='bbox 1582 1711 1672 1766; x_wconf 91' lang='lat' dir='ltr'><strong>ille</strong></span> <span class='ocrx_word' id='word_1_244' title='bbox 1727 1713 1997 1781; x_wconf 82' lang='lat' dir='ltr'><strong>exprimit.</strong></span> <span class='ocrx_word' id='word_1_245' title='bbox 2031 1711 2148 1766; x_wconf 76' lang='lat' dir='ltr'><strong>\‘im</strong></span> <span class='ocrx_word' id='word_1_246' title='bbox 2180 1714 2229 1775; x_wconf 92' lang='lat' dir='ltr'><strong>B</strong></span> <span class='ocrx_word' id='word_1_247' title='bbox 2259 1731 2354 1784; x_wconf 88' lang='lat' dir='ltr'><strong>pro</strong></span> <span class='ocrx_word' id='word_1_248' title='bbox 2396 1715 2559 1780; x_wconf 85' lang='lat' dir='ltr'><strong>veris,</strong></span> <span class='ocrx_word' id='word_1_249' title='bbox 2601 1722 2656 1769; x_wconf 89' lang='lat' dir='ltr'><strong>et</strong></span> <span class='ocrx_word' id='word_1_250' title='bbox 2692 1715 2943 1785; x_wconf 83' lang='lat' dir='ltr'><strong>genuinis</strong></span> <span class='ocrx_word' id='word_1_251' title='bbox 2980 1714 3181 1770; x_wconf 86' lang='lat' dir='ltr'><strong>habent</strong></span> <span class='ocrx_word' id='word_1_252' title='bbox 3219 1713 3556 1770; x_wconf 75' lang='lat' dir='ltr'><strong>Antioclienm</strong></span> <span class='ocrx_word' id='word_1_253' title='bbox 3599 1714 3786 1786; x_wconf 73' lang='lat' dir='ltr'><strong>ejusdem</strong></span> 
     </span>
    </p>
   </div>
   <div class='ocr_carea' id='block_1_34' title="bbox 535 1804 2148 1878">
    <p class='ocr_par' dir='ltr' id='par_1_34' title="bbox 535 1804 2148 1878">
     <span class='ocr_line' id='line_1_34' title="bbox 535 1804 2148 1878; baseline -0.001 -16"><span class='ocrx_word' id='word_1_254' title='bbox 535 1807 700 1878; x_wconf 87' lang='lat' dir='ltr'><strong>igitur</strong></span> <span class='ocrx_word' id='word_1_255' title='bbox 747 1807 870 1863; x_wconf 86' lang='lat' dir='ltr'><strong>huic</strong></span> <span class='ocrx_word' id='word_1_256' title='bbox 921 1808 1174 1876; x_wconf 89' lang='lat' dir='ltr'><strong>scriptori</strong></span> <span class='ocrx_word' id='word_1_257' title='bbox 1220 1806 1489 1871; x_wconf 83' lang='lat' dir='ltr'><strong>inferunt,</strong></span> <span class='ocrx_word' id='word_1_258' title='bbox 1517 1806 1612 1878; x_wconf 88' lang='lat' dir='ltr'><strong>qui</strong></span> <span class='ocrx_word' id='word_1_259' title='bbox 1641 1804 1975 1860; x_wconf 78' lang='lat' dir='ltr'><strong>Antiochena:</strong></span> <span class='ocrx_word' id='word_1_260' title='bbox 2025 1805 2148 1861; x_wconf 87' lang='lat' dir='ltr'><strong>ﬁdei</strong></span> 
     </span>
    </p>
   </div>
   <div class='ocr_carea' id='block_1_35' title="bbox 533 1899 2149 1971">
    <p class='ocr_par' dir='ltr' id='par_1_35' title="bbox 533 1899 2149 1971">
     <span class='ocr_line' id='line_1_35' title="bbox 533 1899 2149 1971; baseline -0.001 -15"><span class='ocrx_word' id='word_1_261' title='bbox 533 1914 689 1967; x_wconf 83' lang='lat' dir='ltr'><strong>voce,</strong></span> <span class='ocrx_word' id='word_1_262' title='bbox 744 1915 865 1956; x_wconf 88' lang='lat' dir='ltr'><strong>eam</strong></span> <span class='ocrx_word' id='word_1_263' title='bbox 915 1900 1080 1957; x_wconf 88' lang='lat' dir='ltr'><strong>etiam</strong></span> <span class='ocrx_word' id='word_1_264' title='bbox 1129 1899 1418 1955; x_wconf 82' lang='lat' dir='ltr'><strong>indicatam</strong></span> <span class='ocrx_word' id='word_1_265' title='bbox 1467 1909 1676 1971; x_wconf 90' lang='lat' dir='ltr'><strong>putant,</strong></span> <span class='ocrx_word' id='word_1_266' title='bbox 1707 1915 1829 1971; x_wconf 86' lang='lat' dir='ltr'><strong>quae</strong></span> <span class='ocrx_word' id='word_1_267' title='bbox 1882 1899 2149 1955; x_wconf 75' lang='lat' dir='ltr'><strong>adversus</strong></span> 
     </span>
    </p>
   </div>
   <div class='ocr_carea' id='block_1_36' title="bbox 535 1991 2147 2063">
    <p class='ocr_par' dir='ltr' id='par_1_36' title="bbox 535 1991 2147 2063">
     <span class='ocr_line' id='line_1_36' title="bbox 535 1991 2147 2063; baseline 0 -15"><span class='ocrx_word' id='word_1_268' title='bbox 535 1991 687 2048; x_wconf 85' lang='lat' dir='ltr'><strong>Pauli</strong></span> <span class='ocrx_word' id='word_1_269' title='bbox 715 1992 1057 2050; x_wconf 90' lang='lat' dir='ltr'><strong>Samosateni</strong></span> <span class='ocrx_word' id='word_1_270' title='bbox 1103 1993 1350 2048; x_wconf 59' lang='lat' dir='ltr'><strong>haeresim</strong></span> <span class='ocrx_word' id='word_1_271' title='bbox 1380 1993 1432 2046; x_wconf 91' lang='lat' dir='ltr'><strong>in</strong></span> <span class='ocrx_word' id='word_1_272' title='bbox 1475 2008 1538 2048; x_wconf 91' lang='lat' dir='ltr'><strong>ea</strong></span> <span class='ocrx_word' id='word_1_273' title='bbox 1571 1993 1708 2050; x_wconf 86' lang='lat' dir='ltr'><strong>urbe</strong></span> <span class='ocrx_word' id='word_1_274' title='bbox 1743 1993 1871 2046; x_wconf 92' lang='lat' dir='ltr'><strong>olim</strong></span> <span class='ocrx_word' id='word_1_275' title='bbox 1901 1993 2147 2063; x_wconf 85' lang='lat' dir='ltr'><strong>promul-</strong></span> 
     </span>
    </p>
   </div>
   <div class='ocr_carea' id='block_1_37' title="bbox 527 2086 2148 2160">
    <p class='ocr_par' dir='ltr' id='par_1_37' title="bbox 527 2086 2148 2160">
     <span class='ocr_line' id='line_1_37' title="bbox 527 2086 2148 2160; baseline 0 -18"><span class='ocrx_word' id='word_1_276' title='bbox 527 2100 651 2160; x_wconf 87' lang='lat' dir='ltr'><strong>gata</strong></span> <span class='ocrx_word' id='word_1_277' title='bbox 705 2089 916 2158; x_wconf 88' lang='lat' dir='ltr'><strong>fuerat,</strong></span> <span class='ocrx_word' id='word_1_278' title='bbox 973 2103 1200 2159; x_wconf 85' lang='lat' dir='ltr'><strong>eamque</strong></span> <span class='ocrx_word' id='word_1_279' title='bbox 1253 2086 1607 2143; x_wconf 69' lang='lat' dir='ltr'><strong>Antiochenre</strong></span> <span class='ocrx_word' id='word_1_280' title='bbox 1657 2087 1708 2141; x_wconf 92' lang='lat' dir='ltr'><strong>in</strong></span> <span class='ocrx_word' id='word_1_281' title='bbox 1762 2086 2056 2154; x_wconf 77' lang='lat' dir='ltr'><strong>Encwniis,</strong></span> <span class='ocrx_word' id='word_1_282' title='bbox 2091 2094 2148 2144; x_wconf 90' lang='lat' dir='ltr'><strong>et</strong></span> 
     </span>
    </p>
   </div>
   <div class='ocr_carea' id='block_1_38' title="bbox 531 2179 2145 2252">
    <p class='ocr_par' dir='ltr' id='par_1_38' title="bbox 531 2179 2145 2252">
     <span class='ocr_line' id='line_1_38' title="bbox 531 2179 2145 2252; baseline 0.001 -17"><span class='ocrx_word' id='word_1_283' title='bbox 531 2179 808 2236; x_wconf 86' lang='lat' dir='ltr'><strong>Sirmiensi</strong></span> <span class='ocrx_word' id='word_1_284' title='bbox 832 2181 1076 2252; x_wconf 87' lang='lat' dir='ltr'><strong>junctam</strong></span> <span class='ocrx_word' id='word_1_285' title='bbox 1120 2180 1287 2236; x_wconf 87' lang='lat' dir='ltr'><strong>fuisse</strong></span> <span class='ocrx_word' id='word_1_286' title='bbox 1318 2180 1630 2251; x_wconf 86' lang='lat' dir='ltr'><strong>opinantur,</strong></span> <span class='ocrx_word' id='word_1_287' title='bbox 1659 2181 1822 2236; x_wconf 85' lang='lat' dir='ltr'><strong>veluti</strong></span> <span class='ocrx_word' id='word_1_288' title='bbox 1859 2179 2145 2237; x_wconf 81' lang='lat' dir='ltr'><strong>ltomousio</strong></span> 
     </span>
    </p>
   </div>
   <div class='ocr_carea' id='block_1_39' title="bbox 530 2275 2144 2346">
    <p class='ocr_par' dir='ltr' id='par_1_39' title="bbox 530 2275 2144 2346">
     <span class='ocr_line' id='line_1_39' title="bbox 530 2275 2144 2346; baseline 0.002 -17"><span class='ocrx_word' id='word_1_289' title='bbox 530 2275 848 2342; x_wconf 90' lang='lat' dir='ltr'><strong>evertendo,</strong></span> <span class='ocrx_word' id='word_1_290' title='bbox 875 2275 968 2346; x_wconf 93' lang='lat' dir='ltr'><strong>qui</strong></span> <span class='ocrx_word' id='word_1_291' title='bbox 996 2287 1113 2330; x_wconf 89' lang='lat' dir='ltr'><strong>erat</strong></span> <span class='ocrx_word' id='word_1_292' title='bbox 1134 2275 1596 2330; x_wconf 88' lang='lat' dir='ltr'><strong>Semiarianornm</strong></span> <span class='ocrx_word' id='word_1_293' title='bbox 1621 2287 1850 2330; x_wconf 89' lang='lat' dir='ltr'><strong>conatus</strong></span> <span class='ocrx_word' id='word_1_294' title='bbox 1876 2275 2144 2346; x_wconf 86' lang='lat' dir='ltr'><strong>imprimis</strong></span> 
     </span>
    </p>
   </div>
   <div class='ocr_carea' id='block_1_40' title="bbox 528 2365 2144 2438">
    <p class='ocr_par' dir='ltr' id='par_1_40' title="bbox 528 2365 2144 2438">
     <span class='ocr_line' id='line_1_40' title="bbox 528 2365 2144 2438; baseline 0.003 -17"><span class='ocrx_word' id='word_1_295' title='bbox 528 2365 820 2433; x_wconf 86' lang='lat' dir='ltr'><strong>idoneam,</strong></span> <span class='ocrx_word' id='word_1_296' title='bbox 882 2376 937 2423; x_wconf 89' lang='lat' dir='ltr'><strong>ct</strong></span> <span class='ocrx_word' id='word_1_297' title='bbox 979 2379 1370 2438; x_wconf 87' lang='lat' dir='ltr'><strong>comparatam.</strong></span> <span class='ocrx_word' id='word_1_298' title='bbox 1430 2367 1585 2422; x_wconf 84' lang='lat' dir='ltr'><strong>Enim</strong></span> <span class='ocrx_word' id='word_1_299' title='bbox 1634 2383 1764 2424; x_wconf 88' lang='lat' dir='ltr'><strong>vero</strong></span> <span class='ocrx_word' id='word_1_300' title='bbox 1807 2367 2144 2427; x_wconf 86' lang='lat' dir='ltr'><strong>Sozomenus</strong></span> 
     </span>
    </p>
   </div>
   <div class='ocr_carea' id='block_1_41' title="bbox 527 2459 2147 2529">
    <p class='ocr_par' dir='ltr' id='par_1_41' title="bbox 527 2459 2147 2529">
     <span class='ocr_line' id='line_1_41' title="bbox 527 2459 2147 2529; baseline 0.001 -14"><span class='ocrx_word' id='word_1_301' title='bbox 527 2475 688 2516; x_wconf 87' lang='lat' dir='ltr'><strong>unam</strong></span> <span class='ocrx_word' id='word_1_302' title='bbox 721 2468 926 2516; x_wconf 90' lang='lat' dir='ltr'><strong>tantum</strong></span> <span class='ocrx_word' id='word_1_303' title='bbox 961 2461 1217 2529; x_wconf 79' lang='lat' dir='ltr'><strong>exprimit</strong></span> <span class='ocrx_word' id='word_1_304' title='bbox 1243 2459 1632 2516; x_wconf 80' lang='lat' dir='ltr'><strong>Antiochenam</strong></span> <span class='ocrx_word' id='word_1_305' title='bbox 1663 2461 1821 2517; x_wconf 89' lang='lat' dir='ltr'><strong>ﬁdem</strong></span> <span class='ocrx_word' id='word_1_306' title='bbox 1849 2504 1864 2527; x_wconf 86' lang='lat'><strong>,</strong></span> <span class='ocrx_word' id='word_1_307' title='bbox 1890 2477 2009 2517; x_wconf 88' lang='lat' dir='ltr'><strong>eam</strong></span> <span class='ocrx_word' id='word_1_308' title='bbox 2039 2462 2147 2517; x_wconf 84' lang='lat' dir='ltr'><strong>sci-</strong></span> 
     </span>
    </p>
   </div>
   <div class='ocr_carea' id='block_1_42' title="bbox 523 2552 2143 2625">
    <p class='ocr_par' dir='ltr' id='par_1_42' title="bbox 523 2552 2143 2625">
     <span class='ocr_line' id='line_1_42' title="bbox 523 2552 2143 2625; baseline 0.002 -18"><span class='ocrx_word' id='word_1_309' title='bbox 523 2552 688 2619; x_wconf 89' lang='lat' dir='ltr'><strong>licet,</strong></span> <span class='ocrx_word' id='word_1_310' title='bbox 718 2570 838 2624; x_wconf 72' lang='lat' dir='ltr'><strong>qua:</strong></span> <span class='ocrx_word' id='word_1_311' title='bbox 858 2553 910 2608; x_wconf 91' lang='lat' dir='ltr'><strong>in</strong></span> <span class='ocrx_word' id='word_1_312' title='bbox 937 2552 1200 2608; x_wconf 77' lang='lat' dir='ltr'><strong>Encwniis</strong></span> <span class='ocrx_word' id='word_1_313' title='bbox 1227 2553 1369 2608; x_wconf 88' lang='lat' dir='ltr'><strong>dicta</strong></span> <span class='ocrx_word' id='word_1_314' title='bbox 1402 2562 1486 2608; x_wconf 90' lang='lat' dir='ltr'><strong>cst</strong></span> <span class='ocrx_word' id='word_1_315' title='bbox 1514 2570 1527 2606; x_wconf 89' lang='lat'>:</span> <span class='ocrx_word' id='word_1_316' title='bbox 1558 2555 1681 2624; x_wconf 87' lang='lat' dir='ltr'><strong>quis</strong></span> <span class='ocrx_word' id='word_1_317' title='bbox 1708 2554 1871 2625; x_wconf 86' lang='lat' dir='ltr'><strong>igitur</strong></span> <span class='ocrx_word' id='word_1_318' title='bbox 1902 2554 2143 2625; x_wconf 77' lang='lat' dir='ltr'><strong>reliquus</strong></span> 
     </span>
    </p>
   </div>
   <div class='ocr_carea' id='block_1_43' title="bbox 523 2647 2141 2718">
    <p class='ocr_par' dir='ltr' id='par_1_43' title="bbox 523 2647 2141 2718">
     <span class='ocr_line' id='line_1_43' title="bbox 523 2647 2141 2718; baseline 0.001 -16"><span class='ocrx_word' id='word_1_319' title='bbox 523 2647 699 2704; x_wconf 83' lang='lat' dir='ltr'><strong>veteri</strong></span> <span class='ocrx_word' id='word_1_320' title='bbox 720 2649 796 2704; x_wconf 90' lang='lat' dir='ltr'><strong>illi</strong></span> <span class='ocrx_word' id='word_1_321' title='bbox 825 2647 1183 2704; x_wconf 74' lang='lat' dir='ltr'><strong>Antiochenze</strong></span> <span class='ocrx_word' id='word_1_322' title='bbox 1205 2648 1539 2718; x_wconf 80' lang='lat' dir='ltr'><strong>expositioni</strong></span> <span class='ocrx_word' id='word_1_323' title='bbox 1569 2648 1758 2703; x_wconf 80' lang='lat' dir='ltr'><strong>locus?</strong></span> <span class='ocrx_word' id='word_1_324' title='bbox 1783 2649 1935 2717; x_wconf 86' lang='lat' dir='ltr'><strong>Quod</strong></span> <span class='ocrx_word' id='word_1_325' title='bbox 1971 2650 2015 2704; x_wconf 89' lang='lat' dir='ltr'><strong>si</strong></span> <span class='ocrx_word' id='word_1_326' title='bbox 2047 2649 2141 2704; x_wconf 87' lang='lat' dir='ltr'><strong>Li-</strong></span> 
     </span>
    </p>
   </div>
   <div class='ocr_carea' id='block_1_44' title="bbox 521 2739 2142 2812">
    <p class='ocr_par' dir='ltr' id='par_1_44' title="bbox 521 2739 2142 2812">
     <span class='ocr_line' id='line_1_44' title="bbox 521 2739 2142 2812; baseline 0.001 -17"><span class='ocrx_word' id='word_1_327' title='bbox 521 2739 677 2795; x_wconf 88' lang='lat' dir='ltr'><strong>berio</strong></span> <span class='ocrx_word' id='word_1_328' title='bbox 704 2756 764 2796; x_wconf 91' lang='lat' dir='ltr'><strong>ea</strong></span> <span class='ocrx_word' id='word_1_329' title='bbox 791 2740 954 2796; x_wconf 89' lang='lat' dir='ltr'><strong>etiam</strong></span> <span class='ocrx_word' id='word_1_330' title='bbox 983 2740 1254 2810; x_wconf 77' lang='lat' dir='ltr'><strong>pronosita</strong></span> <span class='ocrx_word' id='word_1_331' title='bbox 1280 2739 1446 2794; x_wconf 88' lang='lat' dir='ltr'><strong>fuisse</strong></span> <span class='ocrx_word' id='word_1_332' title='bbox 1467 2741 1560 2809; x_wconf 88' lang='lat' dir='ltr'><strong>ait,</strong></span> <span class='ocrx_word' id='word_1_333' title='bbox 1587 2756 1703 2812; x_wconf 72' lang='lat' dir='ltr'><strong>qua:</strong></span> <span class='ocrx_word' id='word_1_334' title='bbox 1724 2744 1967 2796; x_wconf 83' lang='lat' dir='ltr'><strong>adversus</strong></span> <span class='ocrx_word' id='word_1_335' title='bbox 1997 2741 2142 2796; x_wconf 84' lang='lat' dir='ltr'><strong>Pau-</strong></span> 
     </span>
    </p>
   </div>
   <div class='ocr_carea' id='block_1_45' title="bbox 523 2831 2139 2905">
    <p class='ocr_par' dir='ltr' id='par_1_45' title="bbox 523 2831 2139 2905">
     <span class='ocr_line' id='line_1_45' title="bbox 523 2831 2139 2905; baseline 0.001 -17"><span class='ocrx_word' id='word_1_336' title='bbox 523 2832 631 2888; x_wconf 80' lang='lat' dir='ltr'><strong>lum</strong></span> <span class='ocrx_word' id='word_1_337' title='bbox 661 2832 1055 2889; x_wconf 82' lang='lat' dir='ltr'><strong>Samosatenum</strong></span> <span class='ocrx_word' id='word_1_338' title='bbox 1084 2844 1130 2888; x_wconf 87' lang='lat' dir='ltr'><strong>et</strong></span> <span class='ocrx_word' id='word_1_339' title='bbox 1166 2831 1447 2888; x_wconf 78' lang='lat' dir='ltr'><strong>Photinum</strong></span> <span class='ocrx_word' id='word_1_340' title='bbox 1492 2833 1786 2905; x_wconf 80' lang='lat' dir='ltr'><strong>episcopum</strong></span> <span class='ocrx_word' id='word_1_341' title='bbox 1817 2834 2000 2890; x_wconf 85' lang='lat' dir='ltr'><strong>Sirmii</strong></span> <span class='ocrx_word' id='word_1_342' title='bbox 2045 2835 2139 2890; x_wconf 85' lang='lat' dir='ltr'><strong>de-</strong></span> 
     </span>
    </p>
   </div>
   <div class='ocr_carea' id='block_1_46' title="bbox 521 2924 2144 2995">
    <p class='ocr_par' dir='ltr' id='par_1_46' title="bbox 521 2924 2144 2995">
     <span class='ocr_line' id='line_1_46' title="bbox 521 2924 2144 2995; baseline 0.002 -15"><span class='ocrx_word' id='word_1_343' title='bbox 521 2933 664 2980; x_wconf 80' lang='lat' dir='ltr'><strong>creta</strong></span> <span class='ocrx_word' id='word_1_344' title='bbox 691 2929 918 2995; x_wconf 80' lang='lat' dir='ltr'><strong>fuerant,</strong></span> <span class='ocrx_word' id='word_1_345' title='bbox 942 2941 1064 2980; x_wconf 91' lang='lat' dir='ltr'><strong>cum</strong></span> <span class='ocrx_word' id='word_1_346' title='bbox 1097 2924 1434 2981; x_wconf 80' lang='lat' dir='ltr'><strong>Antiochena</strong></span> <span class='ocrx_word' id='word_1_347' title='bbox 1479 2925 1533 2980; x_wconf 91' lang='lat' dir='ltr'><strong>in</strong></span> <span class='ocrx_word' id='word_1_348' title='bbox 1573 2925 1849 2982; x_wconf 71' lang='lat' dir='ltr'><strong>Enczeniis</strong></span> <span class='ocrx_word' id='word_1_349' title='bbox 1876 2971 1890 2994; x_wconf 93' lang='lat'><strong>,</strong></span> <span class='ocrx_word' id='word_1_350' title='bbox 1921 2937 1978 2984; x_wconf 92' lang='lat' dir='ltr'><strong>et</strong></span> <span class='ocrx_word' id='word_1_351' title='bbox 2024 2928 2144 2984; x_wconf 87' lang='lat' dir='ltr'><strong>Sir-</strong></span> 
     </span>
    </p>
   </div>
   <div class='ocr_carea' id='block_1_47' title="bbox 524 3019 2135 3091">
    <p class='ocr_par' dir='ltr' id='par_1_47' title="bbox 524 3019 2135 3091">
     <span class='ocr_line' id='line_1_47' title="bbox 524 3019 2135 3091; baseline 0.003 -17"><span class='ocrx_word' id='word_1_352' title='bbox 524 3019 748 3076; x_wconf 88' lang='lat' dir='ltr'><strong>miensis</strong></span> <span class='ocrx_word' id='word_1_353' title='bbox 774 3020 1009 3076; x_wconf 89' lang='lat' dir='ltr'><strong>ecthesis</strong></span> <span class='ocrx_word' id='word_1_354' title='bbox 1037 3035 1133 3076; x_wconf 91' lang='lat' dir='ltr'><strong>eos</strong></span> <span class='ocrx_word' id='word_1_355' title='bbox 1164 3020 1451 3076; x_wconf 68' lang='lat' dir='ltr'><strong>haereticos</strong></span> <span class='ocrx_word' id='word_1_356' title='bbox 1489 3022 1806 3078; x_wconf 88' lang='lat' dir='ltr'><strong>nominatim</strong></span> <span class='ocrx_word' id='word_1_357' title='bbox 1834 3022 2092 3082; x_wconf 86' lang='lat' dir='ltr'><strong>damnent</strong></span> <span class='ocrx_word' id='word_1_358' title='bbox 2119 3041 2135 3091; x_wconf 91' lang='lat'><strong>;</strong></span> 
     </span>
    </p>
   </div>
   <div class='ocr_carea' id='block_1_48' title="bbox 2250 1807 3788 1879">
    <p class='ocr_par' dir='ltr' id='par_1_48' title="bbox 2250 1807 3788 1879">
     <span class='ocr_line' id='line_1_48' title="bbox 2250 1807 3788 1879; baseline 0 -17"><span class='ocrx_word' id='word_1_359' title='bbox 2250 1807 2442 1879; x_wconf 85' lang='lat' dir='ltr'><strong>synodi</strong></span> <span class='ocrx_word' id='word_1_360' title='bbox 2473 1808 2858 1876; x_wconf 89' lang='lat' dir='ltr'><strong>monumentis,</strong></span> <span class='ocrx_word' id='word_1_361' title='bbox 2885 1807 3158 1864; x_wconf 89' lang='lat' dir='ltr'><strong>sententia</strong></span> <span class='ocrx_word' id='word_1_362' title='bbox 3193 1824 3298 1862; x_wconf 90' lang='lat' dir='ltr'><strong>non</strong></span> <span class='ocrx_word' id='word_1_363' title='bbox 3325 1807 3637 1878; x_wconf 56' lang='lat' dir='ltr'><strong>perferenda</strong></span> <span class='ocrx_word' id='word_1_364' title='bbox 3661 1809 3788 1863; x_wconf 86' lang='lat' dir='ltr'><strong>sital-</strong></span> 
     </span>
    </p>
   </div>
   <div class='ocr_carea' id='block_1_49' title="bbox 2249 1883 3786 1972">
    <p class='ocr_par' dir='ltr' id='par_1_49' title="bbox 2249 1883 3786 1972">
     <span class='ocr_line' id='line_1_49' title="bbox 2249 1883 3786 1972; baseline 0.001 -17"><span class='ocrx_word' id='word_1_365' title='bbox 2249 1901 2370 1965; x_wconf 90' lang='lat' dir='ltr'><strong>teri,</strong></span> <span class='ocrx_word' id='word_1_366' title='bbox 2401 1916 2522 1971; x_wconf 77' lang='lat' dir='ltr'><strong>qua:</strong></span> <span class='ocrx_word' id='word_1_367' title='bbox 2550 1883 2714 1970; x_wconf 83' lang='lat' dir='ltr'><strong>negat</strong></span> <span class='ocrx_word' id='word_1_368' title='bbox 2746 1917 2759 1954; x_wconf 92' lang='lat'><strong>:</strong></span> <span class='ocrx_word' id='word_1_369' title='bbox 2790 1899 2906 1956; x_wconf 67' lang='lat' dir='ltr'><strong>haec</strong></span> <span class='ocrx_word' id='word_1_370' title='bbox 2933 1901 3076 1956; x_wconf 91' lang='lat' dir='ltr'><strong>enim</strong></span> <span class='ocrx_word' id='word_1_371' title='bbox 3101 1902 3290 1972; x_wconf 89' lang='lat' dir='ltr'><strong>paucis</strong></span> <span class='ocrx_word' id='word_1_372' title='bbox 3314 1908 3534 1965; x_wconf 87' lang='lat' dir='ltr'><strong>tantum,</strong></span> <span class='ocrx_word' id='word_1_373' title='bbox 3564 1900 3708 1968; x_wconf 85' lang='lat' dir='ltr'><strong>iisque</strong></span> <span class='ocrx_word' id='word_1_374' title='bbox 3730 1900 3786 1956; x_wconf 83' lang='lat' dir='ltr'><strong>le-</strong></span> 
     </span>
    </p>
   </div>
   <div class='ocr_carea' id='block_1_50' title="bbox 2247 1995 3787 2064">
    <p class='ocr_par' dir='ltr' id='par_1_50' title="bbox 2247 1995 3787 2064">
     <span class='ocr_line' id='line_1_50' title="bbox 2247 1995 3787 2064; baseline 0.001 -15"><span class='ocrx_word' id='word_1_375' title='bbox 2247 1995 2486 2051; x_wconf 89' lang='lat' dir='ltr'><strong>vissimis</strong></span> <span class='ocrx_word' id='word_1_376' title='bbox 2533 1995 2862 2064; x_wconf 89' lang='lat' dir='ltr'><strong>conjectnris</strong></span> <span class='ocrx_word' id='word_1_377' title='bbox 2911 1995 3141 2063; x_wconf 87' lang='lat' dir='ltr'><strong>nititur,</strong></span> <span class='ocrx_word' id='word_1_378' title='bbox 3188 1997 3295 2052; x_wconf 89' lang='lat' dir='ltr'><strong>alia</strong></span> <span class='ocrx_word' id='word_1_379' title='bbox 3335 2011 3461 2052; x_wconf 76' lang='lat' dir='ltr'><strong>vero</strong></span> <span class='ocrx_word' id='word_1_380' title='bbox 3498 1995 3787 2052; x_wconf 65' lang='lat' dir='ltr'><strong>Antiocheam</strong></span> 
     </span>
    </p>
   </div>
   <div class='ocr_carea' id='block_1_51' title="bbox 2249 2087 3787 2162">
    <p class='ocr_par' dir='ltr' id='par_1_51' title="bbox 2249 2087 3787 2162">
     <span class='ocr_line' id='line_1_51' title="bbox 2249 2087 3787 2162; baseline -0.001 -19"><span class='ocrx_word' id='word_1_381' title='bbox 2249 2087 2504 2144; x_wconf 79' lang='lat' dir='ltr'><strong>Ecclesiae</strong></span> <span class='ocrx_word' id='word_1_382' title='bbox 2541 2089 2791 2162; x_wconf 82' lang='lat' dir='ltr'><strong>symbolo</strong></span> <span class='ocrx_word' id='word_1_383' title='bbox 2838 2089 3118 2159; x_wconf 90' lang='lat' dir='ltr'><strong>congruit,</strong></span> <span class='ocrx_word' id='word_1_384' title='bbox 3154 2099 3318 2159; x_wconf 89' lang='lat' dir='ltr'><strong>atque</strong></span> <span class='ocrx_word' id='word_1_385' title='bbox 3363 2098 3622 2145; x_wconf 91' lang='lat' dir='ltr'><strong>auctorum</strong></span> <span class='ocrx_word' id='word_1_386' title='bbox 3659 2089 3715 2142; x_wconf 85' lang='lat' dir='ltr'><strong>ab</strong></span> <span class='ocrx_word' id='word_1_387' title='bbox 3741 2103 3787 2143; x_wconf 84' lang='lat' dir='ltr'><strong>ea</strong></span> 
     </span>
    </p>
   </div>
   <div class='ocr_carea' id='block_1_52' title="bbox 2248 2181 3785 2253">
    <p class='ocr_par' dir='ltr' id='par_1_52' title="bbox 2248 2181 3785 2253">
     <span class='ocr_line' id='line_1_52' title="bbox 2248 2181 3785 2253; baseline -0.002 -17"><span class='ocrx_word' id='word_1_388' title='bbox 2248 2190 2406 2237; x_wconf 74' lang='lat' dir='ltr'><strong>tetate</strong></span> <span class='ocrx_word' id='word_1_389' title='bbox 2434 2181 2574 2236; x_wconf 92' lang='lat' dir='ltr'><strong>haud</strong></span> <span class='ocrx_word' id='word_1_390' title='bbox 2600 2181 2758 2253; x_wconf 85' lang='lat' dir='ltr'><strong>longe</strong></span> <span class='ocrx_word' id='word_1_391' title='bbox 2781 2181 3094 2237; x_wconf 90' lang='lat' dir='ltr'><strong>distantium</strong></span> <span class='ocrx_word' id='word_1_392' title='bbox 3119 2182 3429 2238; x_wconf 90' lang='lat' dir='ltr'><strong>testimonio</strong></span> <span class='ocrx_word' id='word_1_393' title='bbox 3449 2182 3785 2253; x_wconf 87' lang='lat' dir='ltr'><strong>comprobatur.</strong></span> 
     </span>
    </p>
   </div>
   <div class='ocr_carea' id='block_1_53' title="bbox 2247 2274 3786 2347">
    <p class='ocr_par' dir='ltr' id='par_1_53' title="bbox 2247 2274 3786 2347">
     <span class='ocr_line' id='line_1_53' title="bbox 2247 2274 3786 2347; baseline -0.001 -15"><span class='ocrx_word' id='word_1_394' title='bbox 2247 2274 2356 2332; x_wconf 91' lang='lat' dir='ltr'><strong>Sed</strong></span> <span class='ocrx_word' id='word_1_395' title='bbox 2395 2277 2511 2331; x_wconf 75' lang='lat' dir='ltr'><strong>hzec</strong></span> <span class='ocrx_word' id='word_1_396' title='bbox 2556 2291 2662 2330; x_wconf 91' lang='lat' dir='ltr'><strong>non</strong></span> <span class='ocrx_word' id='word_1_397' title='bbox 2710 2284 2796 2332; x_wconf 90' lang='lat' dir='ltr'><strong>est</strong></span> <span class='ocrx_word' id='word_1_398' title='bbox 2832 2275 2898 2331; x_wconf 90' lang='lat' dir='ltr'><strong>iis</strong></span> <span class='ocrx_word' id='word_1_399' title='bbox 2943 2275 3011 2332; x_wconf 91' lang='lat' dir='ltr'><strong>de</strong></span> <span class='ocrx_word' id='word_1_400' title='bbox 3038 2276 3202 2332; x_wconf 86' lang='lat' dir='ltr'><strong>rebus</strong></span> <span class='ocrx_word' id='word_1_401' title='bbox 3253 2275 3444 2347; x_wconf 86' lang='lat' dir='ltr'><strong>agendi</strong></span> <span class='ocrx_word' id='word_1_402' title='bbox 3487 2276 3641 2340; x_wconf 91' lang='lat' dir='ltr'><strong>locus,</strong></span> <span class='ocrx_word' id='word_1_403' title='bbox 3669 2289 3786 2346; x_wconf 88' lang='lat' dir='ltr'><strong>quem</strong></span> 
     </span>
    </p>
   </div>
   <div class='ocr_carea' id='block_1_54' title="bbox 2247 2367 3791 2442">
    <p class='ocr_par' dir='ltr' id='par_1_54' title="bbox 2247 2367 3791 2442">
     <span class='ocr_line' id='line_1_54' title="bbox 2247 2367 3791 2442; baseline -0.001 -19"><span class='ocrx_word' id='word_1_404' title='bbox 2247 2379 2506 2440; x_wconf 58' lang='lat' dir='ltr'><strong>praetcrea</strong></span> <span class='ocrx_word' id='word_1_405' title='bbox 2554 2369 2957 2442; x_wconf 72' lang='lat' dir='ltr'><strong>prmoccupavit</strong></span> <span class='ocrx_word' id='word_1_406' title='bbox 2985 2369 3068 2425; x_wconf 87' lang='lat' dir='ltr'><strong>vir</strong></span> <span class='ocrx_word' id='word_1_407' title='bbox 3094 2369 3450 2425; x_wconf 83' lang='lat' dir='ltr'><strong>doctissimus</strong></span> <span class='ocrx_word' id='word_1_408' title='bbox 3484 2367 3682 2424; x_wconf 81' lang='lat' dir='ltr'><strong>Michael</strong></span> <span class='ocrx_word' id='word_1_409' title='bbox 3707 2367 3791 2422; x_wconf 77' lang='lat' dir='ltr'><strong>An-</strong></span> 
     </span>
    </p>
   </div>
   <div class='ocr_carea' id='block_1_55' title="bbox 2245 2459 3787 2534">
    <p class='ocr_par' dir='ltr' id='par_1_55' title="bbox 2245 2459 3787 2534">
     <span class='ocr_line' id='line_1_55' title="bbox 2245 2459 3787 2534; baseline -0.003 -16"><span class='ocrx_word' id='word_1_410' title='bbox 2245 2463 2400 2531; x_wconf 81' lang='lat' dir='ltr'><strong>gelus</strong></span> <span class='ocrx_word' id='word_1_411' title='bbox 2438 2461 2764 2519; x_wconf 80' lang='lat' dir='ltr'><strong>Jacomellns</strong></span> <span class='ocrx_word' id='word_1_412' title='bbox 2815 2463 3038 2518; x_wconf 93' lang='lat' dir='ltr'><strong>intimus</strong></span> <span class='ocrx_word' id='word_1_413' title='bbox 3066 2462 3434 2534; x_wconf 83' lang='lat' dir='ltr'><strong>Cappellanus</strong></span> <span class='ocrx_word' id='word_1_414' title='bbox 3462 2463 3554 2519; x_wconf 90' lang='lat' dir='ltr'><strong>SS.</strong></span> <span class='ocrx_word' id='word_1_415' title='bbox 3585 2462 3638 2516; x_wconf 85' lang='grc' dir='ltr'><strong>Ι).</strong></span> <span class='ocrx_word' id='word_1_416' title='bbox 3674 2459 3725 2516; x_wconf 83' lang='grc' dir='ltr'><strong>Ν.</strong></span> <span class='ocrx_word' id='word_1_417' title='bbox 3749 2461 3787 2514; x_wconf 80' lang='lat' dir='ltr'><strong>in</strong></span> 
     </span>
    </p>
   </div>
   <div class='ocr_carea' id='block_1_56' title="bbox 2245 2552 3787 2628">
    <p class='ocr_par' dir='ltr' id='par_1_56' title="bbox 2245 2552 3787 2628">
     <span class='ocr_line' id='line_1_56' title="bbox 2245 2552 3787 2628; baseline -0.002 -19"><span class='ocrx_word' id='word_1_418' title='bbox 2245 2555 2603 2610; x_wconf 77' lang='lat' dir='ltr'><strong>dissertatione</strong></span> <span class='ocrx_word' id='word_1_419' title='bbox 2631 2557 2692 2609; x_wconf 83' lang='lat' dir='ltr'><strong>de</strong></span> <span class='ocrx_word' id='word_1_420' title='bbox 2716 2555 2899 2610; x_wconf 75' lang='lat' dir='ltr'><strong>literesi</strong></span> <span class='ocrx_word' id='word_1_421' title='bbox 2926 2555 3081 2610; x_wconf 83' lang='lat' dir='ltr'><strong>Pauli</strong></span> <span class='ocrx_word' id='word_1_422' title='bbox 3104 2556 3454 2626; x_wconf 85' lang='lat' dir='ltr'><strong>Samosateni,</strong></span> <span class='ocrx_word' id='word_1_423' title='bbox 3479 2570 3622 2628; x_wconf 84' lang='lat' dir='ltr'><strong>quam</strong></span> <span class='ocrx_word' id='word_1_424' title='bbox 3645 2554 3682 2612; x_wconf 91' lang='lat' dir='ltr'><strong>si</strong></span> <span class='ocrx_word' id='word_1_425' title='bbox 3699 2552 3787 2625; x_wconf 84' lang='lat' dir='ltr'><strong>quis</strong></span> 
     </span>
    </p>
   </div>
   <div class='ocr_carea' id='block_1_57' title="bbox 2243 2648 3218 2720">
    <p class='ocr_par' dir='ltr' id='par_1_57' title="bbox 2243 2648 3218 2720">
     <span class='ocr_line' id='line_1_57' title="bbox 2243 2648 3218 2720; baseline 0.001 -15"><span class='ocrx_word' id='word_1_426' title='bbox 2243 2651 2510 2714; x_wconf 86' lang='lat' dir='ltr'><strong>consulat,</strong></span> <span class='ocrx_word' id='word_1_427' title='bbox 2541 2664 2721 2720; x_wconf 72' lang='lat' dir='ltr'><strong>opera:</strong></span> <span class='ocrx_word' id='word_1_428' title='bbox 2752 2650 2980 2720; x_wconf 89' lang='lat' dir='ltr'><strong>pretium</strong></span> <span class='ocrx_word' id='word_1_429' title='bbox 3005 2648 3218 2706; x_wconf 86' lang='lat' dir='ltr'><strong>fecerit.</strong></span> 
     </span>
    </p>
   </div>
   <div class='ocr_carea' id='block_1_58' title="bbox 2311 2742 3791 2817">
    <p class='ocr_par' dir='ltr' id='par_1_58' title="bbox 2311 2742 3791 2817">
     <span class='ocr_line' id='line_1_58' title="bbox 2311 2742 3791 2817; baseline -0.001 -17"><span class='ocrx_word' id='word_1_430' title='bbox 2311 2744 2400 2800; x_wconf 81' lang='lat' dir='ltr'><strong>&#39;Ad</strong></span> <span class='ocrx_word' id='word_1_431' title='bbox 2432 2743 2718 2813; x_wconf 71' lang='lat' dir='ltr'><strong>epistolam</strong></span> <span class='ocrx_word' id='word_1_432' title='bbox 2760 2760 2901 2800; x_wconf 90' lang='lat' dir='ltr'><strong>nunc</strong></span> <span class='ocrx_word' id='word_1_433' title='bbox 2934 2746 3092 2800; x_wconf 90' lang='lat' dir='ltr'><strong>venio</strong></span> <span class='ocrx_word' id='word_1_434' title='bbox 3123 2761 3288 2817; x_wconf 90' lang='lat' dir='ltr'><strong>quam</strong></span> <span class='ocrx_word' id='word_1_435' title='bbox 3319 2745 3620 2812; x_wconf 78' lang='lat' dir='ltr'><strong>Valentem,</strong></span> <span class='ocrx_word' id='word_1_436' title='bbox 3665 2742 3791 2800; x_wconf 79' lang='lat' dir='ltr'><strong>Ursa-</strong></span> 
     </span>
    </p>
   </div>
   <div class='ocr_carea' id='block_1_59' title="bbox 2243 2835 3791 2910">
    <p class='ocr_par' dir='ltr' id='par_1_59' title="bbox 2243 2835 3791 2910">
     <span class='ocr_line' id='line_1_59' title="bbox 2243 2835 3791 2910; baseline -0.001 -18"><span class='ocrx_word' id='word_1_437' title='bbox 2243 2837 2385 2893; x_wconf 89' lang='lat' dir='ltr'><strong>cium</strong></span> <span class='ocrx_word' id='word_1_438' title='bbox 2415 2853 2469 2894; x_wconf 90' lang='lat' dir='ltr'><strong>et</strong></span> <span class='ocrx_word' id='word_1_439' title='bbox 2491 2837 2827 2894; x_wconf 85' lang='lat' dir='ltr'><strong>Germinium</strong></span> <span class='ocrx_word' id='word_1_440' title='bbox 2852 2839 3157 2910; x_wconf 90' lang='lat' dir='ltr'><strong>postulasse</strong></span> <span class='ocrx_word' id='word_1_441' title='bbox 3188 2839 3430 2896; x_wconf 88' lang='lat' dir='ltr'><strong>Hilarius</strong></span> <span class='ocrx_word' id='word_1_442' title='bbox 3455 2838 3558 2907; x_wconf 91' lang='lat' dir='ltr'><strong>ait,</strong></span> <span class='ocrx_word' id='word_1_443' title='bbox 3581 2847 3632 2893; x_wconf 91' lang='lat' dir='ltr'><strong>ut</strong></span> <span class='ocrx_word' id='word_1_444' title='bbox 3658 2853 3684 2892; x_wconf 89' lang='lat' dir='ltr'><strong>a</strong></span> <span class='ocrx_word' id='word_1_445' title='bbox 3703 2835 3791 2891; x_wconf 79' lang='lat' dir='ltr'><strong>Ba-</strong></span> 
     </span>
    </p>
   </div>
   <div class='ocr_carea' id='block_1_60' title="bbox 2243 2931 3793 3007">
    <p class='ocr_par' dir='ltr' id='par_1_60' title="bbox 2243 2931 3793 3007">
     <span class='ocr_line' id='line_1_60' title="bbox 2243 2931 3793 3007; baseline -0.001 -21"><span class='ocrx_word' id='word_1_446' title='bbox 2243 2932 2368 2987; x_wconf 90' lang='lat' dir='ltr'><strong>silio</strong></span> <span class='ocrx_word' id='word_1_447' title='bbox 2393 2933 2683 3006; x_wconf 88' lang='lat' dir='ltr'><strong>Ancyrano</strong></span> <span class='ocrx_word' id='word_1_448' title='bbox 2716 2935 3004 3006; x_wconf 85' lang='lat' dir='ltr'><strong>legeretur.</strong></span> <span class='ocrx_word' id='word_1_449' title='bbox 3037 2935 3167 3004; x_wconf 67' lang='lat' dir='ltr'><strong>Quae</strong></span> <span class='ocrx_word' id='word_1_450' title='bbox 3193 2936 3364 2992; x_wconf 82' lang='lat' dir='ltr'><strong>fuerit</strong></span> <span class='ocrx_word' id='word_1_451' title='bbox 3389 2935 3567 3007; x_wconf 78' lang='lat' dir='ltr'><strong>igitur,</strong></span> <span class='ocrx_word' id='word_1_452' title='bbox 3591 2949 3618 2988; x_wconf 92' lang='lat' dir='ltr'><strong>a</strong></span> <span class='ocrx_word' id='word_1_453' title='bbox 3641 2931 3793 3005; x_wconf 84' lang='lat' dir='ltr'><strong>quibus</strong></span> 
     </span>
    </p>
   </div>
   <div class='ocr_carea' id='block_1_61' title="bbox 2243 3027 3793 3099">
    <p class='ocr_par' dir='ltr' id='par_1_61' title="bbox 2243 3027 3793 3099">
     <span class='ocr_line' id='line_1_61' title="bbox 2243 3027 3793 3099; baseline -0.003 -17"><span class='ocrx_word' id='word_1_454' title='bbox 2243 3029 2480 3098; x_wconf 87' lang='lat' dir='ltr'><strong>scripta,</strong></span> <span class='ocrx_word' id='word_1_455' title='bbox 2521 3027 2722 3099; x_wconf 86' lang='lat' dir='ltr'><strong>quidve</strong></span> <span class='ocrx_word' id='word_1_456' title='bbox 2769 3044 2832 3084; x_wconf 89' lang='lat' dir='ltr'><strong>ea</strong></span> <span class='ocrx_word' id='word_1_457' title='bbox 2874 3037 3137 3095; x_wconf 60' lang='lat' dir='ltr'><strong>praeterea</strong></span> <span class='ocrx_word' id='word_1_458' title='bbox 3183 3030 3523 3092; x_wconf 89' lang='lat' dir='ltr'><strong>contineret,</strong></span> <span class='ocrx_word' id='word_1_459' title='bbox 3561 3027 3793 3084; x_wconf 89' lang='lat' dir='ltr'><strong>obscurum</strong></span> 
     </span>
    </p>
   </div>
   <div class='ocr_carea' id='block_1_62' title="bbox 523 3108 3796 3193">
    <p class='ocr_par' dir='ltr' id='par_1_62' title="bbox 523 3108 3796 3193">
     <span class='ocr_line' id='line_1_62' title="bbox 523 3108 3796 3193; baseline 0.002 -25"><span class='ocrx_word' id='word_1_460' title='bbox 523 3127 710 3183; x_wconf 73' lang='lat' dir='ltr'><strong>ecqua:</strong></span> <span class='ocrx_word' id='word_1_461' title='bbox 729 3114 925 3170; x_wconf 87' lang='lat' dir='ltr'><strong>amabo</strong></span> <span class='ocrx_word' id='word_1_462' title='bbox 943 3113 1299 3170; x_wconf 72' lang='lat' dir='ltr'><strong>Antiochense</strong></span> <span class='ocrx_word' id='word_1_463' title='bbox 1322 3115 1521 3170; x_wconf 88' lang='lat' dir='ltr'><strong>veteris</strong></span> <span class='ocrx_word' id='word_1_464' title='bbox 1543 3115 1688 3170; x_wconf 87' lang='lat' dir='ltr'><strong>illius</strong></span> <span class='ocrx_word' id='word_1_465' title='bbox 1710 3115 1971 3171; x_wconf 87' lang='lat' dir='ltr'><strong>adversus</strong></span> <span class='ocrx_word' id='word_1_466' title='bbox 1987 3133 2139 3172; x_wconf 87' lang='lat' dir='ltr'><strong>eum-</strong></span> <span class='ocrx_word' id='word_1_467' title='bbox 2164 3108 2208 3171; x_wconf 73' lang='grc' dir='ltr'><strong>(Σ</strong></span> <span class='ocrx_word' id='word_1_468' title='bbox 2243 3129 2324 3174; x_wconf 90' lang='lat' dir='ltr'><strong>cst</strong></span> <span class='ocrx_word' id='word_1_469' title='bbox 2355 3136 2374 3174; x_wconf 94' lang='lat'><em>:</em></span> <span class='ocrx_word' id='word_1_470' title='bbox 2404 3119 2507 3176; x_wconf 90' lang='lat' dir='ltr'><strong>hoc</strong></span> <span class='ocrx_word' id='word_1_471' title='bbox 2537 3130 2740 3175; x_wconf 91' lang='lat' dir='ltr'><strong>tantum</strong></span> <span class='ocrx_word' id='word_1_472' title='bbox 2771 3121 2840 3176; x_wconf 89' lang='lat' dir='ltr'><strong>ab</strong></span> <span class='ocrx_word' id='word_1_473' title='bbox 2867 3121 3058 3177; x_wconf 90' lang='lat' dir='ltr'><strong>eodem</strong></span> <span class='ocrx_word' id='word_1_474' title='bbox 3095 3120 3305 3178; x_wconf 85' lang='lat' dir='ltr'><strong>Hilario</strong></span> <span class='ocrx_word' id='word_1_475' title='bbox 3341 3121 3700 3193; x_wconf 87' lang='lat' dir='ltr'><strong>intelligimus,</strong></span> <span class='ocrx_word' id='word_1_476' title='bbox 3728 3133 3796 3172; x_wconf 84' lang='lat' dir='ltr'><strong>ac-</strong></span> 
     </span>
    </p>
   </div>
   <div class='ocr_carea' id='block_1_63' title="bbox 521 3203 2178 3282">
    <p class='ocr_par' dir='ltr' id='par_1_63' title="bbox 521 3203 2178 3282">
     <span class='ocr_line' id='line_1_63' title="bbox 521 3203 2178 3282; baseline 0.003 -19"><span class='ocrx_word' id='word_1_477' title='bbox 521 3205 646 3263; x_wconf 91' lang='lat' dir='ltr'><strong>dem</strong></span> <span class='ocrx_word' id='word_1_478' title='bbox 668 3207 1082 3264; x_wconf 89' lang='lat' dir='ltr'><strong>Samosatenum</strong></span> <span class='ocrx_word' id='word_1_479' title='bbox 1113 3207 1303 3280; x_wconf 89' lang='lat' dir='ltr'><strong>synodi</strong></span> <span class='ocrx_word' id='word_1_480' title='bbox 1333 3208 1656 3276; x_wconf 90' lang='lat' dir='ltr'><strong>deﬁnitioni,</strong></span> <span class='ocrx_word' id='word_1_481' title='bbox 1677 3212 1720 3263; x_wconf 88' lang='lat' dir='ltr'><strong>si</strong></span> <span class='ocrx_word' id='word_1_482' title='bbox 1741 3225 1862 3280; x_wconf 61' lang='lat' dir='ltr'><strong>quae</strong></span> <span class='ocrx_word' id='word_1_483' title='bbox 1885 3226 2139 3282; x_wconf 88' lang='lat' dir='ltr'><strong>umquam</strong></span> <span class='ocrx_word' id='word_1_484' title='bbox 2175 3203 2178 3208; x_wconf 67' lang='grc'><em>’</em></span> 
     </span>
    </p>
   </div>
   <div class='ocr_carea' id='block_1_64' title="bbox 518 3299 2140 3373">
    <p class='ocr_par' dir='ltr' id='par_1_64' title="bbox 518 3299 2140 3373">
     <span class='ocr_line' id='line_1_64' title="bbox 518 3299 2140 3373; baseline 0.002 -17"><span class='ocrx_word' id='word_1_485' title='bbox 518 3299 641 3368; x_wconf 86' lang='lat' dir='ltr'><strong>fuit,</strong></span> <span class='ocrx_word' id='word_1_486' title='bbox 671 3299 866 3356; x_wconf 88' lang='lat' dir='ltr'><strong>iterum</strong></span> <span class='ocrx_word' id='word_1_487' title='bbox 895 3309 1023 3356; x_wconf 87' lang='lat' dir='ltr'><strong>tunc</strong></span> <span class='ocrx_word' id='word_1_488' title='bbox 1049 3299 1435 3371; x_wconf 64' lang='lat' dir='ltr'><strong>depromenda:</strong></span> <span class='ocrx_word' id='word_1_489' title='bbox 1463 3302 1760 3357; x_wconf 83' lang='lat' dir='ltr'><strong>necessitas</strong></span> <span class='ocrx_word' id='word_1_490' title='bbox 1783 3317 1904 3358; x_wconf 89' lang='lat' dir='ltr'><strong>esse</strong></span> <span class='ocrx_word' id='word_1_491' title='bbox 1933 3302 2140 3373; x_wconf 87' lang='lat' dir='ltr'><strong>potuit?</strong></span> 
     </span>
    </p>
   </div>
   <div class='ocr_carea' id='block_1_65' title="bbox 589 3393 2137 3466">
    <p class='ocr_par' dir='ltr' id='par_1_65' title="bbox 589 3393 2137 3466">
     <span class='ocr_line' id='line_1_65' title="bbox 589 3393 2137 3466; baseline 0.002 -15"><span class='ocrx_word' id='word_1_492' title='bbox 589 3393 700 3451; x_wconf 90' lang='lat' dir='ltr'><strong>Sed</strong></span> <span class='ocrx_word' id='word_1_493' title='bbox 741 3410 839 3449; x_wconf 91' lang='lat' dir='ltr'><strong>nec</strong></span> <span class='ocrx_word' id='word_1_494' title='bbox 885 3409 987 3466; x_wconf 88' lang='lat' dir='ltr'><strong>ego</strong></span> <span class='ocrx_word' id='word_1_495' title='bbox 1040 3394 1197 3451; x_wconf 84' lang='lat' dir='ltr'><strong>facile</strong></span> <span class='ocrx_word' id='word_1_496' title='bbox 1241 3396 1648 3461; x_wconf 80' lang='lat' dir='ltr'><strong>concesserim,</strong></span> <span class='ocrx_word' id='word_1_497' title='bbox 1683 3395 2026 3452; x_wconf 89' lang='lat' dir='ltr'><strong>homousium</strong></span> <span class='ocrx_word' id='word_1_498' title='bbox 2067 3397 2137 3454; x_wconf 87' lang='lat' dir='ltr'><strong>ab</strong></span> 
     </span>
    </p>
   </div>
   <div class='ocr_carea' id='block_1_66' title="bbox 520 3486 2132 3562">
    <p class='ocr_par' dir='ltr' id='par_1_66' title="bbox 520 3486 2132 3562">
     <span class='ocr_line' id='line_1_66' title="bbox 520 3486 2132 3562; baseline 0.003 -21"><span class='ocrx_word' id='word_1_499' title='bbox 520 3486 859 3543; x_wconf 83' lang='lat' dir='ltr'><strong>Antiochena</strong></span> <span class='ocrx_word' id='word_1_500' title='bbox 896 3486 1156 3543; x_wconf 88' lang='lat' dir='ltr'><strong>adversus</strong></span> <span class='ocrx_word' id='word_1_501' title='bbox 1199 3487 1612 3544; x_wconf 87' lang='lat' dir='ltr'><strong>Samosatenum</strong></span> <span class='ocrx_word' id='word_1_502' title='bbox 1658 3489 1871 3562; x_wconf 88' lang='lat' dir='ltr'><strong>synodo</strong></span> <span class='ocrx_word' id='word_1_503' title='bbox 1903 3491 2132 3546; x_wconf 89' lang='lat' dir='ltr'><strong>damna-</strong></span> 
     </span>
    </p>
   </div>
   <div class='ocr_carea' id='block_1_67' title="bbox 519 3580 2134 3658">
    <p class='ocr_par' dir='ltr' id='par_1_67' title="bbox 519 3580 2134 3658">
     <span class='ocr_line' id='line_1_67' title="bbox 519 3580 2134 3658; baseline 0.002 -22"><span class='ocrx_word' id='word_1_504' title='bbox 519 3593 660 3648; x_wconf 87' lang='lat' dir='ltr'><strong>tum,</strong></span> <span class='ocrx_word' id='word_1_505' title='bbox 695 3580 1066 3652; x_wconf 88' lang='lat' dir='ltr'><strong>rejectumque</strong></span> <span class='ocrx_word' id='word_1_506' title='bbox 1091 3581 1279 3637; x_wconf 91' lang='lat' dir='ltr'><strong>fuisse.</strong></span> <span class='ocrx_word' id='word_1_507' title='bbox 1314 3580 1426 3637; x_wconf 91' lang='lat' dir='ltr'><strong>Hoc</strong></span> <span class='ocrx_word' id='word_1_508' title='bbox 1455 3583 1672 3653; x_wconf 90' lang='lat' dir='ltr'><strong>quidem</strong></span> <span class='ocrx_word' id='word_1_509' title='bbox 1701 3583 1978 3640; x_wconf 86' lang='lat' dir='ltr'><strong>decretum</strong></span> <span class='ocrx_word' id='word_1_510' title='bbox 2009 3584 2134 3658; x_wconf 87' lang='lat' dir='ltr'><strong>(ne-</strong></span> 
     </span>
    </p>
   </div>
   <div class='ocr_carea' id='block_1_68' title="bbox 519 3673 2136 3746">
    <p class='ocr_par' dir='ltr' id='par_1_68' title="bbox 519 3673 2136 3746">
     <span class='ocr_line' id='line_1_68' title="bbox 519 3673 2136 3746; baseline 0.003 -18"><span class='ocrx_word' id='word_1_511' title='bbox 519 3689 627 3744; x_wconf 89' lang='lat' dir='ltr'><strong>que</strong></span> <span class='ocrx_word' id='word_1_512' title='bbox 665 3676 810 3729; x_wconf 90' lang='lat' dir='ltr'><strong>enim</strong></span> <span class='ocrx_word' id='word_1_513' title='bbox 843 3675 1008 3745; x_wconf 82' lang='lat' dir='ltr'><strong>nego)</strong></span> <span class='ocrx_word' id='word_1_514' title='bbox 1036 3673 1268 3729; x_wconf 82' lang='lat' dir='ltr'><strong>Basilius</strong></span> <span class='ocrx_word' id='word_1_515' title='bbox 1308 3674 1565 3746; x_wconf 85' lang='lat' dir='ltr'><strong>Magnus,</strong></span> <span class='ocrx_word' id='word_1_516' title='bbox 1601 3676 1704 3731; x_wconf 92' lang='lat' dir='ltr'><strong>hoc</strong></span> <span class='ocrx_word' id='word_1_517' title='bbox 1741 3677 1979 3733; x_wconf 82' lang='lat' dir='ltr'><strong>Hilarius</strong></span> <span class='ocrx_word' id='word_1_518' title='bbox 2020 3693 2136 3734; x_wconf 90' lang='lat' dir='ltr'><strong>me-</strong></span> 
     </span>
    </p>
   </div>
   <div class='ocr_carea' id='block_1_69' title="bbox 520 3765 2132 3839">
    <p class='ocr_par' dir='ltr' id='par_1_69' title="bbox 520 3765 2132 3839">
     <span class='ocr_line' id='line_1_69' title="bbox 520 3765 2132 3839; baseline 0.002 -17"><span class='ocrx_word' id='word_1_519' title='bbox 520 3775 721 3822; x_wconf 90' lang='lat' dir='ltr'><strong>morat.</strong></span> <span class='ocrx_word' id='word_1_520' title='bbox 751 3768 821 3821; x_wconf 88' lang='lat' dir='ltr'><strong>At</strong></span> <span class='ocrx_word' id='word_1_521' title='bbox 864 3766 964 3820; x_wconf 90' lang='lat' dir='ltr'><strong>viri</strong></span> <span class='ocrx_word' id='word_1_522' title='bbox 997 3765 1140 3822; x_wconf 93' lang='lat' dir='ltr'><strong>docti</strong></span> <span class='ocrx_word' id='word_1_523' title='bbox 1180 3766 1377 3821; x_wconf 81' lang='lat' dir='ltr'><strong>Basilio</strong></span> <span class='ocrx_word' id='word_1_524' title='bbox 1422 3777 1708 3839; x_wconf 78' lang='lat' dir='ltr'><strong>Opportunt</strong></span> <span class='ocrx_word' id='word_1_525' title='bbox 1752 3771 2132 3826; x_wconf 81' lang='lat' dir='ltr'><strong>auctoritatem</strong></span> 
     </span>
    </p>
   </div>
   <div class='ocr_carea' id='block_1_70' title="bbox 521 3860 2134 3934">
    <p class='ocr_par' dir='ltr' id='par_1_70' title="bbox 521 3860 2134 3934">
     <span class='ocr_line' id='line_1_70' title="bbox 521 3860 2134 3934; baseline 0.004 -18"><span class='ocrx_word' id='word_1_526' title='bbox 521 3860 827 3924; x_wconf 85' lang='lat' dir='ltr'><strong>Athanasii,</strong></span> <span class='ocrx_word' id='word_1_527' title='bbox 851 3875 915 3916; x_wconf 92' lang='lat' dir='ltr'><strong>ac</strong></span> <span class='ocrx_word' id='word_1_528' title='bbox 935 3861 1174 3917; x_wconf 89' lang='lat' dir='ltr'><strong>rationes</strong></span> <span class='ocrx_word' id='word_1_529' title='bbox 1201 3860 1336 3917; x_wconf 89' lang='lat' dir='ltr'><strong>alias</strong></span> <span class='ocrx_word' id='word_1_530' title='bbox 1357 3861 1619 3930; x_wconf 81' lang='lat' dir='ltr'><strong>afferunt,</strong></span> <span class='ocrx_word' id='word_1_531' title='bbox 1644 3864 1714 3918; x_wconf 91' lang='lat' dir='ltr'><strong>ob</strong></span> <span class='ocrx_word' id='word_1_532' title='bbox 1739 3879 1872 3934; x_wconf 72' lang='lat' dir='ltr'><strong>«nias</strong></span> <span class='ocrx_word' id='word_1_533' title='bbox 1894 3881 1956 3921; x_wconf 85' lang='lat' dir='ltr'><strong>ea</strong></span> <span class='ocrx_word' id='word_1_534' title='bbox 1979 3864 2046 3921; x_wconf 91' lang='lat' dir='ltr'><strong>de</strong></span> <span class='ocrx_word' id='word_1_535' title='bbox 2074 3882 2134 3922; x_wconf 90' lang='lat' dir='ltr'><strong>re</strong></span> 
     </span>
    </p>
   </div>
   <div class='ocr_carea' id='block_1_71' title="bbox 521 3955 2136 4027">
    <p class='ocr_par' dir='ltr' id='par_1_71' title="bbox 521 3955 2136 4027">
     <span class='ocr_line' id='line_1_71' title="bbox 521 3955 2136 4027; baseline 0.002 -16"><span class='ocrx_word' id='word_1_536' title='bbox 521 3956 720 4012; x_wconf 85' lang='lat' dir='ltr'><strong>merito</strong></span> <span class='ocrx_word' id='word_1_537' title='bbox 754 3955 1085 4012; x_wconf 88' lang='lat' dir='ltr'><strong>dubitamus.</strong></span> <span class='ocrx_word' id='word_1_538' title='bbox 1117 3955 1299 4010; x_wconf 87' lang='lat' dir='ltr'><strong>Primo</strong></span> <span class='ocrx_word' id='word_1_539' title='bbox 1323 3955 1565 4023; x_wconf 89' lang='lat' dir='ltr'><strong>scilicet,</strong></span> <span class='ocrx_word' id='word_1_540' title='bbox 1597 3955 1740 4027; x_wconf 91' lang='lat' dir='ltr'><strong>quod</strong></span> <span class='ocrx_word' id='word_1_541' title='bbox 1770 3967 2038 4013; x_wconf 89' lang='lat' dir='ltr'><strong>assertum</strong></span> <span class='ocrx_word' id='word_1_542' title='bbox 2069 3959 2136 4016; x_wconf 83' lang='lat' dir='ltr'><strong>il-</strong></span> 
     </span>
    </p>
   </div>
   <div class='ocr_carea' id='block_1_72' title="bbox 520 4046 2132 4122">
    <p class='ocr_par' dir='ltr' id='par_1_72' title="bbox 520 4046 2132 4122">
     <span class='ocr_line' id='line_1_72' title="bbox 520 4046 2132 4122; baseline 0.001 -17"><span class='ocrx_word' id='word_1_543' title='bbox 520 4048 612 4105; x_wconf 88' lang='lat' dir='ltr'><strong>lud</strong></span> <span class='ocrx_word' id='word_1_544' title='bbox 641 4047 997 4105; x_wconf 69' lang='lat' dir='ltr'><strong>Antiocheam</strong></span> <span class='ocrx_word' id='word_1_545' title='bbox 1040 4046 1234 4120; x_wconf 87' lang='lat' dir='ltr'><strong>synodi</strong></span> <span class='ocrx_word' id='word_1_546' title='bbox 1263 4047 1543 4118; x_wconf 82' lang='lat' dir='ltr'><strong>decretum</strong></span> <span class='ocrx_word' id='word_1_547' title='bbox 1590 4049 1655 4103; x_wconf 92' lang='lat' dir='ltr'><strong>iis</strong></span> <span class='ocrx_word' id='word_1_548' title='bbox 1687 4060 1983 4120; x_wconf 87' lang='lat' dir='ltr'><strong>repugnat,</strong></span> <span class='ocrx_word' id='word_1_549' title='bbox 2009 4067 2132 4122; x_wconf 79' lang='lat' dir='ltr'><strong>qua:</strong></span> 
     </span>
    </p>
   </div>
   <div class='ocr_carea' id='block_1_73' title="bbox 517 4141 2128 4216">
    <p class='ocr_par' dir='ltr' id='par_1_73' title="bbox 517 4141 2128 4216">
     <span class='ocr_line' id='line_1_73' title="bbox 517 4141 2128 4216; baseline 0.002 -20"><span class='ocrx_word' id='word_1_550' title='bbox 517 4144 680 4213; x_wconf 87' lang='lat' dir='ltr'><strong>paulo</strong></span> <span class='ocrx_word' id='word_1_551' title='bbox 705 4152 832 4199; x_wconf 88' lang='lat' dir='ltr'><strong>ante</strong></span> <span class='ocrx_word' id='word_1_552' title='bbox 862 4142 1126 4216; x_wconf 90' lang='lat' dir='ltr'><strong>synodum</strong></span> <span class='ocrx_word' id='word_1_553' title='bbox 1160 4142 1302 4197; x_wconf 88' lang='lat' dir='ltr'><strong>inter</strong></span> <span class='ocrx_word' id='word_1_554' title='bbox 1331 4154 1625 4214; x_wconf 90' lang='lat' dir='ltr'><strong>utrumque</strong></span> <span class='ocrx_word' id='word_1_555' title='bbox 1653 4141 1990 4215; x_wconf 85' lang='lat' dir='ltr'><strong>Dionysium,</strong></span> <span class='ocrx_word' id='word_1_556' title='bbox 2023 4145 2128 4200; x_wconf 85' lang='lat' dir='ltr'><strong>Ro-</strong></span> 
     </span>
    </p>
   </div>
   <div class='ocr_carea' id='block_1_74' title="bbox 518 4235 2131 4309">
    <p class='ocr_par' dir='ltr' id='par_1_74' title="bbox 518 4235 2131 4309">
     <span class='ocr_line' id='line_1_74' title="bbox 518 4235 2131 4309; baseline 0.004 -17"><span class='ocrx_word' id='word_1_557' title='bbox 518 4253 739 4294; x_wconf 87' lang='lat' dir='ltr'><strong>manum</strong></span> <span class='ocrx_word' id='word_1_558' title='bbox 767 4237 1002 4305; x_wconf 86' lang='lat' dir='ltr'><strong>scilicet,</strong></span> <span class='ocrx_word' id='word_1_559' title='bbox 1032 4245 1090 4294; x_wconf 89' lang='lat' dir='ltr'><strong>et</strong></span> <span class='ocrx_word' id='word_1_560' title='bbox 1125 4235 1552 4293; x_wconf 86' lang='lat' dir='ltr'><strong>Alexandrinum</strong></span> <span class='ocrx_word' id='word_1_561' title='bbox 1589 4248 1740 4309; x_wconf 69' lang='lat' dir='ltr'><strong>gesta</strong></span> <span class='ocrx_word' id='word_1_562' title='bbox 1769 4237 2001 4296; x_wconf 86' lang='lat' dir='ltr'><strong>fuerant.</strong></span> <span class='ocrx_word' id='word_1_563' title='bbox 2038 4241 2131 4298; x_wconf 90' lang='lat' dir='ltr'><strong>Se-</strong></span> 
     </span>
    </p>
   </div>
   <div class='ocr_carea' id='block_1_75' title="bbox 518 4331 2128 4406">
    <p class='ocr_par' dir='ltr' id='par_1_75' title="bbox 518 4331 2128 4406">
     <span class='ocr_line' id='line_1_75' title="bbox 518 4331 2128 4406; baseline 0.004 -18"><span class='ocrx_word' id='word_1_564' title='bbox 518 4334 719 4401; x_wconf 86' lang='lat' dir='ltr'><strong>cundo,</strong></span> <span class='ocrx_word' id='word_1_565' title='bbox 761 4333 908 4406; x_wconf 90' lang='lat' dir='ltr'><strong>quod</strong></span> <span class='ocrx_word' id='word_1_566' title='bbox 944 4333 1077 4390; x_wconf 90' lang='lat' dir='ltr'><strong>illud</strong></span> <span class='ocrx_word' id='word_1_567' title='bbox 1125 4335 1192 4391; x_wconf 90' lang='lat' dir='ltr'><strong>ab</strong></span> <span class='ocrx_word' id='word_1_568' title='bbox 1213 4333 1465 4390; x_wconf 90' lang='lat' dir='ltr'><strong>omnibus</strong></span> <span class='ocrx_word' id='word_1_569' title='bbox 1491 4331 1766 4405; x_wconf 70' lang='lat' dir='ltr'><strong>&#39;prorsus,</strong></span> <span class='ocrx_word' id='word_1_570' title='bbox 1791 4352 1860 4391; x_wconf 90' lang='lat' dir='ltr'><strong>ne</strong></span> <span class='ocrx_word' id='word_1_571' title='bbox 1911 4337 2128 4394; x_wconf 85' lang='lat' dir='ltr'><strong>Arianis</strong></span> 
     </span>
    </p>
   </div>
   <div class='ocr_carea' id='block_1_76' title="bbox 519 4427 2129 4500">
    <p class='ocr_par' dir='ltr' id='par_1_76' title="bbox 519 4427 2129 4500">
     <span class='ocr_line' id='line_1_76' title="bbox 519 4427 2129 4500; baseline 0.002 -19"><span class='ocrx_word' id='word_1_572' title='bbox 519 4427 739 4498; x_wconf 90' lang='lat' dir='ltr'><strong>quidem</strong></span> <span class='ocrx_word' id='word_1_573' title='bbox 792 4427 1073 4497; x_wconf 84' lang='lat' dir='ltr'><strong>exceptis,</strong></span> <span class='ocrx_word' id='word_1_574' title='bbox 1106 4427 1410 4497; x_wconf 89' lang='lat' dir='ltr'><strong>ignoratum</strong></span> <span class='ocrx_word' id='word_1_575' title='bbox 1455 4427 1631 4483; x_wconf 88' lang='lat' dir='ltr'><strong>fuerat</strong></span> <span class='ocrx_word' id='word_1_576' title='bbox 1689 4444 1860 4500; x_wconf 85' lang='lat' dir='ltr'><strong>usque</strong></span> <span class='ocrx_word' id='word_1_577' title='bbox 1914 4429 1981 4485; x_wconf 90' lang='lat' dir='ltr'><strong>ad</strong></span> <span class='ocrx_word' id='word_1_578' title='bbox 2031 4446 2129 4485; x_wconf 72' lang='lat' dir='ltr'><strong>an—</strong></span> 
     </span>
    </p>
   </div>
   <div class='ocr_carea' id='block_1_77' title="bbox 523 4518 2129 4590">
    <p class='ocr_par' dir='ltr' id='par_1_77' title="bbox 523 4518 2129 4590">
     <span class='ocr_line' id='line_1_77' title="bbox 523 4518 2129 4590; baseline 0.004 -17"><span class='ocrx_word' id='word_1_579' title='bbox 523 4535 651 4574; x_wconf 88' lang='lat' dir='ltr'><strong>num</strong></span> <span class='ocrx_word' id='word_1_580' title='bbox 677 4519 806 4584; x_wconf 75' lang='lat'><strong>358,</strong></span> <span class='ocrx_word' id='word_1_581' title='bbox 832 4519 985 4589; x_wconf 84' lang='lat' dir='ltr'><strong>cujus</strong></span> <span class='ocrx_word' id='word_1_582' title='bbox 1017 4518 1260 4590; x_wconf 89' lang='lat' dir='ltr'><strong>profecto</strong></span> <span class='ocrx_word' id='word_1_583' title='bbox 1303 4520 1380 4576; x_wconf 92' lang='lat' dir='ltr'><strong>rei</strong></span> <span class='ocrx_word' id='word_1_584' title='bbox 1414 4519 1640 4577; x_wconf 90' lang='lat' dir='ltr'><strong>idoneus</strong></span> <span class='ocrx_word' id='word_1_585' title='bbox 1671 4521 1824 4577; x_wconf 89' lang='lat' dir='ltr'><strong>testis</strong></span> <span class='ocrx_word' id='word_1_586' title='bbox 1861 4521 2129 4580; x_wconf 86' lang='lat' dir='ltr'><strong>Eusebius</strong></span> 
     </span>
    </p>
   </div>
   <div class='ocr_carea' id='block_1_78' title="bbox 518 4609 2128 4686">
    <p class='ocr_par' dir='ltr' id='par_1_78' title="bbox 518 4609 2128 4686">
     <span class='ocr_line' id='line_1_78' title="bbox 518 4609 2128 4686; baseline 0.004 -19"><span class='ocrx_word' id='word_1_587' title='bbox 518 4611 604 4667; x_wconf 88' lang='lat' dir='ltr'><strong>vir</strong></span> <span class='ocrx_word' id='word_1_588' title='bbox 635 4609 858 4666; x_wconf 72' lang='lat' dir='ltr'><strong>inﬁnita:</strong></span> <span class='ocrx_word' id='word_1_589' title='bbox 885 4613 1276 4682; x_wconf 89' lang='lat' dir='ltr'><strong>propemodum</strong></span> <span class='ocrx_word' id='word_1_590' title='bbox 1304 4613 1575 4682; x_wconf 89' lang='lat' dir='ltr'><strong>lectionis,</strong></span> <span class='ocrx_word' id='word_1_591' title='bbox 1606 4614 1698 4686; x_wconf 92' lang='lat' dir='ltr'><strong>qui</strong></span> <span class='ocrx_word' id='word_1_592' title='bbox 1729 4630 1852 4671; x_wconf 92' lang='lat' dir='ltr'><strong>cum</strong></span> <span class='ocrx_word' id='word_1_593' title='bbox 1890 4617 2128 4674; x_wconf 88' lang='lat' dir='ltr'><strong>rationes</strong></span> 
     </span>
    </p>
   </div>
   <div class='ocr_carea' id='block_1_79' title="bbox 519 4701 2129 4776">
    <p class='ocr_par' dir='ltr' id='par_1_79' title="bbox 519 4701 2129 4776">
     <span class='ocr_line' id='line_1_79' title="bbox 519 4701 2129 4776; baseline 0.003 -16"><span class='ocrx_word' id='word_1_594' title='bbox 519 4720 710 4761; x_wconf 85' lang='lat' dir='ltr'><strong>omnes</strong></span> <span class='ocrx_word' id='word_1_595' title='bbox 740 4701 958 4760; x_wconf 81' lang='lat' dir='ltr'><strong>all&#39;crret</strong></span> <span class='ocrx_word' id='word_1_596' title='bbox 992 4705 1047 4760; x_wconf 93' lang='lat' dir='ltr'><strong>in</strong></span> <span class='ocrx_word' id='word_1_597' title='bbox 1088 4705 1298 4776; x_wconf 87' lang='lat' dir='ltr'><strong>synodo</strong></span> <span class='ocrx_word' id='word_1_598' title='bbox 1341 4704 1559 4760; x_wconf 75' lang='lat' dir='ltr'><strong>Nicmna</strong></span> <span class='ocrx_word' id='word_1_599' title='bbox 1605 4707 1869 4762; x_wconf 91' lang='lat' dir='ltr'><strong>adversus</strong></span> <span class='ocrx_word' id='word_1_600' title='bbox 1901 4709 2129 4765; x_wconf 86' lang='lat' dir='ltr'><strong>homon-</strong></span> 
     </span>
    </p>
   </div>
   <div class='ocr_carea' id='block_1_80' title="bbox 516 4796 2128 4872">
    <p class='ocr_par' dir='ltr' id='par_1_80' title="bbox 516 4796 2128 4872">
     <span class='ocr_line' id='line_1_80' title="bbox 516 4796 2128 4872; baseline 0.002 -18"><span class='ocrx_word' id='word_1_601' title='bbox 516 4799 655 4854; x_wconf 84' lang='lat' dir='ltr'><strong>sium</strong></span> <span class='ocrx_word' id='word_1_602' title='bbox 691 4797 1012 4868; x_wconf 82' lang='lat' dir='ltr'><strong>propositas,</strong></span> <span class='ocrx_word' id='word_1_603' title='bbox 1039 4796 1179 4853; x_wconf 88' lang='lat' dir='ltr'><strong>hanc</strong></span> <span class='ocrx_word' id='word_1_604' title='bbox 1211 4813 1310 4854; x_wconf 89' lang='lat' dir='ltr'><strong>nec</strong></span> <span class='ocrx_word' id='word_1_605' title='bbox 1336 4812 1600 4854; x_wconf 88' lang='lat' dir='ltr'><strong>memorat</strong></span> <span class='ocrx_word' id='word_1_606' title='bbox 1622 4800 1956 4872; x_wconf 85' lang='lat' dir='ltr'><strong>quidem(b).</strong></span> <span class='ocrx_word' id='word_1_607' title='bbox 1992 4802 2128 4858; x_wconf 89' lang='lat' dir='ltr'><strong>Ter-</strong></span> 
     </span>
    </p>
   </div>
   <div class='ocr_carea' id='block_1_81' title="bbox 521 4889 2125 4962">
    <p class='ocr_par' dir='ltr' id='par_1_81' title="bbox 521 4889 2125 4962">
     <span class='ocr_line' id='line_1_81' title="bbox 521 4889 2125 4962; baseline 0.002 -16"><span class='ocrx_word' id='word_1_608' title='bbox 521 4892 597 4947; x_wconf 92' lang='lat' dir='ltr'><strong>tio</strong></span> <span class='ocrx_word' id='word_1_609' title='bbox 621 4890 856 4961; x_wconf 84' lang='lat' dir='ltr'><strong>denique</strong></span> <span class='ocrx_word' id='word_1_610' title='bbox 878 4932 891 4955; x_wconf 93' lang='lat'><strong>,</strong></span> <span class='ocrx_word' id='word_1_611' title='bbox 917 4889 1059 4961; x_wconf 87' lang='lat' dir='ltr'><strong>quod</strong></span> <span class='ocrx_word' id='word_1_612' title='bbox 1097 4890 1242 4944; x_wconf 93' lang='lat' dir='ltr'><strong>nullo</strong></span> <span class='ocrx_word' id='word_1_613' title='bbox 1281 4890 1390 4945; x_wconf 93' lang='lat' dir='ltr'><strong>alio</strong></span> <span class='ocrx_word' id='word_1_614' title='bbox 1419 4892 1727 4946; x_wconf 89' lang='lat' dir='ltr'><strong>testimonio</strong></span> <span class='ocrx_word' id='word_1_615' title='bbox 1759 4890 1949 4948; x_wconf 86' lang='lat' dir='ltr'><strong>nititur</strong></span> <span class='ocrx_word' id='word_1_616' title='bbox 1972 4937 1986 4962; x_wconf 93' lang='lat'><strong>,</strong></span> <span class='ocrx_word' id='word_1_617' title='bbox 2019 4895 2125 4950; x_wconf 85' lang='lat' dir='ltr'><strong>nisi</strong></span> 
     </span>
    </p>
   </div>
   <div class='ocr_carea' id='block_1_82' title="bbox 519 4983 2120 5060">
    <p class='ocr_par' dir='ltr' id='par_1_82' title="bbox 519 4983 2120 5060">
     <span class='ocr_line' id='line_1_82' title="bbox 519 4983 2120 5060; baseline 0.004 -21"><span class='ocrx_word' id='word_1_618' title='bbox 519 4995 647 5039; x_wconf 91' lang='lat' dir='ltr'><strong>tunc</strong></span> <span class='ocrx_word' id='word_1_619' title='bbox 676 4983 970 5039; x_wconf 87' lang='lat' dir='ltr'><strong>viventium</strong></span> <span class='ocrx_word' id='word_1_620' title='bbox 1008 4984 1370 5052; x_wconf 85' lang='lat' dir='ltr'><strong>Arianorum,</strong></span> <span class='ocrx_word' id='word_1_621' title='bbox 1401 5002 1630 5054; x_wconf 91' lang='lat' dir='ltr'><strong>quorum</strong></span> <span class='ocrx_word' id='word_1_622' title='bbox 1670 5003 1830 5044; x_wconf 88' lang='lat' dir='ltr'><strong>nemo</strong></span> <span class='ocrx_word' id='word_1_623' title='bbox 1861 4988 2075 5060; x_wconf 87' lang='lat' dir='ltr'><strong>ignorat</strong></span> <span class='ocrx_word' id='word_1_624' title='bbox 2105 5031 2120 5057; x_wconf 93' lang='lat'><strong>,</strong></span> 
     </span>
    </p>
   </div>
   <div class='ocr_carea' id='block_1_83' title="bbox 516 5075 2127 5149">
    <p class='ocr_par' dir='ltr' id='par_1_83' title="bbox 516 5075 2127 5149">
     <span class='ocr_line' id='line_1_83' title="bbox 516 5075 2127 5149; baseline 0.003 -19"><span class='ocrx_word' id='word_1_625' title='bbox 516 5091 679 5146; x_wconf 87' lang='lat' dir='ltr'><strong>quam</strong></span> <span class='ocrx_word' id='word_1_626' title='bbox 714 5085 964 5146; x_wconf 85' lang='lat' dir='ltr'><strong>suspecta</strong></span> <span class='ocrx_word' id='word_1_627' title='bbox 1009 5075 1142 5132; x_wconf 87' lang='lat' dir='ltr'><strong>ﬁdes</strong></span> <span class='ocrx_word' id='word_1_628' title='bbox 1192 5077 1352 5131; x_wconf 89' lang='lat' dir='ltr'><strong>fuerit</strong></span> <span class='ocrx_word' id='word_1_629' title='bbox 1393 5077 1486 5149; x_wconf 78' lang='grc' dir='ltr'><strong>(ε).</strong></span> <span class='ocrx_word' id='word_1_630' title='bbox 1526 5077 1679 5146; x_wconf 84' lang='lat' dir='ltr'><strong>Quod</strong></span> <span class='ocrx_word' id='word_1_631' title='bbox 1711 5095 1840 5135; x_wconf 77' lang='lat' dir='ltr'><strong>vero</strong></span> <span class='ocrx_word' id='word_1_632' title='bbox 1880 5081 1946 5134; x_wconf 90' lang='lat' dir='ltr'><strong>ad</strong></span> <span class='ocrx_word' id='word_1_633' title='bbox 1981 5080 2127 5135; x_wconf 86' lang='lat' dir='ltr'><strong>Hila-</strong></span> 
     </span>
    </p>
   </div>
   <div class='ocr_carea' id='block_1_84' title="bbox 518 5170 2125 5244">
    <p class='ocr_par' dir='ltr' id='par_1_84' title="bbox 518 5170 2125 5244">
     <span class='ocr_line' id='line_1_84' title="bbox 518 5170 2125 5244; baseline 0.003 -18"><span class='ocrx_word' id='word_1_634' title='bbox 518 5171 659 5226; x_wconf 85' lang='lat' dir='ltr'><strong>rium</strong></span> <span class='ocrx_word' id='word_1_635' title='bbox 690 5170 942 5240; x_wconf 88' lang='lat' dir='ltr'><strong>pertinet,</strong></span> <span class='ocrx_word' id='word_1_636' title='bbox 972 5170 1180 5226; x_wconf 90' lang='lat' dir='ltr'><strong>nullum</strong></span> <span class='ocrx_word' id='word_1_637' title='bbox 1211 5171 1264 5226; x_wconf 92' lang='lat' dir='ltr'><strong>in</strong></span> <span class='ocrx_word' id='word_1_638' title='bbox 1290 5170 1547 5227; x_wconf 83' lang='lat' dir='ltr'><strong>historica</strong></span> <span class='ocrx_word' id='word_1_639' title='bbox 1578 5173 1738 5244; x_wconf 90' lang='lat' dir='ltr'><strong>hujus</strong></span> <span class='ocrx_word' id='word_1_640' title='bbox 1769 5173 1844 5228; x_wconf 90' lang='lat' dir='ltr'><strong>rei</strong></span> <span class='ocrx_word' id='word_1_641' title='bbox 1877 5189 2125 5244; x_wconf 87' lang='lat' dir='ltr'><strong>perscru-</strong></span> 
     </span>
    </p>
   </div>
   <div class='ocr_carea' id='block_1_85' title="bbox 521 5261 2130 5336">
    <p class='ocr_par' dir='ltr' id='par_1_85' title="bbox 521 5261 2130 5336">
     <span class='ocr_line' id='line_1_85' title="bbox 521 5261 2130 5336; baseline 0.005 -20"><span class='ocrx_word' id='word_1_642' title='bbox 521 5263 684 5318; x_wconf 85' lang='lat' dir='ltr'><strong>tanda</strong></span> <span class='ocrx_word' id='word_1_643' title='bbox 707 5264 938 5320; x_wconf 89' lang='lat' dir='ltr'><strong>veritate</strong></span> <span class='ocrx_word' id='word_1_644' title='bbox 977 5261 1216 5320; x_wconf 89' lang='lat' dir='ltr'><strong>studium</strong></span> <span class='ocrx_word' id='word_1_645' title='bbox 1246 5263 1460 5334; x_wconf 89' lang='lat' dir='ltr'><strong>posuit,</strong></span> <span class='ocrx_word' id='word_1_646' title='bbox 1487 5263 1583 5320; x_wconf 89' lang='lat' dir='ltr'><strong>sed</strong></span> <span class='ocrx_word' id='word_1_647' title='bbox 1605 5265 1959 5322; x_wconf 85' lang='lat' dir='ltr'><strong>Semiarianis</strong></span> <span class='ocrx_word' id='word_1_648' title='bbox 1989 5308 2005 5336; x_wconf 93' lang='lat'><strong>,</strong></span> <span class='ocrx_word' id='word_1_649' title='bbox 2033 5265 2130 5324; x_wconf 79' lang='lat' dir='ltr'><strong>aut</strong></span> 
     </span>
    </p>
   </div>
   <div class='ocr_carea' id='block_1_86' title="bbox 583 5445 2113 5519">
    <p class='ocr_par' dir='ltr' id='par_1_86' title="bbox 583 5445 2113 5519">
     <span class='ocr_line' id='line_1_86' title="bbox 583 5445 2113 5519; baseline 0.003 -20"><span class='ocrx_word' id='word_1_650' title='bbox 583 5445 663 5518; x_wconf 83' lang='lat' dir='ltr'><strong>(a)</strong></span> <span class='ocrx_word' id='word_1_651' title='bbox 689 5445 814 5519; x_wconf 71' lang='lat' dir='ltr'><strong>vid.</strong></span> <span class='ocrx_word' id='word_1_652' title='bbox 841 5447 1038 5502; x_wconf 83' lang='lat' dir='ltr'><strong>Athan.</strong></span> <span class='ocrx_word' id='word_1_653' title='bbox 1070 5445 1139 5502; x_wconf 91' lang='lat' dir='ltr'><strong>de</strong></span> <span class='ocrx_word' id='word_1_654' title='bbox 1161 5446 1294 5519; x_wconf 90' lang='lat' dir='ltr'><strong>Syn.</strong></span> <span class='ocrx_word' id='word_1_655' title='bbox 1315 5488 1328 5513; x_wconf 92' lang='lat'><strong>,</strong></span> <span class='ocrx_word' id='word_1_656' title='bbox 1362 5463 1418 5512; x_wconf 75' lang='grc' dir='ltr'><strong>ι).</strong></span> <span class='ocrx_word' id='word_1_657' title='bbox 1453 5446 1590 5519; x_wconf 79' lang='lat'><strong>895.</strong></span> <span class='ocrx_word' id='word_1_658' title='bbox 1615 5447 1752 5517; x_wconf 88' lang='lat' dir='ltr'><strong>apud</strong></span> <span class='ocrx_word' id='word_1_659' title='bbox 1785 5447 1914 5515; x_wconf 81' lang='lat'><strong>88.;</strong></span> <span class='ocrx_word' id='word_1_660' title='bbox 1943 5448 2113 5504; x_wconf 86' lang='lat' dir='ltr'><strong>Hilar.</strong></span> 
     </span>
    </p>
   </div>
   <div class='ocr_carea' id='block_1_87' title="bbox 515 5518 2114 5593">
    <p class='ocr_par' dir='ltr' id='par_1_87' title="bbox 515 5518 2114 5593">
     <span class='ocr_line' id='line_1_87' title="bbox 515 5518 2114 5593; baseline 0.004 -23"><span class='ocrx_word' id='word_1_661' title='bbox 515 5531 693 5593; x_wconf 66' lang='lat' dir='ltr'><strong>contr.</strong></span> <span class='ocrx_word' id='word_1_662' title='bbox 714 5518 1021 5593; x_wconf 66' lang='grc' dir='ltr'><strong>ϐρηειωῃ..</strong></span> <span class='ocrx_word' id='word_1_663' title='bbox 1047 5518 1298 5593; x_wconf 51' lang='grc' dir='ltr'><strong>ηυιηζῇρ</strong></span> <span class='ocrx_word' id='word_1_664' title='bbox 1312 5519 1424 5593; x_wconf 43' lang='grc' dir='ltr'><strong>Ξ-Ρ.</strong></span> <span class='ocrx_word' id='word_1_665' title='bbox 1452 5518 1734 5593; x_wconf 80' lang='lat' dir='ltr'><strong>Constant.</strong></span> <span class='ocrx_word' id='word_1_666' title='bbox 1771 5522 1825 5576; x_wconf 91' lang='lat' dir='ltr'><strong>in</strong></span> <span class='ocrx_word' id='word_1_667' title='bbox 1854 5531 1968 5576; x_wconf 88' lang='lat' dir='ltr'><strong>not.</strong></span> <span class='ocrx_word' id='word_1_668' title='bbox 1999 5522 2114 5593; x_wconf 73' lang='lat' dir='ltr'><strong>[ad</strong></span> 
     </span>
    </p>
   </div>
   <div class='ocr_carea' id='block_1_88' title="bbox 518 5588 1600 5662">
    <p class='ocr_par' dir='ltr' id='par_1_88' title="bbox 518 5588 1600 5662">
     <span class='ocr_line' id='line_1_88' title="bbox 518 5588 1600 5662; baseline -0.001 -19"><span class='ocrx_word' id='word_1_669' title='bbox 518 5588 621 5662; x_wconf 81' lang='lat' dir='ltr'><strong>Hii.</strong></span> <span class='ocrx_word' id='word_1_670' title='bbox 657 5590 724 5662; x_wconf 76' lang='lat' dir='ltr'><strong>tie</strong></span> <span class='ocrx_word' id='word_1_671' title='bbox 767 5589 898 5662; x_wconf 86' lang='lat' dir='ltr'><strong>_Syn.</strong></span> <span class='ocrx_word' id='word_1_672' title='bbox 940 5591 1060 5654; x_wconf 87' lang='lat' dir='ltr'><strong>lih..</strong></span> <span class='ocrx_word' id='word_1_673' title='bbox 1095 5607 1147 5655; x_wconf 81' lang='grc' dir='ltr'><strong>ι).</strong></span> <span class='ocrx_word' id='word_1_674' title='bbox 1179 5590 1441 5662; x_wconf 68' lang='grc' dir='ltr'><strong>482.Ἶθῐ’.</strong></span> <span class='ocrx_word' id='word_1_675' title='bbox 1473 5591 1600 5646; x_wconf 88' lang='lat' dir='ltr'><strong>edit.</strong></span> 
     </span>
    </p>
   </div>
   <div class='ocr_carea' id='block_1_89' title="bbox 589 5660 2107 5738">
    <p class='ocr_par' dir='ltr' id='par_1_89' title="bbox 589 5660 2107 5738">
     <span class='ocr_line' id='line_1_89' title="bbox 589 5660 2107 5738; baseline 0.007 -25"><span class='ocrx_word' id='word_1_676' title='bbox 589 5661 666 5729; x_wconf 88' lang='lat' dir='ltr'><strong>(b)</strong></span> <span class='ocrx_word' id='word_1_677' title='bbox 683 5660 1132 5738; x_wconf 69' lang='lat' dir='ltr'><strong>_Vid.&#39;ejn§_epist.</strong></span> <span class='ocrx_word' id='word_1_678' title='bbox 1157 5663 1224 5720; x_wconf 90' lang='lat' dir='ltr'><strong>ad</strong></span> <span class='ocrx_word' id='word_1_679' title='bbox 1245 5661 1444 5720; x_wconf 69' lang='lat' dir='ltr'><strong>(la-sar.</strong></span> <span class='ocrx_word' id='word_1_680' title='bbox 1475 5662 1615 5735; x_wconf 88' lang='lat' dir='ltr'><strong>apud</strong></span> <span class='ocrx_word' id='word_1_681' title='bbox 1628 5662 1828 5721; x_wconf 76' lang='lat' dir='ltr'><strong>Athan.</strong></span> <span class='ocrx_word' id='word_1_682' title='bbox 1855 5664 1926 5723; x_wconf 86' lang='lat' dir='ltr'><strong>de</strong></span> <span class='ocrx_word' id='word_1_683' title='bbox 1949 5665 2107 5738; x_wconf 85' lang='lat' dir='ltr'><strong>Syn.,</strong></span> 
     </span>
    </p>
   </div>
   <div class='ocr_carea' id='block_1_90' title="bbox 516 5731 1040 5804">
    <p class='ocr_par' dir='ltr' id='par_1_90' title="bbox 516 5731 1040 5804">
     <span class='ocr_line' id='line_1_90' title="bbox 516 5731 1040 5804; baseline 0.002 -18"><span class='ocrx_word' id='word_1_684' title='bbox 516 5739 648 5786; x_wconf 90' lang='lat' dir='ltr'><strong>tom.</strong></span> <span class='ocrx_word' id='word_1_685' title='bbox 683 5731 723 5798; x_wconf 94' lang='lat' dir='ltr'><strong>I,</strong></span> <span class='ocrx_word' id='word_1_686' title='bbox 759 5747 880 5804; x_wconf 86' lang='lat' dir='ltr'><strong>pag.</strong></span> <span class='ocrx_word' id='word_1_687' title='bbox 911 5731 1040 5790; x_wconf 75' lang='grc'><strong>240.</strong></span> 
     </span>
    </p>
   </div>
   <div class='ocr_carea' id='block_1_91' title="bbox 2247 3211 3795 3284">
    <p class='ocr_par' dir='ltr' id='par_1_91' title="bbox 2247 3211 3795 3284">
     <span class='ocr_line' id='line_1_91' title="bbox 2247 3211 3795 3284; baseline -0.001 -18"><span class='ocrx_word' id='word_1_688' title='bbox 2247 3219 2358 3266; x_wconf 91' lang='lat' dir='ltr'><strong>tum</strong></span> <span class='ocrx_word' id='word_1_689' title='bbox 2391 3212 2442 3267; x_wconf 89' lang='lat' dir='ltr'><strong>itt</strong></span> <span class='ocrx_word' id='word_1_690' title='bbox 2475 3228 2537 3268; x_wconf 88' lang='lat' dir='ltr'><strong>ea</strong></span> <span class='ocrx_word' id='word_1_691' title='bbox 2566 3213 2734 3270; x_wconf 62' lang='lat' dir='ltr'><strong>fuisse</strong></span> <span class='ocrx_word' id='word_1_692' title='bbox 2763 3215 3100 3284; x_wconf 90' lang='lat' dir='ltr'><strong>potissimum</strong></span> <span class='ocrx_word' id='word_1_693' title='bbox 3141 3215 3213 3270; x_wconf 88' lang='lat' dir='ltr'><strong>de</strong></span> <span class='ocrx_word' id='word_1_694' title='bbox 3242 3216 3509 3272; x_wconf 72' lang='lat' dir='ltr'><strong>homwusii</strong></span> <span class='ocrx_word' id='word_1_695' title='bbox 3527 3226 3576 3272; x_wconf 87' lang='lat' dir='ltr'><strong>et</strong></span> <span class='ocrx_word' id='word_1_696' title='bbox 3593 3211 3795 3268; x_wconf 82' lang='lat' dir='ltr'><strong>Itomousii</strong></span> 
     </span>
    </p>
   </div>
   <div class='ocr_carea' id='block_1_92' title="bbox 2245 3304 3796 3380">
    <p class='ocr_par' dir='ltr' id='par_1_92' title="bbox 2245 3304 3796 3380">
     <span class='ocr_line' id='line_1_92' title="bbox 2245 3304 3796 3380; baseline 0.001 -22"><span class='ocrx_word' id='word_1_697' title='bbox 2245 3305 2581 3375; x_wconf 72' lang='lat' dir='ltr'><strong>expositione.</strong></span> <span class='ocrx_word' id='word_1_698' title='bbox 2623 3304 2949 3376; x_wconf 74' lang='lat' dir='ltr'><strong>Epistolam‘,</strong></span> <span class='ocrx_word' id='word_1_699' title='bbox 2975 3306 3050 3362; x_wconf 88' lang='lat' dir='ltr'><strong>ait</strong></span> <span class='ocrx_word' id='word_1_700' title='bbox 3095 3306 3209 3375; x_wconf 89' lang='lat' dir='ltr'><strong>ille,</strong></span> <span class='ocrx_word' id='word_1_701' title='bbox 3238 3325 3396 3380; x_wconf 84' lang='lat' dir='ltr'><strong>quam</strong></span> <span class='ocrx_word' id='word_1_702' title='bbox 3424 3327 3457 3363; x_wconf 91' lang='lat' dir='ltr'><strong>a</strong></span> <span class='ocrx_word' id='word_1_703' title='bbox 3485 3308 3610 3363; x_wconf 81' lang='lat' dir='ltr'><strong>vobis</strong></span> <span class='ocrx_word' id='word_1_704' title='bbox 3643 3307 3697 3361; x_wconf 84' lang='lat' dir='ltr'><strong>de</strong></span> <span class='ocrx_word' id='word_1_705' title='bbox 3725 3304 3796 3360; x_wconf 79' lang='lat' dir='ltr'><strong>ho-</strong></span> 
     </span>
    </p>
   </div>
   <div class='ocr_carea' id='block_1_93' title="bbox 2241 3398 3792 3473">
    <p class='ocr_par' dir='ltr' id='par_1_93' title="bbox 2241 3398 3792 3473">
     <span class='ocr_line' id='line_1_93' title="bbox 2241 3398 3792 3473; baseline -0.001 -20"><span class='ocrx_word' id='word_1_706' title='bbox 2241 3400 2425 3454; x_wconf 83' lang='lat' dir='ltr'><strong>mousii</strong></span> <span class='ocrx_word' id='word_1_707' title='bbox 2455 3410 2502 3454; x_wconf 90' lang='lat' dir='ltr'><strong>et</strong></span> <span class='ocrx_word' id='word_1_708' title='bbox 2531 3399 2797 3456; x_wconf 76' lang='lat' dir='ltr'><strong>Iwmamsii</strong></span> <span class='ocrx_word' id='word_1_709' title='bbox 2819 3400 3140 3471; x_wconf 79' lang='lat' dir='ltr'><strong>expositione</strong></span> <span class='ocrx_word' id='word_1_710' title='bbox 3166 3402 3312 3473; x_wconf 85' lang='lat' dir='ltr'><strong>apud</strong></span> <span class='ocrx_word' id='word_1_711' title='bbox 3337 3401 3606 3467; x_wconf 86' lang='lat' dir='ltr'><strong>Sirmium,</strong></span> <span class='ocrx_word' id='word_1_712' title='bbox 3629 3398 3792 3459; x_wconf 73' lang='lat' dir='ltr'><strong>Valens,</strong></span> 
     </span>
    </p>
   </div>
   <div class='ocr_carea' id='block_1_94' title="bbox 2245 3491 3795 3570">
    <p class='ocr_par' dir='ltr' id='par_1_94' title="bbox 2245 3491 3795 3570">
     <span class='ocr_line' id='line_1_94' title="bbox 2245 3491 3795 3570; baseline -0.003 -22"><span class='ocrx_word' id='word_1_713' title='bbox 2245 3491 2497 3548; x_wconf 84' lang='lat' dir='ltr'><strong>Ursacius</strong></span> <span class='ocrx_word' id='word_1_714' title='bbox 2543 3504 2591 3549; x_wconf 87' lang='lat' dir='ltr'><strong>et</strong></span> <span class='ocrx_word' id='word_1_715' title='bbox 2627 3493 2920 3550; x_wconf 76' lang='lat' dir='ltr'><strong>Germinius</strong></span> <span class='ocrx_word' id='word_1_716' title='bbox 2971 3507 3349 3565; x_wconf 81' lang='lat' dir='ltr'><strong>poposcerunt,</strong></span> <span class='ocrx_word' id='word_1_717' title='bbox 3381 3498 3511 3570; x_wconf 85' lang='lat' dir='ltr'><strong>legi;</strong></span> <span class='ocrx_word' id='word_1_718' title='bbox 3541 3491 3795 3566; x_wconf 75' lang='lat' dir='ltr'><strong>intelligant</strong></span> 
     </span>
    </p>
   </div>
   <div class='ocr_carea' id='block_1_95' title="bbox 2239 3583 3795 3662">
    <p class='ocr_par' dir='ltr' id='par_1_95' title="bbox 2239 3583 3795 3662">
     <span class='ocr_line' id='line_1_95' title="bbox 2239 3583 3795 3662; baseline -0.001 -24"><span class='ocrx_word' id='word_1_719' title='bbox 2239 3585 2544 3656; x_wconf 85' lang='lat' dir='ltr'><strong>quibusdam</strong></span> <span class='ocrx_word' id='word_1_720' title='bbox 2570 3603 2673 3640; x_wconf 86' lang='lat' dir='ltr'><strong>non</strong></span> <span class='ocrx_word' id='word_1_721' title='bbox 2719 3587 2889 3642; x_wconf 85' lang='lat' dir='ltr'><strong>minus</strong></span> <span class='ocrx_word' id='word_1_722' title='bbox 2915 3587 3346 3660; x_wconf 77' lang='lat' dir='ltr'><strong>circumspectant</strong></span> <span class='ocrx_word' id='word_1_723' title='bbox 3377 3606 3512 3656; x_wconf 80' lang='lat' dir='ltr'><strong>esse,</strong></span> <span class='ocrx_word' id='word_1_724' title='bbox 3538 3603 3675 3662; x_wconf 83' lang='lat' dir='ltr'><strong>quam</strong></span> <span class='ocrx_word' id='word_1_725' title='bbox 3700 3583 3795 3640; x_wconf 79' lang='lat' dir='ltr'><strong>ﬁbe-</strong></span> 
     </span>
    </p>
   </div>
   <div class='ocr_carea' id='block_1_96' title="bbox 2237 3677 3799 3755">
    <p class='ocr_par' dir='ltr' id='par_1_96' title="bbox 2237 3677 3799 3755">
     <span class='ocr_line' id='line_1_96' title="bbox 2237 3677 3799 3755; baseline -0.001 -23"><span class='ocrx_word' id='word_1_726' title='bbox 2237 3694 2351 3732; x_wconf 88' lang='lat' dir='ltr'><strong>ram</strong></span> <span class='ocrx_word' id='word_1_727' title='bbox 2389 3682 2479 3750; x_wconf 65' lang='grc' dir='ltr'><strong>(Γ).</strong></span> <span class='ocrx_word' id='word_1_728' title='bbox 2511 3677 2892 3735; x_wconf 86' lang='lat' dir='ltr'><strong>Tillemontius</strong></span> <span class='ocrx_word' id='word_1_729' title='bbox 2914 3679 3147 3738; x_wconf 81' lang='lat' dir='ltr'><strong>Arianos</strong></span> <span class='ocrx_word' id='word_1_730' title='bbox 3179 3684 3328 3752; x_wconf 86' lang='lat' dir='ltr'><strong>illos,</strong></span> <span class='ocrx_word' id='word_1_731' title='bbox 3356 3693 3413 3739; x_wconf 92' lang='lat' dir='ltr'><strong>ut</strong></span> <span class='ocrx_word' id='word_1_732' title='bbox 3437 3684 3688 3755; x_wconf 86' lang='lat' dir='ltr'><strong>legeretur</strong></span> <span class='ocrx_word' id='word_1_733' title='bbox 3705 3691 3799 3750; x_wconf 56' lang='lat' dir='ltr'><strong>pos.</strong></span> 
     </span>
    </p>
   </div>
   <div class='ocr_carea' id='block_1_97' title="bbox 2239 3770 3793 3846">
    <p class='ocr_par' dir='ltr' id='par_1_97' title="bbox 2239 3770 3793 3846">
     <span class='ocr_line' id='line_1_97' title="bbox 2239 3770 3793 3846; baseline -0.001 -21"><span class='ocrx_word' id='word_1_734' title='bbox 2239 3771 2440 3826; x_wconf 90' lang='lat' dir='ltr'><strong>tulasse</strong></span> <span class='ocrx_word' id='word_1_735' title='bbox 2466 3771 2684 3842; x_wconf 91' lang='lat' dir='ltr'><strong>conjicit</strong></span> <span class='ocrx_word' id='word_1_736' title='bbox 2706 3787 2772 3828; x_wconf 90' lang='lat' dir='ltr'><strong>eo</strong></span> <span class='ocrx_word' id='word_1_737' title='bbox 2793 3773 3046 3842; x_wconf 87' lang='lat' dir='ltr'><strong>consilio,</strong></span> <span class='ocrx_word' id='word_1_738' title='bbox 3077 3784 3134 3830; x_wconf 93' lang='lat' dir='ltr'><strong>ut</strong></span> <span class='ocrx_word' id='word_1_739' title='bbox 3163 3774 3515 3842; x_wconf 80' lang='lat' dir='ltr'><strong>Semiariani,</strong></span> <span class='ocrx_word' id='word_1_740' title='bbox 3542 3775 3624 3846; x_wconf 90' lang='lat' dir='ltr'><strong>qui</strong></span> <span class='ocrx_word' id='word_1_741' title='bbox 3645 3770 3793 3827; x_wconf 84' lang='lat' dir='ltr'><strong>eadem</strong></span> 
     </span>
    </p>
   </div>
   <div class='ocr_carea' id='block_1_98' title="bbox 2236 3862 3795 3942">
    <p class='ocr_par' dir='ltr' id='par_1_98' title="bbox 2236 3862 3795 3942">
     <span class='ocr_line' id='line_1_98' title="bbox 2236 3862 3795 3942; baseline 0.001 -24"><span class='ocrx_word' id='word_1_742' title='bbox 2236 3862 2465 3934; x_wconf 85' lang='lat' dir='ltr'><strong>epistola</strong></span> <span class='ocrx_word' id='word_1_743' title='bbox 2515 3864 2840 3920; x_wconf 84' lang='lat' dir='ltr'><strong>homonsium</strong></span> <span class='ocrx_word' id='word_1_744' title='bbox 2884 3868 3211 3924; x_wconf 83' lang='lat' dir='ltr'><strong>anathemate</strong></span> <span class='ocrx_word' id='word_1_745' title='bbox 3264 3870 3708 3942; x_wconf 88' lang='lat' dir='ltr'><strong>proscripserant,</strong></span> <span class='ocrx_word' id='word_1_746' title='bbox 3747 3874 3795 3915; x_wconf 79' lang='lat' dir='ltr'><strong>ac</strong></span> 
     </span>
    </p>
   </div>
   <div class='ocr_carea' id='block_1_99' title="bbox 2235 3955 3793 4032">
    <p class='ocr_par' dir='ltr' id='par_1_99' title="bbox 2235 3955 3793 4032">
     <span class='ocr_line' id='line_1_99' title="bbox 2235 3955 3793 4032; baseline 0.003 -20"><span class='ocrx_word' id='word_1_747' title='bbox 2235 3955 2434 4013; x_wconf 91' lang='lat' dir='ltr'><strong>deinde</strong></span> <span class='ocrx_word' id='word_1_748' title='bbox 2467 3957 2568 4012; x_wconf 90' lang='lat' dir='ltr'><strong>hoc</strong></span> <span class='ocrx_word' id='word_1_749' title='bbox 2592 3958 2868 4014; x_wconf 91' lang='lat' dir='ltr'><strong>decretum</strong></span> <span class='ocrx_word' id='word_1_750' title='bbox 2899 3960 3037 4016; x_wconf 90' lang='lat' dir='ltr'><strong>clam</strong></span> <span class='ocrx_word' id='word_1_751' title='bbox 3077 3977 3276 4020; x_wconf 89' lang='lat' dir='ltr'><strong>omnes</strong></span> <span class='ocrx_word' id='word_1_752' title='bbox 3307 3964 3631 4027; x_wconf 88' lang='lat' dir='ltr'><strong>habuerant,</strong></span> <span class='ocrx_word' id='word_1_753' title='bbox 3654 3957 3793 4032; x_wconf 74' lang='lat' dir='ltr'><strong>palam</strong></span> 
     </span>
    </p>
   </div>
   <div class='ocr_carea' id='block_1_100' title="bbox 2234 4050 3798 4123">
    <p class='ocr_par' dir='ltr' id='par_1_100' title="bbox 2234 4050 3798 4123">
     <span class='ocr_line' id='line_1_100' title="bbox 2234 4050 3798 4123; baseline 0.003 -17"><span class='ocrx_word' id='word_1_754' title='bbox 2234 4052 2396 4106; x_wconf 89' lang='lat' dir='ltr'><strong>etiam</strong></span> <span class='ocrx_word' id='word_1_755' title='bbox 2447 4050 2576 4107; x_wconf 92' lang='lat' dir='ltr'><strong>illud</strong></span> <span class='ocrx_word' id='word_1_756' title='bbox 2622 4053 2916 4123; x_wconf 85' lang='lat' dir='ltr'><strong>aliquando</strong></span> <span class='ocrx_word' id='word_1_757' title='bbox 2958 4054 3170 4122; x_wconf 86' lang='lat' dir='ltr'><strong>facere,</strong></span> <span class='ocrx_word' id='word_1_758' title='bbox 3195 4073 3261 4113; x_wconf 90' lang='lat' dir='ltr'><strong>ac</strong></span> <span class='ocrx_word' id='word_1_759' title='bbox 3287 4075 3480 4118; x_wconf 89' lang='lat' dir='ltr'><strong>vocem</strong></span> <span class='ocrx_word' id='word_1_760' title='bbox 3521 4059 3653 4116; x_wconf 91' lang='lat' dir='ltr'><strong>illam</strong></span> <span class='ocrx_word' id='word_1_761' title='bbox 3681 4054 3798 4111; x_wconf 79' lang='lat' dir='ltr'><strong>dam-</strong></span> 
     </span>
    </p>
   </div>
   <div class='ocr_carea' id='block_1_101' title="bbox 2233 4146 3797 4224">
    <p class='ocr_par' dir='ltr' id='par_1_101' title="bbox 2233 4146 3797 4224">
     <span class='ocr_line' id='line_1_101' title="bbox 2233 4146 3797 4224; baseline 0.002 -24"><span class='ocrx_word' id='word_1_762' title='bbox 2233 4159 2366 4200; x_wconf 89' lang='lat' dir='ltr'><strong>nare</strong></span> <span class='ocrx_word' id='word_1_763' title='bbox 2394 4156 2740 4216; x_wconf 86' lang='lat' dir='ltr'><strong>cogerentur.</strong></span> <span class='ocrx_word' id='word_1_764' title='bbox 2781 4146 2854 4203; x_wconf 86' lang='lat' dir='ltr'><strong>At</strong></span> <span class='ocrx_word' id='word_1_765' title='bbox 2881 4149 3110 4219; x_wconf 88' lang='lat' dir='ltr'><strong>epistola</strong></span> <span class='ocrx_word' id='word_1_766' title='bbox 3142 4150 3258 4219; x_wconf 90' lang='lat' dir='ltr'><strong>illa,</strong></span> <span class='ocrx_word' id='word_1_767' title='bbox 3292 4169 3416 4224; x_wconf 67' lang='lat' dir='ltr'><strong>quae</strong></span> <span class='ocrx_word' id='word_1_768' title='bbox 3447 4152 3580 4209; x_wconf 85' lang='lat' dir='ltr'><strong>lecta</strong></span> <span class='ocrx_word' id='word_1_769' title='bbox 3609 4159 3700 4215; x_wconf 87' lang='lat' dir='ltr'><strong>est,</strong></span> <span class='ocrx_word' id='word_1_770' title='bbox 3727 4146 3797 4199; x_wconf 77' lang='lat' dir='ltr'><strong>Ito-</strong></span> 
     </span>
    </p>
   </div>
   <div class='ocr_carea' id='block_1_102' title="bbox 2230 4238 3796 4315">
    <p class='ocr_par' dir='ltr' id='par_1_102' title="bbox 2230 4238 3796 4315">
     <span class='ocr_line' id='line_1_102' title="bbox 2230 4238 3796 4315; baseline 0.006 -25"><span class='ocrx_word' id='word_1_771' title='bbox 2230 4238 2486 4292; x_wconf 73' lang='lat' dir='ltr'><strong>mensium</strong></span> <span class='ocrx_word' id='word_1_772' title='bbox 2513 4239 2858 4296; x_wconf 86' lang='lat' dir='ltr'><strong>anathemate</strong></span> <span class='ocrx_word' id='word_1_773' title='bbox 2879 4250 3146 4310; x_wconf 88' lang='lat' dir='ltr'><strong>notatum,</strong></span> <span class='ocrx_word' id='word_1_774' title='bbox 3164 4259 3272 4315; x_wconf 91' lang='lat' dir='ltr'><strong>qua</strong></span> <span class='ocrx_word' id='word_1_775' title='bbox 3294 4245 3486 4302; x_wconf 89' lang='lat' dir='ltr'><strong>saltem</strong></span> <span class='ocrx_word' id='word_1_776' title='bbox 3507 4241 3796 4314; x_wconf 67' lang='lat' dir='ltr'><strong>conjectura.</strong></span> 
     </span>
    </p>
   </div>
   <div class='ocr_carea' id='block_1_103' title="bbox 2231 4331 3797 4406">
    <p class='ocr_par' dir='ltr' id='par_1_103' title="bbox 2231 4331 3797 4406">
     <span class='ocr_line' id='line_1_103' title="bbox 2231 4331 3797 4406; baseline 0.003 -19"><span class='ocrx_word' id='word_1_777' title='bbox 2231 4347 2300 4388; x_wconf 91' lang='lat' dir='ltr'><strong>ne</strong></span> <span class='ocrx_word' id='word_1_778' title='bbox 2329 4331 2504 4388; x_wconf 91' lang='lat' dir='ltr'><strong>dicam</strong></span> <span class='ocrx_word' id='word_1_779' title='bbox 2535 4333 2746 4390; x_wconf 90' lang='lat' dir='ltr'><strong>ratione</strong></span> <span class='ocrx_word' id='word_1_780' title='bbox 2785 4335 2982 4406; x_wconf 85' lang='lat' dir='ltr'><strong>prohat</strong></span> <span class='ocrx_word' id='word_1_781' title='bbox 3009 4335 3093 4392; x_wconf 88' lang='lat' dir='ltr'><strong>vir</strong></span> <span class='ocrx_word' id='word_1_782' title='bbox 3113 4337 3350 4394; x_wconf 77' lang='lat' dir='ltr'><strong>doctus?</strong></span> <span class='ocrx_word' id='word_1_783' title='bbox 3381 4339 3496 4396; x_wconf 90' lang='lat' dir='ltr'><strong>Hoc</strong></span> <span class='ocrx_word' id='word_1_784' title='bbox 3530 4334 3797 4395; x_wconf 84' lang='lat' dir='ltr'><strong>Semiarianl</strong></span> 
     </span>
    </p>
   </div>
   <div class='ocr_carea' id='block_1_104' title="bbox 2229 4425 3797 4506">
    <p class='ocr_par' dir='ltr' id='par_1_104' title="bbox 2229 4425 3797 4506">
     <span class='ocr_line' id='line_1_104' title="bbox 2229 4425 3797 4506; baseline -0.001 -24"><span class='ocrx_word' id='word_1_785' title='bbox 2229 4425 2306 4482; x_wconf 90' lang='lat' dir='ltr'><strong>illi</strong></span> <span class='ocrx_word' id='word_1_786' title='bbox 2355 4428 2722 4496; x_wconf 65' lang='lat' dir='ltr'><strong>praestiterant</strong></span> <span class='ocrx_word' id='word_1_787' title='bbox 2762 4428 2815 4484; x_wconf 92' lang='lat' dir='ltr'><strong>in</strong></span> <span class='ocrx_word' id='word_1_788' title='bbox 2856 4443 2923 4485; x_wconf 91' lang='lat' dir='ltr'><strong>ea</strong></span> <span class='ocrx_word' id='word_1_789' title='bbox 2969 4431 3272 4503; x_wconf 78' lang='lat' dir='ltr'><strong>Ancyrana:</strong></span> <span class='ocrx_word' id='word_1_790' title='bbox 3316 4433 3512 4506; x_wconf 81' lang='lat' dir='ltr'><strong>synodi</strong></span> <span class='ocrx_word' id='word_1_791' title='bbox 3548 4426 3797 4503; x_wconf 80' lang='lat' dir='ltr'><strong>encyclica.</strong></span> 
     </span>
    </p>
   </div>
   <div class='ocr_carea' id='block_1_105' title="bbox 2156 4507 3797 4597">
    <p class='ocr_par' dir='ltr' id='par_1_105' title="bbox 2156 4507 3797 4597">
     <span class='ocr_line' id='line_1_105' title="bbox 2156 4507 3797 4597; baseline -0.001 -22"><span class='ocrx_word' id='word_1_792' title='bbox 2156 4507 2210 4569; x_wconf 82' lang='lat' dir='ltr'><strong>D</strong></span> <span class='ocrx_word' id='word_1_793' title='bbox 2235 4520 2304 4575; x_wconf 77' lang='lat' dir='ltr'><strong>At</strong></span> <span class='ocrx_word' id='word_1_794' title='bbox 2347 4521 2391 4575; x_wconf 89' lang='lat' dir='ltr'><strong>si</strong></span> <span class='ocrx_word' id='word_1_795' title='bbox 2419 4521 2542 4592; x_wconf 91' lang='lat' dir='ltr'><strong>quis</strong></span> <span class='ocrx_word' id='word_1_796' title='bbox 2589 4521 2848 4578; x_wconf 85' lang='lat' dir='ltr'><strong>Hilarium</strong></span> <span class='ocrx_word' id='word_1_797' title='bbox 2871 4581 2874 4584; x_wconf 60' lang='grc'>,</span> <span class='ocrx_word' id='word_1_798' title='bbox 2898 4523 3062 4594; x_wconf 90' lang='lat' dir='ltr'><strong>legat,</strong></span> <span class='ocrx_word' id='word_1_799' title='bbox 3086 4539 3152 4579; x_wconf 87' lang='lat' dir='ltr'><strong>ac</strong></span> <span class='ocrx_word' id='word_1_800' title='bbox 3192 4540 3319 4582; x_wconf 91' lang='lat' dir='ltr'><strong>cum</strong></span> <span class='ocrx_word' id='word_1_801' title='bbox 3353 4527 3550 4583; x_wconf 80' lang='lat' dir='ltr'><strong>eadem</strong></span> <span class='ocrx_word' id='word_1_802' title='bbox 3587 4518 3797 4597; x_wconf 84' lang='lat' dir='ltr'><strong>synodica</strong></span> 
     </span>
    </p>
   </div>
   <div class='ocr_carea' id='block_1_106' title="bbox 2235 4613 3798 4692">
    <p class='ocr_par' dir='ltr' id='par_1_106' title="bbox 2235 4613 3798 4692">
     <span class='ocr_line' id='line_1_106' title="bbox 2235 4613 3798 4692; baseline -0.003 -22"><span class='ocrx_word' id='word_1_803' title='bbox 2235 4615 2506 4682; x_wconf 86' lang='lat' dir='ltr'><strong>conferat,</strong></span> <span class='ocrx_word' id='word_1_804' title='bbox 2537 4616 2696 4671; x_wconf 90' lang='lat' dir='ltr'><strong>aliam</strong></span> <span class='ocrx_word' id='word_1_805' title='bbox 2739 4632 2768 4670; x_wconf 91' lang='lat' dir='ltr'><strong>a</strong></span> <span class='ocrx_word' id='word_1_806' title='bbox 2810 4615 3020 4688; x_wconf 91' lang='lat' dir='ltr'><strong>synodo</strong></span> <span class='ocrx_word' id='word_1_807' title='bbox 3050 4617 3310 4688; x_wconf 90' lang='lat' dir='ltr'><strong>scriptam</strong></span> <span class='ocrx_word' id='word_1_808' title='bbox 3344 4619 3647 4692; x_wconf 88' lang='lat' dir='ltr'><strong>epistolam,</strong></span> <span class='ocrx_word' id='word_1_809' title='bbox 3673 4613 3798 4670; x_wconf 83' lang='lat' dir='ltr'><strong>aliam</strong></span> 
     </span>
    </p>
   </div>
   <div class='ocr_carea' id='block_1_107' title="bbox 2235 4701 3798 4780">
    <p class='ocr_par' dir='ltr' id='par_1_107' title="bbox 2235 4701 3798 4780">
     <span class='ocr_line' id='line_1_107' title="bbox 2235 4701 3798 4780; baseline -0.001 -18"><span class='ocrx_word' id='word_1_810' title='bbox 2235 4715 2364 4762; x_wconf 90' lang='lat' dir='ltr'><strong>tunc</strong></span> <span class='ocrx_word' id='word_1_811' title='bbox 2411 4707 2581 4763; x_wconf 87' lang='lat' dir='ltr'><strong>fuisse</strong></span> <span class='ocrx_word' id='word_1_812' title='bbox 2622 4707 2818 4764; x_wconf 89' lang='lat' dir='ltr'><strong>lectam</strong></span> <span class='ocrx_word' id='word_1_813' title='bbox 2867 4707 3024 4765; x_wconf 88' lang='lat' dir='ltr'><strong>facile</strong></span> <span class='ocrx_word' id='word_1_814' title='bbox 3071 4709 3497 4780; x_wconf 84' lang='lat' dir='ltr'><strong>deprehendet:</strong></span> <span class='ocrx_word' id='word_1_815' title='bbox 3539 4711 3590 4767; x_wconf 92' lang='lat' dir='ltr'><strong>in</strong></span> <span class='ocrx_word' id='word_1_816' title='bbox 3616 4701 3798 4780; x_wconf 81' lang='lat' dir='ltr'><strong>epistola</strong></span> 
     </span>
    </p>
   </div>
   <div class='ocr_carea' id='block_1_108' title="bbox 2236 4800 3802 4874">
    <p class='ocr_par' dir='ltr' id='par_1_108' title="bbox 2236 4800 3802 4874">
     <span class='ocr_line' id='line_1_108' title="bbox 2236 4800 3802 4874; baseline -0.003 -20"><span class='ocrx_word' id='word_1_817' title='bbox 2236 4801 2380 4855; x_wconf 90' lang='lat' dir='ltr'><strong>enim</strong></span> <span class='ocrx_word' id='word_1_818' title='bbox 2431 4802 2733 4873; x_wconf 74' lang='lat' dir='ltr'><strong>Ancyranm</strong></span> <span class='ocrx_word' id='word_1_819' title='bbox 2771 4800 2996 4872; x_wconf 87' lang='lat' dir='ltr'><strong>synodi,</strong></span> <span class='ocrx_word' id='word_1_820' title='bbox 3021 4816 3140 4858; x_wconf 88' lang='lat' dir='ltr'><strong>eam</strong></span> <span class='ocrx_word' id='word_1_821' title='bbox 3174 4819 3339 4874; x_wconf 87' lang='lat' dir='ltr'><strong>quam</strong></span> <span class='ocrx_word' id='word_1_822' title='bbox 3380 4803 3608 4859; x_wconf 88' lang='lat' dir='ltr'><strong>Hilarius</strong></span> <span class='ocrx_word' id='word_1_823' title='bbox 3635 4809 3802 4857; x_wconf 83' lang='lat' dir='ltr'><strong>memo-</strong></span> 
     </span>
    </p>
   </div>
   <div class='ocr_carea' id='block_1_109' title="bbox 2229 4893 3802 4963">
    <p class='ocr_par' dir='ltr' id='par_1_109' title="bbox 2229 4893 3802 4963">
     <span class='ocr_line' id='line_1_109' title="bbox 2229 4893 3802 4963; baseline -0.003 -13"><span class='ocrx_word' id='word_1_824' title='bbox 2229 4903 2334 4958; x_wconf 86' lang='lat' dir='ltr'><strong>rat,</strong></span> <span class='ocrx_word' id='word_1_825' title='bbox 2363 4893 2638 4962; x_wconf 81' lang='lat' dir='ltr'><strong>homousii,</strong></span> <span class='ocrx_word' id='word_1_826' title='bbox 2671 4904 2724 4950; x_wconf 93' lang='lat' dir='ltr'><strong>et</strong></span> <span class='ocrx_word' id='word_1_827' title='bbox 2761 4895 3026 4951; x_wconf 74' lang='lat' dir='ltr'><strong>homwasii</strong></span> <span class='ocrx_word' id='word_1_828' title='bbox 3067 4898 3445 4962; x_wconf 69' lang='lat' dir='ltr'><strong>expositionem</strong></span> <span class='ocrx_word' id='word_1_829' title='bbox 3483 4895 3666 4952; x_wconf 88' lang='lat' dir='ltr'><strong>frustra</strong></span> <span class='ocrx_word' id='word_1_830' title='bbox 3686 4903 3802 4963; x_wconf 66' lang='lat' dir='ltr'><strong>qus-</strong></span> 
     </span>
    </p>
   </div>
   <div class='ocr_carea' id='block_1_110' title="bbox 2229 4983 3802 5060">
    <p class='ocr_par' dir='ltr' id='par_1_110' title="bbox 2229 4983 3802 5060">
     <span class='ocr_line' id='line_1_110' title="bbox 2229 4983 3802 5060; baseline -0.002 -16"><span class='ocrx_word' id='word_1_831' title='bbox 2229 5005 2338 5045; x_wconf 88' lang='lat' dir='ltr'><strong>ras.</strong></span> <span class='ocrx_word' id='word_1_832' title='bbox 2367 4987 2540 5044; x_wconf 88' lang='lat' dir='ltr'><strong>Causa</strong></span> <span class='ocrx_word' id='word_1_833' title='bbox 2568 4988 2756 5055; x_wconf 88' lang='lat' dir='ltr'><strong>etiam,</strong></span> <span class='ocrx_word' id='word_1_834' title='bbox 2787 5004 2884 5046; x_wconf 92' lang='lat' dir='ltr'><strong>cur</strong></span> <span class='ocrx_word' id='word_1_835' title='bbox 2923 5005 3042 5060; x_wconf 68' lang='lat' dir='ltr'><strong>qua:</strong></span> <span class='ocrx_word' id='word_1_836' title='bbox 3073 4989 3312 5053; x_wconf 81' lang='lat' dir='ltr'><strong>Valenti.</strong></span> <span class='ocrx_word' id='word_1_837' title='bbox 3345 4990 3593 5057; x_wconf 91' lang='lat' dir='ltr'><strong>Ursacio,</strong></span> <span class='ocrx_word' id='word_1_838' title='bbox 3623 4995 3673 5045; x_wconf 89' lang='lat' dir='ltr'><strong>et</strong></span> <span class='ocrx_word' id='word_1_839' title='bbox 3692 4983 3802 5042; x_wconf 78' lang='lat' dir='ltr'><strong>Ger-</strong></span> 
     </span>
    </p>
   </div>
   <div class='ocr_carea' id='block_1_111' title="bbox 2229 5080 3797 5157">
    <p class='ocr_par' dir='ltr' id='par_1_111' title="bbox 2229 5080 3797 5157">
     <span class='ocr_line' id='line_1_111' title="bbox 2229 5080 3797 5157; baseline 0.003 -19"><span class='ocrx_word' id='word_1_840' title='bbox 2229 5083 2398 5138; x_wconf 86' lang='lat' dir='ltr'><strong>minio</strong></span> <span class='ocrx_word' id='word_1_841' title='bbox 2429 5082 2565 5137; x_wconf 79' lang='lat' dir='ltr'><strong>lecta</strong></span> <span class='ocrx_word' id='word_1_842' title='bbox 2593 5081 2823 5151; x_wconf 79' lang='lat' dir='ltr'><strong>epistola</strong></span> <span class='ocrx_word' id='word_1_843' title='bbox 2852 5091 2966 5150; x_wconf 81' lang='lat' dir='ltr'><strong>est,</strong></span> <span class='ocrx_word' id='word_1_844' title='bbox 2996 5082 3158 5139; x_wconf 86' lang='lat' dir='ltr'><strong>aliam</strong></span> <span class='ocrx_word' id='word_1_845' title='bbox 3189 5098 3315 5141; x_wconf 89' lang='lat' dir='ltr'><strong>esse</strong></span> <span class='ocrx_word' id='word_1_846' title='bbox 3344 5080 3797 5157; x_wconf 62' lang='lat' dir='ltr'><strong>oporteretabea.</strong></span> 
     </span>
    </p>
   </div>
   <div class='ocr_carea' id='block_1_112' title="bbox 2225 5174 3612 5248">
    <p class='ocr_par' dir='ltr' id='par_1_112' title="bbox 2225 5174 3612 5248">
     <span class='ocr_line' id='line_1_112' title="bbox 2225 5174 3612 5248; baseline 0 -18"><span class='ocrx_word' id='word_1_847' title='bbox 2225 5191 2349 5248; x_wconf 75' lang='lat' dir='ltr'><strong>qua:</strong></span> <span class='ocrx_word' id='word_1_848' title='bbox 2373 5177 2597 5246; x_wconf 66' lang='lat' dir='ltr'><strong>Ancyrae</strong></span> <span class='ocrx_word' id='word_1_849' title='bbox 2626 5175 2828 5245; x_wconf 88' lang='lat' dir='ltr'><strong>scripta</strong></span> <span class='ocrx_word' id='word_1_850' title='bbox 2857 5174 3055 5240; x_wconf 86' lang='lat' dir='ltr'><strong>fuerat,</strong></span> <span class='ocrx_word' id='word_1_851' title='bbox 3085 5175 3227 5231; x_wconf 86' lang='lat' dir='ltr'><strong>haud</strong></span> <span class='ocrx_word' id='word_1_852' title='bbox 3255 5176 3489 5233; x_wconf 85' lang='lat' dir='ltr'><strong>obscura</strong></span> <span class='ocrx_word' id='word_1_853' title='bbox 3513 5185 3612 5234; x_wconf 87' lang='lat' dir='ltr'><strong>est.</strong></span> 
     </span>
    </p>
   </div>
   <div class='ocr_carea' id='block_1_113' title="bbox 2303 5265 3801 5341">
    <p class='ocr_par' dir='ltr' id='par_1_113' title="bbox 2303 5265 3801 5341">
     <span class='ocr_line' id='line_1_113' title="bbox 2303 5265 3801 5341; baseline -0.006 -17"><span class='ocrx_word' id='word_1_854' title='bbox 2303 5267 2460 5324; x_wconf 87' lang='lat' dir='ltr'><strong>Enim</strong></span> <span class='ocrx_word' id='word_1_855' title='bbox 2510 5282 2640 5325; x_wconf 86' lang='lat' dir='ltr'><strong>vero</strong></span> <span class='ocrx_word' id='word_1_856' title='bbox 2669 5266 2945 5341; x_wconf 87' lang='lat' dir='ltr'><strong>Ancyrani</strong></span> <span class='ocrx_word' id='word_1_857' title='bbox 2987 5267 3148 5340; x_wconf 87' lang='lat' dir='ltr'><strong>legati</strong></span> <span class='ocrx_word' id='word_1_858' title='bbox 3178 5271 3460 5325; x_wconf 83' lang='lat' dir='ltr'><strong>anathema</strong></span> <span class='ocrx_word' id='word_1_859' title='bbox 3485 5265 3801 5326; x_wconf 83' lang='lat' dir='ltr'><strong>consubstan-</strong></span> 
     </span>
    </p>
   </div>
   <div class='ocr_carea' id='block_1_114' title="bbox 2293 5451 3632 5524">
    <p class='ocr_par' dir='ltr' id='par_1_114' title="bbox 2293 5451 3632 5524">
     <span class='ocr_line' id='line_1_114' title="bbox 2293 5451 3632 5524; baseline -0.001 -18"><span class='ocrx_word' id='word_1_860' title='bbox 2293 5451 2363 5522; x_wconf 87' lang='lat' dir='ltr'><strong>(c)</strong></span> <span class='ocrx_word' id='word_1_861' title='bbox 2385 5451 2509 5524; x_wconf 71' lang='lat' dir='ltr'><strong>Yid.</strong></span> <span class='ocrx_word' id='word_1_862' title='bbox 2534 5451 2722 5507; x_wconf 85' lang='lat' dir='ltr'><strong>adnot.</strong></span> <span class='ocrx_word' id='word_1_863' title='bbox 2756 5451 2824 5508; x_wconf 91' lang='lat' dir='ltr'><strong>ad</strong></span> <span class='ocrx_word' id='word_1_864' title='bbox 2854 5451 3020 5507; x_wconf 87' lang='lat' dir='ltr'><strong>Basil.</strong></span> <span class='ocrx_word' id='word_1_865' title='bbox 3055 5454 3215 5524; x_wconf 88' lang='lat' dir='ltr'><strong>epist.</strong></span> <span class='ocrx_word' id='word_1_866' title='bbox 3246 5453 3342 5519; x_wconf 78' lang='lat'><strong>52,</strong></span> <span class='ocrx_word' id='word_1_867' title='bbox 3367 5454 3500 5512; x_wconf 88' lang='lat' dir='ltr'><strong>edit.</strong></span> <span class='ocrx_word' id='word_1_868' title='bbox 3531 5453 3632 5510; x_wconf 88' lang='lat' dir='ltr'><strong>BB.</strong></span> 
     </span>
    </p>
   </div>
   <div class='ocr_carea' id='block_1_115' title="bbox 2289 5523 3327 5597">
    <p class='ocr_par' dir='ltr' id='par_1_115' title="bbox 2289 5523 3327 5597">
     <span class='ocr_line' id='line_1_115' title="bbox 2289 5523 3327 5597; baseline 0.005 -21"><span class='ocrx_word' id='word_1_869' title='bbox 2289 5525 2372 5597; x_wconf 79' lang='grc' dir='ltr'><strong>(ά)</strong></span> <span class='ocrx_word' id='word_1_870' title='bbox 2396 5523 2518 5597; x_wconf 66' lang='lat' dir='ltr'><strong>Yid.</strong></span> <span class='ocrx_word' id='word_1_871' title='bbox 2543 5525 2612 5580; x_wconf 90' lang='lat' dir='ltr'><strong>de</strong></span> <span class='ocrx_word' id='word_1_872' title='bbox 2638 5524 2770 5597; x_wconf 90' lang='lat' dir='ltr'><strong>Syn.</strong></span> <span class='ocrx_word' id='word_1_873' title='bbox 2796 5540 2949 5597; x_wconf 74' lang='lat' dir='ltr'><strong>num.</strong></span> <span class='ocrx_word' id='word_1_874' title='bbox 2977 5524 3039 5597; x_wconf 85' lang='lat'><strong>8|</strong></span> <span class='ocrx_word' id='word_1_875' title='bbox 3077 5523 3132 5581; x_wconf 86' lang='lat' dir='ltr'><strong>et</strong></span> <span class='ocrx_word' id='word_1_876' title='bbox 3153 5544 3208 5580; x_wconf 88' lang='lat' dir='ltr'><strong>n.</strong></span> <span class='ocrx_word' id='word_1_877' title='bbox 3231 5525 3327 5583; x_wconf 87' lang='lat'><strong>88.</strong></span> 
     </span>
    </p>
   </div>
   <div class='ocr_carea' id='block_1_116' title="bbox 2217 5588 3789 5722">
    <p class='ocr_par' dir='ltr' id='par_1_116' title="bbox 2217 5588 3789 5722">
     <span class='ocr_line' id='line_1_116' title="bbox 2289 5588 3789 5670; baseline 0.005 -23"><span class='ocrx_word' id='word_1_878' title='bbox 2289 5588 2364 5668; x_wconf 75' lang='lat' dir='ltr'><strong>(ej</strong></span> <span class='ocrx_word' id='word_1_879' title='bbox 2400 5593 2594 5662; x_wconf 91' lang='lat' dir='ltr'><strong>Conc.,</strong></span> <span class='ocrx_word' id='word_1_880' title='bbox 2619 5588 2751 5652; x_wconf 75' lang='lat' dir='ltr'><strong>toin.</strong></span> <span class='ocrx_word' id='word_1_881' title='bbox 2793 5594 2838 5666; x_wconf 85' lang='grc' dir='ltr'><strong>Ι,</strong></span> <span class='ocrx_word' id='word_1_882' title='bbox 2880 5614 2932 5669; x_wconf 82' lang='grc' dir='ltr'><strong>ρ.</strong></span> <span class='ocrx_word' id='word_1_883' title='bbox 2970 5596 3078 5654; x_wconf 86' lang='grc'><strong>875</strong></span> <span class='ocrx_word' id='word_1_884' title='bbox 3101 5641 3116 5668; x_wconf 90' lang='grc'><strong><em>,</em></strong></span> <span class='ocrx_word' id='word_1_885' title='bbox 3142 5605 3197 5656; x_wconf 90' lang='lat' dir='ltr'><strong>et</strong></span> <span class='ocrx_word' id='word_1_886' title='bbox 3231 5605 3370 5658; x_wconf 90' lang='lat' dir='ltr'><strong>tom.</strong></span> <span class='ocrx_word' id='word_1_887' title='bbox 3418 5597 3518 5666; x_wconf 88' lang='lat' dir='ltr'><strong>Ill,</strong></span> <span class='ocrx_word' id='word_1_888' title='bbox 3545 5613 3595 5670; x_wconf 92' lang='lat' dir='ltr'><strong>p.</strong></span> <span class='ocrx_word' id='word_1_889' title='bbox 3633 5588 3789 5654; x_wconf 71' lang='grc'><strong>1502,</strong></span> 
     </span>
     <span class='ocr_line' id='line_1_117' title="bbox 2217 5665 2520 5722; baseline 0.003 -3"><span class='ocrx_word' id='word_1_890' title='bbox 2217 5665 2357 5722; x_wconf 81' lang='lat' dir='ltr'><strong>Ven.</strong></span> <span class='ocrx_word' id='word_1_891' title='bbox 2389 5667 2520 5722; x_wconf 91' lang='lat' dir='ltr'><strong>edit.</strong></span> 
     </span>
    </p>
   </div>
   <div class='ocr_carea' id='block_1_117' title="bbox 2287 5735 2938 5813">
    <p class='ocr_par' dir='ltr' id='par_1_117' title="bbox 2287 5735 2938 5813">
     <span class='ocr_line' id='line_1_118' title="bbox 2287 5735 2938 5813; baseline 0.003 -19"><span class='ocrx_word' id='word_1_892' title='bbox 2287 5735 2359 5811; x_wconf 77' lang='grc' dir='ltr'><strong>(Ῑ)</strong></span> <span class='ocrx_word' id='word_1_893' title='bbox 2403 5738 2478 5796; x_wconf 90' lang='lat' dir='ltr'><strong>De</strong></span> <span class='ocrx_word' id='word_1_894' title='bbox 2508 5739 2640 5813; x_wconf 89' lang='lat' dir='ltr'><strong>Syn.</strong></span> <span class='ocrx_word' id='word_1_895' title='bbox 2665 5755 2816 5798; x_wconf 89' lang='lat' dir='ltr'><strong>num.</strong></span> <span class='ocrx_word' id='word_1_896' title='bbox 2847 5739 2938 5797; x_wconf 84' lang='lat'><strong>78.</strong></span> 
     </span>
    </p>
   </div>
   <div class='ocr_carea' id='block_1_118' title="bbox 3899 1911 3907 3626">
    <p class='ocr_par' dir='ltr' id='par_1_118' title="bbox 3901 1911 3903 3626">
     <span class='ocr_line' id='line_1_119' title="bbox 3901 1911 3903 1934; baseline 0 0"><span class='ocrx_word' id='word_1_897' title='bbox 3901 1911 3903 1934; x_wconf 55' lang='grc' dir='ltr'><em>Α</em></span> 
     </span>
     <span class='ocr_line' id='line_1_120' title="bbox 3901 1971 3903 2006; baseline 0 0"><span class='ocrx_word' id='word_1_898' title='bbox 3901 1971 3903 2006; x_wconf 87' lang='lat' dir='ltr'><strong>l</strong></span> 
     </span>
     <span class='ocr_line' id='line_1_121' title="bbox 3901 2061 3903 2090; baseline 0 0"><span class='ocrx_word' id='word_1_899' title='bbox 3901 2061 3903 2090; x_wconf 88' lang='lat' dir='ltr'><strong>l</strong></span> 
     </span>
     <span class='ocr_line' id='line_1_122' title="bbox 3902 2105 3903 2132; baseline 0 -2"><span class='ocrx_word' id='word_1_900' title='bbox 3902 2105 3903 2132; x_wconf 78' lang='lat' dir='ltr'><strong>l</strong></span> 
     </span>
     <span class='ocr_line' id='line_1_123' title="bbox 3901 2183 3903 2220; baseline 0 -6"><span class='ocrx_word' id='word_1_901' title='bbox 3901 2183 3903 2220; x_wconf 53' lang='grc' dir='ltr'><em>ἐ</em></span> 
     </span>
     <span class='ocr_line' id='line_1_124' title="bbox 3901 2285 3903 2322; baseline 0 0"><span class='ocrx_word' id='word_1_902' title='bbox 3901 2285 3903 2322; x_wconf 73' lang='lat' dir='ltr'><strong>l</strong></span> 
     </span>
     <span class='ocr_line' id='line_1_125' title="bbox 3901 2333 3903 2354; baseline 0 0"><span class='ocrx_word' id='word_1_903' title='bbox 3901 2333 3903 2354; x_wconf 81' lang='lat' dir='ltr'><strong>l</strong></span> 
     </span>
     <span class='ocr_line' id='line_1_126' title="bbox 3901 2381 3903 2416; baseline 0 0"><span class='ocrx_word' id='word_1_904' title='bbox 3901 2381 3903 2416; x_wconf 80' lang='lat' dir='ltr'><strong>l</strong></span> 
     </span>
     <span class='ocr_line' id='line_1_127' title="bbox 3901 2513 3903 2638; baseline 0 0"><span class='ocrx_word' id='word_1_905' title='bbox 3901 2513 3903 2638; x_wconf 67' lang='grc' dir='ltr'>ἓ</span> 
     </span>
     <span class='ocr_line' id='line_1_128' title="bbox 3901 2645 3903 2680; baseline 0 0"><span class='ocrx_word' id='word_1_906' title='bbox 3901 2645 3903 2680; x_wconf 93' lang='grc' dir='ltr'><strong>Ι</strong></span> 
     </span>
     <span class='ocr_line' id='line_1_129' title="bbox 3901 2701 3903 2724; baseline 0 0"><span class='ocrx_word' id='word_1_907' title='bbox 3901 2701 3903 2724; x_wconf 97' lang='lat' dir='ltr'><strong>l</strong></span> 
     </span>
     <span class='ocr_line' id='line_1_130' title="bbox 3901 2737 3903 2760; baseline 0 0"><span class='ocrx_word' id='word_1_908' title='bbox 3901 2737 3903 2760; x_wconf 81' lang='lat' dir='ltr'><strong>l</strong></span> 
     </span>
     <span class='ocr_line' id='line_1_131' title="bbox 3901 2777 3903 2906; baseline 0 0"><span class='ocrx_word' id='word_1_909' title='bbox 3901 2791 3903 2906; x_wconf 75' lang='grc' dir='ltr'>Ξ</span> 
     </span>
     <span class='ocr_line' id='line_1_132' title="bbox 3901 2907 3903 2944; baseline 0 0"><span class='ocrx_word' id='word_1_910' title='bbox 3901 2907 3903 2944; x_wconf 67' lang='grc' dir='ltr'><strong>ε</strong></span> 
     </span>
     <span class='ocr_line' id='line_1_133' title="bbox 3901 3011 3903 3038; baseline 0 0"><span class='ocrx_word' id='word_1_911' title='bbox 3901 3011 3903 3038; x_wconf 80' lang='lat' dir='ltr'><strong>l</strong></span> 
     </span>
     <span class='ocr_line' id='line_1_134' title="bbox 3901 3041 3903 3102; baseline 0 0"><span class='ocrx_word' id='word_1_912' title='bbox 3901 3041 3903 3102; x_wconf 81' lang='lat' dir='ltr'><strong>l</strong></span> 
     </span>
     <span class='ocr_line' id='line_1_135' title="bbox 3901 3145 3903 3184; baseline 0 0"><span class='ocrx_word' id='word_1_913' title='bbox 3901 3145 3903 3184; x_wconf 82' lang='lat' dir='ltr'><strong>l</strong></span> 
     </span>
     <span class='ocr_line' id='line_1_136' title="bbox 3902 3485 3903 3526; baseline 0 -4"><span class='ocrx_word' id='word_1_914' title='bbox 3902 3485 3903 3526; x_wconf 78' lang='lat' dir='ltr'><strong>l</strong></span> 
     </span>
     <span class='ocr_line' id='line_1_137' title="bbox 3901 3607 3903 3626; baseline 0 0"><span class='ocrx_word' id='word_1_915' title='bbox 3901 3607 3903 3626; x_wconf 79' lang='lat' dir='ltr'><strong>l</strong></span> 
     </span>
    </p>
   </div>
  </div>
