3950 6330
170 324 268 383 505

1555 290 2093 384 ΡΒοιΕαὸΜεΝΑ.

3357 331 3465 388 ’506

171 442 272 498 tiali
299 441 499 498 dictum
521 439 659 497 ciant
683 439 869 496 haberi
894 449 1146 512 oportere
1168 440 1312 497 inter
1332 455 1392 498 se
1413 448 1748 497 statuerant:
1779 448 1835 507 Α
1857 460 2060 515 scapos,
2082 460 2239 516 neque
2260 447 2427 500 solum
2448 445 2699 501 voluntati
2719 455 2840 513 tute,
2856 446 2946 501 sed
2961 445 3238 513 violentiae;
3254 448 3470 502 mandas

170 544 340 592 contra
390 534 622 599 Valens,
669 532 946 601 Ursacius,
986 544 1040 590 et
1069 533 1379 591 Germinius
1421 535 1755 591 homazusiunt

171 632 565 697 arersabantur,
594 630 736 701 quod
766 629 896 684 nihil
930 630 997 685 ab
1020 629 1286 685 homousio
1315 628 1533 685 differre
1561 633 1757 685 merito

169 725 549 781 arbitrarentur
580 741 592 776 :
628 737 715 778 res
759 730 867 777 tota
904 739 970 777 ex
1015 722 1220 777 Hilario
1247 730 1461 778 constat
1490 722 1588 793 (α).
1618 722 1756 791 Quid

166 818 316 890 igitur
363 814 689 873 Setniariani
731 814 809 869 illi
848 815 1116 880 facerent,
1156 824 1218 869 ut
1255 816 1489 869 Arianos
1525 814 1662 869 alios
1687 814 1755 869 ad

168 911 425 965 bomamsii
466 908 859 980 professionem
891 911 1298 978 pertraherent;
1326 908 1597 962 anathema
1626 921 1757 963 vero

163 1004 439 1061 bomousio
488 1003 723 1069 dictum,
771 1003 911 1058 ciam
952 1016 1144 1057 omnes
1184 1017 1283 1073 pro
1320 1004 1562 1056 instituto
1594 999 1759 1054 babe-

162 1100 315 1157 rent?
335 1098 457 1154 Alia
487 1098 777 1153 scribenda
804 1097 873 1152 ab
900 1097 966 1152 iis
996 1096 1220 1167 epistola
1255 1096 1384 1158 fuit.
1411 1111 1513 1167 qua
1543 1096 1758 1149 hantou-

161 1195 219 1248 sii
240 1235 254 1259 ,
286 1203 344 1249 et
370 1191 644 1246 homamii
674 1190 780 1245 vim
824 1190 985 1244 latius
1029 1189 1391 1265 esplicarent,
1432 1204 1493 1242 ac
1522 1189 1756 1243 rationes

158 1287 431 1353 aﬂ'errent,
456 1301 553 1341 cur
575 1285 679 1340 hoc
709 1283 864 1338 alteri
894 1282 1288 1354 praeferendum
1314 1297 1436 1337 esse
1458 1282 1753 1335 videretur.

156 1382 278 1439 Haec
305 1382 487 1453 itaque
513 1382 715 1452 scripta
747 1388 898 1445 tunc,
928 1393 992 1433 ac
1014 1378 1313 1448 composita
1344 1384 1458 1443 est,
1493 1376 1633 1431 hanc
1662 1376 1756 1432 lli-

157 1478 316 1533 larius
358 1475 585 1544 indicat,
616 1485 670 1529 at
711 1488 811 1529 nos
839 1474 1036 1529 frustra
1069 1488 1213 1529 nunc
1235 1472 1548 1542 quaerimus.
1582 1471 1757 1526 Caete-

154 1587 270 1630 rum
297 1569 560 1642 quidquid
588 1568 656 1625 de
684 1568 785 1623 hae
812 1567 1069 1638 epistola,
1104 1582 1223 1636 quae
1249 1565 1464 1621 Arianis
1490 1564 1596 1619 illis
1618 1563 1752 1618 lecta

152 1678 258 1732 est,
286 1666 490 1723 dixeris
513 1706 528 1731 ,
556 1674 647 1719 aut
672 1663 881 1720 scilicet
905 1662 1206 1728 diversam,
1232 1670 1288 1715 ut
1314 1659 1505 1732 opinor
1532 1674 1653 1728 ego,
1688 1657 1754 1712 il-

154 1762 253 1817 lam
276 1774 400 1815 esse
421 1758 490 1812 ab
506 1756 779 1829 encyclica
794 1754 1097 1827 Ancyrante
1118 1753 1333 1826 synodi,
1355 1763 1444 1807 aut
1468 1738 1753 1808 anathema

1860 538 1951 592 tibi
1979 538 2376 600 subscriptiones
2400 540 2669 612 Afrorum,
2692 539 2875 610 quibus
2897 539 3268 608 blasphemiam
3302 538 3469 595 Ursa-

1859 633 1927 688 cii
1967 644 2012 687 et
2061 632 2287 689 Valentis
2326 633 2787 690 condemnaveraut
2813 676 2829 701 ,
2879 634 3028 690 reddi
3076 650 3096 689 :
3138 635 3471 690 renitentibus

1859 729 2227 794 comminaris,
2274 739 2322 784 et
2357 740 2672 801 postremum
2711 730 2781 783 ad
2830 730 3148 799 diripiendos
3189 729 3346 782 mittis
3374 727 3471 801 (ε).

1861 820 2054 890 Liquet
2087 822 2249 891 igitur
2276 838 2342 877 eo
2376 824 2710 890 potissimum
2739 830 2989 892 tempore
3016 821 3178 877 Afros
3201 822 3269 877 ab
3299 822 3471 892 impe-

1859 923 2041 972 ratore
2093 916 2257 971 variis
2300 916 2507 973 artibus
2559 918 2914 984 sollicitatos,
2958 928 3015 972 ιιι
3067 917 3470 974 Ariminensem

1859 1007 2143 1063 formulam
2168 1010 2681 1079 complecterentur,
2703 1026 2766 1066 ac
2786 1010 2943 1066 ﬁdem
2972 1010 3317 1065 desererent:
3354 1009 3467 1064 fru-

1857 1113 2077 1172 straque
2107 1102 2321 1172 aliquod
2365 1103 2416 1157 in
2455 1119 2637 1159 rerum
2671 1113 2797 1158 tunc
2825 1115 3099 1174 gestarum
3130 1112 3468 1158 commenta-

1858 1195 1956 1250 riis
1982 1205 2355 1265 argumentum
2386 1213 2621 1267 quzeras,
2653 1214 2760 1267 quo
2790 1205 2917 1252 ante
2937 1196 3334 1261 Ariminensem
3361 1195 3471 1252 for-

1859 1288 2057 1342 mulam
2093 1289 2229 1342 hanc
2254 1288 2395 1343 Afris
2426 1288 2700 1358 episcopis
2728 1288 2834 1344 vim
2868 1289 3067 1345 inferre
3088 1290 3466 1345 Constantium

1857 1381 2098 1451 potuisse
2137 1381 2353 1451 probes.
2399 1381 2571 1437 Nemo
2615 1384 2778 1437 etiam
2820 1382 3138 1451 negaverit,
3168 1380 3297 1451 quin
3330 1380 3471 1436 Ara-

1856 1472 2018 1538 ciani,
2044 1472 2133 1543 qui
2162 1470 2469 1529 Constantii
2492 1474 2782 1528 antoritate
2804 1473 3186 1538 abolebantur,
3211 1488 3277 1528 eo
3302 1473 3467 1528 etiam

1858 1573 2105 1635 tempore
2134 1564 2199 1620 ad
2221 1566 2440 1621 eosdem
2467 1566 2674 1622 litteras
2697 1566 2971 1621 communi
2997 1567 3215 1620 nomine
3242 1566 3471 1635 scriptas

1857 1659 2138 1727 miserint,
2194 1660 2388 1729 quibus
2446 1659 2515 1715 de
2566 1671 2779 1732 recepta
2823 1661 2891 1715 ab
2937 1660 3187 1716 omnibus
3236 1660 3471 1715 formula

1856 1752 1995 1824 ipsa,
2042 1763 2151 1809 tum
2184 1755 2450 1810 certiores
2480 1770 2577 1811 eos
2609 1754 2872 1821 facerent,
2908 1765 3018 1810 tum
3059 1754 3257 1810 deinde
3288 1754 3473 1809 horta-

153 1854 202 1909 in
249 1867 311 1908 ea
342 1851 544 1906 dictum
575 1850 864 1913 homousio,
895 1847 1039 1919 quod
1071 1857 1247 1901 tamen
1275 1846 1341 1900 ad
1372 1844 1643 1901 Liberium
1672 1853 1755 1898 at-
1783 1838 1832 1899 B
1861 1856 2051 1901 rentur
2081 1857 2138 1901 ut
2164 1846 2387 1916 reliquis
2414 1847 2742 1903 accederint.
2771 1847 2825 1904 Si
2854 1847 2998 1903 enim
3029 1847 3291 1903 Victorini
3315 1846 3471 1901 testi-

156 1951 301 2014 tiuet,
335 1945 563 2019 perinde
594 1954 697 2001 est.
726 1944 910 2015 Neque
941 1944 1084 1998 enim
1117 1955 1356 2012 prmsens
1384 1940 1475 1995 ille
1506 1939 1604 1995 fuit
1633 1954 1755 1994 cum

156 2042 459 2113 legebatur;
499 2038 593 2094 sed
624 2047 909 2109 postquam
934 2051 996 2092 ea
1023 2036 1157 2091 lecta
1182 2042 1299 2101 est,
1335 2043 1614 2104 postquam
1648 2032 1758 2086 An-

154 2146 366 2205 cyranae
408 2131 754 2188 deﬁnitiones
799 2132 865 2185 ab
908 2129 1134 2186 Ursacio
1163 2138 1218 2184 et
1257 2127 1485 2183 Valente
1519 2125 1758 2197 probatte

154 2227 254 2299 jam
276 2242 339 2282 ac
356 2226 711 2298 promulgata:
734 2223 963 2291 fuerant,
982 2222 1165 2278 Basilii
1196 2232 1321 2276 tunc
1340 2236 1519 2276 rerum
1549 2218 1759 2274 Domini

159 2335 313 2391 opera
353 2319 422 2376 ab
446 2320 777 2389 imperatore
804 2319 1007 2372 accitus
1031 2316 1286 2373 Sirmium
1312 2316 1480 2379 venit,
1509 2314 1760 2368 omnibus

161 2414 374 2480 scilicet,
400 2422 457 2467 ut
482 2412 736 2478 vidimus,
754 2408 1137 2479 confectisjam
1158 2423 1220 2463 ac
1246 2407 1560 2477 compositis
1576 2408 1757 2473 rebus,

164 2520 219 2561 ac
243 2522 308 2563 eo
330 2512 580 2575 tempore
600 2520 706 2576 quo
729 2503 861 2559 nihil
887 2517 1110 2557 necesse
1132 2510 1251 2556 erat
1291 2508 1348 2555 ut
1374 2515 1437 2555 ea
1466 2500 1755 2569 legeretur.

166 2597 269 2655 Hoc
294 2613 426 2654 vero
455 2596 602 2666 quod
632 2597 742 2659 aio.
772 2612 841 2650 ex
869 2594 1071 2649 Hilario
1103 2594 1221 2664 ipso
1251 2609 1356 2647 non
1386 2592 1612 2647 obscure
1644 2591 1759 2647 col-

168 2692 370 2762 ligitur,
411 2690 504 2762 qui
546 2706 667 2745 cum
720 2700 829 2744 tres
875 2688 997 2743 illos
1036 2687 1312 2742 dumtaxat
1341 2686 1625 2756 episcOpos
1647 2684 1764 2755 ejus

167 2785 437 2841 lectionem
464 2785 770 2855 postulasse
792 2783 1013 2849 scribat,
1038 2782 1199 2837 alium
1228 2780 1463 2847 nullum,
1482 2796 1603 2836 cum
1623 2780 1759 2835 lecta

165 2897 191 2938 a
218 2881 411 2937 Basilio
441 2892 548 2947 est,
580 2879 820 2935 adfuisse
842 2878 1061 2933 indicat.
1438 2881 1461 2896 ‘

231 2973 487 3030 Victorini
512 2972 727 3028 tandem
760 2971 1095 3038 teStimonio,
1130 2971 1272 3041 quod
1301 2969 1441 3025 idem
1466 2968 1763 3024 Tillemon-

166 3069 264 3123 tius
313 3069 364 3123 in
389 3083 543 3124 suam
573 3067 791 3123 trahere
818 3064 1141 3121 sententiam
1167 3065 1355 3119 nititur
1379 3106 1392 3127 ,
1431 3063 1564 3119 nihil
1607 3064 1767 3134 fragi-

164 3160 283 3227 lius,
313 3160 435 3215 nihil
461 3159 767 3215 obscurius.
798 3157 926 3214 Haac
946 3166 1072 3213 sunt
1094 3159 1212 3226 ejus
1240 3157 1524 3227 scriptoris
1551 3157 1712 3211 verba
1747 3175 1760 3211 ε

1861 1940 2100 1995 monium
2135 1956 2254 1996 cum
2284 1940 2486 1996 Hilario
2516 1943 2891 2006 conferamus,
2923 1939 3079 1995 facile
3115 1939 3472 2011 intelligimus

1861 2044 2152 2105 utrumque
2192 2033 2478 2104 designare
2505 2034 2822 2105 gravissima
2854 2048 2915 2087 ea
2945 2042 3212 2103 tempora,
3244 2046 3365 2102 qua:
3397 2031 3475 2085 la—

1865 2126 2176 2181 trocinalem
2222 2127 2878 2198 Constantinopolitanam
2914 2126 3178 2199 synodum
3201 2167 3216 2192 ,
3248 2140 3351 2197 qua
3379 2140 3471 2181 ea-

1862 2219 1987 2275 dem
2020 2221 2253 2275 formula
2280 2221 2656 2288 comprobata,
2689 2230 2744 2276 et
2777 2221 3118 2291 promulgata
3146 2228 3251 2286 est,
3277 2222 3471 2275 subse-

1862 2322 1982 2369 cuta
2011 2323 2157 2367 sunt.
2195 2312 2301 2369 Fac
2334 2322 2512 2367 tamen
2559 2314 2661 2366 hoc
2693 2313 2956 2368 Victorini
2988 2314 3107 2367 loco
3130 2311 3473 2366 Orientalium

1865 2424 1997 2463 voce
2021 2409 2276 2464 Basilium
2301 2408 2526 2480 ejusque
2560 2410 2840 2480 Ancyrana
2870 2408 3141 2477 legatione
3170 2409 3348 2463 socios
3371 2423 3470 2463 ex-

1864 2502 2058 2574 primi,
2100 2503 2439 2573 scriptasque
2462 2504 2531 2558 ab
2556 2518 2622 2559 eo
2650 2514 2777 2558 tunc
2807 2504 2969 2558 fuisse
2995 2504 3203 2558 litteras
3233 2505 3287 2557 in
3319 2501 3465 2557 Afri~

1865 2610 1983 2650 eam
2005 2638 2019 2662 ,
2039 2596 2233 2666 quibus
2261 2596 2380 2664 ejus
2409 2596 2665 2651 Ecclesia:
2696 2597 2956 2667 praesules
2988 2597 3040 2650 in
3070 2611 3220 2650 suam
3251 2603 3474 2650 senten-

1868 2691 1996 2746 tiam
2026 2691 2348 2760 pertrahere
2375 2690 2670 2746 smduisset
2700 2692 2950 2762 exemplo
2985 2706 3198 2757 eorum,
3227 2690 3321 2761 qui
3346 2706 3471 2746 eum

1866 2785 2085 2842 Liberio
2113 2786 2469 2843 hommusiutn
2501 2786 2729 2856 professi
2755 2786 2968 2841 fuerant
2993 2803 3005 2840 :
3036 2785 3162 2855 quid
3190 2801 3319 2840 vero
3345 2785 3475 2841 inde

1864 2880 2161 2938 conficies?
2191 2881 2272 2935 An
2300 2880 2439 2935 forte
2468 2895 2589 2935 eum
2629 2879 2857 2937 Basilius
2902 2879 3135 2948 scripsit,
3171 2888 3223 2933 Ill
3257 2880 3473 2933 Itontou-

1865 2976 1997 3029 sium
2043 2974 2377 3043 abjicerent,
2427 2972 2531 3028 hoc
2581 2974 2745 3028 etiam
2785 2973 2982 3039 voluit,
3028 2980 3085 3025 ιιι
3128 2970 3474 3026 anathemate

1867 3068 2262 3139 conﬁgeretur?
2302 3067 2359 3122 id
2391 3083 2521 3123 vero
2560 3067 2782 3122 minime
2819 3080 3043 3122 necesse
3088 3075 3204 3130 est,
3230 3075 3291 3119 ut
3326 3065 3477 3120 dica-

1871 3176 2021 3224 mus,
2053 3177 2174 3215 cum
2216 3160 2359 3215 aliud
2399 3159 2621 3232 abjicere
2644 3160 2737 3221 sit,
2772 3157 2913 3213 aliud
2940 3174 3069 3212 vero
3095 3157 3363 3225 damnare,
3388 3166 3473 3211 at-

171 3252 452 3308 Orientales
484 3251 714 3306 scribunt
743 3251 811 3304 ad
839 3250 1016 3322 Afros,
1044 3260 1098 3303 ut
1125 3250 1364 3323 ejicerent
1400 3266 1431 3302 a
1457 3260 1635 3303 sancta
1656 3247 1758 3301 Ec-
1785 3230 1830 3293 (ἶ
1865 3267 1969 3325 que
2001 3260 2163 3305 untim
2190 3293 2204 3317 ,
2242 3250 2383 3304 haud
2414 3230 2642 3304 alterum
2683 3249 2895 3303 inferat.
2939 3248 3073 3303 Rem
3115 3264 3245 3302 vero
3270 3264 3329 3303 se
3359 3249 3475 3318 ipsa

162 3345 315 3400 clesia
340 3360 647 3401 BOIOUSIUI
671 3385 686 3410 ,
729 3343 950 3397 dicentes
986 3357 1157 3396 secum
1187 3342 1374 3395 sentire
1400 3349 1445 3395 et
1484 3341 1638 3410 Afros
1663 3382 1676 3405 ,
1708 3350 1756 3394 et

168 3436 442 3494 Orientales
501 3454 674 3492 omnes
716 3436 812 3507 (b).
844 3435 1110 3491 incertum
1157 3435 1337 3504 itaque
1386 3442 1470 3488 est
1519 3448 1753 3504 quonam

167 3537 401 3600 tempore
448 3530 567 3586 haec
602 3530 669 3585 ad
710 3528 871 3584 Afros
898 3528 967 3584 ab
992 3528 1358 3584 Orientalibus
1387 3527 1581 3596 scripta
1614 3527 1754 3592 sint,

166 3637 228 3676 an
256 3624 457 3681 scilicet
483 3634 610 3680 ante
635 3622 997 3690 Ariminense,
1024 3637 1090 3677 an
1120 3638 1248 3677 vero
1272 3630 1389 3691 post
1412 3621 1758 3677 Ariminense

167 3717 467 3784 concilium,
492 3717 718 3787 ejusque
746 3717 1120 3772 conﬁrmatam
1145 3714 1621 3780 Constantinopoli
1652 3714 1760 3768 for-

171 3809 361 3862 mulam
395 3827 407 3863 :
450 3809 596 3864 enim
636 3823 767 3863 vero
794 3806 908 3863 Afri
934 3806 1144 3876 aliqum
1168 3805 1405 3875 episcopi
1434 3804 1761 3859 homousium

172 3899 249 3957 bis
268 3902 529 3973 abjecisse
556 3901 723 3958 videri
750 3909 1009 3972 possunt;
1043 3900 1215 3969 primo
1236 3914 1358 3953 cum
1384 3898 1626 3954 Liberius
1648 3898 1762 3953 Sir-

173 3997 421 4053 miensem
474 3997 739 4053 ectbesim
781 3997 1057 4067 professus
1099 4001 1216 4058 est,
1275 4001 1333 4047 ut
1373 3993 1639 4059 vidimus;
1671 4006 1759 4047 se-

172 4091 345 4146 cundo
370 4108 490 4148 cum
513 4106 545 4146 a
581 4091 767 4162 legatis
797 4087 1157 4145 Ariininensis
1194 4086 1407 4142 concilii
1436 4085 1762 4141 Arianorum

174 4184 393 4242 formula
409 4197 624 4256 recepta
646 4196 731 4242 est
756 4202 769 4237 :
803 4192 1011 4239 constat
1042 4182 1184 4237 enim
1219 4182 1357 4236 inter
1384 4181 1766 4250 pratvaricato-

175 4293 257 4335 res
288 4281 436 4347 illos,
474 4291 584 4336 tres
615 4295 682 4335 ex
710 4277 897 4334 eadem
931 4276 1111 4333 Africa
1144 4275 1404 4345 prmsuies
1436 4288 1763 4329 annumera-

178 4382 274 4428 tos.
307 4374 568 4431 incertum
603 4383 860 4445 prseterea
894 4382 999 4437 est,
1042 4388 1107 4426 an
1139 4370 1443 4425 Orientales
1468 4369 1546 4423 illi
1583 4369 1669 4435 qui
1699 4366 1766 4424 ad

183 4466 331 4523 Alios
357 4469 706 4539 scripserant,
739 4466 922 4520 Ariani
943 4479 1009 4518 an
1034 4463 1354 4518 Semiariani
1384 4460 1602 4526 fuerint,
1632 4475 1769 4531 quos

182 4573 360 4617 omnes
398 4562 499 4617 hoc
530 4560 855 4615 vocabulum
874 4600 888 4624 ,
918 4557 1249 4621 homousion,
1279 4569 1434 4626 teque
1464 4564 1588 4608 tunc
1617 4553 1767 4622 ahje-

185 4652 312 4710 cisse
338 4665 566 4711 constat.
595 4654 858 4725 Equidem
885 4654 987 4708 hoc
1004 4666 1105 4723 ego
1129 4651 1249 4705 loco
1272 4650 1518 4722 Afrorum
1549 4650 1768 4703 nomine

186 4759 273 4802 eos
329 4752 414 4820 qui
461 4748 864 4805 Ariminensem
919 4744 1204 4800 formulam
1256 4752 1625 4812 receperant,
1680 4757 1770 4813 per

191 4841 460 4899 Urimtales
509 4858 669 4910 vero,
704 4844 795 4910 qui
823 4842 1189 4910 scripserant,
1220 4837 1520 4892 Acacianos
1545 4849 1770 4904 expres-

190 4946 269 4988 sos
295 4937 558 4995 existimo.
591 4949 657 4990 ac
684 4934 890 4988 litteras
920 4947 949 4985 a
980 4930 1261 4985 Victorino
1293 4938 1640 4992 memoratas,
1670 4927 1766 4981 da-

191 5038 261 5083 tas
287 5032 351 5087 ab
377 5033 437 5087 iis
466 5042 598 5102 puto
644 5039 922 5100 postquam
960 5024 1328 5081 Semiarianos
1360 5022 1506 5090 ipsos
1534 5037 1638 5092 qua
1674 5023 1723 5076 vi
1750 5064 1767 5088 ,

188 5136 280 5193 qua
304 5122 486 5179 fraude
509 5122 859 5185 induxerant,
888 5126 946 5173 ut
970 5116 1216 5172 eamdem
1239 5115 1636 5170 Ariminensem
1661 5114 1771 5168 for-

180 5217 394 5283 mulam,
417 5233 448 5272 a
465 5212 967 5286 prmvaricatoribus
988 5210 1094 5265 illis
1117 5209 1308 5279 legatis
1329 5208 1619 5262 admissam
1641 5222 1766 5277 pro-

180 5310 473 5367 literentur.
518 5312 628 5366 Cur
675 5321 805 5363 vero
835 5304 912 5360 sic
936 5318 1037 5374 ego
1078 5301 1385 5358 existimem
1415 5342 1431 5367 ,
1462 5300 1586 5355 facit
1627 5300 1771 5355 Hila-

172 5406 305 5473 rius,
328 5406 417 5476 qui
448 5413 574 5460 tunc
592 5396 1062 5468 Constantinopoli
1082 5396 1288 5467 positus
1311 5392 1631 5451 Constantio
1656 5393 1771 5449 haec

166 5498 499 5569 erprobrat:
543 5493 880 5552 Substravisti
923 5490 1170 5546 uoluntati
1201 5497 1303 5542 tua:
1347 5486 1632 5547 Orientales
1663 5487 1771 5558 epi-

243 5674 325 5747 (α)
353 5670 443 5747 ,υς
471 5668 603 5747 Syt-
633 5681 755 5747 ειεξ-
779 5664 868 5747 79-.

243 5728 324 5816 ibi
353 5743 475 5816 Lib.
507 5728 785 5816 ide'Fid?
814 5734 1179 5816 adv:__Arium.
1226 5732 1288 5816 S_i
1308 5728 1548 5814 oportuit
1572 5728 1775 5816 scribi,

170 5802 419 5892 oportuit
445 5823 500 5869 et
543 5806 1007 5892 persuadereillis
1052 5821 1158 5891 non
1189 5802 1655 5892 s'o'l‘umhj't‘tssione,
1684 5802 1783 5892 send

176 5870 488 5949 rationibus
527 5870 583 5939 et
626 5880 923 5952 Seripturis
964 5879 1157 5933 sacris.
1203 5875 1306 5932 BB.
1356 5870 1461 5928 PP.
1512 5882 1644 5927 tom.
1692 5870 1782 5937 Ν,

1862 3343 2203 3400 manifestam
2228 3343 2444 3398 duobus
2466 3343 2640 3397 allatis
2652 3358 2806 3398 cxem
2818 3343 2919 3412 piis
2932 3341 3260 3397 conﬁrmare
3277 3342 3473 3411 placet,

1860 3439 2033 3493 altero
2049 3453 2111 3492 ex
2138 3436 2360 3500 Hilario,
2385 3435 2558 3490 altero
2579 3452 2645 3490 ex
2670 3437 2991 3490 Arianorum
3015 3451 3153 3505 penu
3184 3436 3470 3505 producto.

1862 3530 2098 3586 Hilarius
2147 3530 2323 3599 itaque
2374 3527 2687 3584 Gallicanos
2736 3528 3023 3600 episcOpos
3066 3529 3279 3594 laudat,
3329 3528 3474 3597 quod

1862 3624 2083 3679 missam
2126 3637 2193 3678 ex
2244 3622 2527 3678 Sirmiensi
2558 3620 2757 3693 oppido
2798 3620 3033 3676 inﬁdelis
3064 3620 3187 3675 ﬁdei
3225 3620 3478 3689 impieta-

1864 3726 1996 3781 tem,
2040 3733 2142 3770 non
2173 3715 2324 3770 modo
2354 3732 2459 3769 non
2493 3714 2894 3784 suscepissent,
2925 3714 3020 3769 sed
3049 3714 3373 3779 nuntiatum,
3403 3714 3479 3770 si-

1864 3808 2278 3880 gniﬁcatamque
2318 3810 2645 3862 damnassent
2687 3806 2790 3879 (d).
2840 3806 3093 3861 Acariani
3135 3821 3263 3861 vero
3299 3807 3352 3861 in
3387 3820 3476 3863 se-

1866 3903 2104 3958 leuceusi
2154 3901 2364 3972 synodo
2403 3901 2744 3955 homousium
2773 3943 2788 3968 ,
2835 3910 2889 3955 et
2927 3899 3291 3957 hommusium
3329 3898 3479 3955 velut

1866 4011 2029 4052 voces
2069 3997 2238 4052 sacris
2282 3994 2576 4066 Seripturis
2630 3996 2929 4067 incognitas
2974 3996 3296 4064 simpliciter
3348 3994 3480 4065 reji-

1866 4091 2047 4156 ciunt-,
2075 4090 2391 4162 ἐκϐάλλομεν.
2430 4089 2747 4144 Αιιοηιωιιιῐι
2782 4104 2911 4144 vero
2938 4092 3261 4144 anathemate
3290 4096 3477 4160 aperte

1844 4182 2146 4275 ‘damnant,
2170 4185 2616 4255 ἀναθεματὶζομεν.

1942 4276 2161 4330 lnﬁrma
2206 4275 2390 4345 igitur,
2419 4291 2482 4330 ac
2520 4275 2754 4345 jacentia
2800 4285 3117 4345 argumenta
3158 4275 3331 4342 vides,
3356 4290 3477 4346 quae

1871 4367 2272 4423 Tillemontium
2302 4369 2353 4422 in
2376 4367 2621 4436 eligenda
2650 4368 2919 4421 sententia
2944 4367 3233 4437 ancipitem
3261 4367 3476 4422 habuis-

1872 4475 1934 4516 se
1974 4460 2089 4514 visa
2130 4468 2277 4514 sunt.
2323 4458 2506 4513 Placet
2527 4468 2715 4535 tamen
2737 4475 2902 4515 unum
2931 4459 3107 4514 adhuc
3135 4475 3233 4531 pro
3262 4459 3480 4516 Liberio

1875 4552 2243 4608 tesﬁmonium
2298 4565 2445 4607 nunc
2490 4568 2557 4607 ex
2612 4551 2814 4607 Hilario
2858 4552 3075 4609 afferre.
3135 4554 3333 4609 Fuerat
3388 4553 3481 4610 ille

1793 4623 1845 4684 D
1874 4645 2097 4701 effectus
2119 4646 2322 4699 certior
2344 4644 2725 4716 episcoporum
2749 4645 2955 4716 aliquot
2977 4645 3191 4711 litteris,
3217 4646 3269 4700 in
3292 4643 3480 4718 Ancy-

1874 4752 2009 4794 rana
2054 4735 2287 4809 synodo,
2316 4751 2476 4807 quam
2517 4746 2800 4808 tantopere
2832 4738 3143 4793 laudaverat
3165 4780 3180 4806 ,
3211 4738 3484 4793 anathema

1875 4827 2317 4883 Consubstantiali
2339 4828 2562 4894 dit-tum,
2614 4843 2937 4899 quamquam
2963 4829 3353 4884 hocdecretum
3369 4831 3484 4899 epi-

1874 4923 2023 4992 sc0pi
2051 4921 2127 4976 illi
2150 4930 2348 4977 tectum
2377 4921 2599 4983 deinde,
2631 4936 2693 4975 ac
2722 4934 2994 4977 secretum
3020 4921 3221 4977 habere
3247 4920 3483 4976 studuis-

1875 5025 2016 5071 sent.
2049 5016 2310 5070 Rationes
2350 5014 2529 5082 itaque
2560 5028 2751 5069 omnes
2784 5015 2980 5083 quibus
3018 5016 3363 5070 temerarium
3402 5012 3484 5068 fa-

1873 5112 2027 5168 cinus
2060 5110 2195 5165 tueri
2221 5117 2474 5181 paterant
2496 5123 2616 5163 cum
2640 5108 2930 5170 attulisset.
2960 5122 3161 5179 easque
3189 5108 3487 5162 vehemen-

1873 5205 2084 5258 tissime
2117 5210 2508 5272 expugnasset,
2539 5209 2650 5255 tum
2686 5200 2802 5255 haec
2846 5202 2956 5255 ait:
2992 5198 3099 5255 Sed
3129 5203 3261 5270 forte
3283 5199 3484 5253 dicetur

1874 5299 2005 5352 mihi
2029 5314 2048 5353 :
2080 5297 2254 5366 Aliqui
2296 5295 2449 5350 hodie
2478 5311 2541 5349 ex
2575 5295 2653 5348 his
2679 5336 2695 5361 ,
2721 5295 2809 5364 qui
2842 5304 2950 5349 tum
2980 5294 3176 5364 synodo
3203 5293 3488 5365 (Nicaeum)

1873 5391 2239 5463 interfuerant,
2264 5388 2536 5444 tacendum
2554 5389 2615 5441 de
2638 5388 2905 5441 homousio
2928 5386 3281 5442 decreuerunt.
3304 5385 3371 5440 Et
3393 5402 3486 5460 ego

1874 5486 2064 5542 inuitus
2095 5484 2210 5539 licet
2238 5482 2555 5555 respondebo
2592 5482 2802 5549 dicenti,
2822 5478 3069 5550 numquid
3086 5496 3188 5535 non
3208 5491 3255 5535 et
3284 5481 3386 5552 ipsi
3412 5490 3492 5535 ta-

1882 5671 1937 5727 p.
1969 5654 2096 5727 262.

1961 5727 2033 5869 ξε)
2075 5724 2261 5781 Contr.
2288 5720 2478 5777 Const.
2508 5735 2657 5776 num.
2682 5716 2773 5775 26.

1987 5797 2045 5869 d)
2086 5798 2161 5854 De
2190 5795 2324 5864 Syn.
2354 5810 2502 5849 num.
2534 5793 2589 5846 2.

1987 5797 2045 5870 d)
2086 5798 2161 5854 De
2190 5795 2324 5864 Syn.
2354 5810 2502 5849 num.
2534 5793 2589 5846 2.
