3950 6330
543 285 652 367 :07

1769 283 2091 344 'SANCTUS
2133 285 2456 345 DAMASUS
2495 287 2699 345 PAPA.

3687 303 3770 364 308

546 405 710 460 cendo
732 405 794 460 de
816 403 1219 461 Itommusioesse
1231 403 1594 466 constituunt?
1622 403 1733 459 Oro
1764 413 1882 472 vos,
1915 421 1979 460 ne
2001 407 2115 476 quis
2132 436 2145 445 -
2175 407 2225 468 Α
2253 415 2342 459 aut
2368 405 2494 476 quid
2514 423 2576 460 ea:
2607 405 2822 460 sincera:
2851 403 2974 475 ﬁdei
2998 406 3302 461 conscientia
3321 409 3546 480 reliquum
3561 416 3652 469 est?
3675 416 3770 473 Non

543 513 698 566 quam
745 499 882 553 alius
919 515 983 558 ea:
1013 497 1092 554 Itis
1133 507 1317 569 prater
1344 513 1518 554 senem
1566 497 1786 554 Hosium
1823 501 2146 569 reperiatur,

542 593 630 662 qui
669 591 938 648 tacendum
973 609 1082 649 esse
1118 593 1370 648 existimet
1394 591 1458 648 de
1483 604 1694 664 utroque
1724 592 1820 666 (a).
1856 592 2021 650 Vides
2052 594 2150 648 ita-

545 702 652 757 que
705 690 864 743 unius
903 687 1050 742 llosii
1103 689 1412 758 exemplum
1446 701 1543 758 pro
1570 683 1921 742 Sétuiarianis
1959 687 2027 741 ab
2057 685 2150 742 Hi-

541 781 678 834 lario
723 780 1041 850 productum
1071 825 1086 849 ,
1134 798 1458 854 quamquam
1504 797 1690 838 eorum
1745 782 2148 854 propugnanda:

541 877 824 937 sententias
871 875 1012 931 haud
1043 879 1176 933 satis
1209 878 1492 943 idoneum,
1521 877 1647 946 quia
1679 877 1875 932 Hosius
1914 879 2144 931 humou-

539 966 680 1021 sium
713 982 867 1038 a-que
896 983 959 1023 ac
985 967 1351 1025 homosusium
1379 986 1406 1023 a
1439 969 1544 1025 llde
1569 969 1884 1025 sustulerat.
1916 969 2023 1024 Cur
2047 969 2147 1040 igi-

539 1070 628 1115 tur
678 1055 876 1116 Liberii
917 1063 1172 1132 exemplo
1210 1079 1316 1118 non
1359 1065 1528 1118 utitur
1557 1065 1632 1120 rei
1656 1064 1724 1119 de
1750 1079 1853 1134 qua
1882 1063 2146 1135 agebotur

535 1153 925 1210 confirmanda:
953 1155 1271 1226 aptissimo?
1298 1159 1378 1212 An
1414 1157 1648 1212 Hilarius
1671 1156 1774 1211 hoc
1793 1155 2144 1212 dissimulans

538 1246 834 1316 praeteriit?
883 1248 993 1301 Hoc
1036 1262 1104 1303 ne
1134 1249 1396 1319 suspicari
1435 1247 1648 1319 quidem
1682 1249 1823 1303 licet.
1865 1245 1948 1302 An
1981 1247 2144 1318 igitur

441 1341 452 1346 ⁷
535 1342 854 1413 ignoravit?
893 1341 1026 1411 Quis
1066 1358 1196 1398 vero
1241 1329 1480 1398 animum
1533 1341 1788 1399 inducere
1843 1343 2040 1413 possit,
2085 1349 2142 1398 ut

534 1439 742 1506 credat,
769 1439 1137 1495 Semiarianos
1163 1439 1282 1509 ejus
1309 1438 1578 1510 pontificis
1614 1439 1873 1508 potiorem
1902 1435 2143 1492 auctori-

531 1541 696 1587 tatem
737 1532 1010 1603 negligere
1042 1535 1316 1602 potuisse,
1345 1547 1407 1587 ac
1431 1548 1542 1586 retu
1562 1573 1576 1598 ,
1607 1547 1767 1603 quam
1795 1531 2006 1585 illorum
2040 1533 2140 1586 irii-

533 1624 723 1695 primis
763 1626 1022 1680 intererat
1056 1625 1264 1696 vulgari
1286 1641 1445 1696 quam
1481 1627 1745 1691 maxime,
1775 1623 2034 1680 Hilarium
2061 1625 2140 1696 ip-

533 1734 685 1784 sum,
719 1733 783 1773 ac
825 1729 1054 1774 caeteros
1097 1734 1286 1775 omnes
1317 1721 1457 1775 clam
1489 1733 1611 1776 esse
1641 1719 1909 1775 voluisse?
1936 1719 2138 1776 Verum

2254 509 2332 554 est
2372 505 2580 555 exstans
2622 499 2668 554 ei
2714 499 2784 554 ad
2811 501 3061 572 originem
3087 501 3363 556 substantia
3394 503 3552 576 aliqua
3571 509 3676 576 alia,
3695 513 3773 565 nisi

2252 593 2366 646 sola
2385 608 2500 663 qua:
2531 591 2627 646 Dei
2655 602 2727 646 est
2748 607 2767 648 :
2789 599 2844 647 ut
2873 594 2924 647 in
2952 609 3011 648 eo
3038 592 3171 648 nihil
3200 594 3338 649 aliud
3376 606 3535 652 natum
3571 617 3660 655 esse
3683 619 3776 674 pos-

2253 687 2319 742 sit
2344 703 2498 756 quam
2520 703 2668 741 omne
2692 686 2830 755 quod
2853 686 2949 742 Dei
2975 689 3042 742 sit
3060 731 3072 750 ,
3102 688 3224 758 quia
3246 704 3341 742 non
3360 706 3418 744 ea:
3443 692 3587 746 nihilo
3611 706 3773 752 castam

2251 779 2463 835 aliunde
2490 797 2590 834 non
2609 780 2835 835 subsistit
2861 782 2960 852 id).
2993 781 3105 837 Hoc
3129 783 3304 854 itaque
3331 784 3441 838 loco
3470 785 3633 842 Hilarii
3651 804 3773 858 aper-

2253 880 2359 927 tam
2399 881 2454 928 et
2484 872 2821 927 manifestam
2870 869 3200 929 sententiam
3248 874 3432 930 vides:
3479 876 3652 933 frustra
3676 891 3775 938 vero

2250 967 2452 1023 dixi-ris
2489 968 2641 1024 illum
2689 969 2828 1024 haud
2877 968 3118 1040 probasse
3161 985 3272 1024 eam
3301 972 3775 1043 formulamtanqnant

2249 1060 2499 1130 integram
2530 1070 2577 1114 et
2601 1063 2898 1133 perfectam,
2932 1063 3020 1115 sed
3046 1061 3142 1114 hoc
3171 1063 3346 1132 egisse,
3373 1063 3513 1132 utqui
3540 1079 3592 1118 ea
3611 1067 3778 1121 uteban-

2249 1161 2352 1219 tur,
2387 1169 2472 1208 eos
2497 1153 2724 1208 alliceret
2747 1153 2815 1208 ad
2837 1153 3143 1208 catholicam
3166 1155 3336 1225 ﬁdem.
3360 1156 3696 1231 Quibus'enim
3721 1160 3775 1213 ita

2249 1247 2498 1303 rescribit
2527 1247 2906 1304 Occidentales
2937 1247 3170 1312 fuerant,
3224 1263 3287 1304 ac
3325 1247 3548 1320 perfecte
3574 1250 3777 1307 catholici

2247 1341 2512 1411 episcopi,
2541 1351 2701 1410 atque
2731 1339 2797 1396 iis
2826 1355 2950 1396 cum
3000 1343 3114 1396 haec
3136 1341 3342 1404 scribit.
3371 1341 3585 1414 aliquam
3609 1342 3655 1397 in
3690 1345 3778 1400 viro

2248 1434 2615 1505 integerrimo,
2643 1449 2706 1490 ac
2733 1436 2785 1490 in
2815 1451 2871 1490 re
2893 1437 3133 1490 omnium
3167 1438 3418 1504 maxima,
3440 1438 3778 1497 simulationem

2247 1527 2508 1596 suspicari
2548 1528 2816 1597 piaculum
2844 1538 2957 1583 est.
2989 1530 3070 1583 Au
3103 1529 3284 1598 itaque
3323 1530 3678 1585 inconstantem
3708 1545 3778 1602 po-

2246 1621 2353 1674 tius
2384 1622 2436 1675 in
2465 1637 2558 1675 sua
2605 1619 2760 1676 illum
2815 1623 3086 1676 sententia
3116 1621 3392 1682 dicemus!
3422 1623 3626 1691 Magnus
3649 1621 3779 1678 Baro-

2245 1713 2390 1780 nius,
2420 1730 2539 1786 qua:
2573 1715 2625 1770 in
2668 1715 2860 1770 iisdem
2918 1717 3221 1787 fragmentis
3264 1717 3515 1772 adversus
3559 1715 3778 1771 Liberium

531 1811 859 1882 ignoraverit
891 1811 1145 1875 Hilarius,
1174 1812 1316 1883 quod
1349 1811 1593 1882 profecto
1617 1813 1774 1868 iidem
1803 1824 2047 1885 superat,
2070 1829 2138 1869 an
2171 1811 2220 1874 B
2250 1809 2413 1864 verba
2449 1807 2699 1880 legimus,
2733 1810 2961 1882 margini
2988 1810 3259 1882 adscripta
3281 1811 3442 1868 fuisse
3466 1819 3652 1878 censet,
3677 1819 3778 1867 etes

531 1920 661 1959 vero
709 1907 970 1976 ignoravit
1011 1903 1238 1970 Valens,
1274 1903 1558 1973 Urchius,
1589 1915 1642 1961 et
1664 1905 2004 1975 Germinius,
2042 1907 2134 1978 qui

529 1999 692 2055 rebus
734 2013 765 2054 a
796 1998 1014 2054 Liberio
1054 2002 1222 2070 gestis
1251 2011 1545 2070 praesentes
1580 1998 1828 2054 fuerant?
1867 1999 1976 2055 Cur
2005 2015 2136 2055 vero

528 2111 651 2150 cum
676 2095 710 2150 ii
745 2096 797 2149 in
821 2091 1154 2150 Ariminensi
1183 2093 1418 2150 concilio
1447 2093 1589 2150 Usite
1615 2110 1809 2150 nomen
1839 2091 2131 2162 sublatum,

528 2205 592 2245 ac
647 2190 862 2246 tertiam
906 2188 1260 2246 Sirmiensem
1300 2189 1587 2246 formulam
1619 2192 1990 2248 confirmatam
2020 2191 2136 2247 vel-

527 2284 672 2349 lent,
721 2299 844 2339 cum
875 2285 944 2340 ob
973 2300 1092 2341 eam
1130 2299 1346 2339 causam
1379 2300 1411 2339 a
1442 2283 1695 2340 Patribus
1725 2295 2053 2356 quaererent,
2088 2287 2132 2340 si

491 2374 720 2431 'Ruliuo
769 2377 1043 2433 credimus
1089 2377 1164 2448 (ὁ)
1194 2420 1208 2444 ,
1253 2393 1322 2432 an
1364 2376 1690 2431 homousium
1735 2378 1876 2448 quod
1923 2371 2133 2432 summa

521 2473 826 2524 Constantia
871 2467 1211 2538 retinebant,
1255 2485 1322 2525 an
1364 2485 1496 2525 vero
1545 2468 1806 2524 Christum
1854 2463 2134 2526 Dominum

521 2561 876 2629 adorandum,
905 2565 1006 2619 sibi
1041 2564 1469 2635 proposuissent,
1494 2561 1562 2619 de
1587 2561 1802 2619 Liberio
1821 2580 1888 2620 ne
1910 2566 2132 2621 verbum

521 2653 784 2724 quidem?
823 2655 906 2712 An
958 2657 1097 2712 forte
1139 2658 1286 2712 nullo
1328 2659 1379 2712 in
1413 2659 1584 2727 pretio
1631 2658 1772 2729 apud
1807 2659 1930 2715 illos
1957 2658 2134 2716 fuerat

522 2755 742 2801 retentae
770 2745 934 2803 Urbis
955 2749 1196 2820 episc0pi
1224 2753 1540 2814 auctoritas,
1557 2757 1614 2806 et
1633 2751 1964 2820 exemplum,
1988 2753 2130 2823 quod

523 2840 658 2893 tanti
703 2837 943 2895 fecerant
988 2851 1114 2897 ante
1163 2842 1283 2912 ejus
1331 2843 1616 2909 exsilium,
1645 2853 1698 2898 et
1731 2841 2131 2903 Mediolaneusc

519 2931 832 2996 concilium,
878 2945 933 2987 ut
955 2933 1138 2988 abillo
1169 2951 1276 2990 uno
1293 2944 1615 2991 caeterorum
1645 2937 1886 2993 omnium
1919 2939 2129 2995 animos

523 3025 761 3092 pendere
787 3025 1228 3082 arbitrarentur?

519 3171 547 3233 ξ
575 3169 709 3236 YHI.
732 3197 792 3236 -έ
813 3170 988 3224 Hilarii
1014 3175 1406 3236 exsecrationes,
1433 3188 1496 3228 ex
1525 3175 1714 3228 celebri
1735 3176 2122 3236 fragmentorum

583 3232 690 3280 loco
713 3235 950 3302 adversus
987 3236 1236 3286 Liberium
1261 3232 1423 3302 afferri
1451 3239 1635 3302 solitas,
1662 3240 1796 3290 nullo
1809 3232 1925 3290 loco
1951 3245 2122 3293 haberi

581 3305 813 3369 oportere
837 3297 1238 3369 demonstratur,_
1264 3300 1398 3369 velut
1423 3315 1487 3350 ex
1527 3297 1729 3369 rejectis
1749 3306 1810 3353 ab
1845 3319 1906 3354 eo
1930 3309 2126 3369 scriptis

581 3367 829 3423 act'eptas,
854 3363 1080 3426 bonaque
1105 3362 1200 3413 ﬁde
1225 3363 1351 3414 haud
1374 3377 1550 3429 agere,
1570 3362 1652 3428 qui
1673 3367 1732 3416 iis
1754 3375 1976 3418 utuntur.

591 3489 728 3544 Cum
762 3490 924 3562 igitur
947 3501 1228 3549 teneamus
1249 3495 1601 3551 Sirmiensem
1629 3496 1808 3560 fidem.
1833 3514 1897 3554 ac
1925 3498 2125 3555 formu-

520 3579 647 3649 lam,
693 3599 853 3653 quam
899 3581 1143 3640 Liberius
1175 3603 1272 3657 pro
1304 3587 1553 3643 humanae
1587 3587 1893 3660 fragilitatis
1941 3608 2128 3647 exem-

520 3675 609 3742 plo
643 3673 920 3740 professus
949 3687 1056 3742 est,
1081 3678 1148 3732 ad
1175 3694 1235 3733 ea
1269 3695 1390 3752 quae
1411 3678 1537 3735 hinc
1567 3680 1763 3748 ﬂuunt,
1789 3686 2122 3742 consectaria

519 3763 696 3817 oratio
717 3767 1080 3822 convertenda
1117 3778 1284 3824 esset.
1319 3773 1388 3825 At
1440 3771 1555 3826 haec
1611 3788 1639 3826 a
1693 3789 1780 3828 me
1824 3778 2123 3833 omittenda

518 3869 640 3910 csso
663 3855 988 3923 existimavi,
1027 3867 1136 3914 tum
1163 3861 1304 3931 quod
1337 3879 1499 3918 unum
1535 3863 1636 3920 hoc
1678 3865 1809 3921 mihi
1840 3871 2121 3939 prOposui,

519 3955 580 4003 ut
626 3963 807 4003 rerum
840 3957 1113 4021 gestarum
1157 3952 1436 4010 veritatem
1469 3955 1536 4010 ab
1565 3958 1878 4028 involucris,
1929 3964 2125 4032 quibus

517 4042 673 4111 quasi
703 4041 882 4115 obtegi
923 4043 1228 4112 videbatur,
1263 4063 1328 4101 eo
1357 4064 1462 4118 quo
1487 4063 1702 4118 possem
1735 4054 1916 4121 modo,
1950 4056 2123 4126 expli-

515 4149 722 4203 carem,
747 4147 860 4192 tum
890 4139 1031 4209 quod
1056 4140 1108 4194 in
1141 4155 1202 4195 ea
1231 4155 1292 4196 re
1315 4143 1590 4198 tractanda
1619 4145 1710 4198 alii
1733 4153 1860 4202 ante
1883 4163 1967 4201 me
1994 4163 2124 4219 ope-

515 4242 628 4281 ram
657 4227 948 4300 diligenter
975 4229 1312 4288 collocarunt
1333 4249 1505 4289 suam.
1523 4233 1811 4307 Reliquum
1835 4239 1994 4310 igitur
2015 4253 2118 4312 est,

516 4327 578 4374 ut
601 4321 877 4378 videamus
907 4337 1006 4380 cur
1035 4323 1318 4382 formulam
1351 4326 1520 4393 illam,
1569 4345 1730 4401 quam
1762 4334 1906 4387 velut
1935 4334 2124 4389 catho-

517 4409 674 4466 licam
701 4417 1024 4484 probaverat
1049 4415 1287 4476 Hilarius
1327 4421 1378 4476 in
1419 4422 1558 4478 libro
1588 4423 1652 4480 de
1679 4424 1934 4498 Synodis,
1965 4429 2122 4500 perﬁ-

517 4502 619 4556 dia:
644 4505 852 4561 Arianae
889 4509 1006 4565 loco
1038 4511 1287 4568 habuerit
1334 4514 1385 4567 in
1420 4511 1777 4586 Fragmentis.
1823 4517 1954 4575 Nam
1995 4536 2119 4578 cum

2241 1919 2308 1960 eo
2345 1905 2398 1959 in
2447 1914 2646 1960 textum
2686 1905 2882 1961 deinde
2930 1907 3210 1960 translata.
3257 1905 3458 1961 Natalis
3503 1904 3777 1972 Alexander,

2242 2006 2352 2050 tum
2387 1996 2522 2050 hanc
2556 1995 2769 2051 Baronii
2791 1995 3102 2068 opinionem
3153 1998 3368 2066 probat,
3402 2007 3508 2052 tum
3535 1998 3676 2052 aliam
3713 2011 3780 2050 rs-

2240 2089 2441 2144 tionem
2465 2089 2633 2156 addit,
2664 2088 3020 2146 Sirmiensem
3050 2090 3263 2145 scilicet
3286 2089 3538 2145 ecthesim
3561 2102 3664 2157 quas
3688 2093 3793 2142 rer-'

2240 2181 2323 2237 bis
2353 2189 2508 2237 tenus
2533 2181 2799 2238 catholica
2831 2193 2934 2248 est,
2966 2185 3226 2256 spectatis
3255 2193 3430 2240 tamen
3461 2184 3570 2254 ejus
3589 2183 3778 2239 auctori-

2240 2278 2342 2333 bus
2367 2292 2666 2350 eorumque
2700 2279 2962 2344 consiliis,
2987 2279 3260 2351 perﬁdiam
3287 2278 3479 2333 merito
3521 2277 3582 2333 ab
3621 2275 3779 2331 Hilario

2239 2369 2462 2437 dictam;
2493 2371 2637 2442 quod
2690 2371 2852 2427 etiam
2891 2371 3244 2427 Tillemonlio
3295 2372 3510 2445 placuit.
3553 2371 3651 2442 Ego
3681 2381 3779 2424 vero

2238 2477 2345 2517 non
2380 2463 2562 2529 video,
2590 2479 2688 2519 cur
2710 2466 2953 2533 spectatis
2973 2465 3271 2520 auctoribus
3291 2479 3353 2520 ea
3382 2463 3509 2519 fides
3536 2464 3585 2518 in
3607 2461 3779 2518 Liberis

2238 2556 2458 2628 perﬁdia
2487 2556 2656 2611 videri
2702 2557 2926 2624 debeat;
2957 2572 3078 2612 cum
3110 2573 3244 2613 vero
3278 2557 3345 2612 ad
3376 2556 3657 2614 Gallicanos
3693 2555 3780 2626 epi-

2237 2663 2430 2720 scopos
2458 2651 2705 2716 mittitur,
2742 2651 2954 2707 sincera
2997 2661 3050 2706 et
3086 2650 3357 2707 catholica
3404 2652 3494 2717 sit,
3527 2659 3668 2720 atque
3705 2661 3778 2701 cur

2239 2742 2325 2797 illa
2356 2758 2476 2797 eum
2509 2743 2818 2813 pontificem
2843 2744 3299 2806 subsoribentem,
3327 2745 3604 2800 hereticus»
3635 2742 3778 2797 effice

2237 2849 2296 2890 re
2321 2835 2524 2889 Hilario
2553 2837 2805 2906 potuerit,
2834 2853 3021 2892 eorum
3052 2851 3214 2903 vero,
3239 2837 3306 2893 ad
3343 2853 3477 2908 quos
3502 2835 3775 2898 inittebslur,

2237 2928 2470 2992 tidei,ac
2518 2931 2762 2999 religioni
2808 2945 3006 2986 nocere
3051 2945 3156 2985 non
3208 2941 3414 3001 posset.
3459 2932 3631 2987 Petrus
3655 2929 3779 2999 igitur

2234 3020 2584 3076 Constantius
2607 3022 2958 3078 Sirmiensem
2979 3037 3096 3077 eam
3122 3024 3517 3094 expositionem
3545 3023 3608 3077 sb
3627 3020 3778 3076 eodem

2236 3115 2437 3171 Hilario
2464 3131 2754 3187 numquam
2802 3129 2865 3170 ex
2894 3117 3076 3170 animo
3108 3118 3394 3186 probatam
3425 3116 3580 3172 fuisse
3605 3112 3777 3174 asserit,

2149 3209 2194 3273 C
2230 3209 2520 3279 siquidem,
2553 3209 2810 3280 quidquid
2840 3221 3025 3279 prceter
3057 3211 3214 3280 [idem
3246 3223 3402 3267 unam
3426 3211 3674 3267 Niemnsm
3696 3216 3776 3270 est,

2230 3304 2482 3374 perﬁdiae,
2508 3320 2608 3357 non
2636 3303 2760 3374 ﬁdei
2789 3304 2909 3358 loco
2957 3311 3278 3360 constanter
3305 3306 3588 3371 habuerat;
3616 3317 3707 3375 quo
3730 3315 3780 3356 ex

2229 3397 2405 3463 capite
2434 3393 2692 3450 Hilarium
2728 3397 2902 3465 ipsum
2946 3403 3058 3450 tum
3089 3398 3158 3450 ab
3207 3397 3564 3453 inconstantia
3609 3400 3776 3466 purgat,

2231 3494 2341 3540 tum
2366 3487 2649 3542 anathema
2685 3487 2898 3542 Liberio
2920 3487 3106 3544 dicere
3128 3489 3272 3545 haud
3304 3491 3565 3545 immerito
3586 3487 3781 3558 potuisse

2232 3585 2381 3647 putat
2406 3579 2514 3649 (e):
2547 3589 2602 3632 at
2625 3593 2692 3634 eo
2724 3581 2841 3649 ipso
2869 3579 3027 3648 libro,
3058 3597 3122 3636 ex
3155 3597 3267 3653 quo
3294 3583 3377 3638 vir
3398 3583 3582 3639 doctus
3604 3595 3657 3636 ea
3690 3595 3780 3631 wr-

2232 3674 2296 3726 ba
2330 3673 2379 3725 in
2405 3687 2519 3726 rem
2570 3687 2718 3728 suam
2753 3675 3046 3741 transtulit,
3084 3677 3501 3742 Antiochenam,
3555 3673 3781 3741 Philippa-

2229 3765 2543 3834 politanam,
2568 3776 2622 3821 et
2647 3765 3000 3823 Sirmiensem
3034 3768 3192 3823 fidem
3227 3771 3424 3826 iterum
3456 3769 3624 3826 laudat
3654 3766 3764 3821 idem

2234 3857 2470 3916 Hilarius
2503 3861 2602 3932 (f);
2634 3865 2708 3917 ait
2737 3863 2881 3919 enim
2911 3882 2924 3918 :
2958 3864 3190 3920 Damnas
3228 3883 3432 3939 quoque
3456 3873 3506 3922 et
3531 3861 3782 3920 substantia

2228 3969 2432 4019 nomen,
2458 3971 2559 4026 quo
2591 3967 2636 4011 te
2663 3967 2708 4010 et
2734 3957 3036 4012 Sardicensi
3061 3962 3283 4032 synodo,
3307 3971 3355 4016 et
3383 3957 3778 4028 Sirmiensimitm

2225 4059 2336 4100 esse
2362 4045 2771 4104 Occidentalibus
2801 4053 3146 4119 mentiebaris,
3168 4055 3309 4124 quod
3340 4061 3507 4109 tamen
3534 4047 3782 4126 propitiati-‘0

2227 4141 2528 4196 auctoritate
2571 4154 2860 4217 susceptum
2901 4146 3026 4216 ﬁdei
3076 4149 3470 4222 intelligentiam
3516 4145 3776 4202 continebat.

2225 4233 2378 4300 Quod
2401 4235 2444 4289 si
2469 4250 2562 4290 eas
2587 4235 2731 4306 ipsas
2763 4237 2999 4294 Hilarius
3030 4241 3222 4296 eodem
3257 4242 3382 4297 loco
3411 4241 3548 4296 haud
3594 4238 3779 4292 omnino

2226 4329 2456 4397 probare
2501 4329 2737 4402 alioquin
2771 4334 2920 4387 visus
2937 4341 3042 4400 est,
3071 4333 3124 4389 id
3155 4347 3215 4390 se
3249 4335 3434 4391 facere
3461 4334 3643 4396 innuit,
3682 4328 3778 4399 qui!

2226 4419 2355 4474 nihil
2386 4420 2450 4474 iis
2477 4429 2594 4476 erat
2611 4437 2746 4493 opus
2771 4431 2898 4494 post
2918 4423 3188 4479 Nicasnam
3214 4425 3402 4492 fidem;
3435 4440 3553 4483 nam
3577 4422 3666 4479 etsi
3690 4417 3780 4474 nul-

2225 4513 2334 4568 lum
2366 4514 2417 4568 in
2451 4515 2514 4568 iis
2541 4516 2727 4570 vitium
2764 4525 3045 4588 agnoscat,
3075 4517 3267 4574 aberat
3295 4527 3475 4575 tamen
3520 4531 3662 4571 causa
3685 4511 3779 4565 reli-

516 4596 755 4664 episcOpi
785 4597 1312 4668 aliquotGermanire
1345 4606 1535 4674 prima:
1562 4617 1616 4663 et
1662 4611 1912 4666 secundae
1939 4613 2006 4668 ab
2051 4629 2117 4670 eo
2145 4613 2199 4675 1)
2222 4611 2398 4682 gloste,
2429 4617 2487 4664 ut
2517 4609 2609 4665 ille
2635 4611 2729 4674 ait,
2760 4610 3057 4680 voluntatis,
3083 4612 3352 4683 siquidem
3377 4613 3619 4668 bonorum
3638 4609 3780 4660 demti-

516 4699 842 4755 qumrerent,
867 4691 992 4761 quid
1025 4692 1312 4750 Orientales
1335 4697 1388 4750 in
1425 4698 1548 4766 fidei
1585 4703 1992 4771 professionibus
2031 4713 2120 4760 aut

519 4779 811 4850 gessissent,
844 4795 934 4836 aut
959 4795 1210 4855 gererent,
1245 4797 1609 4860 rogaremque
1645 4791 1817 4860 illum,
1842 4803 1898 4848 ut
1927 4799 2124 4853 rescri-

519 4873 672 4929 beret
691 4917 705 4939 ,
732 4875 860 4945 quid
894 4877 1008 4948 ipse
1035 4895 1188 4951 super
1227 4882 1461 4936 omnibus
1491 4900 1666 4938 eorum
1695 4885 1843 4941 dictis
1885 4891 2114 4960 sentiret,

513 4978 634 5037 post
665 4967 905 5023 laudatas
937 4971 1297 5042 probatusque
1328 4975 1719 5032 Antiochenam
1753 4977 2013 5036 ecthesim
2058 4984 2111 5038 in

514 5059 810 5128 Encaaniis,
852 5078 915 5118 ac
943 5061 1510 5137 Philippopolitanam,
1539 5085 1698 5139 quam
1727 5071 2110 5133 Sardicensem

512 5169 582 5211 ex
613 5149 968 5212 Orientalium
1000 5173 1094 5214 ore
1116 5169 1293 5225 vocat,
1320 5177 1441 5216 cum
1491 5163 1689 5220 deinde
1731 5165 1799 5222 de
1824 5167 2110 5228 Sirmiensl

511 5250 700 5303 contra
748 5249 1035 5306 Pbot‘mum
1065 5249 1193 5318 agit.
1225 5255 1400 5324 primo
1421 5255 1663 5325 ejusdem
1718 5261 2111 5320 anathematis—

513 5347 602 5396 mo
649 5343 814 5398 allato
841 5343 936 5419 (c),
967 5345 1046 5401 sic”
1069 5345 1185 5402 ait:
1233 5345 1363 5414 Quis
1403 5349 1487 5405 hic
1535 5349 1888 5428 ambiguitatis
1937 5357 2104 5430 locus,

602 5523 657 5597 a)
697 5527 774 5582 De
796 5528 986 5599 synod.
1020 5545 1170 5586 num.
1204 5532 1294 5589 97.

601 5598 654 5651 bl
697 5599 814 5651 Lib.
849 5615 888 5651 ι.
925 5615 1043 5651 can-
1076 5602 1168 5651 96.

601 5602 654 5666 b)
698 5602 814 5651 Lib.
849 5615 888 5664 ι,
925 5615 1043 5670 cap.
1076 5602 1168 5658 26.

531 5602 1347 5764 Lichfo'fuffﬁtqttildicuttt,
1385 5671 1455 5764 de'
1483 5675 1640 5736 nullis
1661 5685 1974 5764 scitantibus
2001 5681 2098 5764 ρετ

503 5738 733 5826 [iustoci
774 5738 842 5826 de
864 5738 1366 5826 faltera'substantia,
1398 5761 1575 5826 etnon
1617 5767 1682 5808 ex
1707 5738 1844 5820 Deo;
1885 5738 1930 5811 et
1955 5738 2098 5826 alia

499 5820 608 5872 mu
632 5819 829 5882 tempus
858 5811 937 5866 vel
962 5815 1227 5890 “nulum,
1253 5811 1460 5900 Quando
1487 5841 1587 5884 non
1628 5836 1753 5897 erat,
1781 5811 1983 5892 alienos
2001 5811 2097 5895 soil

2223 4705 2367 4771 tatio,
2397 4705 2522 4759 mali
2555 4703 2816 4759 meditatio
2838 4715 2932 4774 est,
2956 4715 3129 4761 etnon
3168 4709 3461 4762 necessaria
3512 4700 3774 4760 emendatio,

2220 4799 2562 4872 perversitatis
2591 4799 2793 4853 occasio
2814 4809 2908 4854 est.
2938 4801 3005 4854 At
3033 4816 3184 4866 vero,
3207 4815 3275 4855 an
3301 4801 3373 4855 ob
3396 4814 3514 4856 eam
3542 4793 3778 4852 dumtaxat

2221 4907 2461 4959 causam,
2493 4889 2769 4948 Liberium
2792 4902 3083 4964 apostatam
3100 4935 3113 4960 ,
3137 4896 3590 4965 praevaricatorem
3607 4889 3774 4946 dicere.

2219 5001 2280 5040 ac
2313 4985 2440 5039 diris
2475 4988 2730 5040 exsecrari
2779 4987 2902 5058 jure
2943 4987 3180 5058 potuerit
3217 4988 3459 5044 Hilarius
3485 5029 3499 5055 ,
3550 4997 3693 5041 nemo
3734 4983 3779 5032 ul

2217 5077 2431 5147 Opinor,
2457 5077 2610 5135 facile
2639 5080 2990 5135 concesserit.

2291 5171 2572 5243 Equidem,
2618 5183 2673 5228 ut
2704 5174 2879 5229 dicam
2913 5184 3098 5246 aperte
3127 5175 3272 5246 quod
3301 5176 3502 5242 sentio,
3527 5185 3627 5228 non
3645 5165 3778 5224 video

2214 5281 2311 5322 cur
2342 5265 2626 5322 Hilariana:
2656 5269 2992 5324 auatoritatis
3020 5275 3167 5324 tanta
3203 5271 3381 5341 (absit
3408 5269 3600 5326 invidia
3625 5259 3776 5328 dicto)

2213 5359 2268 5417 in
2299 5363 2398 5418 hoc
2450 5377 2558 5434 quo
2588 5377 2710 5420 sese
2758 5361 2999 5434 explicat
3051 5363 3171 5422 loco
3222 5367 3371 5424 ratio
3421 5361 3654 5422 httbends
3695 5357 3770 5412 sil-

2205 5555 2385 5603 sancta
2407 5555 2455 5600 et
2490 5548 2744 5603 catholica
2773 5549 3024 5607 Ecclesia.

2276 5620 2358 5762 id}
2402 5620 2474 5672 De
2502 5619 2635 5690 Syn.
2667 5638 2720 5676 η.
2745 5622 2837 5678 39.
2897 5694 2910 5706 ι

2301 5705 2326 5741 e
2393 5685 2512 5744 Vid.
2544 5693 2727 5748 adnot.
2764 5694 2830 5748 ad
2875 5693 2910 5749 li

2202 5773 2237 5815 η
2276 5685 2352 5816 (ἓ)
2393 5685 2512 5744 Vid.
2544 5685 2727 5748 adnot.
2764 5694 2830 5748 ad
2875 5692 2968 5749 lib.
3009 5695 3172 5766 epist.-
3203 5695 3283 5762 xt,
3310 5693 3366 5752 et
3405 5694 3476 5751 ad
3509 5693 3686 5767 tergm.
3720 5686 3766 5753 ϐυ

2271 5829 2340 5913 (f)
2383 5829 2502 5896 Viti,
2534 5846 2710 5898 contr.
2740 5831 2958 5908 Consi”
3002 5853 3056 5895 n.
3097 5838 3188 5911 2'5,
3217 5838 3311 5912 94,
3340 5837 3433 5898 35.
