3878 6346
78 287 185 343 309

1455 291 1993 353 PROLEGOMENA.

3277 302 3382 359 310

76 402 250 460 Nemo
299 406 551 475 profecto
599 411 879 481 negaverit
917 409 1044 479 quin
1092 409 1406 480 fragmentis
1450 408 1557 467 illis
1614 410 1682 467 ad
1711 416 1758 476 Α
1789 422 1904 468 tuto
1944 414 2096 484 sequi
2122 430 2280 485 posse
2301 420 2662 487 existimaret,
2692 418 2900 491 optimo
2922 432 3056 475 sane
3093 417 3322 475 consilio
3350 432 3382 473 a

80 507 332 566 posteros
356 503 734 569 transmissis,
764 518 1013 573 magnum
1061 502 1317 560 Ecclesiae
1369 502 1683 560 thesaurum

77 591 406 660 servaverit,
437 608 505 649 ac
535 597 778 665 ingentes
829 604 1107 666 propterea
1148 597 1275 666 quitt
1308 596 1383 652 illi
1424 594 1685 652 habenda:

78 687 185 739 sint
226 695 435 755 grates.
485 690 561 744 At
609 705 730 745 cum
781 690 834 745 in
878 690 942 745 iis
975 689 1306 745 collocandis
1362 689 1540 745 nullus
1593 698 1686 744 aut

77 778 213 835 ordo
261 783 538 849 temporis
576 790 669 836 aut
719 798 899 839 rerum
945 791 1196 839 servatus
1243 782 1420 847 fuerit,
1453 798 1574 837 cum
1621 792 1685 838 ea

78 886 197 940 qua:
227 872 409 941 primo
430 873 557 929 loco
583 876 832 945 ponenda
859 884 1013 930 erant
1040 886 1368 939 extremum,
1421 891 1541 945 quae
1592 890 1687 930 ex-

80 974 253 1017 tremo
285 966 535 1033 priorem
557 976 840 1037 occupent,
867 965 1151 1039 farraginis
1177 984 1304 1023 casu
1346 969 1523 1037 potius
1552 982 1685 1022 con-

83 1064 247 1127 gesta:
292 1071 462 1127 quam
492 1059 627 1128 justi
667 1060 849 1131 operis
875 1076 1071 1115 nomen
1119 1076 1147 1114 a
1189 1060 1319 1114 viris
1349 1060 1520 1115 doctis
1543 1059 1686 1115 obti-

84 1157 229 1202 nent.
264 1150 400 1215 Quis
423 1152 589 1221 igitur
612 1163 791 1207 certos
826 1168 925 1207 nos
952 1152 1109 1207 faciat
1158 1167 1224 1206 an
1273 1152 1398 1206 liber
1424 1151 1488 1206 de
1517 1151 1688 1222 Syno-

84 1243 161 1296 dis
195 1241 344 1311 prior
368 1252 618 1314 tempore
645 1244 714 1299 sit
742 1245 1040 1319 fragmento
1070 1247 1185 1315 illo,
1220 1247 1270 1300 in
1300 1261 1405 1316 quo
1435 1244 1501 1300 de
1523 1244 1687 1303 Libe-

83 1337 146 1391 rii
168 1336 320 1407 lapsu
350 1340 556 1408 agitur,
584 1353 652 1393 an
694 1355 822 1395 vero
870 1341 1158 1410 posterior,
1195 1348 1254 1394 ut
1286 1337 1410 1394 hinc
1444 1339 1690 1410 judicare

86 1433 373 1502 possimus,
395 1445 605 1500 utrum,
632 1448 753 1489 cum
785 1450 906 1491 eum
940 1435 1136 1491 librum
1154 1435 1436 1497 scriberet.
1470 1450 1498 1489 a
1516 1433 1691 1506 preci-

91 1525 176 1594 piti
204 1525 297 1579 illo
324 1526 594 1582 adversus
622 1527 896 1583 Liberium
916 1528 1120 1599 judicio
1151 1544 1212 1585 re
1240 1528 1431 1585 melius
1458 1542 1523 1582 ac
1563 1526 1688 1583 dili-

90 1619 292 1690 geutius
322 1620 545 1691 cognita
566 1620 898 1685 discesserit,
933 1622 1140 1677 necne?

156 1711 381 1768 Confusa
426 1714 627 1770 deinde
674 1730 853 1770 rerum
885 1717 1190 1785 congeries,
1239 1731 1302 1769 ac
1348 1724 1689 1771 monstruosa

98 1818 171 1864 est
196 1809 305 1893 ejus
326 1812 517 1880 operis
553 1809 738 1876 facies,
765 1819 822 1864 ut
859 1809 971 1879 jam
1007 1810 1325 1880 praemonui.
1358 1809 1414 1864 ld
1464 1809 1688 1865 minime
1718 1815 1766 1875 B
1791 1845 1818 1895 ε
1851 1846 1869 1895 Ι

103 1914 245 1973 negat
267 1903 524 1958 Nicolaus
568 1902 765 1972 Faber,
798 1904 888 1975 qui
945 1904 1151 1974 primus
1176 1903 1227 1957 in
1267 1900 1438 1958 inecm
1480 1904 1682 1968 emisit,

102 2010 161 2050 ac
202 1996 248 2050 in
298 2011 356 2051 ea
409 1997 771 2067 expolienda,
822 2013 885 2052 ac
940 1998 1177 2052 obducto
1226 1997 1460 2066 quodam
1518 1994 1685 2051 veluti

100 2088 214 2142 fuco
234 2090 552 2156 occulenda,
583 2099 690 2145 tota
715 2100 966 2147 versatur
996 2091 1246 2161 prtefatio
1274 2092 1375 2146 viri
1405 2091 1551 2146 docti
1582 2090 1678 2146 Pe-

97 2181 158 2236 tri
185 2181 505 2237 Constantii.
538 2183 700 2238 Multa
728 2191 1001 2253 postremo
1030 2183 1081 2237 in
1108 2184 1173 2239 iis
1196 2193 1347 2249 sunt,
1388 2199 1509 2253 quae
1540 2181 1691 2238 festi-

96 2286 274 2331 nanter
295 2285 519 2332 exarata
571 2285 872 2333 extremam
912 2292 1152 2343 manum,
1178 2285 1234 2331 et
1275 2276 1520 2332 criticum
1545 2275 1690 2346 judi-

94 2375 223 2428 cium
248 2373 566 2431 desiderare
605 2374 910 2429 videantur.
942 2374 1067 2431 Haec
1111 2374 1273 2444 igitur
1302 2373 1458 2429 facile
1493 2388 1580 2428 me
1608 2373 1688 2428 in-

96 2470 285 2523 ducunt
326 2477 385 2523 ut
435 2468 683 2534 credam,
710 2483 773 2524 ea
814 2482 935 2539 qua:
986 2483 1127 2523 nunc
1174 2466 1512 2537 possidemus
1545 2466 1687 2536 frag-

99 2573 289 2628 menta,
352 2562 618 2616 Hilarium
647 2562 788 2615 inter
815 2562 1118 2629 reiectanea,
1140 2568 1303 2630 atque
1334 2574 1365 2615 a
1406 2575 1465 2615 se
1490 2561 1692 2630 impro-

99 2657 209 2712 bata
235 2658 512 2723 habuisse,
543 2672 771 2728 eamque
804 2666 1062 2728 prteterea
1094 2662 1254 2711 unam
1282 2671 1403 2712 esse
1448 2670 1688 2723 causam,

98 2750 624 2821 curimprecationes
646 2751 767 2806 illas
808 2766 950 2806 nunc
980 2750 1228 2821 legimus,
1262 2765 1543 2805 erasurum
1576 2765 1693 2821 pro-

101 2843 376 2910 culdubio,
395 2858 458 2898 ac
488 2842 593 2898 alia
620 2846 841 2899 omnino
869 2844 1217 2913 scripturum,
1250 2844 1294 2897 si
1325 2844 1561 2899 futurum
1596 2860 1693 2915 pu-

104 2946 275 3003 lasset,
302 2946 364 2993 ut
410 2953 473 2993 ea
507 2954 601 3008 per
651 2952 842 2993 manus
895 2937 977 2992 ire
1022 2936 1313 3008 aliquando
1346 2946 1589 3007 pOSsent,
1631 2951 1693 2992 ac

104 3032 265 3102 palam
323 3032 488 3087 fieri:
533 3048 707 3103 neque
758 3031 902 3088 enim
950 3032 1186 3102 aliquam
1211 3032 1371 3086 aliam
1427 3033 1691 3087 rationem

104 3126 266 3193 video,
298 3143 398 3198 qua
429 3126 583 3182 illum
617 3127 753 3182 tueri
781 3126 1020 3197 alioquin
1051 3124 1350 3196 possimus,
1382 3140 1504 3180 cum
1536 3124 1604 3180 de
1627 3140 1692 3181 eo

107 3223 368 3291 pontiﬁce,
393 3222 620 3291 quitum
661 3229 785 3276 ante
816 3221 1047 3291 lapsum.
1080 3230 1189 3275 tum
1209 3218 1467 3289 deinceps
1502 3221 1690 3286 etiam,
1720 3202 1764 3264 (ἶ

108 3332 286 3387 magno
310 3317 495 3371 animo
540 3316 698 3371 fidem
742 3326 1066 3382 asseruerat,
1099 3324 1260 3385 atque
1281 3315 1331 3369 in
1378 3313 1531 3384 lapsu
1572 3314 1692 3385 ipso

111 3408 313 3463 minime
342 3408 653 3463 deseruisse
682 3406 855 3462 videri
891 3417 1122 3478 poterat,
1163 3406 1278 3461 hac
1301 3405 1519 3477 indigne
1554 3406 1692 3461 scri-

114 3510 189 3572 pta
226 3501 523 3572 reliquerit.

176 3597 238 3651 At
266 3596 389 3667 quid
420 3595 492 3652 de
516 3594 867 3665 Hieronymo,
892 3595 1044 3665 cujus
1065 3593 1227 3650 etiam
1251 3592 1511 3649 adversus
1539 3592 1698 3649 Libe-

115 3688 237 3743 rium
283 3689 595 3745 testimonia
646 3689 825 3743 aﬂ'erri
901 3689 1116 3744 solent?
1155 3687 1296 3745 Sane
1336 3686 1390 3741 in
1436 3687 1699 3742 Vaticano

118 3784 301 3852 regina:
354 3782 653 3839 Succorum
701 3780 958 3837 Chronici
1020 3780 1425 3853 llieronymiani
1474 3778 1696 3848 Codice,

119 3890 259 3943 quem
297 3874 612 3931 llolstenius
661 3875 981 3929 admirandae
1030 3875 1290 3929 uetustatis
1329 3874 1586 3945 appellat,
1638 3890 1702 3931 ac

122 3964 211 4018 viri
230 3964 365 4021 docti
394 3980 448 4019 vr
474 3974 564 4019 aut
596 3980 669 4019 vtt
725 3966 928 4021 szcculo
968 3970 1229 4036 scriptum
1263 3972 1473 4036 putant,
1503 3966 1570 4022 de
1614 3966 1705 4022 Li-

122 4057 244 4114 berii
262 4061 432 4129 lapsu,
451 4072 520 4115 ne
539 4060 825 4130 vestigium
839 4060 1054 4129 quidem
1082 4066 1319 4126 esstare,
1336 4074 1434 4115 nos
1448 4060 1707 4115 admonet

126 4154 197 4209 vir
222 4156 349 4211 clar.
390 4154 479 4210 Fr.
514 4154 750 4210 Thomas
767 4153 1094 4209 Mamachius
1121 4153 1503 4209 Casanateusis
1552 4154 1708 4210 theo-

129 4248 283 4319 logus,
329 4259 487 4320 atque
518 4249 644 4304 hinc
677 4249 899 4320 conjicit
942 4248 1337 4304 recentioribus
1378 4249 1705 4319 exemplari-

132 4340 218 4396 bus
238 4342 480 4412 adjuncta
504 4358 645 4409 esse,
672 4342 876 4413 quaead
899 4341 1144 4396 eamdem
1170 4356 1284 4395 rem
1310 4341 1581 4410 pertinent
1602 4339 1707 4413 (α).

132 4435 191 4493 Ut
243 4452 302 4493 ea
353 4453 480 4494 vero
533 4437 661 4492 mihi
707 4439 869 4494 etiam
917 4445 1165 4505 suSpecta
1208 4436 1337 4497 sint,
1389 4433 1518 4489 facit
1571 4451 1712 4506 prm-

135 4539 263 4587 terea
293 4531 423 4587 alter
454 4530 801 4601 Hieronymi,
842 4539 1005 4599 atque
1036 4528 1162 4583 huic
1208 4542 1511 4597 repugnans
1559 4526 1711 4582 locus

1786 514 1935 560 certa
1959 506 2281 576 proferenda
2312 514 2579 568 sententia
2605 510 2866 568 abstinuit
2900 510 2997 584 (ο).

1860 589 2009 647 Unus
2036 602 2181 649 esset
2224 594 2434 663 adhuc,
2476 597 2565 667 qui
2599 598 2865 655 adversus
2893 596 3168 654 Liberium
3200 594 3384 653 afferri

1787 683 1945 749 solet,
1987 700 2053 741 ex
2085 687 2350 757 scriptore
2392 690 2639 759 prooemii
2670 689 2735 745 ad
2788 706 2974 761 preces
3002 689 3302 746 Marcellini
3332 686 3388 744 et

1788 776 2031 832 Faustini
2064 778 2215 834 locus
2248 779 2348 850 (ά).
2381 783 2448 835 At
2478 781 2630 836 illum
2665 792 2930 852 praetereo
2951 825 2967 849 ,
2998 791 3109 839 tum
3133 781 3275 854 quod
3300 783 3386 837 in-

1787 876 1995 924 certum
2026 880 2105 926 est
2131 914 2144 938 ,
2173 872 2298 942 quid
2330 875 2562 942 perﬁdia:
2589 891 2722 930 voce
2764 878 2995 947 scriptor
3037 877 3130 933 ille
3176 877 3387 933 intelle-

1788 964 1963 1029 xerit,
2013 973 2123 1018 tum
2154 965 2296 1036 quod
2343 966 2460 1037 ejus
2512 976 2771 1037 praeterea
2824 968 3163 1025 mendacium
3216 970 3390 1024 mani-

1790 1057 1982 1112 festum
2011 1068 2095 1114 est
2126 1077 2139 1113 :
2176 1075 2296 1115 nam
2321 1062 2363 1115 si
2385 1058 2731 1116 Constantius
2750 1061 2972 1117 Romam
3000 1064 3145 1119 venit
3168 1063 3389 1118 ineunte

1791 1152 1961 1217 Maio,
1994 1154 2037 1207 si
2068 1152 2301 1209 Felicem
2332 1171 2362 1209 a
2390 1172 2448 1210 se
2472 1157 2736 1211 iutrusum
2770 1171 2867 1226 pro
2897 1156 3150 1228 episcopo
3180 1157 3387 1221 habuit,

1790 1244 1834 1299 si
1862 1244 1934 1299 illi
1959 1246 2121 1300 veluti
2153 1246 2410 1317 episcopo
2441 1247 2613 1317 legem
2650 1248 2738 1315 ll,
2758 1248 2820 1304 C.
2850 1248 2885 1303 5
2911 1249 2977 1304 tle
3007 1249 3209 1318 Episc.,
3247 1264 3389 1304 anno

1792 1339 1882 1395 illo
1910 1339 2014 1395 357
2037 1350 2288 1405 exeunte,
2316 1342 2611 1410 inscripsit,
2639 1341 2684 1397 si
2714 1342 2957 1397 Liberius
2980 1353 3105 1397 tunc
3128 1342 3390 1413 temporis

1792 1447 1893 1487 nec
1923 1449 2105 1487 manus
2151 1434 2383 1503 perﬁdia?
2412 1434 2674 1497 dederat.
2727 1445 2781 1490 et
2811 1434 2879 1490 de
2927 1450 3021 1489 sua
3070 1435 3389 1505 deponenda

1792 1525 2092 1581 constantia
2127 1542 2191 1580 ne
2222 1527 2491 1597 cogitabat
2528 1526 2780 1597 quidem,
2814 1528 2905 1599 qtti
2952 1527 3065 1583 fieri
3097 1537 3302 1605 potest,
3334 1524 3394 1584 ut

1793 1618 1990 1687 populo
2036 1633 2193 1673 suum
2243 1619 2550 1689 reposcenti
2592 1620 2904 1691 episcOpum
2952 1620 3245 1688 imperator
3300 1620 3391 1676 ille

1794 1709 2168 1781 responderit:
2203 1708 2417 1765 Habetis
2443 1710 2724 1777 Liberium,
2756 1713 2843 1783 qui
2874 1712 3054 1766 melior
3080 1709 3392 1766 revertetur!

1791 1845 1818 1909 §
1851 1845 1933 1895 IX.
1959 1874 2020 1883 ——
2044 1846 2226 1896 Liberii
2256 1848 2303 1897 in
2332 1846 2517 1897 Urbem
2540 1848 2734 1899 reditus
2755 1849 3069 1911 describitur,
3113 1854 3165 1898 et
3188 1860 3394 1911 narraug

1851 1918 2061 1979 tur_quzp
2082 1910 2240 1979 illunt_
2241 1919 2503 1979 consecuta
2548 1921 2677 1979 sunt.
2719 1913 3006 1979 ‘A_nouytnus
3041 1909 3308 1979 adnotator
3331 1909 3393 1959 ad

1852 1970 2177 2043 defensionem
2198 1971 2593 2043 gropositionmn
2608 1975 2731 2043 cleri
2748 1970 2986 2043 Gallicini
3005 1973 3226 2033 alfertur,
3242 1981 3297 2043 et
3312 1986 3394 2022 re-

1845 2036 2036 2095 jicuur:
2059 2036 2176 2084 Acta
2196 2036 2395 2086 Eusebii
2421 2038 2695 2096 presbyteri
2724 2046 2775 2086 et
2793 2039 3017 2096 martyris
3039 2038 3355 2087 eommeutita
3379 2051 3391 2086 :

1851 2097 1944 2163 sub
1970 2110 2031 2146 eo
2056 2100 2250 2163 nomine
2293 2112 2389 2148 non
2429 2097 2699 2149 Eusebium
2738 2097 3098 2163 presbyierum,
3125 2098 3215 2150 sed
3239 2097 3397 2150 Euse-

1850 2159 1983 2208 bium
2005 2172 2173 2223 papam
2194 2160 2369 2212 latere.

1864 2289 1990 2345 Haec
2012 2288 2170 2346 habui
2189 2333 2203 2355 ,
2233 2307 2353 2360 qua!
2380 2290 2449 2347 de
2489 2292 2656 2362 gestis
2678 2291 2877 2348 Liberii
2910 2292 3111 2348 exsulis
3136 2334 3152 2361 ,
3182 2292 3298 2349 sive
3328 2308 3397 2348 ex

1793 2383 2030 2439 indubiis
2057 2394 2300 2440 veterum
2334 2385 2698 2442 monumentis
2723 2427 2738 2453 ,
2771 2385 2885 2441 sive
2921 2401 2987 2441 ex
3020 2384 3397 2455 probabilibus

1792 2479 2115 2549 coniecturis
2143 2486 2361 2549 accepta
2385 2478 2701 2535 scriberem.
2730 2477 2795 2534 At
2819 2478 2885 2532 ab
2908 2477 3017 2533 illis
3043 2493 3143 2549 ego
3172 2476 3398 2534 minime

1792 2571 2089 2643 separanda
2121 2581 2280 2642 puto,
2330 2587 2451 2643 quae
2477 2572 2595 2642 ejus
2623 2571 2689 2625 ad
2721 2571 2907 2625 urbem
2949 2578 3239 2624 consecuta
3270 2576 3400 2625 sunt

1795 2667 2072 2745 reditum;
2126 2676 2253 2721 sunt
2297 2666 2443 2721 enim
2496 2667 2610 2719 lucc
2656 2663 2823 2720 veluti
2853 2662 3097 2735 quaedam
3151 2661 3397 2733 ejusdem

1794 2760 1969 2815 exsilii
1998 2774 2122 2830 pars
2151 2767 2207 2814 et
2226 2758 2481 2815 accessio
2522 2777 2537 2815 :
2573 2769 2735 2828 atque
2761 2755 2862 2811 hoc
2890 2772 2956 2811 eo
2984 2755 3146 2810 etiam
3176 2754 3313 2809 facio
3339 2754 3403 2808 li-

1798 2851 2031 2915 bentius,
2067 2850 2211 2920 quod
2243 2850 2309 2905 iis
2348 2849 2641 2905 abutantur
2680 2846 2956 2915 nonnulli,
2984 2857 3046 2902 ut
3074 2863 3196 2903 eum
3220 2846 3402 2919 ponti-

1798 2944 1950 2999 ﬁcem
1999 2944 2194 2999 nedum
2244 2944 2557 2999 haereticum
2586 2986 2601 3011 ,
2644 2959 2832 2998 verum
2864 2944 3025 2998 etiam
3069 2942 3400 2999 acerrimum

1797 3035 2199 3091 Catholicorum
2234 3046 2637 3104 persecutorem
2672 3036 2835 3092 fuisse
2866 3035 3123 3106 probent;
3153 3043 3302 3113 tanta
3335 3033 3401 3089 iis

1800 3128 1938 3184 inest
1958 3129 2231 3183 Romanos
2256 3129 2536 3199 pontifices
2564 3129 2898 3197 deprimendi
2924 3127 3191 3196 voluptas.
3220 3124 3404 3181 Rediit

1801 3221 1981 3293 itaque
2013 3221 2260 3277 Liberius
2305 3220 2369 3275 ad
2404 3222 2602 3277 Urbem
2625 3263 2641 3289 ,
2671 3208 2960 3276 Anastasio
3007 3224 3164 3286 teste,
3219 3233 3275 3273 tv
3306 3215 3403 3272 ka-

1801 3314 1989 3370 lendas
2007 3313 2234 3385 Augusti
2256 3329 2398 3367 anno
2420 3313 2544 3378 558,
2572 3313 2732 3369 tertio
2760 3312 2986 3380 scilicet,
3016 3328 3083 3367 ex
3106 3326 3213 3382 quo
3238 3296 3403 3365 exsul

1803 3405 2006 3471 fuerat,
2056 3414 2114 3460 ut
2166 3407 2511 3462 communior
2559 3408 2721 3462 etiam
2775 3403 3231 3477 chronologorum
3276 3417 3403 3459 sen-

1744 3550 1747 3555 .
1803 3497 1966 3554 tentia
1996 3497 2215 3564 statuit,
2249 3513 2312 3552 ac
2338 3513 2406 3553 ex
2444 3513 2657 3564 rerum,
2688 3513 2822 3568 quas
2852 3498 3188 3552 narravimus
3212 3538 3227 3563 ,
3259 3494 3403 3551 serie

1802 3603 2037 3650 Constat.
2065 3595 2315 3649 Socrates
2338 3610 2400 3650 ac
2424 3592 2757 3649 Sozomenus
2783 3592 2853 3666 (ε)
2873 3634 2887 3660 ,
2913 3601 2973 3647 ut
2993 3591 3246 3659 vidimus,
3274 3584 3405 3646 tunc

1804 3698 1952 3743 ortas
1979 3689 2029 3742 in
2056 3688 2187 3743 urbe
2218 3689 2511 3743 seditiones
2540 3688 2722 3753 aiunt,
2754 3695 2810 3740 at
2837 3684 2969 3740 nihil
2994 3684 3044 3739 in
3078 3684 3261 3755 specie
3288 3698 3405 3738 me-

1807 3790 2039 3836 morant.
2090 3780 2398 3851 Hieronymi
2444 3778 2748 3834 Chronicon
2791 3776 3074 3833 Liberium
3114 3776 3259 3848 quasi
3300 3768 3406 3829 vic-

1808 3886 1967 3930 torem
1996 3874 2222 3930 Romam
2256 3873 2557 3945 ingressum
2583 3872 2797 3940 scribit,
2826 3888 2890 3927 ac
2919 3871 3121 3943 ejeetos
3145 3886 3265 3925 cum
3296 3854 3408 3925 Fe-

1809 3970 1910 4025 lice
1933 4013 1948 4037 ,
1979 3970 2069 4040 qui
2101 3968 2422 4025 subsututus
2452 3966 2525 4023 illi
2560 3966 2767 4033 fuerat,
2818 3966 2978 4023 Urbis
3018 3966 3244 4022 clericos
3267 4007 3282 4031 ,
3314 3964 3407 4035 qui

1812 4079 1911 4135 pro
1953 4062 2131 4118 Felice
2169 4062 2403 4117 stabant.
2451 4060 2701 4132 Aliquam
2731 4069 2907 4115 tamen
2961 4060 3038 4115 rei
3086 4068 3214 4113 tunc
3238 4065 3407 4127 gestae

1813 4157 2103 4227 imaginem
2155 4164 2508 4225 repraesentat
2550 4164 2739 4209 auctor
2784 4151 3117 4225 praefationis
3164 4151 3230 4206 ad
3264 4148 3408 4205 Mar-

1813 4249 1996 4305 cellini
2024 4259 2077 4304 et
2105 4248 2346 4304 Faustini
2378 4263 2565 4320 preces
2612 4247 2728 4303 hcce
2757 4246 3004 4302 scribens
3033 4264 3045 4298 :
3070 4242 3247 4300 Tertio
3271 4260 3410 4299 anno

1814 4343 1947 4399 redit
1978 4342 2212 4397 Liberius
2237 4383 2253 4409 ,
2304 4343 2386 4395 cui
2418 4341 2628 4395 obviam
2653 4358 2767 4395 cum
2796 4336 2987 4412 gaudio
3031 4338 3254 4410 populus
3300 4336 3414 4391 Ilo-

1815 4452 1998 4490 manus
2040 4436 2210 4489 exiuit.
2246 4432 2402 4489 Felix
2441 4442 2647 4488 notatus
2677 4453 2709 4490 a
2736 4443 2913 4489 senatu
2940 4476 2954 4500 ,
2992 4432 3076 4489 uel
3111 4429 3305 4508 papula
3351 4430 3416 4488 de

1824 4526 1961 4582 Urbe
2003 4524 2350 4597 prapellitur;
2395 4535 2443 4582 et
2483 4536 2595 4597 post
2645 4527 2861 4598 paulum
2902 4528 3143 4600 temporis
3184 4526 3418 4596 impulsu

137 4638 195 4677 ex
221 4623 347 4678 libro
368 4623 435 4678 de
465 4623 833 4693 Scriptoribus
856 4621 1275 4677 Ecclesiasticis.
1311 4617 1445 4674 Natu
1477 4621 1522 4675 si
1553 4618 1710 4675 Libe-
1740 4602 1792 4662 Β
1817 4623 2143 4689 clericorum,
2173 4626 2259 4694 qui
2290 4626 2677 4699 perjuraverant
2697 4666 2709 4689 ,
2741 4623 2984 4692 irrumpit
3013 4622 3065 4677 in
3110 4618 3300 4679 Urbem
3322 4663 3337 4685 ,
3370 4631 3419 4677 et

140 4719 238 4772 rius
266 4735 355 4788 pro
380 4720 481 4790 ﬁde
500 4720 566 4773 ad
587 4720 821 4774 exsilium
853 4733 1091 4790 pergens,
1121 4733 1152 4770 a
1182 4714 1561 4770 Fortunatiano
1603 4715 1715 4782 [ra-

144 4816 257 4878 ctus’,
288 4820 333 4866 et
351 4816 418 4866 ad
439 4811 862 4882 subscriptionem
894 4810 1141 4865 hwreseos
1180 4810 1472 4880 compulsus
1500 4818 1572 4861 est
1614 4804 1713 4875 (b),

145 4917 228 4957 cur
256 4905 391 4959 illum
416 4916 576 4961 antea
607 4922 711 4959 tton
749 4906 857 4973 jam
876 4903 942 4957 ad
974 4901 1221 4958 exsilium
1248 4912 1584 4972 pergentem,
1626 4901 1716 4954 sed

148 4998 278 5052 twdia
305 5000 483 5056 victum
522 5000 691 5055 exsilii
722 4999 775 5054 in
792 4999 1030 5053 Iueretica
1072 4998 1321 5069 pravitate
1359 4995 1719 5066 subscripsisse

149 5106 367 5149 asserere
398 5093 595 5164 potuit?
636 5093 768 5148 Hinc
794 5092 983 5147 saltem
1015 5090 1194 5161 colligi
1216 5091 1336 5159 jure
1366 5098 1563 5159 potest,
1598 5088 1723 5143 llic—

152 5198 407 5259 ronymum
436 5191 608 5261 ipsum
652 5187 790 5243 haud
820 5204 885 5243 ex
917 5192 1212 5255 compertis
1243 5202 1269 5237 a
1294 5200 1353 5239 se.
1379 5182 1541 5238 rebus
1563 5224 1576 5247 ,
1628 5182 1723 5237 sed

154 5294 209 5333 ex
237 5279 361 5337 falso
384 5286 555 5352 potius
589 5298 651 5337 ac
679 5282 804 5337 olim
830 5281 1043 5351 vulgato
1073 5292 1294 5333 rumore
1336 5277 1448 5330 haec
1478 5274 1729 5344 scripsis—

156 5381 223 5435 se,
252 5387 396 5440 quam
429 5388 558 5429 sane
587 5375 849 5428 incertam
881 5371 1079 5426 fatuam
1108 5384 1227 5424 cum
1250 5366 1472 5423 Rufinus
1494 5381 1552 5420 se
1584 5363 1727 5421 haud

226 5537 292 5679 ⁸3
315 5540 391 5664 ge
568 5548 827 5608 tempor.,
856 5535 1125 5591 Athenas.
1150 5536 1309 5605 epist.
1340 5534 1391 5600 4,
1431 5530 1459 5603 §
1490 5530 1583 5586 25.

360 5628 445 5679 ap.
549 5652 560 5663 .

228 5608 291 5679 (lt)
315 5608 445 5679 Cap.
474 5613 560 5667 97.

228 5684 288 5819 pi
314 5681 428 5735 Lib.
459 5699 506 5743 ι,
540 5697 660 5751 cap.
693 5681 783 5734 ‘27.

253 5750 299 5819 tl)
332 5750 455 5806 Post
484 5753 609 5806 duos
631 5768 783 5806 anno:

253 5750 299 5820 tl)
332 5750 455 5806 Post
484 5747 793 5806 duos-annos
816 5750 951 5803 venit
988 5747 1203 5802 Romam
1230 5765 1247 5813 ;
1281 5748 1615 5820 proiLiberioi
1653 5764 1738 5820 ro-

168 5819 298 5893 gatur
338 5840 371 5875 a
400 5825 583 5899 populo
604 5840 621 5893 ;
646 5824 735 5901 qui
768 5838 887 5877 mox
916 5836 1149 5886 annuens
1196 5821 1306 5878 ait:
1344 5819 1561 5881 Habetis
1591 5819 1741 5883 Libe-

1818 4717 2091 4771 statiouem
2120 4718 2173 4770 in
2198 4715 2328 4771 Julii
2367 4716 2592 4773 Basilica
2633 4728 2773 4772 trans
2809 4712 3034 4771 Tiberim
3072 4716 3195 4769 dare
3227 4730 3422 4784 prtesu-

1819 4810 1944 4875 mit,
1972 4826 2119 4873 quent
2163 4798 2329 4863 omnis
2356 4810 2637 4864 multitudo
2683 4811 2954 4879 ﬁdelium,
3001 4819 3047 4863 et
3093 4823 3326 4876 proceres
3358 4805 3422 4860 de

1827 4904 1964 4961 Urbe
1992 4906 2176 4958 iterum
2206 4920 2323 4957 cum
2367 4920 2553 4973 magno
2596 4902 2838 4957 dedecore
2862 4903 3204 4974 projecerunt.
3257 4895 3417 4951 Ratio

1824 4996 2005 5066 itaque
2033 5011 2129 5050 cur
2160 4994 2410 5050 Libet-ius
2451 4994 2817 5048 Romanorum
2867 4992 3040 5057 ulnis,
3069 5005 3187 5044 cum
3222 4986 3423 5054 rediit,

1826 5090 2187 5160 exciperetur,
2220 5105 2283 5143 ac
2306 5086 2453 5142 Felix
2483 5085 2803 5156 ejiceretur,
2831 5100 2970 5137 ttnus
3002 5082 3098 5135 fuit
3122 5093 3275 5135 amor
3303 5093 3425 5149 gre-

1827 5182 1910 5252 gis
1943 5197 2068 5250 erga
2103 5188 2374 5251 pastorem
2424 5195 2579 5234 suum
2604 5221 2616 5244 ,
2664 5177 2820 5245 cujds
2866 5183 3059 5245 praeter
3086 5166 3428 5228 Christianos

1831 5274 2124 5345 scriptores
2146 5273 2418 5341 egregium
2445 5270 2494 5323 in
2518 5268 2804 5324 Ammiano
2826 5273 3198 5335 argumentum
3225 5258 3429 5331 exstat,

1833 5366 1940 5421 alio
1969 5368 2085 5421 loco
2113 5380 2142 5420 a
2172 5381 2257 5419 me.
2290 5364 2607 5435 productum
2636 5360 2724 5435 (Γ).
2767 5358 2878 5413 lloc
2910 5371 3036 5412 vero
3059 5355 3429 5412 teStintouium

1837 5534 1993 5593 rium,
2026 5532 2111 5602 qui
2139 5532 2306 5599 qualis
2350 5547 2381 5584 (ι
2424 5529 2563 5584 vobis
2605 5528 2864 5602 profectus
2905 5533 3015 5589 est,
3044 5520 3223 5575 melior
3267 5538 3437 5602 rever-

1840 5615 1991 5659 tetur.
2023 5594 2326 5657 Hoc'autem
2355 5602 2417 5655 de
2441 5594 2844 5667 consensu'ejus,
2871 5610 2972 5665 quo
2998 5609 3180 5647 manus
3204 5594 3439 5663 perﬁdia

1837 5677 2070 5737 dederat,
2102 5675 2377 5727 indicabat.

1913 5746 1984 5816 (e)
2020 5735 2173 5802 Socr.
2207 5745 2301 5797 lib.
2335 5760 2398 5809 tt,
2432 5756 2552 5810 cap.
2586 5738 2676 5801 57;
2709 5735 2928 5793 Sozom.
2963 5736 3059 5793 lib.
3090 5750 3168 5804 ιν,
3194 5748 3245 5793 c.
3277 5735 3362 5792 15.

1913 5815 1982 5889 (Ι)
2016 5816 2136 5872 Vid.
2168 5829 2279 5888 cap.
2319 5815 2343 5875 1
