3950 6330
435 240 538 298 311

1654 227 1969 288 SANCTUS
2009 227 2335 288 DAMASUS
2376 229 2575 288 PAPA.

3596 234 3687 293 319.

437 373 505 416 eo
526 359 794 432 gravioris
823 357 1084 416 momenti
1115 364 1227 420 est,
1259 352 1404 427 quod
1435 350 1678 422 ejusdem
1705 345 2040 426 prmfa‘tionis
2067 350 2120 410 Α
2144 347 2470 420 detorquere
2540 349 2879 418 studuerint,
2932 360 3095 425 atque
3142 351 3300 423 httjus
3343 355 3688 426 persecutionis

439 463 628 512 auctor
667 453 943 511 Liberium
989 461 1266 525 postremo
1293 465 1504 505 manum
1547 445 1781 519 perﬁdia:
1827 442 2042 500 dedisse

441 549 639 606 asserit
671 566 684 604 :
719 550 846 605 hinc
885 549 1028 606 enim
1076 547 1368 617 intelligis.
1413 543 1736 600 maledicum
1768 540 2041 595 hominem

445 641 606 697 aliam
660 642 862 697 nullam
917 640 1177 696 habuisse
1228 639 1348 711 ejus
1402 636 1674 706 pontificis
1702 630 2045 705 vituperandi

445 723 691 792 causam.

518 827 590 882 At
618 828 660 881 si
692 827 982 883 Anastasio
1021 826 1326 892 auscultas,
1353 824 1583 894 aliisque
1611 818 1917 883 nonnullis,
1944 816 2047 871 alia

449 921 671 978 omnino
698 936 880 976 rerum
905 920 1091 976 facies.
1123 920 1310 990 Neque
1331 921 1475 973 enim
1501 917 1592 972 ille
1615 914 1816 971 Urbem
1840 909 2049 981 ingredi

447 1030 615 1072 ausus
641 1023 754 1081 est,
785 1030 906 1070 cmn
945 1015 1014 1069 ah
1043 1013 1236 1070 exsilio
1263 1011 1432 1068 redux
1466 1019 1639 1075 esset,
1677 1007 1766 1062 sed
1807 1003 2051 1059 habitauit

447 1109 503 1163 in
550 1109 859 1163 monasterio
891 1117 1085 1163 sancta:
1126 1106 1337 1177 Agnetis
1382 1103 1524 1174 apud
1575 1116 1872 1174 germanam
1917 1097 2054 1152 Con-

449 1203 628 1258 stantii
647 1243 662 1266 ,
691 1212 747 1256 ut
775 1203 924 1270 quasi
953 1218 1043 1270 per
1069 1201 1179 1269 ejus
1208 1196 1657 1258 interventioncm,
1682 1205 1770 1247 aut
1795 1201 2052 1263 rogatum,

448 1295 638 1351 rediret
667 1296 721 1349 in
751 1295 1027 1350 civitatem.
1065 1293 1118 1348 Id
1162 1302 1342 1346 autem
1381 1305 1503 1346 cum
1533 1288 1676 1344 idem
1705 1272 2055 1343 Constantius

452 1389 799 1453 rescitisset,
847 1389 948 1442 init
989 1402 1110 1443 cum
1145 1385 1371 1442 UrSacio
1414 1393 1471 1440 et
1502 1381 1726 1438 Valente
1751 1422 1767 1448 ,
1795 1378 2057 1435 Romanis

451 1481 790 1553 presbyteris
817 1523 831 1547 ,
879 1481 1109 1552 aliisque
1137 1479 1355 1536 Arionis
1404 1476 1688 1532 consilium
1710 1519 1725 1540 ,
1761 1489 1826 1530 ex
1865 1487 2054 1528 eorum

456 1575 723 1629 sententia
759 1572 1032 1628 Liberium
1071 1588 1100 1627 a
1131 1571 1450 1628 cmmeterio
1486 1577 1687 1624 sancta:
1719 1567 1942 1638 Agnetis
1972 1581 2059 1622 rc-

453 1674 642 1731 vocat,
676 1665 972 1736 imperator
1017 1680 1119 1718 una
1151 1679 1272 1718 cum
1319 1662 1570 1734 pontiﬁce
1616 1662 1843 1716 Romam
1874 1659 2058 1729 ingre-

2146 440 2370 513 vestigia
2399 441 2452 497 in
2482 442 2570 509 iis,
2599 458 2720 514 quae
2749 443 3036 500 retulimus
3056 487 3072 508 .
3099 443 3379 526 Sozomeni
3397 489 3413 514 ,
3443 461 3500 503 ac
3523 446 3690 524 Hiero-

2148 537 2294 610 nymi
2324 536 2575 593 Cltroniei
2607 539 2816 606 verbis,
2850 541 3279 611 deprehendisse
3320 542 3418 598 sibi
3443 542 3534 598 visi
3572 544 3689 611 sint,

2147 630 2272 684 audi
2298 645 2624 704 anonymum
2649 631 3026 691 adnotatorem
3052 635 3117 689 ad
3142 635 3504 692 defensionem
3529 651 3696 707 propo-

2150 723 2407 780 sitionum
2449 724 2714 781 Gallicani
2765 726 2945 784 cleri:
2992 728 3144 796 Quod
3173 739 3364 799 spectat
3413 731 3475 783 ad
3502 747 3698 802 persecu-

2153 817 2340 872 tionem
2365 860 2381 884 ,
2412 829 2754 892 praeterquam
2779 820 2917 890 quod
2943 821 3064 875 huic
3089 831 3267 894 aperta
3308 823 3574 876 testimonia
3607 839 3700 895 per-

2153 909 2390 964 hibentur
2410 911 2462 964 in
2484 912 2638 982 gestis
2662 912 3045 982 pontiﬁcalibus
3079 910 3273 968 Felicis
3298 923 3346 969 et
3374 913 3550 968 Liberii
3573 955 3586 978 ,
3614 915 3700 970 So-

2151 1019 2395 1059 zomenus
2415 1021 2616 1075 quoque
2640 1004 2844 1061 Liberio
2865 1023 2987 1062 suos
3009 1023 3170 1076 usque
3191 1008 3320 1062 adeo
3339 1008 3557 1062 addictos
3576 1009 3706 1080 fuisse

2155 1097 2363 1164 scribit,
2391 1107 2445 1151 ut
2475 1099 2586 1169 ejus
2611 1116 2768 1153 causa
2797 1101 3155 1170 gravissimam
3179 1099 3473 1156 sedilium
3495 1101 3707 1156 excitave-

2154 1191 2295 1258 rint,
2327 1200 2377 1246 et
2397 1192 2464 1246 ad
2510 1193 2674 1248 credes
2723 1209 2884 1263 usque
2929 1195 3309 1265 proruperint:
3334 1196 3421 1248 sed
3464 1193 3708 1248 clarissime

2157 1285 2388 1340 omnium
2415 1284 2768 1358 Hieronymus
2789 1327 2804 1351 ,
2834 1286 2949 1340 ideo
2986 1302 3100 1340 cum
3131 1283 3309 1339 Felice
3337 1288 3513 1358 ejectos
3533 1285 3709 1340 clericos

2158 1389 2438 1443 memorat,
2472 1379 2608 1450 quod
2639 1377 2874 1434 Liberius
2901 1379 3056 1433 twdia
3083 1377 3248 1432 victus
3274 1377 3437 1434 exsilii
3461 1419 3474 1440 ,
3495 1378 3607 1432 etin
3625 1376 3710 1432 lue-

2158 1474 2369 1528 reticam
2409 1474 2714 1543 prauitatem
2755 1471 3108 1537 subscribens,
3157 1471 3376 1526 Romam
3413 1470 3547 1539 quasi
3582 1471 3710 1524 victor

2158 1568 2369 1623 intravit
2406 1585 2425 1624 :
2451 1568 2633 1635 quibus
2673 1568 2726 1622 in
2756 1568 2923 1622 verbis
2961 1577 3217 1640 apparet,
3257 1577 3520 1637 utrumque
3555 1566 3712 1635 pariter

2153 1666 2422 1737 junctum,
2446 1662 2500 1715 id
2523 1673 2598 1717 est
2627 1661 2750 1732 fidei
2783 1663 3128 1734 negationent,
3157 1677 3311 1732 quam
3333 1661 3564 1729 importat
3583 1658 3713 1713 luere-

454 1757 601 1813 ditur
627 1797 641 1819 ,
675 1758 870 1813 iterum
904 1758 1020 1831 ipsa
1050 1756 1180 1810 hora
1220 1757 1450 1811 Arianos
1499 1755 1620 1810 illos
1661 1753 1971 1818 consultat,
2005 1759 2059 1806 ct
2088 1743 2136 1803 B
2163 1756 2276 1809 tica:
2313 1755 2580 1826 pravitatis
2625 1754 2965 1825 subscriptio,
3013 1765 3057 1808 et
3105 1755 3408 1819 victoriam,
3455 1753 3612 1820 utique
3634 1769 3714 1806 non

455 1850 694 1906 Felicem
719 1893 733 1916 ,
765 1852 853 1920 qui
886 1850 1185 1906 catholicus
1221 1859 1368 1918 erat,
1412 1865 1477 1904 ex
1524 1849 1840 1919 episcopatu
1888 1845 2054 1916 ejicit.

458 1944 538 1999 Ab
569 1960 630 1998 eo
659 1961 776 1999 vero
807 1943 892 1998 die
919 1945 1018 2015 fuit
1047 1945 1333 2015 persecutio
1357 1945 1410 1998 in
1434 1943 1562 1997 urbe
1587 1942 1750 1996 Roma
1791 1943 1845 1994 in
1882 1942 2020 1995 clero
2039 1981 2056 2008 ,

457 2036 532 2090 ita
558 2047 615 2090 ut
644 2037 782 2090 intra
811 2037 1079 2092 ecclesiam
1106 2036 1419 2108 presbyteri,
1452 2045 1498 2090 et
1527 2035 1704 2090 clerici
1735 2043 2057 2088 necarentur.

460 2130 571 2185 Hos
596 2130 738 2185 inter
765 2130 896 2186 Acta
927 2145 958 2185 a
979 2130 1289 2186 Mombritio
1318 2129 1574 2200 primum,
1599 2143 1664 2182 ac
1683 2126 1882 2182 deinde
1903 2141 1932 2180 a
1959 2125 2062 2180 Ba-

459 2221 602 2276 luzio
629 2223 840 2278 auctius
871 2223 1014 2278 edita
1048 2221 1326 2278 Eusebium
1350 2222 1700 2294 presbyterum
1727 2228 2058 2285 numerant,

457 2331 618 2386 quem
650 2331 680 2370 a
711 2315 1030 2372 Constantio
1058 2324 1116 2372 et
1143 2315 1362 2372 Liberio
1407 2317 1796 2388 interrogatum
1823 2357 1837 2381 ,
1866 2329 2062 2384 magno

459 2409 642 2463 animo
673 2409 836 2466 ﬁdem
865 2409 1175 2466 confessum
1200 2417 1473 2472 statuunt,
1515 2423 1578 2466 ac
1606 2409 1824 2465 demum
1857 2408 2062 2462 utrius-

459 2515 565 2570 que
607 2503 763 2571 jussu
795 2502 991 2574 exiguo
1022 2501 1279 2558 cubiculo
1311 2495 1580 2558 inclusum
1601 2546 1616 2570 ,
1659 2517 1724 2558 ac
1752 2515 1849 2572 pro
1872 2500 2062 2556 eadem

461 2593 571 2650 ﬁde
599 2605 873 2650 mortuum
896 2603 1171 2651 asserunt.

533 2685 692 2755 Quod
719 2689 765 2744 si
793 2687 967 2754 dicas,
1000 2688 1388 2758 imperatorem
1419 2687 1562 2746 bello
1609 2703 1706 2758 per
1750 2687 2025 2760 Illyricum
2047 2729 2062 2755 ,

461 2789 520 2836 et
570 2782 1027 2851 disput'itionibus
1075 2783 1401 2839 Arianorum
1459 2781 1643 2838 Sirmii
1701 2790 2062 2852 occupatum,

463 2889 589 2930 cmn
636 2873 886 2930 Liberius
917 2875 1106 2931 urbem
1145 2875 1426 2944 ingressus
1453 2881 1566 2938 est,
1599 2881 1761 2946 atque
1805 2875 1920 2929 haec
1959 2872 2068 2928 Ro-

465 2983 574 3024 mae
621 2970 948 3040 agebantur,
983 2970 1175 3026 adesse
1219 2984 1328 3025 non
1361 2970 1637 3040 potuisse,
1666 2968 1790 3023 audi
1833 2984 1935 3039 qua
1982 2983 2068 3024 ra-

463 3061 612 3119 tione
636 3063 672 3118 ii
705 3063 795 3134 qui
823 3067 956 3119 Acta
995 3063 1084 3118 illa
1117 3072 1370 3130 tuentur,
1398 3077 1613 3118 omnem
1643 3062 1737 3118 tibi
1769 3061 2066 3117 dubitatio-

2160 1850 2272 1904 sine
2298 1850 2344 1903 vi
2369 1891 2382 1913 ,
2415 1858 2465 1904 et
2506 1866 2682 1922 pugna
2709 1847 2918 1919 aliqua,
2961 1865 3079 1903 cum
3118 1848 3324 1904 tumulis
3347 1890 3362 1913 ,
3393 1849 3476 1918 qui
3503 1864 3582 1914 per
3598 1847 3715 1902 illam

2162 1943 2428 1996 victoriam
2456 1943 2602 2009 ejecti
2631 1942 2898 1996 dicuntur.
2937 1939 3006 1996 Et
3033 1940 3144 1996 lucc
3175 1953 3248 1995 est
3272 1939 3338 2014 (ο
3379 1939 3598 2010 lepidum
3642 1953 3713 1992 ca-

2166 2035 2307 2106 put!)
2327 2036 2612 2108 persecutio
2636 2035 2914 2106 peculiaris
2929 2035 3040 2090 urbi
3066 2033 3267 2098 Roma,
3296 2050 3448 2106 quam
3469 2032 3719 2087 describunt

2163 2130 2293 2186 Acta
2333 2127 2634 2184 Eusebii....
2679 2127 2748 2182 Et
2771 2127 2915 2182 illam
2944 2127 3152 2199 quidem
3177 2127 3394 2182 localem
3423 2125 3613 2196 urbique
3637 2122 3721 2177 Ro-

2164 2238 2264 2277 mae
2285 2223 2554 2294 prepr-iam
2587 2224 2715 2276 Acta
2743 2231 2920 2276 nostra
2945 2237 3173 2276 cessasse
3198 2221 3376 2275 volunt
3400 2221 3500 2274 sive
3520 2228 3617 2291 post
3635 2213 3723 2271 Eu-

2165 2317 2290 2372 sebii
2318 2326 2553 2383 mortem,
2586 2317 2710 2381 sive,
2737 2317 2875 2386 quod
2905 2317 3069 2388 magis
3097 2316 3258 2370 series
3289 2315 3608 2378 demonstrat,
3633 2323 3724 2384 post

2164 2408 2422 2481 synodum
2445 2451 2460 2476 ,
2497 2418 2704 2464 auctore
2731 2407 2959 2464 Damaso
2981 2449 2996 2475 ,
3022 2408 3106 2477 qui
3148 2417 3333 2479 postea
3359 2407 3578 2477 pontifex
3615 2405 3722 2475 fuit,

2166 2503 2220 2558 in
2248 2501 2512 2557 Liberium
2552 2513 2918 2576 congregatum
2946 2544 2960 2569 ,
3002 2512 3049 2558 et
3091 2503 3136 2556 si
3168 2519 3273 2556 non
3300 2501 3368 2556 ad
3397 2501 3599 2555 multum
3626 2509 3726 2552 tent-

2170 2612 2297 2668 pus,
2327 2595 2382 2649 id
2403 2607 2475 2651 est
2502 2595 2570 2650 ad
2599 2598 2788 2651 exitum
2827 2611 2985 2667 usque
3023 2595 3234 2650 concilii
3266 2593 3610 2648 Ariminensis.
3639 2589 3726 2644 Nec

2168 2688 2305 2743 enim
2345 2688 2533 2743 mirum
2555 2697 2628 2744 est
2666 2686 2959 2752 Liberium,
2988 2688 3070 2742 cui
3103 2695 3250 2741 tanta
3279 2685 3560 2740 constantia
3585 2697 3726 2738 omnes

2168 2785 2497 2851 resisterent,
2529 2783 2842 2840 intellexisse
2871 2781 3081 2837 tandem
3109 2781 3247 2834 viam
3275 2797 3308 2834 a
3333 2796 3386 2834 se
3423 2777 3614 2841 insisti,
3638 2789 3727 2844 qua

2168 2895 2252 2934 res
2281 2895 2404 2934 suas
2445 2881 2501 2934 in
2539 2879 2713 2934 odium
2754 2878 3100 2947 invidiamque
3145 2877 3428 2931 maximam
3461 2873 3728 2928 deduceret:

2169 2980 2276 3027 tum
2297 2973 2415 3028 alia:
2434 2971 2653 3027 subinde
2678 2987 2850 3026 causa:
2871 2971 3204 3026 intervenisse
3221 2969 3475 3024 videntur.
3495 2965 3606 3020 lam
3623 2963 3729 3018 enim

2171 3065 2374 3120 omissis
2418 3066 2587 3138 printa
2635 3074 2683 3120 et
2730 3065 2894 3120 altera
2940 3063 3166 3137 formula
3215 3063 3520 3128 Sirmiensi,
3549 3071 3730 3131 quorum

463 3169 588 3210 nem
629 3155 885 3226 eripiant.
916 3155 1087 3212 Aiunt
1126 3156 1292 3228 igitur
1312 3197 1327 3223 ,
1373 3170 1436 3211 ea
1476 3156 1556 3212 sic
1584 3155 1928 3224 intelligenda
1959 3169 2066 3209 non
2095 3143 2142 3208 C
2171 3161 2409 3216 alterutri
2438 3160 2673 3216 Liberius
2699 3161 3078 3232 subscripserat
3103 3169 3150 3215 et
3179 3142 3428 3216 hactenus
3459 3159 3520 3213 ab
3539 3155 3730 3211 omnibus

463 3259 608 3311 esse,
641 3261 705 3302 ac
747 3247 792 3302 si
841 3245 1190 3302 Constantius
1224 3249 1410 3302 Romae
1455 3261 1696 3317 praesens
1724 3245 1924 3311 fuerit,
1969 3245 2065 3301 sed

465 3339 586 3405 ejus
614 3339 734 3394 loco
768 3339 890 3394 data
920 3340 989 3395 ab
1015 3354 1082 3396 eo
1110 3340 1382 3404 mandata,
1417 3353 1481 3395 ac
1519 3354 1618 3412 per
1649 3337 1962 3395 veredarios
1987 3338 2068 3392 al-

463 3428 573 3486 lata
595 3471 612 3498 ,
640 3431 814 3502 accipi
847 3447 876 3486 a
908 3442 958 3486 te
985 3441 1261 3503 oportere.
1307 3431 1398 3489 Sic
1424 3433 1568 3488 enim
1602 3431 1658 3487 ni
1695 3430 1920 3498 feceris,
1953 3440 2063 3487 tum

464 3527 781 3594 Anastasii,
822 3535 934 3582 tum
985 3531 1285 3594 Actorum,
1315 3543 1436 3598 qua:
1477 3527 1752 3583 Liberium
1813 3525 2064 3582 haeresim

461 3629 650 3690 aperte
695 3619 1042 3690 professum,
1093 3637 1156 3676 ac
1188 3632 1450 3691 praeterea
1480 3621 1532 3676 in
1577 3619 1887 3677 Catholicos
1915 3635 2068 3676 acer-

462 3714 602 3768 rime
625 3712 940 3770 szevientem
985 3714 1253 3784 produnt,
1283 3714 1420 3770 ﬁdes
1455 3715 1698 3785 perierit.
1731 3713 1877 3769 Nihil
1919 3714 2063 3769 enim

462 3804 737 3876 proderit,
793 3805 841 3860 si
890 3805 1087 3862 deinde
1131 3806 1368 3870 dixeris,
1401 3822 1522 3878 quae
1549 3805 1814 3872 Orosius,
1853 3805 2066 3862 Eusebii

463 3898 876 3970 consanguineus
899 3939 915 3963 ,
944 3897 1138 3953 sodalis
1159 3940 1176 3967 ,
1215 3909 1262 3952 et
1293 3899 1528 3953 oculatus
1559 3901 1698 3953 testis
1727 3900 1860 3954 Acta
1890 3900 2063 3970 scrip-

465 4001 652 4057 serat,
687 4007 793 4046 non
845 3991 961 4062 ipsa
1009 3993 1099 4048 illa
1143 4006 1267 4048 esse
1290 4033 1306 4057 ,
1336 4008 1457 4063 quae
1493 4007 1634 4048 nunc
1664 3993 1894 4062 legimus
1923 3994 2062 4065 apud

463 4082 831 4140 Mombritium
859 4095 913 4141 et
931 4085 1232 4152 Baluzium,
1263 4085 1360 4142 sed
1385 4087 1704 4158 interpolata
1723 4087 2064 4158 sequior-ibus

461 4176 698 4243 sarculis,
726 4187 782 4233 et
807 4179 1084 4234 immutata
1115 4178 1182 4233 ad
1211 4193 1310 4234 nos
1353 4178 1686 4250 pervenisse.
1714 4178 1871 4234 Enim
1893 4194 2058 4247 vero,

460 4271 506 4326 si
533 4273 654 4343 quis
679 4273 782 4329 hoc
808 4273 1122 4346 negaverit,
1157 4273 1354 4344 ntjure
1377 4282 1587 4346 potest,
1615 4289 1680 4330 ac
1709 4274 1923 4342 merito,
1955 4289 2062 4346 quo

460 4375 805 4435 argumento,
832 4381 940 4438 quo
962 4367 1169 4438 judicio
1190 4367 1524 4423 contrarium
1548 4368 1773 4424 vinces?

534 4458 705 4515 Pudet
737 4477 823 4516 me
850 4463 902 4516 in
935 4461 1018 4516 his
1043 4461 1357 4518 refellendis
1385 4463 1692 4534 quisquiliis
1719 4461 1924 4518 diutius
1955 4464 2058 4518 im-

2170 3255 2422 3310 subscribi
2463 3258 2724 3325 voluerat,
2776 3257 2925 3310 tertia
2965 3256 3022 3310 in
3059 3271 3189 3309 nova
3238 3254 3454 3326 Synado
3501 3248 3731 3310 Sirmiensi

2172 3349 2494 3420 parabatur,
2525 3360 2735 3423 propter
2780 3350 2884 3404 acti
2931 3347 3337 3420 disputationem
3387 3347 3450 3401 de
3491 3340 3732 3418 majoribus

2171 3443 2405 3497 conciliis
2428 3441 2652 3500 Arimini
2682 3443 2738 3497 in
2777 3441 3088 3508 Occidente,
3117 3451 3166 3496 et
3199 3440 3458 3496 Seleucia:
3486 3440 3537 3492 in
3563 3435 3734 3492 Oriente

2171 3538 2490 3592 celebrandis
2535 3537 2866 3610 agitabantur
2911 3537 3160 3604 consilia,
3208 3551 3430 3607 quorum
3469 3528 3732 3604 exspectatio

2170 3646 2444 3701 suspensos
2487 3631 2716 3684 omnium
2759 3629 3018 3684 detinebat
3047 3628 3293 3696 animos;
3337 3625 3472 3682 unde
3509 3641 3592 3697 per
3625 3617 3731 3675 illud

2169 3722 2521 3790 intervallum,
2548 3724 2743 3778 incerto
2770 3723 3070 3794 futurorum
3095 3720 3328 3788 Liberio,
3362 3721 3514 3794 facile
3532 3714 3730 3772 Ecclesia

2168 3818 2426 3889 respirare
2457 3818 2642 3889 potuit.
2687 3817 2815 3872 Post
2846 3816 3168 3871 Ariminense
3211 3831 3335 3870 vero
3385 3812 3666 3873 concilium,
3695 3805 3730 3858 si

2165 3909 2378 3966 ‘Socrati
2423 3910 2815 3983 Sozomenoque
2861 3911 3116 3965 credimus
3141 3952 3156 3976 ,
3199 3919 3445 3964 renovata
3485 3916 3551 3962 est
3593 3916 3731 3976 persc-

2169 4007 2306 4060 cutio
2329 4047 2345 4073 ,
2375 4023 2491 4078 qua:
2533 4007 2622 4061 vix
2662 4007 2861 4076 integro
2890 4021 3028 4059 anno
3053 4005 3355 4075 quieverat,
3385 4003 3598 4067 adeoque
3637 4002 3728 4050 acts

2169 4109 2344 4153 nostra
2372 4115 2485 4153 cum
2515 4097 2714 4154 caeteris
2743 4097 3085 4167 scriptoribus
3113 4098 3474 4162 consentiunt,
3509 4107 3591 4147 nec
3622 4085 3730 4142 veri-

2169 4202 2324 4248 tatem
2355 4204 2666 4266 exaggerant
2693 4235 2709 4260 ,
2736 4191 2859 4246 dum
2887 4189 3082 4245 Liberii
3119 4191 3224 4246 sive
3255 4191 3487 4246 Itwresim
3511 4187 3606 4242 sive
3633 4195 3728 4252 per-

2167 4286 2480 4340 secutionem
2507 4285 2821 4340 describunt.

2238 4377 2431 4432 Mirum
2482 4377 2722 4446 profecto
2757 4385 2860 4440 est,
2891 4391 3223 4450 anonymum
3252 4375 3398 4430 hunc
3441 4362 3724 4428 conﬁdentia

2168 4477 2315 4524 tanta
2343 4468 2621 4524 mendacia
2654 4477 2734 4524 tot
2757 4482 3024 4526 consuere
3045 4483 3110 4524 ac
3151 4467 3377 4539 vulgare
3405 4462 3645 4537 potuisse.
3669 4454 3726 4512 Ut

462 4551 664 4605 11³01⁵³1⁸1
692 4569 705 4605 ³
738 4559 794 4606 ει
834 4551 958 4608 hinc
986 4553 1171 4609 Videre
1199 4554 1356 4620 Ιίεθι,
1389 4565 1592 4609 lania"!
1635 4569 1756 4611 esse
1805 4555 2061 4626 Ρνινὶιιάί·
2085 4545 2142 4607 Ῑ)
2165 4562 2308 4617 enim
2339 4570 2537 4617 caitera
2557 4560 2825 4628 omittam,
2861 4561 3042 4634 primo
3073 4561 3265 4617 falsum
3289 4570 3375 4617 est
3399 4555 3644 4632 synodum
3671 4548 3724 4604 il-

459 4649 595 4697 catte
625 4642 898 4713 opinionis
939 4648 1048 4700 vim
1069 4686 1084 4711 ,
1117 4654 1177 4700 ut
1215 4661 1337 4716 quae
1372 4654 1560 4716 aperte
1600 4646 1735 4702 falsa
1764 4657 1927 4715 sunt,
1961 4663 2058 4718 pro

458 4737 605 4792 veris
632 4736 921 4803 obtrudat,
955 4752 1018 4792 ac
1049 4737 1248 4808 putidis
1309 4739 1585 4810 ﬁgmentis
1639 4741 1694 4794 in
1743 4743 1916 4809 pretio
1961 4740 2058 4796 ha-

455 4830 618 4898 bitis,
663 4832 998 4900 gravissima:
1030 4835 1081 4887 in
1122 4833 1268 4888 viros
1307 4843 1566 4899 sanatos,
1609 4842 1666 4888 et
1707 4834 2055 4892 immerentes

451 4925 1107 4994 calumnia-ingerantur.
1149 4924 1288 4980 Hinc
1327 4939 1450 4980 cum
1493 4924 1660 4980 altum
1707 4925 1826 4996 ejus
1871 4942 2056 4998 perse-

452 5017 691 5074 cutionis
734 5015 877 5086 apud
925 5016 1223 5087 scriptores
1270 5033 1462 5092 οηιηεε
1509 5027 1622 5073 tum
1651 5033 1864 5074 cotevos
1890 5061 1904 5085 ,
1942 5029 2052 5075 tum

453 5112 582 5167 huic
610 5111 756 5166 aetati
803 5110 1084 5180 proximos
1106 5152 1122 5176 ,
1152 5111 1425 5166 silentium
1456 5111 1558 5178 sit,
1608 5120 1772 5183 atque
1804 5111 1929 5166 hinc
1957 5112 2055 5184 ﬁg-

447 5214 694 5262 mentum
725 5203 858 5262 illud
887 5203 1226 5273 sequioribus
1255 5204 1469 5260 saeculis
1493 5216 1670 5260 ortum
1701 5205 1884 5262 videas
1904 5248 1918 5272 ,
1951 5207 2053 5261 mi-

446 5301 660 5357 raberis
703 5309 883 5356 tamen
935 5313 1058 5355 esse
1107 5314 1282 5368 nuper
1313 5301 1589 5369 potuisse,
1635 5298 1761 5370 qui,
1807 5309 1864 5355 ut
1905 5300 2048 5372 quod

445 5393 732 5456 volebant,
766 5392 986 5448 efﬁcere
1018 5400 1276 5461 possent,
1307 5393 1498 5448 sordes
1527 5393 1647 5447 illas
1684 5393 2046 5464 collegerint,

446 5496 644 5555 atque,
680 5493 738 5540 ut
776 5485 996 5557 aliquod
1029 5483 1096 5540 iis
1119 5485 1349 5556 pretium
1372 5485 1762 5553 conciliarent,
1789 5487 2046 5558 probatos

2159 4650 2290 4720 iam,
2306 4669 2464 4724 quam
2479 4653 2842 4723 persecutioni
2856 4651 3018 4708 finem
3037 4651 3359 4724 imposuisse
3373 4649 3550 4720 ﬁugita
3568 4645 3726 4700 Dama-

2159 4758 2222 4799 so
2236 4754 2360 4800 tunc
2373 4745 2690 4817 presbytero
2699 4759 2802 4801 con
2810 4755 2996 4801 vocata
3004 4745 3227 4818 m,quod
3248 4756 3307 4801 ut
3320 4746 3488 4802 lector
3501 4743 3513 4796 i
3519 4754 3605 4812 pse
3611 4733 3723 4809 judi-

2160 4847 2267 4904 cet,
2297 4838 2368 4895 do
2388 4849 2633 4896 actorum
2651 4841 2842 4896 verba:
2879 4839 3089 4896 Mortuo
3108 4852 3276 4896 autem
3305 4839 3530 4906 Liberio,
3558 4837 3722 4891 levatur

2160 4931 2528 5002 Damasus,qui
2543 4950 2662 4989 voce
2679 4934 2884 5006 publica
2896 4936 3159 4990 damnavit
3172 4933 3432 4990 Liberium
3449 4946 3556 4986 cum
3565 4926 3721 4998 episco-

2157 5031 2237 5102 pis
2252 5030 2430 5102 viginti
2458 5042 2573 5087 octo
2589 5041 2635 5086 et
2663 5033 2970 5103 presbyteris
2998 5032 3176 5106 viginti
3203 5033 3444 5104 quinque,
3466 5040 3511 5084 et
3539 5020 3720 5081 cessarit

2159 5125 2444 5194 persecutio
2469 5140 2574 5179 non
2595 5135 2759 5180 tamen
2773 5126 3224 5195 multumtempus.
3251 5123 3506 5180 Defensor
3515 5117 3719 5176 Gallica-

2159 5229 2348 5271 uarum
2382 5218 2830 5288 propositionum,
2875 5219 2964 5289 qui
3012 5217 3178 5288 probe
3205 5227 3424 5273 noverat
3451 5210 3715 5270 Liberium.

2157 5316 2214 5362 ut
2237 5307 2311 5363 ait
2342 5309 2453 5378 ille,
2485 5310 2695 5383 pridem
2740 5323 2898 5366 antea
2947 5311 3258 5381 resipuisse,
3290 5327 3360 5366 ne
3403 5309 3485 5364 illa
3525 5317 3635 5376 qua:
3668 5300 3714 5354 in

2154 5413 2266 5455 sure
2313 5405 2599 5458 sententias
2645 5403 2954 5474 praesidium
2985 5403 3212 5458 θός-ουλε
3249 5408 3381 5456 Acta
3419 5399 3634 5458 deserat,
3660 5405 3712 5444 ea

2151 5491 2232 5548 sic
2259 5493 2532 5568 intelligit,
2554 5506 2612 5551 ιιι
2638 5511 2758 5552 eam
2778 5495 3043 5568 synodum
3065 5511 3095 5551 a
3116 5495 3346 5550 Damaso
3374 5502 3495 5548 tunc
3517 5483 3712 5559 presby"

445 5585 698 5632 auctores
727 5577 1072 5648 vexaverint},
1104 5593 1166 5633 ac
1195 5578 1394 5633 invitos
1441 5577 1497 5633 in
1540 5592 1662 5634 eam
1717 5581 2042 5637 sententiam
2149 5591 2268 5642 tero
2286 5600 2634 5644 convocatam
2663 5588 2793 5646 velit
2824 5587 2924 5662 (a).
2953 5586 3134 5659 anue
3159 5587 3321 5645 etiam
3339 5583 3533 5640 fallacia
3560 5575 3708 5632 aduo-

510 5760 586 5834 (ri)
611 5763 735 5820 Par.
764 5764 925 5832 it,lib.
954 5768 1066 5835 xiv,
1094 5768 1216 5840 cap.
1249 5765 1339 5821 54.
