3878 6346
67 279 171 336 515

1432 285 1966 349 PROLEGOMENA.

3233 312 3339 371 514

66 408 205 455 tator
234 397 392 453 utitur
417 414 430 452 :
458 404 511 453 at
542 398 782 456 recitatis
808 400 988 457 verbis
1014 402 1122 458 vim
1154 402 1391 460 inferunt
1417 408 1645 477 apertis-
1671 412 1724 472 Α
1748 410 1853 465 559
1884 427 2032 469 mors
2059 415 2383 475 conferenda
2416 431 2515 476 est.
2545 422 2663 478 Jam
2693 437 2820 480 vero
2848 425 3020 496 vides,
3054 428 3183 500 quid
3218 430 3346 490 hinc

63 493 267 558 simam,
292 491 379 561 qui
408 506 467 546 ea
498 492 575 547 sic
598 493 889 563 explicant.
914 494 1116 552 Deinde
1136 512 1203 551 an
1233 496 1463 553 Damaso
1490 515 1642 570 pres-

66 584 244 656 bytero
285 592 361 638 tot
405 585 689 658 episcopos
732 587 797 642 ad
826 588 1089 660 synodum
1119 592 1453 647 convocandi
1477 594 1564 664 jus
1592 605 1646 651 et

64 678 210 747 copia
239 675 433 731 fuerit?
469 677 676 747 Tertio,
701 697 765 735 an
795 696 879 748 ea,
919 698 1078 752 quam
1109 684 1211 739 sibi
1239 686 1469 756 scriptor
1496 697 1640 743 uter-

64 786 162 841 que
197 768 361 839 fingit,
395 771 709 839 gravissima
746 776 1119 843 persecutione
1145 777 1385 835 fervente
1422 781 1472 835 id
1500 796 1645 836 com-

61 861 261 918 modum
292 871 570 931 pneterea,
594 875 647 919 et
678 864 869 922 facile?
899 868 1103 935 Quarto
1126 870 1382 942 denique,
1409 875 1452 927 si
1480 872 1641 930 Libe-

61 954 168 1010 rius
186 970 213 1007 a
242 952 468 1010 Damaso
490 958 815 1030 presbytero
836 960 1144 1031 damnatus,
1170 979 1232 1018 ac
1255 980 1351 1033 per
1377 966 1639 1038 synodum

63 1046 322 1117 depositus
351 1063 380 1102 a
408 1049 537 1103 sede
568 1049 765 1118 fuerat,
794 1068 890 1108 cur
922 1054 1061 1109 idem
1092 1058 1350 1127 Damasus
1370 1060 1478 1128 jam
1511 1043 1639 1129 pori—

64 1139 180 1196 tifcx
208 1140 545 1198 Ariminense
575 1145 861 1201 concilium
888 1147 959 1203 ob
988 1150 1125 1204 hanc
1151 1152 1485 1220 petissimum
1509 1168 1638 1208 cau-

64 1248 169 1288 sam
200 1232 382 1304 rejicit,
413 1237 556 1307 quod
582 1237 811 1296 Romani
842 1243 1081 1316 episcopi
1112 1247 1377 1301 sententia
1402 1251 1637 1320 expetita

65 1342 162 1382 non
207 1328 411 1384 fuerat?
448 1333 531 1386 An
572 1332 789 1389 Liberio
842 1336 1115 1405 damnato,
1162 1350 1215 1396 et
1260 1340 1526 1413 deposito,
1573 1359 1638 1399 eo

70 1428 184 1475 tunc
224 1422 340 1489 jure
366 1423 438 1477 uti
471 1423 639 1491 licuit,
674 1436 731 1481 ut
758 1428 875 1498 ejus
904 1433 1116 1487 concilii
1146 1432 1358 1489 decreta
1390 1436 1637 1491 modera-

68 1515 237 1567 retur?
266 1514 527 1572 Caeterum
561 1535 625 1574 ex
657 1518 762 1576 hoc
786 1531 1032 1580 actorum
1061 1526 1273 1582 illorum
1306 1529 1424 1584 loco
1454 1530 1637 1588 videre

70 1604 185 1660 mihi
214 1605 406 1673 videor,
439 1610 578 1664 unde
608 1610 860 1670 falsarius
886 1619 1200 1673 consuendo
1224 1622 1349 1675 huic
1380 1622 1636 1693 figmento

74 1698 324 1753 materiam
354 1705 662 1771 sumpserit.
698 1706 919 1763 Viderat
950 1710 1043 1766 ille
1069 1712 1311 1768 libellum
1341 1714 1633 1773 Marcellini

1748 502 1897 558 ﬂuat.
1952 504 2085 561 Nam
2128 510 2172 562 si
2221 510 2435 567 Eusebii
2487 515 2676 585 ipsius,
2725 525 2780 571 et
2832 516 3077 591 Gregorii
3120 523 3344 582 alterius

1749 599 2051 671 presbyteri
2078 612 2308 659 mortem
2328 607 2545 675 gravior
2565 619 2619 663 et
2634 610 2880 666 acerbior
2906 617 3211 681 persecutio
3233 627 3344 672 sta-

1746 690 1840 744 tim
1870 705 2160 748 consecuta
2192 704 2296 761 est,
2336 697 2379 751 si
2411 700 2559 752 tertia
2593 700 2892 758 Sirmiensis
2925 703 3151 761 formula
3182 716 3337 764 antea

1744 785 2049 856 conseripta
2094 788 2205 855 jam
2236 788 2428 857 fuerat,
2475 792 2518 846 si
2551 794 2787 867 episcopi
2818 796 3124 855 Orientales
3154 802 3345 858 Selen-

1744 876 1908 945 ciam,
1941 880 2314 937 Occidentalcs
2345 884 2649 941 Ariminum
2699 887 2908 959 pridem
2953 904 3339 960 convenerant,

1745 969 1935 1025 horum
1987 972 2226 1042 profecto
2278 974 2410 1030 nihil
2452 976 2719 1034 Liberium
2770 980 3019 1051 detinuit,
3052 989 3341 1056 quominus

1744 1065 1796 1120 in
1829 1066 2138 1125 Catholicos
2168 1071 2361 1127 saavire
2389 1082 2664 1144 pergeret,
2690 1089 2754 1129 ac
2786 1074 2988 1133 falleris
3018 1090 3092 1143 tu,
3125 1090 3218 1135 aut
3242 1096 3341 1138 nos

1743 1157 1935 1215 fallere
1983 1162 2084 1216 vis.
2110 1162 2255 1218 'Cum
2286 1176 2464 1220 autem
2504 1181 2627 1220 eum
2674 1167 2982 1236 pontificem
3015 1172 3205 1243 prima:
3248 1182 3342 1229 aut

1741 1252 1898 1307 alteri
1926 1253 2207 1310 Sirmiensi
2239 1255 2481 1311 formula:
2516 1258 2713 1313 nedum
2743 1259 3123 1333 subscripsisse,
3152 1280 3338 1322 verum

1740 1346 1901 1400 etiam
1936 1356 1993 1401 ut
2011 1349 2073 1401 ab
2099 1349 2334 1403 omnibus
2362 1350 2763 1406 subscriberetur
2787 1353 3003 1408 voluisse
3031 1356 3229 1428 inquis,
3262 1358 3341 1412 fa-

1739 1439 1819 1494 cis
1848 1454 1944 1510 pro
1968 1450 2224 1497 consueta
2255 1451 2340 1496 tua
2374 1443 2511 1498 bona
2554 1443 2680 1509 ﬁde,
2723 1460 2787 1499 ac
2826 1461 2925 1517 pro
2952 1462 3012 1501 ea
3043 1463 3159 1519 quae
3185 1448 3339 1506 Chri-

1740 1532 1974 1587 stianum
2011 1534 2188 1601 decet,
2221 1533 2569 1603 humanitate,
2605 1538 2694 1608 qui
2723 1538 2925 1594 crimen
2957 1542 3335 1611 gravissimum

1741 1641 1848 1680 non
1891 1627 2062 1682 solum
2094 1628 2514 1700 inexploratum,
2547 1630 2641 1686 sed
2674 1631 2863 1686 falsum
2895 1631 3158 1703 profecto,
3192 1636 3339 1693 velut

1739 1718 2107 1786 manifestum,
2135 1738 2272 1778 unus
2292 1738 2353 1779 ac
2386 1726 2591 1793 primus
2616 1725 2667 1779 in
2689 1725 2862 1780 lucem
2885 1724 3067 1782 effers.
3100 1727 3205 1783 Sed
3225 1729 3337 1798 jam

74 1799 123 1844 et
138 1789 376 1858 Faustini,
403 1796 625 1867 ejusque
660 1799 1029 1870 prtefationem
1057 1806 1294 1875 legerat:
1326 1826 1446 1879 qua:
1471 1810 1631 1881 igitur
1660 1813 1706 1873 B
1735 1828 2063 1886 anonymum
2087 1817 2308 1872 missum
2341 1817 2526 1872 faciam
2562 1836 2574 1872 :
2606 1834 2729 1873 nam
2754 1821 2798 1874 si
2833 1834 3021 1877 omnes
3042 1820 3159 1892 ejus
3185 1820 3338 1877 falla-

80 1892 187 1938 tunc
206 1888 476 1958 centigisse
505 1891 725 1962 scimus,
759 1911 880 1950 cum
910 1896 1059 1952 Felix
1094 1898 1237 1955 Urbe
1266 1916 1329 1956 ac
1376 1903 1504 1958 sede
1538 1919 1632 1959 ex-

77 1978 350 2047 pelleretur,
373 1982 449 2038 sic
470 1988 701 2057 accepit,
731 2004 794 2045 ac
816 1991 860 2045 si
892 1992 1151 2049 adversus
1178 1995 1483 2053 Catholicos
1513 2015 1632 2070 per-

74 2080 248 2139 petrata
276 2085 474 2142 essent,
506 2088 670 2150 atque
697 2097 762 2136 ex
787 2082 1147 2141 schismaticis
1176 2087 1343 2144 Felici
1374 2091 1473 2159 ipsi
1496 2108 1628 2146 cou-

68 2172 135 2216 tra
182 2163 440 2222 Liberium
471 2170 877 2232 adhaerentibus
923 2187 1191 2251 martyres
1221 2181 1448 2250 efﬂuxit,
1493 2185 1629 2242 infra

62 2254 188 2311 illius
228 2262 403 2318 swculi
451 2274 675 2334 captum
722 2267 884 2325 homo
929 2272 1088 2341 plane
1119 2275 1286 2330 rudis.
1322 2277 1456 2333 ilinc
1502 2296 1630 2336 vero

60 2348 265 2407 Damaso
283 2354 908 2431 electopersecutionem
931 2379 1174 2421 cessasse
1193 2367 1267 2421 ait
1289 2386 1390 2423 non
1414 2373 1628 2428 multant

60 2453 251 2515 tempus,
278 2450 397 2518 quia
426 2452 690 2509 adversus
723 2455 1060 2527 Ursinianos,
1094 2462 1335 2533 aliosque
1358 2467 1625 2521 schisma-

62 2538 194 2607 ticos,
218 2557 346 2612 quos
390 2545 481 2600 ille
513 2562 608 2616 pro
634 2549 915 2607 catholicis
944 2552 1129 2608 itidem
1176 2554 1394 2625 habuit,
1445 2573 1508 2615 ex
1552 2560 1626 2616 le-

58 2633 193 2701 gibus
238 2645 289 2693 et
338 2638 528 2697 edictis
592 2643 978 2716 imperatorum
1034 2664 1180 2721 szepe
1224 2662 1404 2708 actum
1472 2655 1623 2711 vide-

57 2733 146 2779 rat.

118 2817 347 2879 Secundo
377 2826 730 2886 falsissimum
760 2842 844 2888 est
869 2836 1157 2891 excitatam
1180 2853 1207 2892 a
1232 2837 1469 2907 Liberio,
1500 2855 1623 2897 eum

55 2914 217 2979 rediit.
251 2926 679 2988 persecutionem
705 2930 950 2997 quievisse
976 2948 1111 2985 anno
1140 2936 1248 3003 fere
1275 2935 1471 3003 integro
1501 2945 1624 2991 ante

52 3007 361 3069 Ariminense
388 3017 719 3076 concilium:
753 3032 807 3076 ut
838 3023 1000 3078 etiam
1034 3026 1223 3080 falsum
1280 3027 1448 3083 fuisse
1474 3028 1620 3083 illam

51 3113 78 3153 a
119 3100 315 3159 Liberio
344 3107 668 3181 integratum
698 3125 819 3185 post
844 3118 1130 3173 concilium
1165 3122 1362 3190 ipsum.
1413 3122 1545 3177 Nam
1577 3126 1619 3179 si

1734 1910 1846 1964 cias
1878 1911 2123 1977 persequi
2151 1910 2381 1967 dicendo
2414 1914 2631 1977 vellem,
2664 1914 2850 1970 lectori
2878 1914 3218 1985 gravioribus
3244 1930 3338 1972 oc-

1733 2013 1929 2073 eupato
1955 2004 2225 2060 fastidium
2251 2021 2493 2063 crcarem
2534 2023 2655 2063 cum
2684 2009 2940 2080 temporis
2963 2009 3183 2081 jactura
3206 2026 3337 2068 con-

1729 2097 1995 2167 junctum.

1804 2190 2072 2248 Caeterum
2095 2209 2215 2249 eum
2240 2196 2372 2252 Acta
2390 2196 2612 2253 Eusebii
2636 2199 2935 2272 presbyteri
2959 2200 3170 2272 rejicio,
3189 2203 3334 2274 quod

1732 2286 1832 2340 viri
1864 2287 1954 2342 alii
1985 2290 2288 2357 gravissimi
2338 2290 2577 2346 fecerunt
2608 2304 2731 2347 ante
2763 2309 2869 2359 me,
2902 2309 2969 2349 ne
2997 2295 3119 2366 quis
3166 2311 3195 2351 a
3247 2313 3335 2354 me

1733 2380 1950 2436 Eusebii
1971 2382 2298 2439 confessoris
2325 2388 2662 2442 sanctitatem
2691 2397 2743 2443 et
2766 2388 2968 2443 cultum
2988 2389 3331 2447 imminutum

1730 2483 1921 2545 putet:
1961 2474 2106 2531 hunc
2146 2476 2410 2548 siquidem
2440 2479 2502 2531 ad
2536 2478 2697 2533 alium
2745 2479 2845 2533 sub
2874 2495 2939 2535 eo
2976 2482 3195 2537 nomine
3251 2483 3330 2537 la-

1732 2574 1935 2622 tentem
1966 2568 2253 2636 transfero,
2291 2571 2579 2626 Ensebium
2610 2572 2819 2626 scilicet
2841 2587 3031 2643 papam
3062 2589 3159 2645 pro
3183 2590 3332 2631 asse-

1728 2658 1897 2713 renda
1947 2658 2204 2715 Ecclcsiae
2232 2662 2535 2732 disciplina,
2571 2672 2821 2735 sartaque
2863 2673 3002 2721 tecta
3035 2668 3327 2735 servanda,

1729 2750 1780 2805 in
1812 2752 2004 2808 exsilio
2034 2762 2305 2808 mortuum
2330 2755 2426 2827 (a).
2462 2754 2659 2811 Rerum
2687 2758 2831 2812 enim
2859 2758 2924 2814 ad
2953 2774 3078 2815 eum
3116 2762 3331 2831 pontifi-

1727 2858 1844 2899 cem
1881 2846 2283 2915 pertinentium,
2316 2862 2436 2902 cum
2466 2850 2612 2903 nulla
2639 2860 2833 2919 praeter
2860 2851 2987 2906 nudi
3017 2851 3129 2908 fere
3151 2854 3326 2909 nomi-

1726 2939 1887 2993 minis
1908 2954 1970 2993 ac
1997 2939 2178 2994 cultus
2210 2943 2546 3008 memoriam,
2578 2944 2815 3013 cognitio
2837 2956 2979 2999 esset
3004 2947 3325 3017 posteriori-

1728 3028 1828 3085 bus
1851 3032 2087 3099 smculis,
2112 3033 2227 3088 haec
2260 3034 2373 3103 ipsa
2398 3036 2675 3105 cujusdam
2706 3037 2870 3093 veluti
2908 3040 3327 3097 sanIructionis

1726 3124 1845 3179 loco
1868 3125 2011 3195 jacta
2035 3137 2160 3181 sunt
2207 3130 2605 3196 construenda,
2657 3147 2777 3201 qua:
2828 3148 2968 3188 nunc
3016 3134 3207 3204 legitur
3256 3136 3325 3192 de

50 3197 279 3254 actisillis
303 3201 434 3259 fides
458 3214 564 3274 est,
599 3208 862 3265 Eusebius
881 3214 1297 3286 presbyter-post
1323 3218 1611 3286 septimum
1643 3216 1688 3280 C
1722 3216 1956 3271 Eusebio
1988 3218 2305 3291 presbytero
2329 3221 2519 3276 fabula:
2545 3197 2798 3277 rimarum
2830 3225 3025 3295 plenae.
3056 3197 3164 3281 Eur
3194 3242 3323 3283 vero

49 3290 107 3341 ab
134 3291 415 3353 iurlusioue
467 3314 711 3356 mensem
738 3294 1096 3360 dormitioneut
1136 3310 1332 3379 accepit
1372 3326 1461 3364 xtx
1510 3310 1612 3367 Ital.

50 3380 352 3456 Septembris,
406 3393 473 3449 M
524 3396 732 3453 scilicet
771 3398 1036 3471 Augusti:
1079 3419 1320 3460 mensem
1366 3407 1525 3477 igitur
1553 3424 1617 3465 ac

44 3476 173 3535 diem
221 3493 459 3544 tenemus
507 3506 615 3560 quo
658 3492 927 3550 Eusebius
980 3497 1267 3555 defunctus
1314 3476 1414 3556 est.
1462 3501 1615 3559 Nunc

50 3585 209 3638 qmero
242 3593 271 3632 a
301 3588 369 3648 te,
401 3598 433 3637 ο
467 3584 759 3643 adnotator
803 3604 1095 3663 anonyme,
1138 3610 1244 3664 quo
1275 3595 1423 3650 illum
1471 3613 1614 3654 anno

50 3662 329 3729 defunctum
354 3692 599 3744 censeas,
634 3696 701 3736 an
728 3684 934 3739 scilicet
956 3701 1099 3741 anno
1120 3688 1247 3754 558,
1277 3706 1341 3744 an
1372 3707 1500 3746 vero
1523 3708 1612 3749 se-

50 3764 207 3826 quenti
235 3765 355 3823 550.
385 3770 440 3826 Si
472 3773 702 3842 primum
727 3777 826 3844 ais,
858 3793 979 3833 cum
1009 3779 1259 3836 Liberius
1288 3784 1474 3840 urbem
1500 3785 1610 3839 Ro-

53 3863 171 3906 mam
212 3855 475 3928 ingressus
503 3867 575 3920 sit
614 3882 756 3922 anno
794 3871 886 3924 illo
912 3870 1003 3927 die
1033 3873 1067 3926 2
1098 3871 1346 3944 Augusti,
1392 3893 1498 3947 quo
1523 3893 1608 3942 ea,

51 3955 186 4043 quam
232 3950 321 4007 tibi
369 3956 524 4027 fingis
553 3970 797 4017 anteacta
843 3964 1093 4021 diuturna
1142 3971 1471 4037 persecutio,
1502 3988 1611 4043 quo

50 4034 237 4099 Eusebii
276 4050 346 4103 tui
373 4053 662 4121 confessio,
694 4071 801 4125 quo
830 4034 1186 4127 septimestris
1231 4073 1355 4119 ante
1402 4034 1607 4123 obitum

50 4126 270 4203 inclusio,
292 4158 394 4211 quo
410 4143 643 4215 denique
665 4149 982 4221 martyrium
1007 4152 1248 4208 recidet?
1270 4156 1323 4211 Si
1344 4173 1473 4213 vero
1496 4175 1608 4215 rem

51 4232 288 4291 protrabis
307 4234 370 4290 ad
394 4238 688 4307 Augustum
715 4257 952 4298 mensem
981 4248 1257 4316 sequentis
1279 4251 1427 4317 anni,
1459 4262 1609 4307 tem-

49 4327 131 4382 pus
152 4319 271 4377 illttd
300 4325 491 4383 frustra
516 4347 744 4399 quaeres,
766 4344 818 4390 et
840 4352 1032 4390 annum
1062 4343 1168 4409 fere
1196 4340 1475 4415 integrum,
1502 4360 1607 4414 quo

50 4411 302 4471 excitatam
327 4420 527 4488 pridem
553 4439 582 4478 a
605 4424 820 4481 Liberio
844 4411 1403 4498 persecutione:n,vnb
1428 4437 1604 4490 immi-

52 4507 202 4560 nentis
250 4510 576 4571 Ariminensis
621 4521 827 4575 concilii
889 4525 1316 4594 exspectationem
1361 4528 1607 4597 quievisse

1719 3324 1820 3380 ego
1872 3312 1949 3365 sic
1980 3312 2193 3385 opinor,
2242 3314 2482 3370 rationes
2514 3317 2718 3385 accipe.
2757 3317 2974 3371 Eusebii
3008 3317 3217 3372 titulum
3266 3320 3319 3374 in

1719 3400 1865 3458 Urbe
1907 3417 2039 3459 sane
2092 3405 2371 3476 antiquum
2400 3420 2523 3462 esse
2554 3406 2694 3461 haud
2744 3411 3017 3477 negaverit
3058 3408 3148 3477 qui
3193 3425 3317 3465 eum

1717 3510 2034 3565 expressum
2074 3497 2217 3567 legat
2247 3501 2300 3553 in
2328 3499 2560 3554 concilio
2606 3500 2780 3570 primo
2830 3501 2929 3555 sub
2969 3501 3315 3574 Symmacho.

1717 3588 1785 3645 At
1819 3605 1923 3644 non
1954 3590 2167 3647 videtur
2191 3591 2479 3648 dicendum
2528 3593 2766 3647 Eusebio
2820 3594 3140 3666 presbytero
3170 3596 3320 3651 dica-

1717 3693 1827 3739 tum
1862 3684 2011 3738 illum
2042 3699 2162 3739 esse
2186 3687 2444 3756 potuisse,
2493 3701 2614 3740 cum
2640 3685 2758 3753 eius
2787 3687 3089 3759 presbyteri
3120 3704 3316 3745 nomen

1717 3779 1768 3834 in
1792 3779 2183 3853 Martyrologiis
2206 3780 2345 3835 Beda
2377 3781 2772 3849 antiquioribus
2796 3781 2990 3837 frustra
3022 3792 3316 3851 quaeratur.

1714 3871 2201 3929 Sacramentarium
2239 3874 2455 3944 quidem
2505 3872 2900 3945 Gregoriannm
2942 3886 3315 3932 recurrentem

1716 3966 1874 4037 hujus
1898 3967 2113 4022 Eusebii
2143 3968 2458 4023 memoriam
2482 3968 2612 4022 colit
2637 3968 2724 4022 die
2750 3967 2815 4022 14
2848 3968 3074 4040 Augusti
3099 3987 3111 4023 :
3146 3977 3203 4024 at
3227 3987 3314 4024 sa-

1713 4061 1932 4114 cerdotis
1965 4077 2087 4124 vox,
2113 4077 2216 4131 qua
2240 4075 2363 4115 eum
2387 4070 2569 4126 ornat,
2591 4062 2904 4132 episeopnm
2936 4078 3033 4133 pro
3062 4079 3161 4118 usu
3189 4072 3317 4119 tunc

1712 4163 1931 4223 recepto
1980 4153 2254 4222 exprimit,
2302 4163 2680 4226 prtetereaqne
2710 4156 2887 4209 omnia
2930 4171 3050 4226 qua!
3080 4155 3132 4210 in
3166 4156 3317 4211 Anti-

1709 4248 1975 4320 phonario
2006 4247 2289 4312 Graduali,
2314 4259 2367 4303 et
2396 4249 2811 4319 Evangeliorum
2840 4249 3135 4318 (Iapitulari
3188 4264 3311 4303 ven.

1709 4342 1858 4396 card.
1889 4341 2215 4396 Thomasius
2243 4341 2471 4396 collecta
2506 4342 2671 4397 refert
2700 4340 2764 4395 ad
2799 4357 2887 4396 xtx
2917 4341 3025 4396 kal.
3055 4340 3313 4412 Septem-

1706 4435 1820 4489 bris
1886 4436 2144 4505 episcopo
2188 4435 2487 4490 confessori
2556 4446 2649 4489 aut
2709 4435 2930 4507 martyri
3001 4450 3314 4492 accommo-

1708 4526 1833 4581 data
1863 4526 2019 4597 legis,
2067 4539 2228 4599 atque
2255 4527 2376 4584 ideo
2428 4528 2478 4582 iu
2513 4527 2572 4583 S.
2603 4528 2841 4583 Marcelli
2895 4529 2954 4585 P.
2989 4542 3045 4585 et
3075 4529 3145 4584 Μ.
3180 4531 3316 4587 alio-

50 4594 143 4662 ais;
179 4602 427 4673 siquidem
466 4611 512 4665 si
555 4614 683 4668 Acta
717 4615 932 4671 Eusebii
964 4634 1090 4673 vera
1130 4632 1350 4686 canunt,
1387 4624 1601 4678 fatearis
1628 4617 1682 4679 D
1708 4640 1933 4695 rumque
1979 4625 2293 4694 pontificum
2343 4625 2508 4679 natali
2555 4624 2882 4681 celebrando
2928 4626 3075 4692 cani.
3108 4635 3162 4683 εἰ
3210 4626 3313 4697 legi

52 4700 243 4750 necesse
268 4709 344 4752 est
372 4701 568 4759 Liberii
614 4716 667 4761 et
694 4707 1035 4778 imperatoris
1066 4711 1197 4766 iram
1226 4713 1485 4769 adversus
1507 4714 1610 4771 Ca-

52 4781 249 4842 tbolicos
276 4809 559 4865 numquam
591 4799 949 4869 deferbnisse,
979 4805 1071 4858 sed
1101 4821 1167 4861 eo
1195 4808 1311 4877 ipsi»
1342 4818 1604 4880 tempore.

51 4890 141 4945 quo
162 4883 384 4955 episcOpi
414 4888 467 4945 in
498 4906 562 4946 ea
590 4895 720 4951 urbe
744 4897 961 4954 collecti
989 4899 1380 4964 deliberabant.
1412 4919 1473 4957 ac
1497 4916 1608 4957 sta-

49 4969 128 5064 tim
165 4989 274 5045 post
298 4980 536 5050 ejusdem
565 4985 782 5044 Eusebii
816 5002 1044 5048 mortem
1075 4998 1291 5063 gravius
1314 4997 1604 5064 exarsisse,

46 5059 273 5136 Gregorio
296 5076 632 5149 presbytero,
656 5082 747 5151 qui
769 5098 890 5139 eum
914 5086 1206 5155 sepultura:
1230 5088 1601 5158 mandaverat,

46 5159 146 5213 neci
168 5166 367 5232 tradito,
400 5184 461 5226 ac
499 5175 715 5231 caeteris
750 5192 816 5233 ex
859 5178 1006 5235 clero
1058 5197 1148 5250 per
1190 5180 1408 5253 plateas,
1440 5184 1599 5251 vicos,

49 5254 273 5324 ecclesias,
296 5271 338 5315 et
361 5263 559 5333 balnea,
593 5270 766 5338 palam
794 5271 973 5342 gladio
1003 5275 1307 5331 trucidatis.

111 5344 294 5415 Tertio,
322 5370 519 5423 causae,
546 5359 617 5415 ob
644 5377 777 5434 quas
806 5377 924 5419 eam
956 5379 985 5419 a
1018 5365 1235 5421 Liberio
1271 5368 1603 5437 persecutio-

51 5447 155 5492 nem
181 5440 527 5507 intermissam
558 5454 662 5522 ais,
696 5456 827 5512 falso
848 5465 903 5512 et
930 5457 1113 5528 inepte
1140 5459 1455 5530 excogitata:
1484 5476 1515 5517 a
1548 5470 1603 5519 te

50 5536 175 5624 sunt.
202 5532 267 5590 Ut
290 5541 426 5596 enim
455 5543 586 5614 dixi,
616 5550 850 5605 autActa
881 5550 1097 5607 Eusebii
1123 5552 1421 5624 presbyteri
1446 5554 1601 5612 dese-

48 5621 192 5676 renda
217 5641 243 5679 a
268 5639 317 5686 te
341 5644 484 5704 sunt,
515 5648 607 5693 aut
633 5640 751 5711 ejus
775 5642 828 5697 in
856 5643 1159 5715 Augustum
1192 5621 1434 5702 mensem
1465 5647 1595 5701 anni

52 5738 312 5869 ω
351 5746 418 5808 de
456 5754 667 5811 Damus.
699 5757 899 5830 Script.
935 5759 963 5831 §
1020 5760 1079 5828 2,
1124 5768 1180 5818 et
1220 5768 1333 5817 not.
1364 5761 1431 5818 ad
1467 5761 1601 5818 Car-

1712 4728 2114 4775 con~ueverunt
2134 4717 2232 4792 (b).
2260 4719 2339 4775 Ad
2375 4722 2488 4774 haec
2511 4720 2881 4776 Bucherianus
2904 4720 3176 4777 indiculus
3203 4720 3313 4777 Eu.

1711 4812 1845 4868 sebii
1880 4828 2031 4884 papas
2063 4822 2291 4868 mortem
2333 4816 2609 4883 consignat
2645 4812 2709 4867 ad
2760 4828 2852 4869 xiv
2880 4814 3140 4869 kalendas
3177 4815 3313 4885 Sep-

1712 4906 1967 4973 tembris;
2009 4906 2302 4963 Eusebium
2333 4922 2463 4963 vero
2494 4908 2868 4981 presbyterum
2902 4910 3031 4963 Acta
3063 4908 3149 4963 illa
3178 4923 3309 4977 apo-

1709 5000 1913 5071 crypha
1938 5016 2026 5055 xtx
2048 5000 2501 5056 kalendasitident
2518 5000 2854 5071 Septembris
2879 5001 3078 5056 obiisse
3093 4999 3304 5055 ferunt:

1712 5092 1884 5147 facilis
1912 5107 2040 5146 vero
2066 5094 2116 5147 in
2151 5093 2215 5146 iis
2244 5093 2614 5163 exprimendis
2643 5094 2884 5149 numeris
2914 5108 3089 5156 error,
3129 5107 3192 5146 ac
3221 5090 3327 5147 ille

1712 5193 1818 5238 tam
1858 5184 2011 5251 levis,
2043 5184 2086 5239 si
2130 5185 2270 5240 bene
2299 5185 2570 5251 advertas,
2604 5194 2664 5241 ut
2707 5200 2847 5240 unus
2890 5184 3140 5255 idemque
3161 5183 3310 5238 credi

1710 5279 1881 5348 possit
1932 5278 2215 5343 Eusebius,
2261 5280 2353 5351 qui
2398 5281 2683 5350 utrobique
2721 5278 3062 5348 exprimitur.
3095 5276 3176 5332 Ex
3202 5277 3310 5333 alio

1707 5368 1939 5439 denique
1971 5369 2309 5426 Bucheriano
2336 5372 2604 5441 catalogo,
2659 5370 2946 5425 Eusebium
3002 5382 3194 5438 papam
3253 5370 3307 5424 in

1708 5464 2023 5521 cmmeterio
2043 5464 2231 5520 Kalisti
2255 5464 2562 5535 depositum
2590 5465 2754 5519 fuisse
2768 5470 2979 5517 constat
3001 5480 3013 5516 :
3043 5463 3094 5517 in
3119 5463 3308 5521 iisdem

1713 5558 1866 5612 Actis
1886 5556 2272 5611 commentitiis
2292 5557 2555 5613 Eusebius
2579 5554 2860 5624 presbyter
2878 5554 2933 5606 in
2954 5564 3138 5625 crypta
3155 5556 3311 5626 juxta

1709 5662 1896 5721 corpus
1922 5646 1983 5704 S.
2015 5647 2171 5705 Sancti
2215 5650 2461 5719 martyris
2497 5656 2545 5701 et
2581 5644 2810 5714 episcopi
2849 5645 2902 5697 in
2941 5645 3023 5697 eia
3047 5645 3219 5717 Appia
3257 5649 3313 5704 in

1784 5763 1861 5833 (b)
1892 5761 2009 5818 Vid.
2044 5761 2247 5833 Opem,
2282 5771 2411 5818 tom.
2439 5759 2508 5829 V,
2543 5776 2594 5829 p.
2623 5758 2751 5821 205,
2784 5773 2838 5827 p.
2870 5756 2978 5813 279
3002 5768 3058 5817 et
3084 5775 3140 5831 p.
3172 5762 3297 5820 488.
