3950 6330
515 247 623 305 515

1698 249 2010 310 SANCTUS
2049 248 2370 309 DAIIASUS
2404 250 2605 309 PAPA.

3655 261 3739 318 5l6

517 364 801 420 tremeret-io
824 363 1015 421 Catia-ti
1045 364 1287 436 sepultus
1311 363 1528 421 dicitur.
1565 364 1728 422 Vides
1756 366 1936 438 itaque
1955 365 2116 438 qu‘am
2143 373 2191 434 Α
2223 365 2484 421 intererat
2532 365 2586 421 in
2635 364 2882 421 absentia
2931 364 3157 420 Romani
3195 365 3421 438 episcopi
3455 367 3638 427 facinus
3669 388 3741 445 ag-

519 460 639 517 hiI‘C
662 462 858 518 similia
887 461 1000 520 sint
1027 463 1167 520 inter
1197 477 1278 531 se,
1307 472 1468 534 atque
1495 464 1621 520 hinc
1647 464 1926 536 intelligis,
1958 471 2119 534 quam

519 553 678 612 facile
717 555 831 610 fieri
856 558 1046 626 possit,
1079 565 1135 612 ut
1157 558 1438 628 impostor,
1462 559 1551 627 qui
1579 557 1920 628 sequioribus
1957 567 2012 614 et
2038 568 2121 615 te-

520 653 808 709 nebrarum
839 653 1011 723 plenis
1039 654 1252 710 siceulis
1272 654 1402 709 Acta
1428 654 1515 709 illa
1545 655 1782 726 scripsit,
1802 671 1865 710 ex
1886 655 2122 712 Eusebio

521 763 677 819 papa,
703 748 860 819 cujus
881 748 1121 820 alioquin
1143 759 1294 821 gesta
1317 749 1409 805 diu
1439 749 1490 804 in
1514 749 1747 806 obscuro
1763 749 2000 822 iacuisse
2018 732 2124 806 sci-

519 855 658 909 mus,
704 842 996 898 Eusebium
1043 844 1415 915 presbyterum
1444 841 1716 909 effecerit,
1745 859 1808 898 ac
1841 845 1996 900 nobis
2024 843 2119 899 ob-

521 935 742 992 truserit
785 933 886 1008 (a).
932 939 1075 992 Sane
1120 937 1411 1006 Gregorius
1463 953 1658 1001 nonus,
1701 937 1791 1008 qui
1825 937 2120 992 Ecclesiam

520 1028 690 1084 sancti
743 1028 956 1086 Eusebii
1003 1017 1361 1097 consecravit,
1405 1030 1626 1086 minime
1670 1045 1769 1085 nos
1812 1030 2024 1098 edocet,
2053 1045 2122 1086 an

523 1119 617 1174 ille
645 1121 955 1192 episcopus,
983 1137 1050 1176 an
1083 1123 1363 1195 presbyter
1395 1122 1556 1178 fuerit
1583 1123 1683 1195 (ὁ),
1723 1139 1788 1179 ex
1841 1139 1948 1195 quo
1987 1138 2122 1179 con-

515 1216 609 1287 jici
635 1226 835 1288 potest,
866 1217 998 1272 nihil
1029 1218 1182 1273 illum
1213 1217 1466 1274 habuisse
1491 1229 1721 1283 certum,
1756 1219 2125 1288 exploratum-

521 1325 648 1382 que,
677 1325 739 1367 ac
762 1326 876 1366 rem
910 1314 962 1367 in
991 1312 1128 1367 vado
1155 1314 1319 1368 etiam
1350 1319 1460 1366 tum
1489 1313 1732 1377 haesisse,
1759 1327 1878 1382 qua:
1903 1310 2003 1367 lioc
2023 1327 2126 1368 sat-

525 1405 652 1460 eulo
699 1406 1008 1462 Damasiani
1050 1407 1310 1462 carminis
1341 1405 1603 1463 beneﬁcio
1647 1408 1820 1462 lucem
1849 1408 2125 1479 accepisse

523 1499 637 1555 visa
668 1510 772 1555 est.

520 1634 547 1700 ξ
579 1633 638 1700 Χ.
662 1663 721 1700 -έ
745 1635 1017 1699 Inquiritur
1040 1649 1188 1699 quem
1221 1649 1345 1700 ergo
1369 1650 1484 1687 sese
1508 1649 1707 1700 revera
1749 1635 1974 1686 Liberius
1996 1649 2125 1700 pra:-

585 1699 768 1758 buerit,
797 1705 1048 1762 postquam
1073 1699 1308 1749 reversus
1340 1700 1400 1748 ad
1432 1699 1604 1749 sedem
1630 1705 1724 1757 est,
1766 1713 1822 1749 ac
1864 1699 2122 1762 deinceps,

583 1763 775 1826 concilii
800 1761 994 1812 Scilicet
1015 1763 1342 1813 Ariminensis
1368 1764 1625 1826 tempore?
1651 1762 1725 1811 An
1743 1775 1798 1810 se
1823 1762 1885 1826 ab
1909 1761 2126 1826 Athana-

591 1825 650 1874 sii
669 1827 1012 1874 communione
1031 1838 1208 1874 revera
1230 1839 1442 1886 unquam
1463 1824 1789 1882 Subtraxerit,
1805 1824 1882 1872 Vel
1899 1824 2129 1886 quamdiu

591 1841 650 1874 Sll
669 1841 1012 1874 communione
1031 1841 1208 1874 revera
1230 1841 1294 1873 llll
1333 1841 1442 1873 nam
1463 1841 1789 1882 SUDll'axel‘ll,
1805 1841 1882 1872 νυι
1899 1841 2129 1886 quamutu

591 1899 650 1935 ea
677 1889 972 1950 interruptio
991 1889 1280 1938 duraverit?
1299 1841 1379 1938 (be
1409 1894 1630 1950 tenuiore
1654 1888 1848 1950 scriptae
1871 1888 1932 1950 ab
1953 1887 2129 1935 eodem

591 1950 860 2014 Athanasio
873 1948 1096 2012 epistolae
1111 1950 1169 2000 ad
1191 1952 1447 2014 episcopos
1461 1948 1654 2014 {Egypti
1672 1964 1684 2012 ;
1710 1963 1820 2012 quin
1831 1949 2129 2014 illustratur.

589 2013 760 2086 llilarii
787 2009 927 2090 locus
949 2026 1012 2086 ex
1036 2009 1329 2090 fragmentis
1355 2009 1440 2075 pro
1472 2009 1690 2090 Liberio',
1729 2009 2028 2090 explicatur.
2054 2009 2131 2084 De

588 2078 768 2138 iterato
794 2076 979 2138 Liberii
1003 2077 1065 2124 ab
1088 2073 1474 2138 Urberecessu,
1501 2075 1767 2126 Constantii
1789 2080 1921 2138 metu
1949 2088 1962 2123 :
1990 2073 2132 2138 Luci-

593 2137 687 2188 feri
711 2137 849 2210 locus
868 2136 1093 2210 ‘aﬁ‘crtur,
1120 2147 1172 2189 et
1194 2136 1481 2188 illustratur.
1508 2139 1791 2202 Anonymus
1824 2136 2134 2188 Amsteloda-

596 2207 778 2251 mensis
799 2207 1011 2250 notatur.

598 2313 834 2370 Fabellis
875 2315 1036 2386 igitur
1073 2312 1140 2369 ad
1181 2328 1276 2368 eos
1313 2328 1451 2385 quos
1492 2313 1599 2368 ilhc
1639 2313 1912 2369 delectant
1948 2327 2134 2367 antan-

525 2405 705 2472 datis,
742 2407 854 2478 jam
914 2406 1196 2462 videamus
1235 2406 1360 2478 quid
1404 2405 1652 2462 Liberius
1704 2407 1912 2475 egerit,
1944 2420 2135 2476 qumve

526 2500 690 2555 fuerit
721 2501 788 2555 de
819 2515 884 2554 eo
915 2499 1134 2570 opinio,
1170 2508 1451 2570 postquam
1496 2497 1645 2554 Felix
1684 2499 1891 2569 ejectus
1919 2506 2038 2566 est,
2070 2513 2135 2556 ac

526 2592 943 2664 pontificatum,
990 2609 1150 2664 quem
1198 2593 1380 2663 aliquo
1431 2594 1568 2648 forte
1614 2605 1857 2664 tempore
1893 2593 2138 2664 legitime

529 2685 1039 2752 administraverat,
1093 2695 1284 2756 sponte
1334 2684 1610 2743 dimittere
1668 2688 1811 2742 visus
1862 2697 1965 2743 est.
2021 2687 2138 2743 Duo

529 2794 657 2832 vero
689 2785 931 2844 tempora
962 2779 1356 2835 consideranda
1387 2789 1514 2834 sunt
1545 2797 1560 2835 :
1611 2779 1843 2835 alterum
1885 2780 2028 2850 quod
2069 2780 2138 2836 ab

531 2871 652 2939 ejus
685 2869 862 2924 reditu
891 2870 958 2925 ad
1001 2869 1402 2927 Ariminensem
1444 2871 1709 2945 synodum
1749 2874 2029 2938 excurrit;
2062 2873 2142 2928 al-

529 2973 708 3020 terum
733 3007 747 3030 ,
781 2963 926 3036 quod
958 2980 1079 3020 eam
1126 2965 1385 3036 deinceps
1423 2976 1771 3021 consecutum
1812 2976 1915 3023 est.
1958 2967 2140 3024 l’rimo

533 3057 698 3128 igitur
743 3058 864 3112 loco
913 3057 1192 3113 observari
1240 3067 1449 3129 potest,
1497 3059 1746 3132 nuspiam
1793 3059 1896 3131 legi
1940 3059 2141 3130 aliquid

2223 459 2414 532 gredi,
2463 475 2530 515 ne
2573 459 2642 515 ab
2683 475 2752 516 eo
2789 459 3200 531 impedirentur,
3241 463 3507 532 quominus
3539 479 3615 520 res
3647 481 3746 524 suas

2224 555 2435 610 facilius
2473 567 2728 626 agerent,
2772 569 2834 609 ac
2872 569 2983 626 quo
3027 556 3223 610 vellent
3273 557 3615 624 perducerent.
3656 561 3745 619 Hoc

2223 661 2324 718 ego
2355 661 2460 702 non
2492 663 2660 718 nego,
2690 650 2819 718 quin
2853 647 2968 704 fieri
2999 649 3266 714 potuerit:
3291 659 3342 703 at
3366 651 3407 705 si
3435 650 3540 706 hare
3559 667 3664 708 vera
3685 663 3750 711 est

2224 740 2394 805 ratio,
2427 739 2621 795 viderit
2648 739 2745 796 ille
2770 783 2784 805 ,
2818 757 2921 812 qua
2949 741 3148 798 deinde
3174 741 3254 796 via
3279 782 3294 809 ,
3347 759 3510 814 quove
3546 749 3748 816 consilio,

2223 839 2342 888 acta
2378 835 2684 906 apocrypha
2715 835 2934 892 Eusebii
2968 837 3268 909 presbyteri
3297 852 3414 893 cum
3444 854 3537 893 suo
3573 849 3752 899 auctore

2225 928 2364 981 tueri
2406 927 2662 996 deinceps
2705 929 2920 997 poterit.
2966 928 3097 983 Nam
3137 930 3182 983 si
3227 927 3461 985 Liberius
3500 930 3754 988 Calbolico-

2225 1037 2342 1076 rum
2387 1029 2702 1092 persecutor
2743 1022 2950 1087 fuerat,
2995 1033 3053 1079 ut
3090 1033 3338 1080 asserunt
3381 1025 3503 1078 Acta
3543 1025 3650 1090 illa,
3683 1041 3756 1083 cur

2225 1112 2332 1167 duo
2365 1113 2442 1169 illi
2481 1115 2801 1170 Arianorum
2841 1116 3112 1188 corypbaai
3155 1115 3449 1190 Romanum
3491 1117 3755 1188 episcopum

2225 1206 2329 1262 sibi
2359 1208 2786 1264 consentientem
2816 1209 3010 1264 abesse
3035 1209 3102 1263 ab
3130 1224 3196 1263 eo
3224 1210 3450 1264 concilio
3474 1211 3759 1268 voluissent!

2227 1297 2450 1353 Videtur
2476 1303 2654 1370 itaque
2698 1299 3026 1369 probabilior
3057 1315 3244 1355 eorum
3285 1301 3492 1370 opinio,
3528 1305 3606 1371 qui
3645 1304 3759 1358 illum

2225 1389 2462 1444 abfuisse
2494 1399 2709 1460 putant,
2742 1407 2808 1445 ne
2837 1392 3070 1447 concilio
3103 1391 3255 1464 huic,
3291 1391 3430 1463 quod
3465 1393 3764 1450 Constantius

2228 1483 2429 1553 iniquis
2457 1485 2592 1540 adeo
2621 1483 3022 1539 conditionibus
3049 1495 3471 1550 convocaverat,
3498 1491 3549 1540 et
3575 1485 3652 1540 cui
3675 1501 3767 1540 cer-

2226 1585 2312 1632 tos
2348 1577 2543 1648 agendi
2582 1591 2642 1632 ac
2682 1577 3014 1633 decernendi
3059 1577 3195 1633 fines
3237 1580 3652 1649 praescripserat,
3685 1581 3766 1632 vim

2225 1671 2460 1741 aliquam
2512 1685 2781 1726 consensu
2831 1685 2930 1725 suo
2981 1671 3233 1725 conferre
3286 1670 3588 1724 videretur:
3636 1679 3765 1736 atque

2157 1775 2205 1837 Β
2234 1764 2371 1819 hanc
2399 1780 2522 1819 esse
2552 1779 2766 1819 causam
2797 1763 3056 1834 intelligis
3077 1803 3093 1830 ,
3127 1779 3225 1818 cur
3251 1763 3550 1833 congregati
3575 1762 3768 1831 episcopi

2233 1859 2369 1928 lapsi
2399 1861 2538 1924 sint,
2569 1861 2692 1929 inuia
2735 1859 2943 1914 scilicet
2985 1861 3231 1914 ltomano
3274 1862 3493 1914 absente
3531 1858 3770 1927 pontifice,

2234 1952 2324 2021 qui
2373 1960 2458 2006 est
2488 1952 2746 2006 Ecclesia)
2784 1961 2948 2022 caput
2974 1993 2988 2017 ,
3031 1952 3223 2006 deerat
3263 1952 3368 2006 illis
3409 1951 3631 2006 divinum
3672 1948 3775 2002 illud

2237 2047 2544 2100 inerrauliae
2575 2047 2776 2100 donum
2807 2088 2822 2112 ,
2865 2046 3007 2116 quod
3058 2047 3272 2117 integro
3323 2046 3566 2101 Ecclesia:
3609 2043 3777 2112 corpori

2237 2153 2529 2210 numquam
2565 2139 2871 2194 defuturum
2899 2140 3124 2195 scimus.

2310 2235 2379 2286 At
2405 2231 2534 2302 quid
2569 2233 2773 2286 interea
2802 2247 2925 2286 cum
2955 2231 3293 2286 Athanasio?
3332 2232 3412 2287 An
3443 2229 3667 2286 Liberius
3691 2227 3780 2297 ejus

2235 2325 2671 2381 communionem
2703 2326 3036 2382 retinuerat?
3064 2326 3155 2382 Sic
3183 2327 3434 2400 equidem
3477 2332 3631 2395 puto:
3664 2322 3784 2378 Aria-

2238 2432 2340 2472 nos
2383 2417 2563 2481 enim,
2612 2431 2903 2489 antequam
2946 2420 2991 2474 is
3033 2419 3087 2474 itt
3135 2419 3391 2475 exsilium
3435 2421 3711 2489 pelleretur,
3746 2414 3786 2469 id

2239 2526 2404 2566 unum
2462 2511 2703 2567 voluisse
2760 2517 3013 2577 constat,
3071 2519 3129 2566 ut
3184 2513 3426 2581 pontifex
3487 2510 3784 2566 Athanasium

2238 2604 2562 2662 damnaret:
2593 2614 2648 2658 at
2677 2605 2743 2660 de
2784 2605 3039 2660 mutanda
3072 2620 3102 2659 a
3134 2606 3356 2661 Liberio
3399 2603 3528 2669 ﬁde,
3574 2618 3630 2657 ac
3663 2603 3789 2655 omit-

2241 2697 2405 2752 tendo
2435 2698 2702 2753 Itomousio
2735 2714 2801 2753 ne
2827 2700 3048 2754 verbum
3079 2698 3322 2769 quidem.
3355 2697 3612 2768 Legantur
3637 2694 3790 2749 littcrte

2240 2791 2308 2844 ab
2335 2806 2402 2846 eo
2430 2791 2497 2845 ad
2532 2792 2914 2860 imperatorem
2961 2801 3085 2846 tunc
3115 2793 3376 2862 scriptae,
3417 2805 3480 2845 ac
3518 2785 3790 2858 colloquium

2233 2883 2536 2938 Mediolani
2571 2884 2836 2939 habitum.
2869 2885 3017 2941 Abiit
3049 2886 3234 2957 itaque
3257 2887 3502 2941 Bormam
3534 2885 3584 2938 in
3611 2881 3793 2937 Thracia

2242 2977 2392 3031 exsul
2423 2978 2493 3031 ob
2523 2993 2682 3032 unam
2716 2988 2980 3033 retentam
3023 2995 3145 3032 eum
3179 2978 3482 3035 Athanasio
3509 2973 3793 3031 communio-

2245 3085 2404 3123 nem:
2437 3078 2710 3139 postremo
2739 3069 2944 3126 fractus
2974 3070 3040 3125 ad
3081 3070 3393 3126 Orientales
3437 3069 3668 3138 scripsit,
3707 3063 3795 3120 Sir.

529 3152 600 3206 ab
629 3167 697 3207 eo
727 3152 989 3222 scriptum
1019 3162 1111 3207 aut
1140 3161 1348 3224 gestum
1375 3195 1390 3219 ,
1421 3168 1528 3224 quo
1555 3154 1767 3210 veniam
1789 3193 1806 3220 ,
1839 3162 1897 3208 ut
1925 3168 2136 3226 :equum
2166 3163 2210 3226 ο
2246 3163 2487 3216 nn’ensem
2525 3177 2585 3218 se
2623 3165 2930 3234 suscepisse
2967 3164 3124 3234 ﬁdem
3154 3203 3169 3228 ,
3215 3175 3382 3236 atque
3421 3162 3741 3218 Athanasium
3772 3171 3794 3210 a

529 3247 704 3301 fuerat
724 3287 738 3310 ,
772 3245 842 3300 ab
874 3245 1112 3300 Ecclesia
1144 3245 1424 3314 deprecari
1456 3247 1604 3300 visus
1629 3247 1718 3300 sit.
1751 3245 2002 3302 Secundo
2031 3261 2138 3302 non

529 3339 741 3412 liquere
767 3338 1018 3395 eumdem
1049 3340 1165 3394 sive
1194 3355 1223 3394 a
1252 3339 1364 3394 suis
1387 3382 1402 3407 ,
1431 3339 1546 3395 sive
1574 3339 1642 3394 ab
1671 3339 1839 3394 italiae
1868 3333 2141 3410 episcOpis

529 3449 630 3504 pro
663 3433 920 3490 hmretico
950 3434 1242 3505 aliquando
1284 3434 1561 3490 habitum:
1608 3450 1857 3504 magnum
1900 3451 2032 3492 vero
2073 3451 2140 3491 ex

533 3529 635 3586 hoc
663 3531 881 3587 silentio
923 3531 991 3588 de
1030 3549 1323 3603 numquam
1369 3535 1439 3590 ab
1477 3549 1543 3594 eo
1585 3533 1832 3605 deposita
1876 3534 2140 3590 catholica

533 3626 640 3682 ﬁde
667 3638 1043 3698 argumentum
1072 3629 1303 3699 capitur.
1334 3628 1518 3684 Tertio
1547 3629 1808 3684 Damasus
1830 3671 1843 3693 ,
1872 3644 1992 3686 cum
2019 3629 2142 3686 Ari-

532 3721 780 3776 minense
807 3721 1097 3776 concilium
1130 3730 1404 3793 ageretur,
1436 3735 1660 3776 necesse
1701 3720 1868 3777 fuisse
1907 3722 2096 3777 scribit
2123 3763 2137 3788 ,

532 3822 587 3866 ut
620 3811 843 3866 Romani
873 3813 1100 3886 episcOpi
1141 3814 1388 3868 sententia
1425 3823 1766 3885 expeteretur,
1811 3825 1973 3886 atque
2013 3815 2140 3871 hinc

531 3905 661 3976 qttid
705 3907 839 3962 fluat
872 3907 984 3978 jam
1029 3907 1162 3964 dixi.
1210 3906 1413 3977 Quarto
1457 3908 1724 3978 denique,
1771 3925 1892 3964 cum
1937 3911 2139 3966 Arimi-

532 4015 730 4057 nenses
783 4001 1021 4072 episc0pi
1063 4001 1374 4078 imperatori
1415 4003 1688 4070 scribant,
1733 4003 1987 4074 reiectam
2029 4019 2056 4058 a
2082 4019 2141 4059 se

533 4093 858 4163 formulam,
900 4111 1060 4165 quam
1096 4094 1296 4150 Valens
1336 4104 1500 4165 atque
1539 4093 1796 4151 Ursacius
1841 4109 2140 4166 pr0posne-

531 4196 688 4252 raut,
723 4202 791 4244 eo
821 4189 966 4259 quod
997 4187 1294 4256 vidissent,
1331 4189 1376 4242 si
1407 4203 1470 4244 ea
1512 4196 1728 4259 recepta
1771 4188 1994 4256 fuisset,
2027 4199 2139 4244 tur-

531 4281 789 4338 bationem
812 4324 826 4348 ,
861 4297 923 4336 ac
952 4282 1326 4338 contentionem
1375 4290 1487 4337 tum
1533 4282 1756 4354 reliquis
1795 4284 2139 4350 civitatibus,

532 4382 644 4428 tum
695 4391 824 4430 vero
875 4376 1132 4430 Romanae
1179 4377 1440 4432 Ecclesia:
1481 4376 1824 4434 suborituras
1865 4394 1988 4436 esse
2026 4377 2139 4451 (c);

533 4465 884 4539 intelligimus
931 4477 1040 4522 tum
1087 4468 1361 4524 Romanos
1405 4470 1552 4524 cives
1599 4484 1662 4524 ac
1713 4469 1970 4526 clericum
2014 4485 2142 4526 cum

2245 3273 2339 3310 sua
2355 3259 2740 3313 communione
2764 3260 3056 3325 amovisse,
3079 3274 3380 3330 pacemque
3409 3274 3528 3314 cum
3559 3258 3619 3312 iis
3640 3253 3798 3310 habere

2244 3351 2384 3408 velle
2411 3370 2422 3405 :
2458 3353 2506 3406 id
2540 3351 2750 3408 Valenti
2778 3354 2938 3408 etiam
2971 3362 3028 3408 ct
3058 3353 3291 3410 Ursacio
3318 3351 3628 3424 signiﬁcavit
3655 3361 3800 3418 quatu-

2245 3460 2404 3516 quam
2439 3461 2500 3500 ea
2533 3446 2760 3516 epistola
2791 3447 3101 3516 suspicione
3133 3462 3242 3501 non
3273 3455 3448 3503 vacet.
3494 3445 3642 3502 Venit
3675 3441 3802 3512 igitur

2245 3540 2501 3594 Sirmium
2530 3581 2545 3605 ,
2575 3539 2754 3596 Basilii
2786 3542 3058 3612 Ancyrani
3099 3542 3286 3598 omnia
3332 3551 3459 3598 tunc
3493 3553 3585 3611 pro
3624 3535 3802 3592 arbitrio

2243 3632 2672 3688 administrantis
2691 3649 2877 3704 opera:
2903 3635 3029 3704 quid
3052 3644 3256 3703 actum,
3291 3643 3669 3704 tractatumque
3706 3639 3803 3683 tunc

2245 3726 2408 3782 fuerit
2443 3732 2554 3797 jam
2603 3727 2852 3782 vidimus.
2887 3727 3002 3784 Una
3038 3727 3171 3784 ﬁdes
3221 3740 3342 3797 est,
3387 3745 3510 3800 quae
3554 3721 3825 3795 Co‘nslanlii_

2246 3819 2625 3888 imperatoris,
2663 3819 2846 3874 Basilii
2877 3830 3142 3891 praeterea
3174 3831 3347 3892 atque
3376 3821 3612 3876 omnium
3638 3817 3804 3873 animos

2246 3927 2546 3986 occupatos
2577 3916 2794 3984 habuit,
2828 3917 2932 3971 huc
2976 3917 3153 3971 omnis
3200 3919 3454 3972 omnium
3494 3929 3616 3971 cura
3653 3909 3805 3968 collati

2244 4016 2329 4062 est
2362 4027 2374 4062 :
2407 4008 2474 4062 tle
2531 4008 2827 4063 Athanasio
2884 4008 3040 4064 nihil.
3094 4008 3204 4065 Cur
3259 4009 3445 4066 vero?
3494 4007 3610 4079 quia
3648 4008 3809 4059 mutata

2245 4101 2452 4156 Scilicet
2484 4116 2664 4156 rerum
2697 4099 2865 4170 facie,
2897 4101 3002 4156 alia
3035 4103 3262 4156 omnino
3295 4102 3476 4158 studia
3507 4116 3622 4156 esse
3647 4097 3809 4152 debue-

2247 4204 2390 4249 rant.
2449 4195 2712 4264 Eruperat
2758 4197 2900 4252 enim
2956 4211 3146 4252 recens
3203 4197 3441 4254 Eudoxii
3496 4193 3726 4254 haeresis,
3769 4191 3810 4240 ei

2249 4281 2410 4336 factio
2453 4281 2502 4334 in
2545 4291 2790 4350 apertum
2832 4299 3123 4354 campum;
3180 4284 3456 4340 adversus
3505 4298 3654 4354 quam
3700 4284 3810 4332 cura

2247 4373 2348 4428 fuit
2388 4373 2618 4440 Basilio,
2660 4391 2755 4430 eos
2804 4390 3030 4444 oumes,
3081 4378 3174 4446 qui
3221 4377 3410 4434 Usiant
3452 4373 3808 4448 profitebantur,

2247 4476 2340 4522 aut
2369 4470 2637 4535 retinere,
2681 4479 2773 4523 aut
2814 4469 2915 4522 sibi
2958 4470 3302 4540 adjungere':
3347 4471 3474 4526 hinc
3512 4469 3579 4525 de
3618 4465 3811 4520 Athana-

533 4558 790 4629 episcopo
819 4573 919 4614 suo
941 4599 957 4624 ,
992 4570 1104 4615 tum
1135 4576 1230 4616 eos
1259 4561 1350 4633 qui
1380 4561 1623 4617 scribunt
1649 4605 1664 4629 ,
1695 4563 1998 4619 catholicos
2027 4579 2140 4619 om-
2172 4557 2221 4622 ἰ)
2249 4564 2360 4625 sio,
2404 4576 2563 4631 quem
2608 4560 2749 4616 haud
2793 4562 3076 4632 ignorabat
3112 4578 3236 4620 cum
3281 4564 3434 4619 omni
3477 4562 3588 4618 fere
3615 4549 3812 4615 Ecclesia

536 4666 634 4707 nes
670 4654 996 4724 episcopos,
1042 4669 1144 4709 una
1188 4671 1310 4710 cum
1357 4654 1451 4710 illo
1497 4655 1716 4726 paciﬁca
1758 4659 2144 4716 communione

535 4759 599 4799 ac
628 4743 732 4800 ﬁde
760 4746 870 4816 jam
900 4754 1057 4802 antea
1087 4748 1436 4817 conjunctos.

507 4853 512 4857 '
606 4837 968 4894 Ariminensis
1010 4841 1220 4896 interea
1260 4841 1499 4912 synodus
1543 4852 1872 4914 congregata
1915 4854 2042 4901 est:
2088 4854 2146 4902 at

537 4929 815 4988 Liberium
847 4948 1020 5003 neque
1051 4949 1150 5004 per
1178 4951 1238 4988 se
1258 4975 1274 5000 ,
1307 4949 1483 5006 neque
1510 4951 1608 5006 per
1634 4936 1839 5008 legatos
1866 4954 1992 4995 suos
2019 4939 2146 4996 huic

539 5025 780 5082 adfuisse
810 5028 1033 5082 scimus.
1067 5028 1170 5097 Qui
1201 5029 1472 5100 vulgatam
1513 5031 1614 5084 sub
1653 5030 1854 5086 celebri
1895 5031 2147 5090 Bossueli

541 5120 833 5178 Meldensis
861 5120 988 5176 olim
1021 5122 1260 5192 episcOpi
1305 5120 1525 5176 nomine
1565 5122 1916 5194 defensionem
1959 5141 2025 5181 ex
2071 5127 2147 5180 la-

542 5214 656 5268 tino
697 5215 750 5270 in
782 5213 1050 5270 Gallicum
1084 5229 1392 5269 sermonem
1425 5230 1597 5286 nuper
1621 5217 1818 5283 vertit,
1853 5217 1903 5271 id
1944 5218 2143 5275 factum

541 5315 697 5378 putat
737 5305 926 5364 fraude
980 5307 1191 5364 Ursacii
1239 5316 1292 5362 et
1338 5307 1617 5376 Valentis,
1663 5324 1894 5381 quorum
1935 5312 2146 5368 scilicet

616 5451 694 5526 (α)
727 5453 857 5526 Acta
890 5453 976 5509 illa
1021 5449 1384 5526 Sirmoo’dus,
1434 5447 1731 5516 Pessinus,
1779 5461 1834 5508 et
1877 5447 2153 5522 Papehro-

541 5523 698 5582 chius
728 5524 978 5580 viderunt
1003 5526 1106 5581 sub
1130 5523 1386 5593 Bonifneii
1416 5536 1564 5594 pupa:
1591 5535 1638 5578 et
1664 5525 1910 5596 martyris
1934 5529 2153 5582 nomine

544 5599 741 5666 scripta
769 5613 784 5660 ;
815 5613 879 5651 ex
912 5614 1021 5664 quo
1052 5597 1193 5651 idem
1223 5595 1662 5668 Papebrocbius,
1696 5597 1919 5652 Dissert.
1955 5596 2003 5651 Χ
2025 5637 2039 5662 ,
2069 5599 2148 5656 al-

552 5678 729 5723 terum
761 5670 1118 5736 apertissima:
1149 5667 1401 5722 falsitatis
1429 5682 1621 5722 eorum
1654 5677 2032 5738 argumentum
2065 5685 2155 5725 ea-

557 5741 671 5811 pit,
701 5741 768 5793 ab
797 5738 1084 5811 Anonymo
1114 5739 1432 5795 adnotatum
1461 5739 1880 5811 dissimulattnn.

631 5810 706 5890 (ὁ)
736 5811 894 5872 Anno
921 5810 1076 5871 Dum.
1101 5825 1408 5874 Iccxxxvn
1429 5811 1662 5874 domnus
1699 5810 1996 5889 Gregorius
2017 5827 2154 5892 papa

2248 4655 2628 4709 communione
2676 4655 2957 4724 junctum,
3020 4670 3086 4710 ne
3139 4658 3391 4727 cogitare
3443 4655 3650 4725 quidem
3699 4649 3812 4701 visi"

2247 4757 2369 4802 est:
2405 4747 2484 4803 sic
2513 4749 2674 4804 etiam
2707 4747 3090 4816 Constantius,
3127 4752 3214 4820 qui
3256 4751 3446 4807 Basilii
3493 4758 3664 4805 mente
3695 4751 3814 4810 rege-

2250 4843 2428 4910 batur,
2468 4851 2626 4900 vetus
2663 4859 2790 4912 erga
2833 4843 2985 4898 illum
3028 4844 3211 4900 odium
3253 4845 3646 4915 aliquantisper
3679 4839 3816 4905 dt'Po’

2250 4937 2376 4992 suit.
2411 4936 2547 4991 Hinc
2575 4951 2763 4991 rursus
2793 4935 2992 4992 factum
3027 4946 3140 5004 est,
3189 4948 3244 4994 ut
3287 4955 3414 4994 cum
3460 4935 3694 4992 Liberius
3727 4936 3814 4981 rem

2254 5029 2402 5085 illam
2449 5039 2576 5085 tunc
2621 5046 2844 5101 prorsus
2898 5031 3232 5104 neglectam,
3287 5042 3456 5104 atque
3494 5033 3544 5086 in
3591 5024 3818 5083 oblivione

2255 5125 2483 5192 positam
2537 5123 2782 5191 videret,
2833 5139 2897 5179 ac
2945 5123 3077 5180 nihil
3129 5141 3159 5178 a
3209 5140 3272 5180 se
3322 5125 3555 5194 amplius
3604 5107 3819 5190 postulari

2256 5216 2648 5284 intellexisset,
2695 5217 2917 5272 minime
2953 5218 3261 5274 censendus
3299 5217 3374 5274 sit
3415 5216 3684 5287 pristinam
3723 5215 3819 5260 Cum

2255 5312 2554 5367 Athanasio
2600 5313 3037 5370 communionem
3064 5355 3080 5381 ,
3119 5313 3385 5384 quidquid
3426 5320 3580 5366 antea
3616 5299 3823 5372 scripsi?

2261 5453 2436 5508 nonus
2484 5453 2825 5508 consecravit
2875 5453 3015 5506 hanc
3057 5449 3347 5507 ecclesiam
3400 5451 3455 5504 in
3498 5447 3735 5503 honorem
3773 5433 3821 5487 ο·

2263 5526 2479 5580 Eusebii
2512 5533 2563 5580 el
2603 5523 2869 5579 Vinceutli
2907 5539 3034 5579 eum
3078 5523 3250 5578 tribus
3294 5521 3592 5584 altaribus,
3631 5513 3825 5588 quorum

2262 5597 2436 5666 majus
2487 5597 2664 5652 altare
2717 5597 3046 5651 confessoris
3097 5596 3268 5663 ipsius
3325 5594 3576 5666 manibus
3627 5587 3827 5666 9'99""

2260 5655 2617 5723 consecravit.
2655 5667 2743 5722 Est
2773 5670 2934 5723 etiam
2964 5667 3101 5737 apud
3121 5655 3430 5737 'blontfauc.
3465 5665 3606 5719 Diar.
3630 5655 3735 5714 Ital.

2340 5741 2412 5811 (c)
2447 5742 2666 5798 Sozam.
2703 5739 2799 5796 lib.
2830 5754 2912 5808 iv,
2941 5733 3060 5822 cap.
3098 5733 3186 5805 l8.
