3878 6346
110 212 202 268 5g]
1505 200 2016 263 PROLEGOMENA
2027 244 2040 258 .
3277 215 3388 273 522

108 332 237 384 θίγεν
261 345 323 384 ro
352 332 470 385 loco
502 343 606 384 non
634 328 932 398 exprimat,
966 338 1033 380 an
1073 322 1351 391 Liberius,
1401 338 1523 379 cum
1570 322 1688 379 haec
1714 336 1768 396 Α
1794 320 1905 392 ligi,
1933 334 1996 375 ac
2025 326 2175 376 certo
2203 324 2372 379 asseri
2399 338 2557 395 posse
2574 324 2899 382 existimavi.
2920 325 3046 384 Scio
3070 342 3174 384 nou
3194 327 3390 388 deesse

106 422 285 478 Romae
312 430 628 493 agerentur,
670 421 866 477 absens
902 429 1077 487 esset,
1110 433 1177 472 an
1224 428 1498 488 praesens,
1532 417 1683 471 illum
1787 416 1932 469 viros
1951 413 2256 471 eruditione
2279 428 2622 487 praestantes,
2642 420 2730 490 qui
2758 435 2881 476 eum
2907 422 3215 492 pontiﬁcem
3241 425 3391 480 nullo

104 527 275 573 tamen
312 517 551 574 abfuisse
584 516 846 573 credibile
873 523 986 581 est,
1016 529 1082 570 eo
1114 514 1365 580 consilio,
1404 524 1460 567 ιιι
1497 514 1564 567 ab
1592 527 1687 569 eo-
1785 524 2041 581 uutquam
2071 509 2232 565 modo
2251 511 2457 583 lapsum
2483 512 2647 570 fuisse
2677 526 3037 583 ceuseant,ac
3056 534 3174 588 quae
3197 518 3389 574 adver-

105 625 248 677 rum,
280 609 474 680 quibus
505 609 557 665 in
586 609 869 679 episcopos
900 607 1025 663 huic
1059 605 1306 662 formula:
1333 605 1687 662 adverSantes
1786 616 1879 658 sus
1910 602 2061 658 illum
2090 603 2304 675 vulgata
2330 616 2490 674 sunt,
2520 609 2726 664 incerto
2763 619 2968 665 tantum
3005 626 3225 667 rumore
3264 610 3388 678 niti,

102 700 274 757 omnia
313 700 475 757 licere
514 701 861 756 Constantius
904 699 1184 765 edixerat,
1218 706 1483 769 potestate
1521 698 1684 767 liber,
1786 710 1908 767 quas
1937 711 2067 751 vero
2098 697 2166 751 ab
2205 712 2271 752 eo
2316 698 2519 769 scripta
2558 700 2843 770 dicuntur,
2885 701 3018 757 falsa
3071 703 3285 771 omnia,
3327 718 3391 759 ac

104 794 378 851 catholicze
412 795 535 851 ﬁdei
565 795 856 866 integritati
882 810 977 850 sua
1007 794 1168 850 etiam
1205 794 1356 866 luga,
1391 802 1441 851 et
1469 809 1686 851 secessu
1787 788 2144 855 Arianorum;
2171 806 2401 861 qu0rum
2432 800 2609 862 artes,
2642 795 2952 877 et‘l'allaciac
2979 798 3199 855 aliunde
3223 798 3392 870 probe

103 902 287 946 cavere
306 896 575 959 pergeret.
1788 894 2042 943 constant
2090 887 2343 959 ﬁgmenta
2392 904 2548 956 csse,
2587 906 2694 947 non
2742 894 2861 949 sine
2904 894 3170 964 probabili
3214 895 3391 966 aliqua

169 985 431 1040 Cmterum
461 984 750 1057 quominus
779 984 847 1040 de
870 986 1039 1041 altera
1072 983 1274 1039 Liberii
1303 982 1373 1038 ab
1401 982 1546 1039 Urbe
1589 982 1687 1038 mi-
1788 981 2002 1035 ratione
2030 983 2340 1051 0pinentur,
2374 982 2470 1038 sed
2501 992 2556 1038 et
2584 984 2629 1040 si
2661 1000 2722 1040 ea
2756 1001 2855 1057 pro
2885 986 3029 1043 veris
3058 997 3113 1043 et
3142 988 3394 1060 genuinis

102 1079 333 1151 gratione
361 1094 462 1149 ego
490 1079 751 1148 dubitem,
776 1078 976 1134 iaciunt
1014 1078 1350 1147 potissimum
1401 1077 1516 1132 haec
1543 1076 1690 1132 Aua-
1788 1073 2091 1131 habeantur
2116 1091 2145 1131 a
2169 1076 2357 1144 nobis,
2390 1086 2521 1149 puto
2554 1077 2665 1149 jam
2699 1079 2907 1150 liquere
2931 1082 3071 1137 nihil
3093 1098 3158 1139 ex
3191 1083 3256 1137 iis
3279 1082 3396 1138 elli-

103 1173 243 1227 stasii
272 1172 338 1227 de
367 1172 512 1228 Jttlio
543 1174 703 1229 verba
728 1191 741 1227 :
770 1172 896 1227 Fuit
926 1175 1239 1246 ternporibus
1271 1172 1556 1228 Constantii
1584 1173 1691 1228 lue-
1788 1170 1872 1237 ci,
1895 1178 1952 1227 et
1981 1170 2205 1226 extundi
2230 1186 2389 1242 posse
2408 1214 2421 1237 ,
2453 1173 2595 1242 quod
2620 1172 2923 1244 desperatae
2950 1192 3136 1231 eorum
3160 1218 3174 1241 ,
3204 1177 3295 1247 qui
3325 1175 3395 1232 ab

102 1266 239 1320 retici
272 1266 370 1336 ﬁlii
410 1264 748 1321 Constantini.
805 1266 904 1321 Hic
947 1268 1000 1322 in
1048 1269 1210 1322 multa
1242 1267 1600 1334 tribulatione,
1643 1276 1692 1322 et
1791 1264 2033 1321 Ecclesia
2063 1265 2288 1336 projecti
2320 1275 2481 1333 sunt,
2507 1281 2688 1322 causa:
2725 1268 2991 1337 prodesse
3024 1268 3233 1339 possit,
3268 1269 3392 1324 nul~

104 1358 273 1413 exsilio
302 1359 401 1428 fuit
431 1360 686 1414 mensibus
715 1359 922 1415 decem:
958 1371 1005 1415 et
1049 1371 1164 1430 post
1209 1361 1364 1424 huius
1406 1359 1692 1415 Constantii
1790 1359 2007 1431 Iamque
2037 1360 2159 1415 ideo
2196 1375 2318 1416 esse
2355 1361 2585 1416 solidam
2632 1364 2925 1428 rationem,
2960 1378 3060 1418 cur
3087 1379 3395 1434 anonymus

104 1467 303 1506 mortem
329 1470 444 1507 cum
484 1454 648 1527 gloria
678 1464 752 1509 est
781 1471 1011 1511 reversus
1043 1456 1113 1510 ad
1146 1457 1313 1510 sedem
1355 1456 1458 1509 divi
1498 1455 1644 1511 Petri
1671 1470 1692 1510 :
1791 1451 1882 1507 ille
1914 1451 2158 1508 Vitarutn
2209 1452 2574 1510 Romanorum
2606 1456 2919 1525 pontiﬁcum
2951 1455 3394 1524 consarcinator,

103 1544 210 1599 hac
238 1544 345 1615 ipsa
382 1544 544 1601 habet
578 1558 733 1601 vetus
769 1548 969 1617 reginae
1017 1548 1314 1605 Succorum
1364 1550 1692 1621 tnartyrolo-
1790 1544 2181 1600 catholicorum
2217 1547 2408 1616 partim
2458 1548 2814 1618 scriptoribus
2865 1547 3175 1604 thrasonice
3226 1548 3397 1606 insul-

105 1639 257 1709 gium,
287 1655 315 1692 a
344 1638 579 1711 Georgio
602 1642 1070 1714 memoratum(a).
1100 1642 1264 1698 Vides
1286 1644 1467 1714 itaque
1488 1642 1689 1699 Julium
1794 1646 1930 1706 tare,
1960 1654 2022 1694 ac
2043 1640 2278 1708 captiosa
2307 1641 2669 1712 perplexaque
2691 1644 2939 1697 oratione
2963 1642 3081 1713 ejus
3098 1643 3399 1715 uobispon-

107 1730 195 1782 sub
221 1730 537 1786 Constantio
566 1747 596 1787 a
626 1732 754 1789 sede
780 1734 993 1803 pulsum
1018 1751 1031 1796 ;
1062 1734 1207 1790 illum
1258 1746 1518 1805 prieterea
1542 1734 1683 1790 Cou-
1714 1730 1761 1792 Β
1791 1733 1950 1789 tiﬁcis
1969 1734 2174 1805 lapsum
2198 1736 2526 1807 exprobrare
2547 1735 2804 1807 deinceps
2837 1745 3045 1808 pergat,
3067 1744 3124 1791 ut
3154 1737 3275 1792 fecit
3294 1736 3395 1809 (e);

111 1825 287 1879 stautio
312 1835 529 1880 mortuo
576 1836 698 1895 post
741 1826 1067 1883 decimestre
1112 1828 1360 1883 exsilium
1399 1829 1465 1884 ad
1510 1828 1693 1884 sedem
1797 1828 2087 1899 siquidem,
2118 1829 2159 1884 si
2188 1829 2331 1900 quod
2361 1830 2414 1883 in
2446 1844 2511 1884 eo
2547 1829 2737 1884 vitium
2772 1829 2894 1897 l‘uit,
2927 1846 3031 1884 non
3061 1829 3191 1885 illud
3229 1829 3401 1885 amis-

108 1933 244 1971 suam
276 1933 399 1972 cum
427 1917 602 1988 gloria
631 1935 912 1975 reversum
938 1920 1110 1975 vides.
1152 1920 1280 1977 limo
1307 1936 1469 1991 porro
1494 1919 1539 1976 si
1570 1921 1695 1976 huic
1799 1936 1872 1977 ειυ
1902 1922 2048 1989 ﬁdei,
2074 1922 2168 1977 sed
2198 1923 2436 1992 pristiuze
2470 1922 2731 1992 depositae
2762 1924 3053 1979 severioris
3075 1921 3403 1978 constantiae

106 2010 331 2082 pontiﬁci
380 2013 681 2079 attribuas,
711 2014 998 2069 falsissima
1024 2026 1147 2069 sunt
1177 2032 1190 2069 :
1216 2026 1269 2069 at
1300 2015 1344 2070 si
1377 2015 1466 2069 illa
1489 2030 1694 2084 expun-
1800 2014 1923 2080 fuit,
1952 2026 2113 2085 atque
2144 2016 2275 2072 illud
2303 2016 2441 2071 haud
2472 2017 2541 2071 ita
2566 2033 2750 2087 grave,
2779 2017 2906 2087 quin
2937 2019 3145 2073 ratione
3183 2016 3358 2087 aliqua
3381 2056 3399 2085 ,

105 2120 190 2176 gas
210 2105 274 2161 ab
300 2105 454 2162 Aetis
481 2105 642 2174 Julii,
676 2122 739 2164 ac
763 2109 1017 2163 restituas
1031 2123 1152 2163 cum
1181 2109 1435 2177 Barouio,
1468 2110 1696 2181 aliisque
1800 2109 1843 2163 si
1868 2123 1974 2162 non
1998 2123 2219 2179 prorsus
2249 2109 2388 2176 tolli,
2412 2110 2693 2165 extenuari
2722 2110 2912 2166 saltem
2943 2125 3105 2181 posse
3130 2110 3399 2165 videatur.

104 2200 274 2255 eximii
310 2200 501 2271 judicii
541 2201 702 2267 viris,
748 2203 977 2257 sinceris
1031 2202 1232 2259 Liberii
1265 2204 1452 2270 Actis,
1497 2220 1527 2258 a
1577 2203 1699 2273 qui-
1798 2198 1932 2255 Nam
1979 2216 2099 2256 cum
2139 2202 2183 2256 is
2234 2211 2379 2258 esset
2432 2219 2612 2258 rerum
2668 2213 2838 2258 status
2864 2214 2989 2259 tunc
3017 2204 3313 2273 temporis,
3348 2209 3410 2258 ut

104 2293 196 2346 bus
219 2304 430 2364 sumpta
464 2311 561 2365 per
588 2310 831 2351 errorem
864 2303 1020 2362 sunt,
1058 2304 1171 2351 tum
1206 2296 1501 2352 secundum
1530 2296 1696 2352 habes
1800 2308 1903 2348 una
1927 2295 2226 2367 eademque
2251 2306 2616 2366 reputaretur,
2641 2306 2694 2351 et
2720 2306 2887 2363 esset,
2921 2297 3178 2351 Itontousii
3207 2306 3265 2352 et
3300 2297 3400 2350 lto-

106 2386 213 2454 cjus
242 2386 491 2441 eXsiliutn
513 2428 528 2453 ,
562 2396 673 2443 tum
698 2403 828 2443 vero
860 2387 1038 2442 omnia
1089 2388 1258 2443 nitida
1307 2399 1467 2454 sunt,
1500 2404 1563 2444 ac
1592 2388 1695 2444 sibi
1800 2387 2000 2441 ntwusii
2037 2385 2149 2456 vis,
2193 2399 2305 2443 tum
2336 2389 2478 2459 apud
2521 2388 2835 2444 Catltolicos
2856 2431 2871 2456 ,
2902 2399 3014 2443 tum
3060 2388 3205 2460 apud
3255 2389 3406 2444 Atto-

105 2480 762 2537 cohmreutiatrocinalis
788 2482 1544 2554 enimConstantinopolitana
1568 2500 1694 2556 syn-
1801 2496 2005 2548 mteos,
2051 2492 2111 2538 ut
2160 2483 2360 2554 oppido
2402 2485 2847 2538 demonstrarunt
2890 2483 3154 2538 Toutteus
3181 2494 3234 2539 et
3267 2482 3400 2538 clar.

107 2574 232 2630 odus
255 2575 305 2630 in
330 2575 628 2633 Februario
654 2592 839 2633 mense
854 2581 1093 2633 conlecta
1113 2577 1502 2634 estNalenteut
1517 2588 1697 2634 autem
1801 2573 2084 2646 Gorgueus
2115 2574 2525 2632 Suessioncnsis
2547 2578 2842 2633 canonicus
2868 2574 2961 2649 (f).
2995 2577 3246 2633 Liberius
3277 2575 3404 2633 ﬁdei

109 2679 156 2724 ct
196 2668 480 2725 Ursacium
505 2712 521 2738 ,
558 2672 755 2742 quibus
787 2681 912 2727 tunc
944 2673 1081 2727 facta
1114 2670 1489 2728 Occidentales
1510 2670 1700 2728 Eccle—
1801 2666 2086 2724 Sirmiensi
2136 2667 2259 2725 ideo
2290 2669 2520 2725 fortasse
2551 2670 2907 2740 subscripsit,
2941 2669 3086 2740 quod
3134 2670 3243 2724 duo
3288 2668 3407 2725 haec

112 2764 215 2818 sias
258 2764 486 2819 arbitrio
538 2779 638 2819 suo
686 2765 915 2820 vexandi
970 2765 1121 2836 copia
1149 2809 1164 2834 ,
1190 2781 1300 2820 non
1338 2766 1519 2821 statim
1545 2765 1612 2819 ab
1636 2781 1699 2822 ea
1802 2762 2020 2833 assequi
2045 2777 2103 2818 se
2126 2777 2286 2834 posse
2314 2763 2647 2830 conﬁderet,
2680 2773 2737 2819 et
2763 2775 2826 2819 ut
2850 2761 3009 2818 ﬁdem
3032 2744 3408 2819 retineret‘iti-

111 2857 234 2911 urbe
263 2856 587 2913 discessisse
610 2866 856 2914 constat:
882 2858 1146 2928 siquidem
1178 2860 1301 2931 ipsi,
1328 2859 1372 2914 si
1402 2858 1700 2915 Fortunato
1806 2864 2008 2926 tegram
2032 2896 2047 2922 ,
2078 2863 2133 2911 et
2174 2864 2233 2911 ut
2272 2855 2414 2912 inter
2443 2855 2753 2912 Catholicos
2796 2864 2852 2912 et
2899 2856 3269 2912 Semiarianos
3310 2853 3409 2909 lto-

110 2955 369 3012 creditnus
389 2999 403 3023 ,
434 2968 684 3013 auctores
714 2955 1038 3011 Constantio
1080 2956 1328 3024 fuerunt,
1359 2965 1416 3010 ut
1466 2956 1699 3011 Hilarius
1805 2950 2016 3005 matusii
2047 2962 2343 3006 assertores
2373 2953 2678 3021 episcopos,
2709 2949 2912 3006 arctius
2933 2949 3166 3006 iniretur
3206 2949 3405 3017 ltedus,

111 3049 282 3104 redire
314 3050 368 3106 in
411 3049 621 3107 Gallias
658 3051 944 3121 juberetur
973 3049 1069 3123 (ὁ).
1116 3052 1187 3104 At
1226 3049 1317 3105 ille
1361 3050 1549 3121 primis
1583 3049 1699 3119 ejus
1804 3063 1911 3117 quo
1939 3047 2079 3103 vires
2109 3048 2568 3119 ampliﬁcarentur
2586 3049 2849 3105 adversus
2876 3048 3041 3115 Aetii,
3067 3048 3407 3119 Eudoxiique
3484 3102 3489 3105 Α

110 3141 228 3197 anui
273 3142 553 3199 mensibus
598 3140 1063 3213 Constantinopoli
1094 3141 1327 3197 nondum
1352 3142 1698 3206 discesserat,
1726 3133 1772 3198 C
1806 3150 1861 3197 et
1885 3144 2265 3197 Anommorum
2312 3150 2440 3197 tunc
2470 3141 2642 3211 palam
2667 3152 3013 3213 erumpentes
3035 3151 3293 3209 conatus,
3314 3155 3412 3212 ap-

111 3245 164 3289 ut
192 3253 254 3291 ex
285 3236 487 3292 litteris
521 3236 920 3293 Gallicanorum
965 3238 1342 3306 episcoporum
1365 3235 1431 3291 ad
1453 3234 1702 3290 Orienta-
1805 3237 1979 3308 prime
2008 3236 2167 3292 utiles
2188 3246 2243 3292 ct
2272 3237 2615 3292 necessariae.

112 3327 184 3383 les
220 3328 358 3433 apud
395 3328 649 3433 eumdem
697 3328 955 3433 discimus
982 3326 1075 3400 (c).
1122 3327 1262 3383 Vero
1297 3327 1701 3433 autent-simile
2394 3376 2719 3433 DMTRIBA
2758 3376 2799 3433 ιι

112 3423 528 3486 est.sceleratos
556 3421 718 3478 hosce
747 3422 1004 3477 turboues
1033 3436 1137 3476 non
1156 3420 1699 3476 anteitcrinltaliam
1827 3472 1841 3486 ,
1927 3472 1961 3486 λ
2214 3473 2232 3486 η
2356 3420 2719 3486 __"',‘,"“",’”
2871 3469 2884 3482 ,
3009 3469 3045 3486 η
3126 3471 3136 3483 ,

1806 3472 1886 3527 An
1915 3472 2173 3528 Damasus
2204 3473 2386 3544 faverit
2412 3471 2690 3542 aliquando
2734 3469 2967 3526 Maximo
3006 3469 3201 3543 Cynico
3226 3471 3407 3528 adrer-

113 3514 397 3571 instituisse
426 3530 589 3585 quam
622 3514 915 3583 imperator
940 3514 1040 3568 vim
1066 3529 1124 3569 se
1154 3513 1329 3578 daret,
1353 3522 1539 3569 contra
1569 3513 1699 3568 Per-

113 3564 396 3619 ’“”’.””’“’
429 3564 589 3585 “¹“’”“’
1066 3564 1135 3618 ⁷⁷.
1159 3564 1539 3619 “’⁷”“’.’“ζ”ὴ
1569 3564 1591 3568 “
1619 3564 1659 3568 ’⁷
1877 3583 1964 3621 sus
1996 3566 2097 3621 Gre
2132 3567 2299 3621 arium
2334 3564 2750 3621 Nazianzenum'
2778 3582 2837 3619 ac
2858 3567 2921 3619 de
2950 3564 3148 3618 duabus
3175 3581 3201 3619 ε
3242 3565 3409 3622 istolis

113 3618 395 3671 sastturus,
420 3605 605 3661 adulto
626 3606 853 3671 setltcet,
881 3608 1278 3662 utAmtutanus
1300 3615 1537 3677 att,3ant
1569 3624 1701 3664 rere.
1891 3657 1928 3677 ,_
1972 3660 2003 3677 ,,
2042 3660 2053 3671 ,
2472 3675 2481 3677 _
2516 3676 2525 3677 ί
2562 3608 2832 3677 ηηηζλᾼ
2876 3657 3007 3677 ,ΜΛ
3203 3583 3238 3637 Ρ

1878 3657 2054 3714 Italici
2078 3660 2264 3714 concili
2281 3660 2484 3713 nomine
2504 3676 2535 3711 a
2554 3658 2836 3715 Sirmondo
2863 3657 3031 3712 editis.

113 3703 217 3760 lloc
242 3720 371 3760 vero
400 3702 450 3757 si
478 3700 726 3769 dederis,
764 3701 921 3758 facile
950 3700 1112 3756 ctiam
1150 3700 1419 3757 concedes
1440 3744 1453 3767 ,
1482 3700 1702 3757 eosdem

114 3796 293 3853 iactam
317 3796 421 3852 sibi
455 3795 525 3850 ab
548 3796 875 3865 imperatore
907 3809 1002 3864 per
1026 3792 1405 3849 Occidentales
1438 3794 1704 3849 Ecclesias

115 3892 441 3960 tytanuicam
479 3895 801 3961 potestatem
831 3887 1107 3956 explicare
1136 3887 1221 3941 vix
1254 3887 1495 3957 potuisse
1516 3928 1530 3954 ,
1562 3901 1704 3941 anno

114 3985 198 4040 illo
214 3987 321 4057 jam
363 3984 604 4041 medium
656 3989 1011 4053 prmtervecto
1040 3995 1278 4035 cursum.
1322 3979 1480 4035 Hisce
1510 3980 1706 4036 deinde

116 4095 202 4150 per
222 4079 498 4135 Ecclesias
528 4077 595 4132 ab
617 4075 762 4133 Urbe
784 4073 1107 4131 remotiores
1137 4072 1383 4144 agendis,
1417 4073 1463 4128 si
1486 4071 1707 4143 aliquod

90 4214 93 4217 .
114 4171 252 4227 aliud
279 4168 544 4240 temporis
569 4168 802 4237 spatium
822 4169 1085 4239 assigues,
1108 4175 1269 4237 atque
1292 4165 1416 4220 huic
1445 4175 1706 4235 prmterea

1807 3778 1835 3843 θ
1864 3778 1905 3829 Ι.
1931 3806 1991 3815 —
2009 3779 2288 3841 Basungius
2311 3777 2878 3843 refellitur._Scriptore§
2900 3778 3175 3831 afferuntur
3195 3784 3299 3843 tum
3325 3780 3415 3843 qui

1873 3843 2061 3891 irritant
2105 3840 2261 3903 aiunt,
2303 3841 2537 3900 nulloque
2583 3840 2796 3893 loco’ab
2836 3840 3176 3893 Orientalibus
3198 3840 3413 3892 habitam

1871 3903 2069 3954 Maximi
2100 3904 2260 3967 Cynici
2300 3903 2676 3967 appellationem
2701 3905 2758 3953 ad
2784 3904 3065 3964 Damasum,
3092 3914 3142 3955 et
3168 3904 3414 3955 Occiden-

1872 3967 2014 4040 tales,
2042 3966 2241 4040 tumque
2261 3966 2442 4040 eﬂ'tfctu
2481 3966 2610 4015 illam
2647 3980 2743 4040 non
2765 3970 2986 4019 caruisse
3012 3976 3242 4040 censent,
3273 3980 3413 4018 eum-

1872 4044 1973 4091 que
1994 4032 2039 4078 in
2064 4028 2447 4093 Occidentalium
2465 4031 2858 4093 communionem
2882 4039 3160 4088 receptum.
3194 4028 3416 4093 Utraque

1875 4088 1985 4156 pars
2007 4104 2121 4152 una,
2150 4088 2314 4156 Italici
2333 4092 2583 4156 cujusdam
2606 4089 2805 4156 concilii
2844 4093 3047 4155 epistola
3085 4094 3274 4155 nititur,
3301 4088 3415 4156 quae

1872 4153 2074 4204 aliertur
2103 4169 2115 4205 :
2138 4155 2223 4218 qui
2241 4156 2306 4203 de
2330 4154 2441 4215 ejus
2465 4154 2678 4203 veritate
2695 4153 3046 4204 dubitaverint.
3255 4153 3267 4175 ’

116 4262 294 4321 decem
322 4264 447 4319 illos
475 4276 691 4317 menses
721 4260 1027 4327 addideris,
1066 4275 1203 4331 quos
1238 4257 1416 4314 Julius
1445 4257 1583 4312 falso
1613 4256 1711 4314 de-

118 4356 317 4413 lituisse
339 4356 560 4422 dicitur,
580 4353 739 4409 facile
763 4352 1035 4425 pertinges
1060 4352 1125 4406 ad
1149 4350 1449 4407 Constantii
1476 4351 1705 4421 obitum,

119 4459 271 4521 atque
299 4449 366 4504 ad
395 4459 607 4518 tempus
647 4446 800 4514 illud,
826 4461 954 4517 quo,
981 4454 1038 4501 ttt
1077 4445 1437 4515 Hieronymus
1481 4443 1557 4500 ait
1583 4442 1662 4515 (ά)
1694 4462 1706 4499 :

1883 4257 1943 4314 Si
1967 4258 2159 4315 littera:
2187 4258 2293 4313 illae
2318 4266 2623 4323 exstarent,
2647 4272 2780 4328 quas
2806 4257 3057 4315 Nicolaus
3089 4257 3419 4331 lseripsisse

1815 4351 2101 4406 Damasum
2131 4361 2335 4418 narrat,
2360 4359 2421 4406 ut
2450 4350 2716 4407 Maximus
2754 4352 3068 4424 episcopatu
3103 4353 3415 4424 pelleretur,

1814 4461 1922 4501 non
1954 4452 2101 4501 esset
2121 4443 2247 4499 huic
2288 4445 2682 4500 controversias
2712 4445 2888 4513 locus,
2938 4461 3112 4517 neque
3141 4462 3305 4504 ausus
3334 4463 3422 4503 es-

122 4542 363 4614 Episcopi
400 4542 489 4610 qui
518 4542 582 4595 de
614 4540 842 4612 propriis
886 4539 1089 4595 sedibus
1124 4538 1333 4610 fuerant
1361 4538 1709 4605 exterminati,
1737 4535 1790 4597 D
1816 4547 1900 4596 set
1931 4537 2071 4593 ullus
2100 4536 2299 4592 famam
2330 4536 2415 4593 vel
2446 4553 2513 4591 ex
2545 4536 2650 4593 hoc
2676 4538 2854 4609 capite
2887 4538 3152 4609 impetere
3187 4540 3422 4597 sanctis-

123 4651 207 4706 prr
235 4635 351 4691 novi
385 4633 633 4707 principis
670 4631 1049 4704 indulgentiam
1086 4630 1155 4686 ad
1185 4631 1424 4703 proprias
1452 4629 1710 4687 Ecclesia:

122 4731 373 4783 redierunt
397 4744 415 4782 :
445 4735 814 4797 praetereaque
838 4735 1049 4792 tumea,
1076 4741 1195 4796 qua:
1218 4740 1246 4778 a
1278 4723 1422 4780 Julio
1449 4732 1709 4780 extranea

123 4830 259 4880 sunt.
290 4819 358 4875 ad
387 4818 660 4875 Liberium
694 4817 1005 4890 pertinere,
1036 4828 1147 4873 tum
1177 4833 1305 4873 vero
1334 4818 1565 4874 alterum
1594 4817 1712 4890 ejus

124 4911 366 4967 exsilium
399 4912 541 4967 nulla
565 4910 738 4968 solida
760 4912 1045 4967 rationein
1070 4911 1291 4967 dubium
1324 4912 1529 4968 vocari.

127 5023 137 5027 ν
193 5006 368 5076 Atque
402 5005 516 5062 haec
546 5014 699 5072 sunt,
724 5021 845 5077 quae
880 5020 944 5061 ex
982 5004 1229 5075 diligenti
1276 5005 1712 5077 synchronorum

128 5099 333 5155 teatium
354 5098 603 5165 lectione,
626 5098 695 5155 de
724 5099 888 5155 rebus
910 5113 939 5153 a
957 5097 1175 5156 Liberio
1202 5098 1391 5155 exsule
1418 5099 1585 5170 gestis
1605 5100 1719 5156 col-

221 5238 273 5312 a)
312 5238 750 5312 Martyr._Adon..
778 5236 844 5305 11,
873 5237 1043 5312 April.
1076 5252 1132 5308 p.
1161 5235 1290 5293 662.

221 5311 272 5380 ὁ)
314 5310 462 5366 Fort.
493 5310 590 5366 vit.
613 5310 809 5378 Hilar.,
836 5326 892 5364 ιι.
917 5311 972 5366 8.

226 5390 274 5447 c)
315 5382 527 5454 Eragnt.
562 5384 647 5437 11.

203 5452 280 5526 (d)
320 5452 505 5526 Contr.
538 5454 729 5518 Lucif.,
758 5468 879 5526 cap.
904 5452 1005 5526 19.

148 5550 168 5598 ‘__
204 5520 277 5598 (ε)
315 5525 377 5598 ιι,
407 5527 523 5598 [aut
562 5527 665 5580 étre
718 5520 1331 5598 horriblementprevenu
1354 5538 1426 5598 e_n_
1453 5524 1630 5593 {aueur
1651 5520 1720 5598 _de

139 5592 501 5665 l‘infaillibtlité
523 5614 650 5664 pour
678 5596 905 5653 soutenir
940 5610 1039 5665 que
1082 5592 1259 5665 Licere
1288 5609 1351 5648 ne
1375 5592 1541 5647 blessa
1575 5593 1721 5662 point

142 5667 191 5720 la
212 5663 282 5737 [οἱ
312 5685 373 5723 en
397 5663 644 5724 adherant
669 5670 699 5723 ὰ
721 5669 771 5723 ια
792 5663 1008 5738 perﬁdie
1037 5666 1101 5719 de
1122 5663 1394 5738 Sirmium.
1424 5664 1575 5719 Aussi
1594 5665 1723 5738 voit-

142 5735 323 5809 anque
347 5756 476 5796 cena:
508 5741 593 5811 qui
622 5735 819 5812 parlen’t
854 5735 918 5796 de
947 5739 1001 5796 la
1033 5745 1171 5794 sorte
1195 5744 1309 5793 sont
1337 5736 1426 5793 des
1468 5751 1591 5808 gens
1634 5735 1725 5791 ob-

1816 4632 1937 4688 simi
1982 4644 2371 4701 sacrorumque
2395 4645 2665 4687 canonum
2692 4630 3169 4689 observantissimi
3200 4632 3423 4705 pontiﬁ-

1815 4725 1913 4781 cis.
1946 4723 2144 4780 Verum
2172 4723 2367 4794 injuria
2398 4734 2703 4795 temporum
2735 4722 2938 4780 factum
2967 4734 3074 4794 est,
3114 4734 3172 4780 ut
3201 4725 3416 4781 interci-

1820 4817 2015 4874 derent
2068 4831 2282 4885 omnes,
2335 4816 2379 4871 si
2432 4816 2569 4873 duas
2612 4816 2875 4888 excipias,
2936 4833 3071 4889 quas
3113 4817 3426 4875 llolstenius

1822 4909 2015 4976 edidit,
2046 4920 2206 4981 atque
2250 4925 2353 4982 ego
2394 4919 2609 4981 quarto,
2656 4918 2716 4965 et
2745 4910 2940 4981 quinto
2987 4911 3107 4966 loco
3152 4909 3425 4966 recensui.

1822 5004 2009 5077 Itaque
2027 5004 2246 5061 aliunde
2271 5014 2588 5075 argumenta
2616 5004 2914 5075 repetenda
2941 5013 3086 5070 sunt,
3108 5004 3302 5075 quibus
3322 5003 3429 5059 Da-

1823 5098 1960 5156 masi
2002 5113 2200 5155 nomen
2235 5114 2266 5155 a
2310 5099 2578 5155 calumnia
2623 5098 2952 5155 vindicetur.
2983 5097 3251 5153 Caeterum
3299 5111 3426 5152 cum
3510 5114 3515 5117 '

1825 5251 1993 5301 scurs,
2018 5235 2108 5303 qui
2129 5233 2323 5307 n‘osent
2343 5251 2397 5290 se
2426 5235 2561 5307 faire
2590 5233 2857 5307 connaitre
2888 5275 2904 5299 ,
2960 5231 3230 5307 quoigu‘ils
3264 5234 3429 5289 scient

1824 5302 2061 5379 protégés
2090 5307 2178 5361 des
2201 5302 2538 5379 puissances;
2571 5307 2700 5359 ntais
2731 5307 2784 5360 la
2804 5306 2953 5359 cltute
2968 5304 3032 5357 de
3063 5302 3244 5357 Libére
3263 5315 3335 5379 est
3359 5319 3429 5360 un

1823 5375 1957 5452 objet
1976 5375 2318 5452 impudicum
2350 5377 2481 5432 dans
2519 5387 2686 5432 toutes
2710 5393 2789 5452 ses
2819 5378 3215 5452 cit-constances.
3244 5375 3312 5452 (ρ
3350 5392 3431 5432 me

1826 5446 2058 5505 contente
2081 5449 2146 5504 de
2171 5466 2416 5519 renvoyer
2443 5465 2532 5504 sur
2563 5465 2621 5504 ce
2654 5450 2789 5519 sujet
2822 5448 2854 5501 ὰ
2899 5447 3212 5502 [excellente
3236 5446 3432 5513 disser-

1829 5522 1989 5576 tation
2010 5522 2073 5576 de
2104 5519 2182 5574 Μ.
2221 5518 2504 5592 Larroqttc.

1900 5592 1970 5665 (Γ)
2007 5592 2191 5665 'l‘outt.
2222 5592 2289 5648 ad
2330 5588 2876 5665 S.’_Cyril_l.Adissert.
2909 5589 2962 5655 1,
2988 5602 3109 5665 cap_.
3161 5589 3194 5644 7
3235 5597 3291 5648 et
3322 5589 3428 5663 £6;

1827 5660 2031 5737 Coi-gn.
2064 5662 2288 5720 dissert.
2313 5664 2380 5719 de
2404 5660 2537 5734 Syn.
2563 5660 2821 5727 Arimin.,
2850 5670 3042 5732 qutest.
3074 5662 3129 5716 '5.
