3878 6346
536 221 644 292 .3235

1747 220 2060 289 SANCTUS
2099 221 2424 290 DhIhSUS
2464 223 2662 282 PAPA.

3701 239 3771 302 Sil

535 337 695 396 binas
729 335 872 403 illas,
903 308 1023 406 quae
1073 339 1383 404 supersunt,
1417 330 1680 405 Basnagio
1707 336 1929 396 videndi
1977 337 2131 414 copia
2159 337 2322 402 Λαίς
2371 340 2686 410 apostolica“.
2731 339 2946 410 juribus
2997 352 3145 402 recte
3200 356 3592 418 comparatum,
3635 365 3771 408 eorum

534 429 723 497 fuerit,
751 428 1106 488 deridiculum
1126 442 1187 486 se
1218 427 1466 500 prmbuit,
1498 444 1622 486 cum
1651 430 1928 488 Nicolaum
1957 433 2131 503 ipsum

536 523 805 580 mendacii
832 521 1176 594 expostulare
1201 538 1366 580 ausus
1396 532 1496 586 est,
1514 524 1636 594 quia
1652 526 1797 582 nulla
1818 537 1983 584 exstat
2017 526 2126 581 Da-

535 617 666 670 masi
685 617 925 688 epistola,
955 631 1069 684 qute
1098 613 1307 672 Nicolai
1334 615 1486 674 dictis
1517 618 1758 687 pt'a’sidio
1794 619 1860 674 sit
1889 619 1990 690 (tt).
2021 618 2135 676 Uti-

531 725 651 764 nain
699 725 828 766 vero
870 709 1238 766 Romanorum
1267 713 1578 781 pnntilicum
1606 721 1817 781 regesta
1856 722 2134 770 exstarent

527 802 704 858 adhuc
736 819 750 855 :
785 818 852 858 ex
885 801 949 857 iis
979 801 1127 857 enim
1157 817 1261 874 ego
1293 803 1515 860 miuitne
1543 804 1754 868 dubito.
1786 807 1916 876 quin
1961 807 2131 864 maxi-

526 911 672 950 mum
700 895 857 952 uoliis
888 895 1204 968 praesidium
1230 907 1282 954 et
1299 895 1487 962 decus,
1521 897 1795 956 lmreticis
1827 915 1954 956 vero
1980 899 2132 956 aliis-

523 1005 628 1060 que
658 987 807 1046 sedis
836 989 1152 1060 apostolica:
1181 990 1644 1062 oppugnatoribus
1685 991 1753 1056 ad
1798 1006 2130 1063 cognoscen-

523 1082 647 1142 dam
681 1083 965 1140 veritatem
1014 1084 1195 1140 lumen
1238 1083 1550 1160 all‘ulgeret;
1601 1084 1696 1146 sed
1719 1085 1832 1156 jam
1875 1085 1946 1148 ad
1974 1086 2131 1146 insti-

523 1185 720 1232 tutum.

594 1273 796 1328 Eorum
830 1273 1010 1346 igitur,
1043 1271 1137 1344 qui
1166 1271 1458 1328 Damasum
1501 1271 1736 1328 Maximo
1783 1271 1991 1345 Cynico
2032 1273 2126 1330 ad-

520 1383 710 1424 versus
739 1367 1063 1440 Gregorium
1100 1365 1499 1422 Nazianzenum
1549 1367 1823 1422 studuisse
1858 1368 2126 1422 arbitran-

522 1473 632 1532 tur,
664 1463 773 1518 duo
804 1473 930 1518 sunt
979 1462 1304 1532 scriptorum
1351 1477 1581 1534 genera;
1625 1462 1716 1518 alii
1751 1461 2126 1530 deprimendis

518 1555 676 1612 Sedis
713 1553 1066 1624 Apostolicaa,
1108 1563 1163 1610 et
1211 1553 1580 1608 Romanorum
1627 1554 1951 1612 Pontiﬁcum
1988 1554 2126 1624 juri-

517 1649 639 1716 bus,
671 1649 765 1710 alii
793 1664 920 1706 vero
945 1647 1279 1704 vindicandis
1307 1646 1524 1714 intenti,
1553 1653 1673 1703 'uuo
1705 1657 1882 1703 tamen
1908 1662 2121 1714 omnes,

2239 440 2358 488 esto
2396 432 2682 504 judicium,
2726 436 2816 506 qui
2858 451 3045 494 secum
3092 440 3418 509 reputarint,
3467 458 3621 513 quem
3659 460 3775 502 causa

2237 521 2329 578 illa
2383 525 2586 580 exitum
2617 525 2912 598 aliquando
2944 528 3215 586 habuerit.
3250 530 3438 603 Itaque
3467 549 3588 592 cum
3610 551 3667 591 ea
3696 540 3774 608 epi-

2233 617 2376 672 stola
2405 617 2600 676 JOanni
2634 619 2988 695 David(e),ac
3014 624 3186 682 Natali
3218 625 3531 684 Alexandro
3559 629 3618 701 (i)
3650 630 3774 688 dabis

2235 709 2359 766 ﬁdei
2404 712 2519 768 visa
2546 712 2728 784 fuerit,
2763 730 2829 772 ac
2857 716 2956 772 viri
3007 718 3082 776 illi
3129 721 3316 778 eximii
3366 711 3597 780 summis
3623 733 3774 782 tantum

2235 803 2392 861 labiis
2445 822 2557 862 rem
2601 808 2846 878 attigisse
2875 811 3054 880 potius
3092 829 3254 883 quam
3282 814 3590 872 confecisse
3610 815 3772 874 videan-

2233 906 2342 962 tur,
2389 914 2553 968 opere
2605 917 2691 956 me
2720 903 2950 972 pretium
2983 903 3252 962 facturum
3284 909 3496 976 putavi,
3525 910 3572 968 si
3619 911 3667 970 in
3693 927 3772 968 esu

2232 993 2544 1065 diligentius
2560 996 2912 1068 inquirerem,
2929 1007 2984 1056 et
3002 1001 3254 1069 graviora
3281 1003 3496 1073 aliquot
3515 1016 3774 1074 argumenti

2231 1102 2442 1156 eorum,
2470 1089 2560 1160 qui
2583 1089 2838 1162 legerint,
2874 1092 3086 1162 judicio
3109 1096 3470 1166 subjicerem,
3498 1099 3680 1170 quibus
3703 1111 3774 1156 tu

2232 1179 2448 1238 Damasi
2480 1183 2620 1238 fama
2676 1184 2730 1240 in
2762 1193 2880 1240 tuto
2910 1196 3164 1258 ponatur,
3193 1197 3306 1244 tum
3339 1189 3555 1248 falsitas
3578 1195 3683 1261 ejus
3702 1197 3772 1263 cpi

2231 1274 2414 1340 stolas,
2435 1274 2508 1329 ob
2534 1291 2695 1345 quam
2727 1275 2813 1332 hic
2842 1278 3124 1352 cujusdam
3157 1280 3324 1336 veluti
3365 1283 3776 1352 praevaricationis

2229 1380 2354 1422 rens
2375 1367 2573 1438 agitur,
2602 1379 2858 1426 constare
2889 1372 3060 1443 magis
3103 1383 3307 1444 posset.
3359 1375 3474 1431 Sed
3509 1385 3569 1432 ut
3604 1377 3776 1432 lectores

2227 1459 2422 1514 minori
2448 1460 2792 1517 incommodo
2815 1479 2928 1518 rem
2953 1465 3054 1535 ipsi
3074 1465 3379 1535 diiudicare
3401 1469 3636 1540 possint,
3654 1467 3774 1539 ipsam

2226 1561 2351 1608 ante
2381 1555 2558 1608 omnia
2601 1554 2771 1612 Italici
2803 1557 3020 1615 concilii
3045 1559 3331 1630 epistolam
3359 1559 3566 1616 iterum
3615 1560 3690 1615 hic
3717 1562 3776 1615 de-

2226 1647 2567 1704 scribendam
2580 1650 2787 1705 censui.
2814 1651 3032 1707 Concilii
3061 1651 3236 1708 Italic:
3259 1652 3330 1706 ad
3361 1652 3699 1710 Theodosium
3717 1655 3776 1708 ia-

517 1743 822 1813 eodemque
849 1742 1098 1814 praesidio
1123 1752 1366 1807 utuntur,
1398 1759 1504 1797 uno
1533 1742 1743 1797 scilicet
1765 1739 1955 1798 Italico
1987 1741 2122 1796 Con-
2151 1741 2198 1810 Β
2227 1751 2531 1810 peratorem,
2563 1744 2626 1798 de
2652 1745 2893 1816 episcopo
2921 1746 3208 1802 Antiochia:
3237 1747 3530 1819 subrogato
3559 1760 3666 1821 post
3687 1767 3776 1804 uet-

513 1840 660 1905 cilio,
689 1853 898 1909 unaque
921 1839 1039 1906 ejus
1059 1837 1310 1907 epistola,
1345 1848 1508 1906 atque
1531 1851 1634 1891 una
1657 1851 1867 1902 omnes,
1899 1834 2119 1892 eadem-

514 1948 624 2004 que
653 1932 738 1988 via
766 1931 1105 1996 incedentes,
1134 1928 1469 1986 contrarium
1491 1929 1595 1985 sibi
1621 1937 1932 1998 proponunt
1959 1929 2120 1984 itine-

513 2027 591 2081 ris
623 2026 804 2082 finem.
836 2024 985 2082 Hanc
1017 2024 1224 2094 primus
1254 2022 1553 2092 Epistolam
1604 2021 1659 2076 in
1693 2022 1864 2076 lucem
1895 2021 2122 2093 protulit

513 2119 600 2180 vir
647 2119 841 2174 summi
867 2117 1082 2190 judicii,
1125 2127 1181 2174 et
1213 2117 1436 2172 infinitae
1467 2117 1713 2172 lectionis
1741 2115 1975 2174 Jacobus
2004 2115 2121 2170 Sir-

516 2213 768 2280 tnondus,
803 2214 853 2272 in
883 2211 1184 2284 appendice
1209 2212 1426 2268 Cndicis
1450 2209 1816 2268 Tlieodosiani
1838 2221 2119 2284 postremo

508 2307 632 2364 loco
661 2307 760 2379 (b),
785 2323 1016 2378 eamque
1051 2306 1311 2376 deinceps
1340 2320 1531 2361 omnes
1568 2305 1838 2376 complexi
1870 2316 1998 2362 sunt
2025 2321 2118 2364 ve-

507 2398 606 2460 luti
644 2400 710 2454 ad
737 2399 814 2466 id,
843 2399 988 2470 quod
1036 2399 1136 2465 sibi
1177 2407 1594 2470 proposuerant,
1639 2398 1978 2469 probandum
2017 2397 2118 2454 im-

509 2491 701 2562 primis
734 2493 983 2548 idoneam
1010 2508 1026 2558 ;
1057 2507 1120 2548 ac
1152 2492 1409 2563 postremi
1435 2491 1673 2561 Operum
1705 2489 1978 2546 Ambrosii
2001 2489 2114 2548 edi-

508 2596 676 2652 tores,
702 2586 868 2650 veluti
891 2585 1080 2642 fastum
1109 2597 1256 2642 tanto
1286 2587 1518 2657 pressule
1543 2584 1786 2655 dignum,
1823 2600 1950 2640 cum
1988 2587 2114 2642 reli-

505 2682 629 2751 quis
655 2682 776 2750 ejus
816 2681 1063 2751 epistolis
1091 2680 1507 2752 imprimendam
1545 2677 1921 2738 admiserunt:
1955 2695 2021 2738 ex
2047 2695 2110 2736 ea

507 2773 655 2832 enim
680 2773 931 2834 Baluzius
960 2773 1060 2847 (c),
1094 2784 1254 2844 atque
1275 2773 1370 2828 alti
1400 2772 1646 2832 nonnulli
1670 2773 1952 2844 colligunt,
1985 2773 2109 2830 uul-

2227 1845 2325 1890 tcm
2351 1834 2559 1892 Melitii.
2585 1835 2654 1890 Et
2673 1847 2729 1892 ut
2755 1837 3032 1896 Nectar-ius
3052 1838 3510 1910 Constantinopoli
3531 1853 3640 1914 post
3658 1841 3776 1898 lasi-

2225 1944 2366 1982 mutn
2393 1929 2664 1986 ordinatus
2703 1931 2814 1986 loco
2843 1932 3015 2000 cedat,
3037 1943 3126 1988 aut
3156 1931 3343 1990 Roma
3383 1952 3547 2004 super
3577 1937 3778 2005 utriusqu

2225 2023 2552 2078 ordinatione
2576 2024 2854 2080 concilium
2882 2025 3149 2082 habeatur.
3187 2025 3505 2083 Beatissimo
3533 2028 3776 2100 imperatori

2223 2124 2269 2170 et
2291 2115 2684 2172 clementissimo
2715 2119 2941 2192 principi
2957 2117 3273 2190 Theodosio,
3297 2119 3634 2190 Ambrosius,
3659 2131 3699 2178 et
3717 2137 3778 2174 ce-

2223 2210 2320 2263 leri
2359 2211 2587 2284 episcopi
2619 2209 2812 2268 Italia.

2294 2303 2547 2359 Sanctum
2601 2306 2830 2360 animum
2879 2316 3023 2362 tuum
3072 2304 3181 2362 Deo
3225 2309 3583 2382 omnipotenti
3621 2320 3778 2383 purae

2218 2395 2420 2450 sincera
2459 2396 2564 2468 ﬁde
2616 2398 2845 2452 deditum
2885 2398 3170 2455 sciebamus
3222 2416 3240 2453 .'
3279 2401 3368 2456 sed
3410 2403 3695 2458 recentibus
3724 2417 3778 2454 ca-

2220 2487 2432 2544 mulasti
2490 2489 2788 2558 beneﬁciis,
2839 2491 2977 2564 quod
3016 2491 3311 2549 Catholicos
3352 2492 3618 2552 επιεάή
3654 2495 3776 2548 redii-

2218 2582 2338 2638 dislt'
2363 2624 2379 2650 ,
2441 2582 2722 2656 imperator
2776 2589 3028 2658 Auguste.
3061 2586 3228 2657 Atque
3282 2588 3494 2642 utinam
3545 2586 3776 2644 Catholica

2213 2673 2354 2743 ipsos
2393 2676 2693 2732 reverentia
2738 2678 2896 2734 ueteri
2932 2679 3248 2736 reddidisses
3273 2720 3288 2750 ,
3327 2689 3386 2733 ut
3423 2680 3570 2734 nihil
3595 2687 3777 2733 nostrut

2213 2778 2394 2820 contra
2431 2769 2736 2838 praescripta
2776 2773 3068 2843 majorum,
3113 2788 3203 2834 nec
3243 2784 3430 2828 temere
3479 2773 3560 2828 vel
3584 2771 3774 2828 seruata

501 2867 607 2928 lius
639 2876 768 2926 tunc
799 2883 951 2935 usus,
980 2877 1143 2938 atque
1188 2868 1527 2926 auctoritatis
1557 2865 1719 2924 fuisse
1759 2865 2109 2923 Sardicenses
2210 2859 2593 2926 νεεοίηάενεηι,
2646 2861 2724 2916 vel
2773 2863 3110 2922 rescindendo
3159 2875 3449 2920 servarent.
3514 2865 3686 2936 Itaque
3717 2865 3773 2917 di-

503 2961 570 3018 de
588 2962 952 3032 appellatione
979 2975 1253 3028 Cannues;
1283 2977 1404 3016 nam
1439 2960 1484 3016 si
1507 2963 1709 3030 recepti
1730 2961 1840 3030 jam
1872 2959 2103 3027 fuerant,
2210 2953 2395 3008 lentius
2433 2956 2565 3024 forte
2603 2971 2760 3027 quam
2799 2958 3142 3012 inconsultius
3190 2959 3618 3036 ingemisca'mus,
3661 2961 3772 3028 impt-

503 3072 602 3112 cur
656 3072 762 3110 non
812 3055 1079 3126 pr0positi
1134 3070 1228 3125 per
1269 3052 1487 3110 Italicos
1533 3055 1799 3126 prmsules
1848 3053 1948 3109 hac
1987 3053 2102 3126 ipsa
2207 3058 2381 3114 rator,
2439 3049 2648 3120 facilius
2685 3052 2872 3120 expelli
2922 3053 3152 3120 potuisse
3186 3050 3498 3119 hwreticos,
3527 3055 3772 3123 quoniam

500 3149 752 3220 epistola,
783 3160 841 3212 ut
867 3165 930 3206 ea
959 3149 1178 3205 Maximi
1205 3149 1623 3220 appellationem
1656 3149 1972 3205 tuerentur?
1999 3149 2103 3203 Du-
2131 3135 2177 3200 C
2207 3139 2500 3196 Cutholicos
2525 3143 2814 3198 convenire.
2849 3143 3055 3210 Quanta
3079 3145 3214 3198 enim
3239 3161 3408 3214 nuper
3426 3146 3664 3217 confusio
3675 3145 3772 3214 {ads

500 3245 679 3314 pinius
705 3255 890 3306 autem
922 3243 1023 3317 (ά),
1056 3253 1112 3298 et
1138 3244 1462 3312 Quesuellus
1502 3259 1601 3315 pro
1638 3260 1788 3298 more
1819 3243 1952 3298 nihil
1996 3259 2100 3299 non

2213 3234 2304 3300 sit,
2357 3234 2608 3301 explicari
2657 3252 2758 3290 non
2808 3247 2994 3309 potest.
3042 3237 3435 3310 Scripseramus
3487 3239 3706 3304 dudum,
3736 3245 3769 3286 st

495 3337 716 3402 audent,
745 3345 1105 3407 asseruntque
1139 3346 1340 3391 temere
1369 3352 1490 3392 cum
1524 3335 1850 3391 Eusebianis
1897 3335 2102 3406 Philip.

2213 3329 2444 3393 quoniam
2497 3329 2814 3385 Antiochena
2868 3332 3047 3386 civitas
3088 3333 3218 3388 duos
3262 3333 3480 3390 haberet
3522 3336 3767 3404 episcopoS.

496 3429 677 3499 potioli
701 3430 1068 3500 congregatis,
1097 3427 2099 3501 nihilsynodoOccidentaliumcontra
2207 3419 2490 3476 Paulinum
2522 3432 2674 3493 atque
2713 3421 3014 3492 Metilium,
3052 3439 3180 3494 quas
3209 3425 3332 3495 ﬁdei
3365 3427 3638 3482 concinere
3661 3435 3767 3494 pm-

495 3523 804 3582 Orientales
834 3524 1000 3580 licere
1026 3531 1298 3590 statuere;
1327 3533 1438 3578 tum
1469 3523 1612 3593 quod
1657 3538 1846 3578 eorum
1873 3533 2100 3578 conatus
2203 3515 2380 3570 bam!“
2401 3558 2416 3582 s
2450 3528 2538 3570 ααι
2569 3517 2703 3574 inter
2731 3519 2871 3586 ἕρδοι
2902 3534 3038 3588 Pax.
3077 3527 3124 3573 ει
3157 3520 3434 3573 concordia
3471 3522 3617 3574 salvo
3641 3519 3768 3573 οτάέιιι

497 3616 692 3672 effectu
741 3618 1034 3682 caruerint,
1076 3632 1198 3671 cum
1239 3615 1505 3671 Maximus
1556 3614 1803 3686 Cynicus
1835 3625 2098 3685 perpetuo
2204 3609 2571 3666 Ecclesiastico
2602 3614 2923 3678 conueniret,
2954 3623 3044 3668 aut
3072 3624 3208 3670 certe
3236 3615 3280 3668 si
3300 3614 3418 3685 quis
3445 3629 3628 3668 eorum
3651 3613 3765 3666 altera

495 3716 880 3764 exauctoratus
927 3711 1214 3775 manserit;
1248 3717 1360 3763 tum
1401 3707 1545 3779 quod
1587 3707 1963 3764 Occidentales
1996 3709 2094 3779 ipsi

495 3799 599 3855 hoc
646 3811 832 3872 aperte
881 3801 1170 3868 fateantur,
1219 3817 1346 3858 cum
1395 3801 1498 3858 sibi
1544 3819 1646 3856 non
1698 3804 2095 3873 praerogatiuam

492 3899 752 3954 uindicant
795 3898 1068 3966 examinis,
1113 3898 1202 3955 sed
1237 3900 1551 3956 consortium
1597 3907 1776 3969 petunt
1813 3901 2094 3962 communis

491 3992 716 4048 arbitrii.
740 3992 948 4059 Quibus
976 3992 1217 4062 profecto
1239 3992 1418 4047 verbis
1441 3991 1547 4047 hoc
1569 3992 1854 4052 dumtaxat
1881 3993 2094 4062 volunt,

495 4095 552 4142 ut
599 4101 723 4142 cum
765 4083 1153 4152 Orientalibus,
1188 4099 1296 4144 non
1329 4083 1397 4141 de
1431 4083 1796 4148 Orientalibus
1823 4085 2087 4156 judicent.

490 4179 570 4236 Ex
597 4179 830 4236 adverso
874 4179 1055 4250 Lupus
1085 4177 1160 4251 (ο)
1201 4194 1266 4234 ac
1291 4178 1717 4236 Sclielestratius
1740 4180 1812 4253 (1)
1842 4180 1980 4236 hanc
2010 4182 2093 4252 ip-

489 4288 608 4332 sam
647 4273 934 4346 epistulam
986 4273 1244 4330 Romanae
1290 4271 1506 4346 synodo
1550 4287 1614 4327 ac
1659 4272 1889 4328 Damaso
1937 4273 2092 4328 altri-

491 4366 680 4433 buunt;
711 4384 779 4424 ex
809 4383 980 4439 eaque
1015 4368 1329 4434 conficiunt,
1357 4376 1466 4426 tum
1501 4366 1790 4428 Maximum
1825 4366 2088 4424 beneficio

490 4459 889 4527 appellationis,
931 4468 1043 4515 tum
1075 4461 1369 4518 Damasum
1395 4460 1516 4530 jure
1554 4476 1654 4520 suo
1708 4475 1862 4520 usum
1895 4458 2081 4525 fuisse,

2197 3705 2470 3774 superstite
2500 3705 2831 3772 decessisset,
2864 3707 3010 3760 nulla
3051 3706 3344 3780 subrogatio
3383 3709 3436 3762 in
3467 3707 3686 3778 defuncti
3713 3706 3764 3756 la-

2197 3817 2312 3855 cum
2333 3843 2350 3869 ,
2391 3805 2664 3872 superstite
2692 3803 2877 3864 altero.
2900 3805 3216 3878 gigneretur.
3251 3805 3316 3860 At
3342 3823 3484 3862 nunc
3506 3806 3692 3862 Melitie
3708 3803 3765 3856 dt.

2198 3898 2376 3966 functo
2401 3936 2416 3959 ,
2447 3893 2675 3949 Paulino
2721 3898 2996 3969 superstite
3020 3939 3035 3964 ,
3068 3913 3218 3967 quem
3246 3898 3303 3952 in
3330 3901 3682 3953 communione
3704 3911 3762 3948 re-

2196 4001 2338 4056 stra,
2371 3988 2622 4042 mansisse
2665 3989 2956 4055 consortia,
3003 4005 3118 4060 quae
3155 4005 3188 4043 a
3237 3991 3530 4064 majoribus
3565 3987 3763 4056 iaciens:

2197 4082 2354 4136 ducta
2403 4090 2660 4136 testantur
2681 4120 2697 4148 ,
2746 4091 2931 4136 contra
2970 4083 3051 4153 fas
3087 4091 3238 4154 atque
3269 4083 3667 4138 ecclesiasticum
3702 4096 3758 4132 or-

2196 4175 2366 4229 dinem
2386 4216 2402 4241 ,
2434 4177 2490 4230 in
2535 4174 2705 4230 locum
2743 4173 2974 4242 Meletii,
3014 4193 3118 4230 non
3149 4187 3252 4232 tam
3278 4181 3594 4252 subrogatus
3616 4191 3757 4248 ,ηυδε

2194 4270 2551 4341 superpositus
2618 4273 2894 4326 usseritur.
2949 4270 3114 4342 Atque
3163 4270 3259 4326 hoc
3306 4271 3506 4342 {acutus
3554 4273 3756 4342 allegant

2194 4361 2529 4418 consensione
2551 4370 2600 4416 et
2630 4362 2846 4418 consilio
2880 4361 3114 4418 Nectarii
3137 4404 3154 4429 ,
3183 4365 3334 4438 cujus
3364 4365 3626 4420 ordinatio
3647 4377 3754 4433 quin

2191 4455 2423 4510 ordinem
2474 4453 2706 4510 habuerit
2745 4470 2852 4510 non
2890 4455 3140 4509 videmus.
3185 4454 3428 4527 Namque
3471 4460 3530 4512 in
3583 4453 3752 4512 concilia

489 4565 612 4607 cum
671 4569 794 4610 eum
837 4553 890 4608 in
937 4555 1378 4618 communionem
1400 4529 1636 4622 recepit,
1675 4561 1837 4622 atque
1886 4553 1939 4607 in
1971 4554 2086 4623 epi—
2112 4529 2166 4592 Ῑ)
2192 4564 2356 4620 nuper
2380 4588 2400 4618 ,
2426 4564 2541 4604 cum
2575 4546 2838 4606 Maximus
2878 4549 3154 4618 episcopus
3201 4550 3572 4606 Alexandrina
3613 4547 3750 4605 Eccle-

487 4645 644 4713 βοοβί
669 4645 892 4716 gradum
917 4648 1172 4713 restituit,
1197 4662 1228 4704 a
1253 4661 1360 4718 quo
1389 4647 1480 4701 ille
1503 4661 1600 4716 per
1623 4645 2084 4716 Constantinopo-

487 4739 708 4800 litanae)
737 4739 1010 4811 synodum.
1029 4739 1274 4808 deiectus
1303 4739 1480 4796 fuerat
1509 4756 1522 4792 :
1549 4738 1694 4809 quod
1727 4755 1900 4809 nuper
1919 4738 2083 4796 etiam

486 4837 696 4894 sentire
721 4835 868 4890 visus
897 4843 980 4890 est
1009 4833 1091 4888 vir
1120 4834 1256 4890 clar.
1291 4833 1352 4888 P.
1375 4832 1614 4888 Joannes
1633 4831 1901 4886 Antonius
1927 4833 2085 4888 Blan-

483 4935 580 4986 ωε
599 4943 667 4987 ex
695 4925 1112 4984 Observantium
1142 4924 1344 4984 familia
1367 4922 1471 4996 (g),
1501 4937 1564 4980 ac
1601 4922 1661 4978 P.
1693 4921 1780 4978 Jo.
1811 4921 2080 4995 Cllrysos-

485 5031 665 5078 tomus
693 5035 730 5080 a
755 5019 814 5076 S.
846 5015 1053 5086 Josepla
1076 5032 1140 5074 ex
1167 5018 1380 5079 piarum.
1403 5014 1730 5078 Scholarum
1754 5013 1967 5072 clericis
1996 5015 2078 5088 (It)

482 5130 619 5186 quos
651 5114 872 5174 honoris
920 5125 1088 5172 causa
1133 5109 1442 5170 nominatos
1468 5108 1654 5172 velim.
1703 5107 1776 5172 At
1823 5123 1974 5175 vero,
2008 5124 2076 5164 an

482 5205 584 5263 hoc
615 5205 758 5278 quod
807 5205 907 5260 viri
947 5201 1022 5258 illi
1054 5199 1356 5257 doctissimi
1405 5214 1473 5256 ex
1503 5198 1603 5253 hac
1641 5199 1871 5268 epistola
1917 5215 2080 5270 argu-

482 5311 724 5356 mentum
751 5295 990 5364 trahunt,
1019 5293 1152 5350 satis
1184 5293 1396 5348 firmum
1423 5290 1514 5359 sit,
1559 5296 1616 5346 et
1643 5291 1950 5348 asserendis
1987 5305 2078 5348 se-

555 5478 640 5620 ἒα)
657 5478 740 5534 Ad
766 5493 896 5534 ann.
925 5476 1053 5538 581,
1079 5491 1134 5529 u.
1162 5474 1218 5530 ὅ.
1581 5541 1592 5552 .

581 5551 632 5620 b)
661 5552 850 5620 Oper.,
880 5559 1012 5604 tom.
1042 5545 1086 5612 l,
1119 5561 1172 5616 p.
1200 5542 1464 5620 429W”.
1495 5539 1592 5598 Edt

581 5539 632 5622 bi
661 5552 1012 5622 Oper.,tom.
1042 5545 1086 5612 l,
1119 5561 1172 5616 p.
1200 5542 1464 5622 42_9Nes.
1495 5539 1646 5598 Edit.

559 5615 636 5694 (ei
656 5615 1073 5694 οόιιριίιξυ-,ωο
1105 5615 1226 5694 eo.
1256 5615 1310 5694 ῥα

561 5685 640 5762 (ά)
668 5692 813 5749 Eccl.
842 5685 1066 5760 Discipl.
1092 5685 1227 5746 dies.
1255 5688 1329 5762 2L
1347 5686 1380 5762 ᾖ
1405 5685 1460 5741 3-

562 5759 634 5835 (ε)
674 5764 746 5820 De
769 5763 928 5819 Rom.
957 5759 1108 5832 app.,
1138 5775 1258 5830 cap.
1300 5759 1390 5817 51.

2187 4643 2277 4698 site
2315 4643 2725 4696 communionem
2770 4658 2977 4706 manere
3017 4659 3192 4698 secum
3234 4645 3377 4700 lectis
3424 4645 3568 4704 Petri
3603 4651 3750 4702 sancte

2187 4736 2448 4792 mammia:
2483 4736 2582 4790 viri
2620 4736 2804 4791 litteris
2851 4735 3164 4805 prodidisset
3187 4779 3204 4810 ,_
3249 4755 3464 4810 euntque
3506 4741 3641 4794 intra
3673 4734 3748 4806 pri-

2185 4838 2332 4888 uatas
2361 4829 2498 4884 mdes
2524 4867 2544 4901 η
2568 4829 2698 4898 quia.
2724 4827 2904 4886 Ariani
2933 4828 3174 4892 basilicas
3200 4829 3374 4888 adhuc
3405 4831 3669 4893 tenebant,
3692 4842 3748 4881 st-

2183 4937 2374 4976 cretum
2398 4938 2505 4978 esse
2532 4964 2550 4988 ,
2580 4920 2975 4982 mandatoribus
3001 4924 3256 4994 episcopis
3281 4925 3662 4990 ordinantibus,
3689 4921 3745 4974 di-

2181 5014 2358 5070 lucida
2388 5015 2746 5084 testiﬁcatione
2791 5013 3086 5082 docuisset,
3141 5017 3273 5072 nihil
3318 5017 3586 5073 habuimus
3608 5059 3624 5080 ,
3658 5015 3744 5068 bes-

2182 5109 2373 5168 tiasime
2417 5109 2656 5179 princeps
2682 5147 2698 5171 ,
2747 5107 2803 5162 in
2843 5124 2942 5180 quo
2986 5109 3051 5164 de
3087 5110 3390 5182 episcOpatu,
3408 5114 3518 5184 ejus
3546 5107 3742 5162 dubitat!

2181 5218 2444 5272 possemus
2469 5241 2486 5267 ,
2526 5217 2641 5254 cum
2680 5203 2782 5254 vim
2813 5201 2911 5256 sibi
2950 5205 3260 5276 repugnanti
3290 5220 3323 5256 a
3349 5204 3596 5273 plerisque
3618 5199 3738 5254 etiam

2179 5294 2244 5348 de
2280 5294 2472 5366 papula
2521 5303 2569 5348 et
2616 5293 2758 5348 clero
2797 5303 3011 5350 testatus
3044 5305 3178 5351 esset
3218 5295 3437 5351 illatam.
3467 5293 3654 5356 Tamen
3693 5300 3738 5342 ηε

2254 5472 2323 5544 (f)
2361 5473 2727 5548 Antiq._E_ccl_.
2746 5474 2982 5548 dissert.
3015 5477 3051 5534 6
3074 5520 3090 5542 .
3119 5494 3240 5546 cap.
3272 5481 3340 5548 4,
3363 5491 3464 5542 art.
3492 5479 3550 5539 Ξ.

2255 5543 2332 5623 (ρ)
2372 5543 2527 5623 Tom.
2558 5545 2674 5623 lli,
2702 5546 2799 5608 lib.
2832 5563 2908 5623 ιι.
2932 5563 3062 5623 gap.
3090 5551 3154 5623 ζα,
3183 5543 3211 5623 §
3244 5543 3332 5610 ll;

2251 5619 2332 5696 (ll)
2354 5617 2600 5696 ,υίδειθιῑξ-
2627 5617 2704 5678 «ιθ
2723 5620 2902 5696 appet.-
2927 5618 2985 5678 S-
3005 5617 3253 5696 'Athati-s
3274 5637 3394 5696 car.
3423 5623 3474 5684 ι

2253 5689 2316 5764 (i)
2354 5688 2436 5764 De
2458 5686 2637 5746 Judic.
2655 5686 2840 5764 epist.
2863 5689 3024 5764 (iam,
3052 5708 3108 5764 p.
3140 5686 3264 5753 196.

2248 5761 2324 5833 Ο)
2361 5760 2486 5818 δεο·
2516 5777 2568 5818 ιν
2591 5799 2610 5828 θ
2637 5760 2854 5824 disert.
2878 5763 2978 5832 28,
2999 5760 3157 5838 prop.
3181 5765 3234 5826 3.
