  <div class='ocr_page' id='page_1' title='image "/cluster/home/n/w/nwhite01/storage/ocr_20150623/13/hvd.32044015471295/168.png"; bbox 0 0 3950 6330; ppageno 0'>
   <div class='ocr_carea' id='block_1_1' title="bbox 170 246 272 310">
    <p class='ocr_par' dir='ltr' id='par_1_1' title="bbox 170 246 272 310">
     <span class='ocr_line' id='line_1_1' title="bbox 170 246 272 310; baseline -0.029 -1"><span class='ocrx_word' id='word_1_1' title='bbox 170 246 272 310; x_wconf 72' lang='lat'><strong><em>325</em></strong></span> 
     </span>
    </p>
   </div>
   <div class='ocr_carea' id='block_1_2' title="bbox 1522 245 2060 329">
    <p class='ocr_par' dir='ltr' id='par_1_2' title="bbox 1522 245 2060 329">
     <span class='ocr_line' id='line_1_2' title="bbox 1522 245 2060 329; baseline -0.011 -18"><span class='ocrx_word' id='word_1_2' title='bbox 1522 245 2060 329; x_wconf 63' lang='lat' dir='ltr'><strong><em>rnoaeoousus.</em></strong></span> 
     </span>
    </p>
   </div>
   <div class='ocr_carea' id='block_1_3' title="bbox 3356 256 3460 316">
    <p class='ocr_par' dir='ltr' id='par_1_3' title="bbox 3356 256 3460 316">
     <span class='ocr_line' id='line_1_3' title="bbox 3356 256 3460 316; baseline 0.01 -1"><span class='ocrx_word' id='word_1_3' title='bbox 3356 256 3460 316; x_wconf 66' lang='lat'><strong><em>528</em></strong></span> 
     </span>
    </p>
   </div>
   <div class='ocr_carea' id='block_1_4' title="bbox 166 363 3460 446">
    <p class='ocr_par' dir='ltr' id='par_1_4' title="bbox 166 363 3460 446">
     <span class='ocr_line' id='line_1_4' title="bbox 166 363 3460 446; baseline 0.002 -24"><span class='ocrx_word' id='word_1_4' title='bbox 166 366 442 422; x_wconf 80' lang='lat' dir='ltr'><strong><em>absentibus</em></strong></span> <span class='ocrx_word' id='word_1_5' title='bbox 467 363 704 438; x_wconf 84' lang='lat' dir='ltr'><strong><em>partibus</em></strong></span> <span class='ocrx_word' id='word_1_6' title='bbox 732 373 1048 438; x_wconf 82' lang='lat' dir='ltr'><strong><em>prasuntpte</em></strong></span> <span class='ocrx_word' id='word_1_7' title='bbox 1086 365 1288 436; x_wconf 77' lang='lat' dir='ltr'><strong><em>aliquid</em></strong></span> <span class='ocrx_word' id='word_1_8' title='bbox 1319 366 1559 438; x_wconf 84' lang='lat' dir='ltr'><strong><em>deﬁnisse</em></strong></span> <span class='ocrx_word' id='word_1_9' title='bbox 1608 368 1744 431; x_wconf 81' lang='lat' dir='ltr'><strong><em>vide-</em></strong></span> <span class='ocrx_word' id='word_1_10' title='bbox 1777 374 1826 435; x_wconf 80' lang='grc' dir='ltr'><strong>Α</strong></span> <span class='ocrx_word' id='word_1_11' title='bbox 1855 369 2007 424; x_wconf 86' lang='lat' dir='ltr'><strong><em>aiunt</em></strong></span> <span class='ocrx_word' id='word_1_12' title='bbox 2034 384 2212 423; x_wconf 88' lang='lat' dir='ltr'><strong><em>rerum</em></strong></span> <span class='ocrx_word' id='word_1_13' title='bbox 2244 376 2516 440; x_wconf 76' lang='lat' dir='ltr'><strong><em>gestarum</em></strong></span> <span class='ocrx_word' id='word_1_14' title='bbox 2549 371 2745 428; x_wconf 86' lang='lat' dir='ltr'><strong><em>seriem</em></strong></span> <span class='ocrx_word' id='word_1_15' title='bbox 2780 370 2856 446; x_wconf 87' lang='lat' dir='ltr'><strong><em>(a)</em></strong></span> <span class='ocrx_word' id='word_1_16' title='bbox 2891 370 3154 431; x_wconf 69' lang='lat' dir='ltr'><strong><em>Maximus</em></strong></span> <span class='ocrx_word' id='word_1_17' title='bbox 3181 369 3420 445; x_wconf 84' lang='lat' dir='ltr'><strong><em>Cynicus</em></strong></span> <span class='ocrx_word' id='word_1_18' title='bbox 3447 418 3460 441; x_wconf 88' lang='lat'><strong><em>,</em></strong></span> 
     </span>
    </p>
   </div>
   <div class='ocr_carea' id='block_1_5' title="bbox 163 461 1753 534">
    <p class='ocr_par' dir='ltr' id='par_1_5' title="bbox 163 461 1753 534">
     <span class='ocr_line' id='line_1_5' title="bbox 163 461 1753 534; baseline -0.001 -16"><span class='ocrx_word' id='word_1_19' title='bbox 163 479 357 524; x_wconf 87' lang='lat' dir='ltr'><strong><em>remur,</em></strong></span> <span class='ocrx_word' id='word_1_20' title='bbox 406 462 728 517; x_wconf 90' lang='lat' dir='ltr'><strong><em>clementiam</em></strong></span> <span class='ocrx_word' id='word_1_21' title='bbox 772 472 912 515; x_wconf 90' lang='lat' dir='ltr'><strong><em>tuam</em></strong></span> <span class='ocrx_word' id='word_1_22' title='bbox 955 461 1091 517; x_wconf 86' lang='lat' dir='ltr'><strong><em>datis</em></strong></span> <span class='ocrx_word' id='word_1_23' title='bbox 1123 463 1307 516; x_wconf 75' lang='lat' dir='ltr'><strong><em>litteris</em></strong></span> <span class='ocrx_word' id='word_1_24' title='bbox 1338 466 1635 534; x_wconf 73' lang='lat' dir='ltr'><strong><em>putavimus</em></strong></span> <span class='ocrx_word' id='word_1_25' title='bbox 1675 465 1753 518; x_wconf 84' lang='lat' dir='ltr'><strong><em>itt-</em></strong></span> 
     </span>
    </p>
   </div>
   <div class='ocr_carea' id='block_1_6' title="bbox 162 558 1756 631">
    <p class='ocr_par' dir='ltr' id='par_1_6' title="bbox 162 558 1756 631">
     <span class='ocr_line' id='line_1_6' title="bbox 162 558 1756 631; baseline 0 -18"><span class='ocrx_word' id='word_1_26' title='bbox 162 559 485 628; x_wconf 88' lang='lat' dir='ltr'><strong><em>struendam,</em></strong></span> <span class='ocrx_word' id='word_1_27' title='bbox 537 570 590 613; x_wconf 88' lang='lat' dir='ltr'><strong><em>ut</em></strong></span> <span class='ocrx_word' id='word_1_28' title='bbox 636 559 683 614; x_wconf 92' lang='lat' dir='ltr'><strong><em>ei</em></strong></span> <span class='ocrx_word' id='word_1_29' title='bbox 737 561 1091 615; x_wconf 73' lang='lat' dir='ltr'><strong><em>consuleretur</em></strong></span> <span class='ocrx_word' id='word_1_30' title='bbox 1134 575 1199 614; x_wconf 80' lang='lat' dir='ltr'><strong><em>ea:</em></strong></span> <span class='ocrx_word' id='word_1_31' title='bbox 1244 562 1341 615; x_wconf 83' lang='lat' dir='ltr'><strong><em>usu</em></strong></span> <span class='ocrx_word' id='word_1_32' title='bbox 1371 558 1588 631; x_wconf 85' lang='lat' dir='ltr'><strong><em>publica</em></strong></span> <span class='ocrx_word' id='word_1_33' title='bbox 1613 559 1756 630; x_wconf 87' lang='lat' dir='ltr'><strong><em>pacis</em></strong></span> 
     </span>
    </p>
   </div>
   <div class='ocr_carea' id='block_1_7' title="bbox 1857 463 3463 535">
    <p class='ocr_par' dir='ltr' id='par_1_7' title="bbox 1857 463 3463 535">
     <span class='ocr_line' id='line_1_7' title="bbox 1857 463 3463 535; baseline 0.004 -18"><span class='ocrx_word' id='word_1_34' title='bbox 1857 464 1948 535; x_wconf 89' lang='lat' dir='ltr'><strong><em>qui</em></strong></span> <span class='ocrx_word' id='word_1_35' title='bbox 1973 464 2177 518; x_wconf 78' lang='lat' dir='ltr'><strong><em>interea</em></strong></span> <span class='ocrx_word' id='word_1_36' title='bbox 2209 465 2467 535; x_wconf 85' lang='lat' dir='ltr'><strong><em>temporis</em></strong></span> <span class='ocrx_word' id='word_1_37' title='bbox 2494 465 2547 520; x_wconf 93' lang='lat' dir='ltr'><strong><em>in</em></strong></span> <span class='ocrx_word' id='word_1_38' title='bbox 2577 463 2783 520; x_wconf 85' lang='lat' dir='ltr'><strong><em>Italiam</em></strong></span> <span class='ocrx_word' id='word_1_39' title='bbox 2812 475 3034 522; x_wconf 88' lang='lat' dir='ltr'><strong><em>venerat</em></strong></span> <span class='ocrx_word' id='word_1_40' title='bbox 3060 508 3074 534; x_wconf 93' lang='lat'><strong><em>,</em></strong></span> <span class='ocrx_word' id='word_1_41' title='bbox 3106 466 3285 522; x_wconf 90' lang='lat' dir='ltr'><strong><em>eidem</em></strong></span> <span class='ocrx_word' id='word_1_42' title='bbox 3318 484 3463 523; x_wconf 88' lang='lat' dir='ltr'><strong><em>con-</em></strong></span> 
     </span>
    </p>
   </div>
   <div class='ocr_carea' id='block_1_8' title="bbox 1858 555 3464 631">
    <p class='ocr_par' dir='ltr' id='par_1_8' title="bbox 1858 555 3464 631">
     <span class='ocr_line' id='line_1_8' title="bbox 1858 555 3464 631; baseline 0.005 -22"><span class='ocrx_word' id='word_1_43' title='bbox 1858 555 1983 611; x_wconf 90' lang='lat' dir='ltr'><strong><em>cilio</em></strong></span> <span class='ocrx_word' id='word_1_44' title='bbox 2029 558 2184 611; x_wconf 75' lang='lat' dir='ltr'><strong><em>adest</em></strong></span> <span class='ocrx_word' id='word_1_45' title='bbox 2230 571 2373 611; x_wconf 89' lang='lat' dir='ltr'><strong><em>anno</em></strong></span> <span class='ocrx_word' id='word_1_46' title='bbox 2419 558 2713 619; x_wconf 85' lang='lat' dir='ltr'><strong><em>secundum</em></strong></span> <span class='ocrx_word' id='word_1_47' title='bbox 2748 558 2961 629; x_wconf 81' lang='lat' dir='ltr'><strong><em>aliquos</em></strong></span> <span class='ocrx_word' id='word_1_48' title='bbox 3007 559 3105 615; x_wconf 80' lang='grc'><strong><em>581</em></strong></span> <span class='ocrx_word' id='word_1_49' title='bbox 3158 572 3276 631; x_wconf 84' lang='lat' dir='ltr'><strong><em>post</em></strong></span> <span class='ocrx_word' id='word_1_50' title='bbox 3316 561 3464 617; x_wconf 84' lang='lat' dir='ltr'><strong><em>cele-</em></strong></span> 
     </span>
    </p>
   </div>
   <div class='ocr_carea' id='block_1_9' title="bbox 162 646 3464 723">
    <p class='ocr_par' dir='ltr' id='par_1_9' title="bbox 162 646 3464 723">
     <span class='ocr_line' id='line_1_9' title="bbox 162 646 3464 723; baseline 0 -16"><span class='ocrx_word' id='word_1_51' title='bbox 162 664 302 723; x_wconf 89' lang='lat' dir='ltr'><strong><em>atque</em></strong></span> <span class='ocrx_word' id='word_1_52' title='bbox 352 654 659 707; x_wconf 83' lang='lat' dir='ltr'><strong><em>concordia.</em></strong></span> <span class='ocrx_word' id='word_1_53' title='bbox 723 652 862 722; x_wconf 84' lang='lat' dir='ltr'><strong><em>Quia</em></strong></span> <span class='ocrx_word' id='word_1_54' title='bbox 904 668 1081 719; x_wconf 80' lang='lat' dir='ltr'><strong><em>revera</em></strong></span> <span class='ocrx_word' id='word_1_55' title='bbox 1131 652 1521 705; x_wconf 86' lang='lat' dir='ltr'><strong><em>advertebantus</em></strong></span> <span class='ocrx_word' id='word_1_56' title='bbox 1564 649 1758 723; x_wconf 78' lang='lat' dir='ltr'><strong><em>Grego—</em></strong></span> <span class='ocrx_word' id='word_1_57' title='bbox 1857 646 2074 704; x_wconf 87' lang='lat' dir='ltr'><strong><em>bratum</em></strong></span> <span class='ocrx_word' id='word_1_58' title='bbox 2102 647 2450 723; x_wconf 77' lang='lat' dir='ltr'><strong><em>Aquileiense</em></strong></span> <span class='ocrx_word' id='word_1_59' title='bbox 2480 650 2811 716; x_wconf 91' lang='lat' dir='ltr'><strong><em>concilium,</em></strong></span> <span class='ocrx_word' id='word_1_60' title='bbox 2841 652 3137 715; x_wconf 86' lang='lat' dir='ltr'><strong><em>secundum</em></strong></span> <span class='ocrx_word' id='word_1_61' title='bbox 3164 668 3296 709; x_wconf 90' lang='lat' dir='ltr'><strong><em>vero</em></strong></span> <span class='ocrx_word' id='word_1_62' title='bbox 3326 653 3464 709; x_wconf 87' lang='lat' dir='ltr'><strong><em>alios</em></strong></span> 
     </span>
    </p>
   </div>
   <div class='ocr_carea' id='block_1_10' title="bbox 163 743 1759 815">
    <p class='ocr_par' dir='ltr' id='par_1_10' title="bbox 163 743 1759 815">
     <span class='ocr_line' id='line_1_10' title="bbox 163 743 1759 815; baseline 0 -17"><span class='ocrx_word' id='word_1_63' title='bbox 163 747 283 798; x_wconf 87' lang='lat' dir='ltr'><strong><em>rium</em></strong></span> <span class='ocrx_word' id='word_1_64' title='bbox 326 762 649 815; x_wconf 80' lang='lat' dir='ltr'><strong><em>nequaquam</em></strong></span> <span class='ocrx_word' id='word_1_65' title='bbox 677 749 959 800; x_wconf 88' lang='lat' dir='ltr'><strong><em>secundum</em></strong></span> <span class='ocrx_word' id='word_1_66' title='bbox 1002 746 1328 801; x_wconf 88' lang='lat' dir='ltr'><strong><em>traditionem</em></strong></span> <span class='ocrx_word' id='word_1_67' title='bbox 1370 743 1589 805; x_wconf 81' lang='lat' dir='ltr'><strong><em>Patrum</em></strong></span> <span class='ocrx_word' id='word_1_68' title='bbox 1624 743 1759 800; x_wconf 90' lang='lat' dir='ltr'><strong><em>Con-</em></strong></span> 
     </span>
    </p>
   </div>
   <div class='ocr_carea' id='block_1_11' title="bbox 160 837 1755 908">
    <p class='ocr_par' dir='ltr' id='par_1_11' title="bbox 160 837 1755 908">
     <span class='ocr_line' id='line_1_11' title="bbox 160 837 1755 908; baseline 0 -17"><span class='ocrx_word' id='word_1_69' title='bbox 160 837 629 908; x_wconf 83' lang='lat' dir='ltr'><strong><em>stantinOpolitana</em></strong></span> <span class='ocrx_word' id='word_1_70' title='bbox 669 838 916 893; x_wconf 66' lang='lat' dir='ltr'><strong><em>Ecclesia</em></strong></span> <span class='ocrx_word' id='word_1_71' title='bbox 952 838 1048 893; x_wconf 90' lang='lat' dir='ltr'><strong><em>sibi</em></strong></span> <span class='ocrx_word' id='word_1_72' title='bbox 1090 838 1434 893; x_wconf 75' lang='lat' dir='ltr'><strong><em>sacerdotium</em></strong></span> <span class='ocrx_word' id='word_1_73' title='bbox 1478 838 1755 893; x_wconf 84' lang='lat' dir='ltr'><strong><em>vindicare.</em></strong></span> 
     </span>
    </p>
   </div>
   <div class='ocr_carea' id='block_1_12' title="bbox 159 929 1760 1005">
    <p class='ocr_par' dir='ltr' id='par_1_12' title="bbox 159 929 1760 1005">
     <span class='ocr_line' id='line_1_12' title="bbox 159 929 1760 1005; baseline 0.001 -21"><span class='ocrx_word' id='word_1_74' title='bbox 159 929 263 985; x_wconf 84' lang='lat' dir='ltr'><strong><em>Nos</em></strong></span> <span class='ocrx_word' id='word_1_75' title='bbox 312 932 473 1005; x_wconf 88' lang='lat' dir='ltr'><strong><em>igitur</em></strong></span> <span class='ocrx_word' id='word_1_76' title='bbox 500 933 551 985; x_wconf 92' lang='lat' dir='ltr'><strong><em>in</em></strong></span> <span class='ocrx_word' id='word_1_77' title='bbox 584 933 783 1005; x_wconf 80' lang='lat' dir='ltr'><strong><em>synodo</em></strong></span> <span class='ocrx_word' id='word_1_78' title='bbox 828 949 889 986; x_wconf 90' lang='lat' dir='ltr'><strong><em>ea</em></strong></span> <span class='ocrx_word' id='word_1_79' title='bbox 917 973 931 1000; x_wconf 89' lang='lat'><strong><em>,</em></strong></span> <span class='ocrx_word' id='word_1_80' title='bbox 979 948 1094 1002; x_wconf 88' lang='lat' dir='ltr'><strong><em>qua</em></strong></span> <span class='ocrx_word' id='word_1_81' title='bbox 1124 933 1276 987; x_wconf 85' lang='lat' dir='ltr'><strong><em>totius</em></strong></span> <span class='ocrx_word' id='word_1_82' title='bbox 1317 932 1455 986; x_wconf 91' lang='lat' dir='ltr'><strong><em>orbis</em></strong></span> <span class='ocrx_word' id='word_1_83' title='bbox 1505 930 1760 1001; x_wconf 77' lang='lat' dir='ltr'><strong><em>episcopis</em></strong></span> 
     </span>
    </p>
   </div>
   <div class='ocr_carea' id='block_1_13' title="bbox 157 1023 1763 1096">
    <p class='ocr_par' dir='ltr' id='par_1_13' title="bbox 157 1023 1763 1096">
     <span class='ocr_line' id='line_1_13' title="bbox 157 1023 1763 1096; baseline -0.002 -15"><span class='ocrx_word' id='word_1_84' title='bbox 157 1023 417 1081; x_wconf 73' lang='lat' dir='ltr'><strong><em>videbatur</em></strong></span> <span class='ocrx_word' id='word_1_85' title='bbox 447 1042 555 1079; x_wconf 86' lang='lat' dir='ltr'><strong><em>esse</em></strong></span> <span class='ocrx_word' id='word_1_86' title='bbox 580 1025 913 1096; x_wconf 84' lang='lat' dir='ltr'><strong><em>prascripta,</em></strong></span> <span class='ocrx_word' id='word_1_87' title='bbox 944 1025 1076 1080; x_wconf 81' lang='lat' dir='ltr'><strong><em>nihil</em></strong></span> <span class='ocrx_word' id='word_1_88' title='bbox 1095 1036 1280 1079; x_wconf 86' lang='lat' dir='ltr'><strong><em>temere</em></strong></span> <span class='ocrx_word' id='word_1_89' title='bbox 1306 1026 1634 1091; x_wconf 86' lang='lat' dir='ltr'><strong><em>statuendum</em></strong></span> <span class='ocrx_word' id='word_1_90' title='bbox 1652 1039 1763 1093; x_wconf 66' lang='lat' dir='ltr'><strong><em>¢§§e</em></strong></span> 
     </span>
    </p>
   </div>
   <div class='ocr_carea' id='block_1_14' title="bbox 155 1116 1763 1190">
    <p class='ocr_par' dir='ltr' id='par_1_14' title="bbox 155 1116 1763 1190">
     <span class='ocr_line' id='line_1_14' title="bbox 155 1116 1763 1190; baseline -0.001 -22"><span class='ocrx_word' id='word_1_91' title='bbox 155 1117 460 1170; x_wconf 88' lang='lat' dir='ltr'><strong><em>censuimus.</em></strong></span> <span class='ocrx_word' id='word_1_92' title='bbox 500 1117 563 1172; x_wconf 82' lang='lat' dir='ltr'><strong><em>At</em></strong></span> <span class='ocrx_word' id='word_1_93' title='bbox 601 1133 660 1171; x_wconf 86' lang='lat' dir='ltr'><strong><em>eo</em></strong></span> <span class='ocrx_word' id='word_1_94' title='bbox 702 1117 815 1189; x_wconf 87' lang='lat' dir='ltr'><strong><em>ipso</em></strong></span> <span class='ocrx_word' id='word_1_95' title='bbox 859 1127 1084 1187; x_wconf 66' lang='lat' dir='ltr'><strong><em>temmre</em></strong></span> <span class='ocrx_word' id='word_1_96' title='bbox 1107 1118 1193 1188; x_wconf 90' lang='lat' dir='ltr'><strong><em>qui</em></strong></span> <span class='ocrx_word' id='word_1_97' title='bbox 1220 1116 1460 1190; x_wconf 90' lang='lat' dir='ltr'><strong><em>generale</em></strong></span> <span class='ocrx_word' id='word_1_98' title='bbox 1489 1116 1763 1171; x_wconf 86' lang='lat' dir='ltr'><strong><em>concilium</em></strong></span> 
     </span>
    </p>
   </div>
   <div class='ocr_carea' id='block_1_15' title="bbox 157 1208 1763 1282">
    <p class='ocr_par' dir='ltr' id='par_1_15' title="bbox 157 1208 1763 1282">
     <span class='ocr_line' id='line_1_15' title="bbox 157 1208 1763 1282; baseline 0.001 -20"><span class='ocrx_word' id='word_1_99' title='bbox 157 1209 563 1277; x_wconf 76' lang='lat' dir='ltr'><strong><em>declinaverunt,</em></strong></span> <span class='ocrx_word' id='word_1_100' title='bbox 610 1208 1060 1280; x_wconf 85' lang='lat' dir='ltr'><strong><em>Constantinopoli</em></strong></span> <span class='ocrx_word' id='word_1_101' title='bbox 1089 1226 1203 1281; x_wconf 90' lang='lat' dir='ltr'><strong><em>qua</em></strong></span> <span class='ocrx_word' id='word_1_102' title='bbox 1231 1211 1450 1282; x_wconf 81' lang='lat' dir='ltr'><strong><em>gessisse</em></strong></span> <span class='ocrx_word' id='word_1_103' title='bbox 1477 1209 1763 1267; x_wconf 82' lang='lat' dir='ltr'><strong><em>dicuntur?</em></strong></span> 
     </span>
    </p>
   </div>
   <div class='ocr_carea' id='block_1_16' title="bbox 157 1301 1762 1378">
    <p class='ocr_par' dir='ltr' id='par_1_16' title="bbox 157 1301 1762 1378">
     <span class='ocr_line' id='line_1_16' title="bbox 157 1301 1762 1378; baseline 0.002 -24"><span class='ocrx_word' id='word_1_104' title='bbox 157 1301 286 1355; x_wconf 81' lang='lat' dir='ltr'><strong><em>Nam</em></strong></span> <span class='ocrx_word' id='word_1_105' title='bbox 328 1320 452 1357; x_wconf 89' lang='lat' dir='ltr'><strong><em>cum</em></strong></span> <span class='ocrx_word' id='word_1_106' title='bbox 493 1305 846 1378; x_wconf 86' lang='lat' dir='ltr'><strong><em>cognovissent</em></strong></span> <span class='ocrx_word' id='word_1_107' title='bbox 876 1305 944 1358; x_wconf 92' lang='lat' dir='ltr'><strong><em>ad</em></strong></span> <span class='ocrx_word' id='word_1_108' title='bbox 973 1308 1069 1361; x_wconf 89' lang='lat' dir='ltr'><strong><em>hoc</em></strong></span> <span class='ocrx_word' id='word_1_109' title='bbox 1100 1306 1328 1377; x_wconf 88' lang='lat' dir='ltr'><strong><em>partium</em></strong></span> <span class='ocrx_word' id='word_1_110' title='bbox 1359 1306 1553 1361; x_wconf 83' lang='lat' dir='ltr'><strong><em>venisse</em></strong></span> <span class='ocrx_word' id='word_1_111' title='bbox 1585 1305 1762 1361; x_wconf 70' lang='lat' dir='ltr'><strong><em>Maxi-</em></strong></span> 
     </span>
    </p>
   </div>
   <div class='ocr_carea' id='block_1_17' title="bbox 158 1400 1762 1472">
    <p class='ocr_par' dir='ltr' id='par_1_17' title="bbox 158 1400 1762 1472">
     <span class='ocr_line' id='line_1_17' title="bbox 158 1400 1762 1472; baseline 0.002 -21"><span class='ocrx_word' id='word_1_112' title='bbox 158 1414 283 1451; x_wconf 82' lang='lat' dir='ltr'><strong><em>snurn</em></strong></span> <span class='ocrx_word' id='word_1_113' title='bbox 309 1440 324 1461; x_wconf 91' lang='lat'><strong><em>,</em></strong></span> <span class='ocrx_word' id='word_1_114' title='bbox 358 1409 415 1452; x_wconf 92' lang='lat' dir='ltr'><strong><em>ut</em></strong></span> <span class='ocrx_word' id='word_1_115' title='bbox 447 1416 660 1453; x_wconf 88' lang='lat' dir='ltr'><strong><em>causam</em></strong></span> <span class='ocrx_word' id='word_1_116' title='bbox 691 1401 741 1453; x_wconf 89' lang='lat' dir='ltr'><strong><em>in</em></strong></span> <span class='ocrx_word' id='word_1_117' title='bbox 773 1400 972 1472; x_wconf 82' lang='lat' dir='ltr'><strong><em>synodo</em></strong></span> <span class='ocrx_word' id='word_1_118' title='bbox 1000 1412 1171 1470; x_wconf 89' lang='lat' dir='ltr'><strong><em>ageret</em></strong></span> <span class='ocrx_word' id='word_1_119' title='bbox 1199 1418 1366 1465; x_wconf 87' lang='lat' dir='ltr'><strong><em>suant,</em></strong></span> <span class='ocrx_word' id='word_1_120' title='bbox 1398 1400 1536 1470; x_wconf 85' lang='lat' dir='ltr'><strong><em>quod</em></strong></span> <span class='ocrx_word' id='word_1_121' title='bbox 1562 1401 1762 1456; x_wconf 89' lang='lat' dir='ltr'><strong><em>etiantsi</em></strong></span> 
     </span>
    </p>
   </div>
   <div class='ocr_carea' id='block_1_18' title="bbox 155 1489 1762 1569">
    <p class='ocr_par' dir='ltr' id='par_1_18' title="bbox 155 1489 1762 1569">
     <span class='ocr_line' id='line_1_18' title="bbox 155 1489 1762 1569; baseline 0.004 -27"><span class='ocrx_word' id='word_1_122' title='bbox 155 1489 404 1545; x_wconf 86' lang='lat' dir='ltr'><strong><em>indictum</em></strong></span> <span class='ocrx_word' id='word_1_123' title='bbox 424 1492 703 1546; x_wconf 78' lang='lat' dir='ltr'><strong><em>concilium</em></strong></span> <span class='ocrx_word' id='word_1_124' title='bbox 733 1511 834 1548; x_wconf 91' lang='lat' dir='ltr'><strong><em>non</em></strong></span> <span class='ocrx_word' id='word_1_125' title='bbox 867 1497 1048 1565; x_wconf 79' lang='lat' dir='ltr'><strong><em>[uisset</em></strong></span> <span class='ocrx_word' id='word_1_126' title='bbox 1075 1536 1090 1562; x_wconf 89' lang='lat'><strong><em>,</em></strong></span> <span class='ocrx_word' id='word_1_127' title='bbox 1110 1498 1235 1568; x_wconf 85' lang='lat' dir='ltr'><strong><em>jure</em></strong></span> <span class='ocrx_word' id='word_1_128' title='bbox 1262 1504 1311 1550; x_wconf 90' lang='lat' dir='ltr'><strong><em>et</em></strong></span> <span class='ocrx_word' id='word_1_129' title='bbox 1336 1511 1476 1550; x_wconf 88' lang='lat' dir='ltr'><strong><em>more</em></strong></span> <span class='ocrx_word' id='word_1_130' title='bbox 1504 1498 1762 1569; x_wconf 85' lang='lat' dir='ltr'><strong><em>majorum</em></strong></span> 
     </span>
    </p>
   </div>
   <div class='ocr_carea' id='block_1_19' title="bbox 153 1583 1761 1655">
    <p class='ocr_par' dir='ltr' id='par_1_19' title="bbox 153 1583 1761 1655">
     <span class='ocr_line' id='line_1_19' title="bbox 153 1583 1761 1655; baseline 0.004 -17"><span class='ocrx_word' id='word_1_131' title='bbox 153 1583 274 1638; x_wconf 86' lang='lat' dir='ltr'><strong><em>sicut</em></strong></span> <span class='ocrx_word' id='word_1_132' title='bbox 299 1627 315 1651; x_wconf 93' lang='lat'><strong><em>,</em></strong></span> <span class='ocrx_word' id='word_1_133' title='bbox 352 1595 403 1640; x_wconf 92' lang='lat' dir='ltr'><strong><em>et</em></strong></span> <span class='ocrx_word' id='word_1_134' title='bbox 431 1599 623 1643; x_wconf 85' lang='lat' dir='ltr'><strong><em>sancta</em></strong></span> <span class='ocrx_word' id='word_1_135' title='bbox 648 1589 908 1647; x_wconf 86' lang='lat' dir='ltr'><strong><em>memoria</em></strong></span> <span class='ocrx_word' id='word_1_136' title='bbox 939 1588 1257 1646; x_wconf 80' lang='lat' dir='ltr'><strong><em>Athanasius</em></strong></span> <span class='ocrx_word' id='word_1_137' title='bbox 1278 1630 1292 1655; x_wconf 88' lang='lat'><strong><em>,</em></strong></span> <span class='ocrx_word' id='word_1_138' title='bbox 1333 1600 1381 1645; x_wconf 92' lang='lat' dir='ltr'><strong><em>et</em></strong></span> <span class='ocrx_word' id='word_1_139' title='bbox 1424 1588 1619 1645; x_wconf 88' lang='lat' dir='ltr'><strong><em>dudum</em></strong></span> <span class='ocrx_word' id='word_1_140' title='bbox 1656 1588 1761 1655; x_wconf 79' lang='lat' dir='ltr'><strong><em>Pe-</em></strong></span> 
     </span>
    </p>
   </div>
   <div class='ocr_carea' id='block_1_20' title="bbox 156 1677 1764 1753">
    <p class='ocr_par' dir='ltr' id='par_1_20' title="bbox 156 1677 1764 1753">
     <span class='ocr_line' id='line_1_20' title="bbox 156 1677 1764 1753; baseline 0.003 -23"><span class='ocrx_word' id='word_1_141' title='bbox 156 1687 251 1732; x_wconf 87' lang='lat' dir='ltr'><strong><em>trus</em></strong></span> <span class='ocrx_word' id='word_1_142' title='bbox 294 1677 672 1736; x_wconf 73' lang='lat' dir='ltr'><strong><em>Alexandrina</em></strong></span> <span class='ocrx_word' id='word_1_143' title='bbox 722 1679 975 1737; x_wconf 87' lang='lat' dir='ltr'><strong><em>Ecclesia</em></strong></span> <span class='ocrx_word' id='word_1_144' title='bbox 1027 1684 1259 1753; x_wconf 81' lang='lat' dir='ltr'><strong><em>episcopi</em></strong></span> <span class='ocrx_word' id='word_1_145' title='bbox 1313 1692 1361 1738; x_wconf 92' lang='lat' dir='ltr'><strong><em>et</em></strong></span> <span class='ocrx_word' id='word_1_146' title='bbox 1419 1682 1764 1737; x_wconf 82' lang='lat' dir='ltr'><strong><em>Orientalium</em></strong></span> 
     </span>
    </p>
   </div>
   <div class='ocr_carea' id='block_1_21' title="bbox 152 1772 1763 1843">
    <p class='ocr_par' dir='ltr' id='par_1_21' title="bbox 152 1772 1763 1843">
     <span class='ocr_line' id='line_1_21' title="bbox 152 1772 1763 1843; baseline 0.003 -19"><span class='ocrx_word' id='word_1_147' title='bbox 152 1772 377 1842; x_wconf 86' lang='lat' dir='ltr'><strong><em>plerique</em></strong></span> <span class='ocrx_word' id='word_1_148' title='bbox 406 1774 637 1843; x_wconf 75' lang='lat' dir='ltr'><strong><em>fecerunt</em></strong></span> <span class='ocrx_word' id='word_1_149' title='bbox 658 1818 672 1841; x_wconf 91' lang='lat'><strong><em>,</em></strong></span> <span class='ocrx_word' id='word_1_150' title='bbox 705 1785 757 1829; x_wconf 90' lang='lat' dir='ltr'><strong><em>ut</em></strong></span> <span class='ocrx_word' id='word_1_151' title='bbox 799 1776 867 1829; x_wconf 91' lang='lat' dir='ltr'><strong><em>ad</em></strong></span> <span class='ocrx_word' id='word_1_152' title='bbox 895 1774 1144 1830; x_wconf 80' lang='lat' dir='ltr'><strong><em>Ecclesia</em></strong></span> <span class='ocrx_word' id='word_1_153' title='bbox 1172 1775 1344 1831; x_wconf 83' lang='lat' dir='ltr'><strong><em>Italia</em></strong></span> <span class='ocrx_word' id='word_1_154' title='bbox 1378 1787 1425 1831; x_wconf 84' lang='lat' dir='ltr'><strong><em>et</em></strong></span> <span class='ocrx_word' id='word_1_155' title='bbox 1465 1776 1620 1831; x_wconf 88' lang='lat' dir='ltr'><strong><em>totius</em></strong></span> <span class='ocrx_word' id='word_1_156' title='bbox 1661 1773 1763 1829; x_wconf 87' lang='lat' dir='ltr'><strong><em>0c-</em></strong></span> 
     </span>
    </p>
   </div>
   <div class='ocr_carea' id='block_1_22' title="bbox 152 1863 1759 1942">
    <p class='ocr_par' dir='ltr' id='par_1_22' title="bbox 152 1863 1759 1942">
     <span class='ocr_line' id='line_1_22' title="bbox 152 1863 1759 1942; baseline 0.004 -26"><span class='ocrx_word' id='word_1_157' title='bbox 152 1863 363 1919; x_wconf 79' lang='lat' dir='ltr'><strong><em>cidentis</em></strong></span> <span class='ocrx_word' id='word_1_158' title='bbox 390 1867 684 1941; x_wconf 79' lang='lat' dir='ltr'><strong><em>confugisse</em></strong></span> <span class='ocrx_word' id='word_1_159' title='bbox 698 1869 963 1942; x_wconf 87' lang='lat' dir='ltr'><strong><em>judicium</em></strong></span> <span class='ocrx_word' id='word_1_160' title='bbox 991 1869 1317 1935; x_wconf 86' lang='lat' dir='ltr'><strong><em>viderentur;</em></strong></span> <span class='ocrx_word' id='word_1_161' title='bbox 1347 1886 1464 1923; x_wconf 88' lang='lat' dir='ltr'><strong><em>cum</em></strong></span> <span class='ocrx_word' id='word_1_162' title='bbox 1492 1886 1608 1923; x_wconf 86' lang='lat' dir='ltr'><strong><em>eum</em></strong></span> <span class='ocrx_word' id='word_1_163' title='bbox 1631 1870 1759 1923; x_wconf 85' lang='lat' dir='ltr'><strong><em>sicut</em></strong></span> 
     </span>
    </p>
   </div>
   <div class='ocr_carea' id='block_1_23' title="bbox 153 1956 1762 2032">
    <p class='ocr_par' dir='ltr' id='par_1_23' title="bbox 153 1956 1762 2032">
     <span class='ocr_line' id='line_1_23' title="bbox 153 1956 1762 2032; baseline 0.002 -23"><span class='ocrx_word' id='word_1_164' title='bbox 153 1956 376 2012; x_wconf 67' lang='lat' dir='ltr'><strong><em>diximus</em></strong></span> <span class='ocrx_word' id='word_1_165' title='bbox 404 2000 420 2025; x_wconf 92' lang='lat'><strong><em>,</em></strong></span> <span class='ocrx_word' id='word_1_166' title='bbox 454 1961 679 2030; x_wconf 79' lang='lat' dir='ltr'><strong><em>experiri</em></strong></span> <span class='ocrx_word' id='word_1_167' title='bbox 708 1961 834 2015; x_wconf 87' lang='lat' dir='ltr'><strong><em>velle</em></strong></span> <span class='ocrx_word' id='word_1_168' title='bbox 859 1961 1133 2017; x_wconf 90' lang='lat' dir='ltr'><strong><em>adversum</em></strong></span> <span class='ocrx_word' id='word_1_169' title='bbox 1159 1979 1265 2027; x_wconf 91' lang='lat' dir='ltr'><strong><em>eos,</em></strong></span> <span class='ocrx_word' id='word_1_170' title='bbox 1294 1964 1381 2031; x_wconf 85' lang='lat' dir='ltr'><strong><em>qui</em></strong></span> <span class='ocrx_word' id='word_1_171' title='bbox 1408 1962 1762 2032; x_wconf 85' lang='lat' dir='ltr'><strong><em>episcOpatum</em></strong></span> 
     </span>
    </p>
   </div>
   <div class='ocr_carea' id='block_1_24' title="bbox 153 2050 1762 2123">
    <p class='ocr_par' dir='ltr' id='par_1_24' title="bbox 153 2050 1762 2123">
     <span class='ocr_line' id='line_1_24' title="bbox 153 2050 1762 2123; baseline 0.002 -22"><span class='ocrx_word' id='word_1_172' title='bbox 153 2051 252 2121; x_wconf 86' lang='lat' dir='ltr'><strong><em>ejus</em></strong></span> <span class='ocrx_word' id='word_1_173' title='bbox 282 2050 583 2106; x_wconf 87' lang='lat' dir='ltr'><strong><em>abnuerant</em></strong></span> <span class='ocrx_word' id='word_1_174' title='bbox 611 2094 625 2116; x_wconf 89' lang='lat'><strong><em>,</em></strong></span> <span class='ocrx_word' id='word_1_175' title='bbox 659 2052 1064 2122; x_wconf 89' lang='lat' dir='ltr'><strong><em>comperissent,</em></strong></span> <span class='ocrx_word' id='word_1_176' title='bbox 1098 2054 1387 2122; x_wconf 82' lang='lat' dir='ltr'><strong><em>prastolari</em></strong></span> <span class='ocrx_word' id='word_1_177' title='bbox 1416 2054 1587 2123; x_wconf 82' lang='lat' dir='ltr'><strong><em>utique</em></strong></span> <span class='ocrx_word' id='word_1_178' title='bbox 1610 2053 1762 2107; x_wconf 88' lang='lat' dir='ltr'><strong><em>etiant</em></strong></span> 
     </span>
    </p>
   </div>
   <div class='ocr_carea' id='block_1_25' title="bbox 155 2146 1765 2230">
    <p class='ocr_par' dir='ltr' id='par_1_25' title="bbox 155 2146 1765 2230">
     <span class='ocr_line' id='line_1_25' title="bbox 155 2146 1765 2230; baseline 0.004 -35"><span class='ocrx_word' id='word_1_179' title='bbox 155 2154 383 2198; x_wconf 88' lang='lat' dir='ltr'><strong><em>nostram</em></strong></span> <span class='ocrx_word' id='word_1_180' title='bbox 434 2163 588 2214; x_wconf 81' lang='lat' dir='ltr'><strong><em>super</em></strong></span> <span class='ocrx_word' id='word_1_181' title='bbox 626 2163 684 2201; x_wconf 90' lang='lat' dir='ltr'><strong><em>eo</em></strong></span> <span class='ocrx_word' id='word_1_182' title='bbox 729 2148 1044 2201; x_wconf 86' lang='lat' dir='ltr'><strong><em>sententiam</em></strong></span> <span class='ocrx_word' id='word_1_183' title='bbox 1073 2148 1375 2202; x_wconf 84' lang='lat' dir='ltr'><strong><em>debuerunt.</em></strong></span> <span class='ocrx_word' id='word_1_184' title='bbox 1415 2146 1538 2202; x_wconf 83' lang='lat' dir='ltr'><strong><em>Non</em></strong></span> <span class='ocrx_word' id='word_1_185' title='bbox 1569 2163 1765 2230; x_wconf 84' lang='lat' dir='ltr'><strong><em>praro-</em></strong></span> 
     </span>
    </p>
   </div>
   <div class='ocr_carea' id='block_1_26' title="bbox 153 2236 1765 2307">
    <p class='ocr_par' dir='ltr' id='par_1_26' title="bbox 153 2236 1765 2307">
     <span class='ocr_line' id='line_1_26' title="bbox 153 2236 1765 2307; baseline 0.003 -19"><span class='ocrx_word' id='word_1_186' title='bbox 153 2238 371 2305; x_wconf 86' lang='lat' dir='ltr'><strong><em>gativam</em></strong></span> <span class='ocrx_word' id='word_1_187' title='bbox 422 2236 752 2292; x_wconf 88' lang='lat' dir='ltr'><strong><em>vindicamus</em></strong></span> <span class='ocrx_word' id='word_1_188' title='bbox 800 2240 1052 2293; x_wconf 72' lang='lat' dir='ltr'><strong><em>examinis</em></strong></span> <span class='ocrx_word' id='word_1_189' title='bbox 1077 2281 1091 2305; x_wconf 95' lang='lat'><strong><em>,</em></strong></span> <span class='ocrx_word' id='word_1_190' title='bbox 1134 2241 1225 2294; x_wconf 86' lang='lat' dir='ltr'><strong><em>sed</em></strong></span> <span class='ocrx_word' id='word_1_191' title='bbox 1255 2240 1567 2294; x_wconf 88' lang='lat' dir='ltr'><strong><em>consortium</em></strong></span> <span class='ocrx_word' id='word_1_192' title='bbox 1596 2248 1765 2307; x_wconf 81' lang='lat' dir='ltr'><strong><em>tamen</em></strong></span> 
     </span>
    </p>
   </div>
   <div class='ocr_carea' id='block_1_27' title="bbox 154 2327 1766 2402">
    <p class='ocr_par' dir='ltr' id='par_1_27' title="bbox 154 2327 1766 2402">
     <span class='ocr_line' id='line_1_27' title="bbox 154 2327 1766 2402; baseline 0.004 -22"><span class='ocrx_word' id='word_1_193' title='bbox 154 2327 319 2381; x_wconf 83' lang='lat' dir='ltr'><strong><em>debuit</em></strong></span> <span class='ocrx_word' id='word_1_194' title='bbox 350 2345 464 2383; x_wconf 88' lang='lat' dir='ltr'><strong><em>esse</em></strong></span> <span class='ocrx_word' id='word_1_195' title='bbox 492 2330 780 2383; x_wconf 87' lang='lat' dir='ltr'><strong><em>communis</em></strong></span> <span class='ocrx_word' id='word_1_196' title='bbox 811 2332 1040 2385; x_wconf 85' lang='lat' dir='ltr'><strong><em>arbitrii.</em></strong></span> <span class='ocrx_word' id='word_1_197' title='bbox 1070 2330 1340 2385; x_wconf 89' lang='lat' dir='ltr'><strong><em>Postremo</em></strong></span> <span class='ocrx_word' id='word_1_198' title='bbox 1363 2332 1506 2402; x_wconf 89' lang='lat' dir='ltr'><strong><em>prius</em></strong></span> <span class='ocrx_word' id='word_1_199' title='bbox 1533 2341 1766 2387; x_wconf 90' lang='lat' dir='ltr'><strong><em>constare</em></strong></span> 
     </span>
    </p>
   </div>
   <div class='ocr_carea' id='block_1_28' title="bbox 153 2422 1767 2498">
    <p class='ocr_par' dir='ltr' id='par_1_28' title="bbox 153 2422 1767 2498">
     <span class='ocr_line' id='line_1_28' title="bbox 153 2422 1767 2498; baseline 0.002 -25"><span class='ocrx_word' id='word_1_200' title='bbox 153 2422 376 2491; x_wconf 83' lang='lat' dir='ltr'><strong><em>Oportuit</em></strong></span> <span class='ocrx_word' id='word_1_201' title='bbox 402 2464 417 2487; x_wconf 94' lang='lat'><strong><em>,</em></strong></span> <span class='ocrx_word' id='word_1_202' title='bbox 449 2437 621 2476; x_wconf 89' lang='lat' dir='ltr'><strong><em>utrum</em></strong></span> <span class='ocrx_word' id='word_1_203' title='bbox 678 2423 799 2477; x_wconf 87' lang='lat' dir='ltr'><strong><em>huic</em></strong></span> <span class='ocrx_word' id='word_1_204' title='bbox 842 2423 1197 2498; x_wconf 90' lang='lat' dir='ltr'><strong><em>abrogandunt</em></strong></span> <span class='ocrx_word' id='word_1_205' title='bbox 1227 2466 1240 2490; x_wconf 92' lang='lat'><strong><em>,</em></strong></span> <span class='ocrx_word' id='word_1_206' title='bbox 1273 2442 1424 2494; x_wconf 83' lang='lat' dir='ltr'><strong><em>quam</em></strong></span> <span class='ocrx_word' id='word_1_207' title='bbox 1453 2424 1546 2477; x_wconf 88' lang='lat' dir='ltr'><strong><em>alii</em></strong></span> <span class='ocrx_word' id='word_1_208' title='bbox 1591 2425 1767 2492; x_wconf 70' lang='lat' dir='ltr'><strong><em>confe-</em></strong></span> 
     </span>
    </p>
   </div>
   <div class='ocr_carea' id='block_1_29' title="bbox 151 2512 1767 2587">
    <p class='ocr_par' dir='ltr' id='par_1_29' title="bbox 151 2512 1767 2587">
     <span class='ocr_line' id='line_1_29' title="bbox 151 2512 1767 2587; baseline 0.004 -22"><span class='ocrx_word' id='word_1_209' title='bbox 151 2512 363 2566; x_wconf 86' lang='lat' dir='ltr'><strong><em>rendum</em></strong></span> <span class='ocrx_word' id='word_1_210' title='bbox 410 2515 758 2569; x_wconf 82' lang='lat' dir='ltr'><strong><em>sacerdotium</em></strong></span> <span class='ocrx_word' id='word_1_211' title='bbox 813 2517 1103 2582; x_wconf 85' lang='lat' dir='ltr'><strong><em>videretur,</em></strong></span> <span class='ocrx_word' id='word_1_212' title='bbox 1156 2516 1218 2570; x_wconf 92' lang='lat' dir='ltr'><strong><em>ab</em></strong></span> <span class='ocrx_word' id='word_1_213' title='bbox 1259 2517 1338 2570; x_wconf 85' lang='lat' dir='ltr'><strong><em>his</em></strong></span> <span class='ocrx_word' id='word_1_214' title='bbox 1380 2517 1702 2587; x_wconf 89' lang='lat' dir='ltr'><strong><em>prasertim,</em></strong></span> <span class='ocrx_word' id='word_1_215' title='bbox 1734 2534 1767 2571; x_wconf 89' lang='lat' dir='ltr'><strong><em>a</em></strong></span> 
     </span>
    </p>
   </div>
   <div class='ocr_carea' id='block_1_30' title="bbox 151 2605 1769 2682">
    <p class='ocr_par' dir='ltr' id='par_1_30' title="bbox 151 2605 1769 2682">
     <span class='ocr_line' id='line_1_30' title="bbox 151 2605 1769 2682; baseline 0.003 -24"><span class='ocrx_word' id='word_1_216' title='bbox 151 2606 333 2675; x_wconf 86' lang='lat' dir='ltr'><strong><em>quibus</em></strong></span> <span class='ocrx_word' id='word_1_217' title='bbox 358 2622 414 2659; x_wconf 89' lang='lat' dir='ltr'><strong><em>se</em></strong></span> <span class='ocrx_word' id='word_1_218' title='bbox 442 2605 704 2662; x_wconf 78' lang='lat' dir='ltr'><strong><em>Maximus</em></strong></span> <span class='ocrx_word' id='word_1_219' title='bbox 731 2608 809 2663; x_wconf 86' lang='lat' dir='ltr'><strong><em>vel</em></strong></span> <span class='ocrx_word' id='word_1_220' title='bbox 830 2609 1127 2663; x_wconf 89' lang='lat' dir='ltr'><strong><em>destitutum</em></strong></span> <span class='ocrx_word' id='word_1_221' title='bbox 1155 2609 1232 2663; x_wconf 91' lang='lat' dir='ltr'><strong><em>vel</em></strong></span> <span class='ocrx_word' id='word_1_222' title='bbox 1256 2611 1540 2680; x_wconf 88' lang='lat' dir='ltr'><strong><em>appetitum</em></strong></span> <span class='ocrx_word' id='word_1_223' title='bbox 1568 2609 1769 2682; x_wconf 87' lang='lat' dir='ltr'><strong><em>injuria</em></strong></span> 
     </span>
    </p>
   </div>
   <div class='ocr_carea' id='block_1_31' title="bbox 152 2698 1767 2775">
    <p class='ocr_par' dir='ltr' id='par_1_31' title="bbox 152 2698 1767 2775">
     <span class='ocr_line' id='line_1_31' title="bbox 152 2698 1767 2775; baseline 0.002 -23"><span class='ocrx_word' id='word_1_224' title='bbox 152 2700 478 2768; x_wconf 78' lang='lat' dir='ltr'><strong><em>querebatur.</em></strong></span> <span class='ocrx_word' id='word_1_225' title='bbox 517 2698 699 2771; x_wconf 84' lang='lat' dir='ltr'><strong><em>Itaque</em></strong></span> <span class='ocrx_word' id='word_1_226' title='bbox 726 2718 844 2756; x_wconf 90' lang='lat' dir='ltr'><strong><em>cum</em></strong></span> <span class='ocrx_word' id='word_1_227' title='bbox 886 2700 1177 2756; x_wconf 73' lang='lat' dir='ltr'><strong><em>Maximum</em></strong></span> <span class='ocrx_word' id='word_1_228' title='bbox 1223 2703 1523 2775; x_wconf 87' lang='lat' dir='ltr'><strong><em>episcopum</em></strong></span> <span class='ocrx_word' id='word_1_229' title='bbox 1564 2718 1767 2774; x_wconf 82' lang='lat' dir='ltr'><strong><em>recepe-</em></strong></span> 
     </span>
    </p>
   </div>
   <div class='ocr_carea' id='block_1_32' title="bbox 151 2792 1768 2865">
    <p class='ocr_par' dir='ltr' id='par_1_32' title="bbox 151 2792 1768 2865">
     <span class='ocr_line' id='line_1_32' title="bbox 151 2792 1768 2865; baseline 0.002 -21"><span class='ocrx_word' id='word_1_230' title='bbox 151 2792 245 2845; x_wconf 85' lang='lat' dir='ltr'><strong><em>rint</em></strong></span> <span class='ocrx_word' id='word_1_231' title='bbox 292 2793 351 2844; x_wconf 89' lang='lat' dir='ltr'><strong><em>in</em></strong></span> <span class='ocrx_word' id='word_1_232' title='bbox 393 2795 806 2849; x_wconf 87' lang='lat' dir='ltr'><strong><em>communionem</em></strong></span> <span class='ocrx_word' id='word_1_233' title='bbox 849 2804 1026 2848; x_wconf 91' lang='lat' dir='ltr'><strong><em>nostra</em></strong></span> <span class='ocrx_word' id='word_1_234' title='bbox 1050 2796 1305 2850; x_wconf 89' lang='lat' dir='ltr'><strong><em>consortia</em></strong></span> <span class='ocrx_word' id='word_1_235' title='bbox 1330 2837 1344 2863; x_wconf 97' lang='lat'><strong><em>,</em></strong></span> <span class='ocrx_word' id='word_1_236' title='bbox 1373 2794 1617 2865; x_wconf 88' lang='lat' dir='ltr'><strong><em>quoniam</em></strong></span> <span class='ocrx_word' id='word_1_237' title='bbox 1647 2810 1768 2861; x_wconf 87' lang='lat' dir='ltr'><strong><em>eum</em></strong></span> 
     </span>
    </p>
   </div>
   <div class='ocr_carea' id='block_1_33' title="bbox 152 2883 1768 2959">
    <p class='ocr_par' dir='ltr' id='par_1_33' title="bbox 152 2883 1768 2959">
     <span class='ocr_line' id='line_1_33' title="bbox 152 2883 1768 2959; baseline 0.004 -25"><span class='ocrx_word' id='word_1_238' title='bbox 152 2897 181 2934; x_wconf 85' lang='lat' dir='ltr'><strong><em>a</em></strong></span> <span class='ocrx_word' id='word_1_239' title='bbox 231 2883 507 2937; x_wconf 86' lang='lat' dir='ltr'><strong><em>catholicis</em></strong></span> <span class='ocrx_word' id='word_1_240' title='bbox 577 2885 806 2940; x_wconf 87' lang='lat' dir='ltr'><strong><em>constitit</em></strong></span> <span class='ocrx_word' id='word_1_241' title='bbox 858 2887 1113 2959; x_wconf 87' lang='lat' dir='ltr'><strong><em>episcopis</em></strong></span> <span class='ocrx_word' id='word_1_242' title='bbox 1164 2887 1496 2954; x_wconf 87' lang='lat' dir='ltr'><strong><em>ordinatunt,</em></strong></span> <span class='ocrx_word' id='word_1_243' title='bbox 1548 2902 1641 2940; x_wconf 91' lang='lat' dir='ltr'><strong><em>nec</em></strong></span> <span class='ocrx_word' id='word_1_244' title='bbox 1704 2886 1768 2941; x_wconf 89' lang='lat' dir='ltr'><strong><em>ab</em></strong></span> 
     </span>
    </p>
   </div>
   <div class='ocr_carea' id='block_1_34' title="bbox 156 2975 1770 3052">
    <p class='ocr_par' dir='ltr' id='par_1_34' title="bbox 156 2975 1770 3052">
     <span class='ocr_line' id='line_1_34' title="bbox 156 2975 1770 3052; baseline 0.003 -24"><span class='ocrx_word' id='word_1_245' title='bbox 156 2977 486 3046; x_wconf 83' lang='lat' dir='ltr'><strong><em>episcopatus</em></strong></span> <span class='ocrx_word' id='word_1_246' title='bbox 543 2975 1108 3050; x_wconf 86' lang='lat' dir='ltr'><strong><em>Constantinopolitani</em></strong></span> <span class='ocrx_word' id='word_1_247' title='bbox 1167 2980 1460 3052; x_wconf 86' lang='lat' dir='ltr'><strong><em>putavimus</em></strong></span> <span class='ocrx_word' id='word_1_248' title='bbox 1525 2978 1770 3051; x_wconf 86' lang='lat' dir='ltr'><strong><em>petitione</em></strong></span> 
     </span>
    </p>
   </div>
   <div class='ocr_carea' id='block_1_35' title="bbox 157 3067 1771 3149">
    <p class='ocr_par' dir='ltr' id='par_1_35' title="bbox 157 3067 1771 3149">
     <span class='ocr_line' id='line_1_35' title="bbox 157 3067 1771 3149; baseline 0.004 -31"><span class='ocrx_word' id='word_1_249' title='bbox 157 3067 731 3142; x_wconf 79' lang='lat' dir='ltr'><strong><em>removendum.&#39;Cujus</em></strong></span> <span class='ocrx_word' id='word_1_250' title='bbox 772 3070 1134 3142; x_wconf 81' lang='lat' dir='ltr'><strong><em>allegationem</em></strong></span> <span class='ocrx_word' id='word_1_251' title='bbox 1166 3071 1505 3149; x_wconf 75' lang='lat' dir='ltr'><strong><em>prasentibus</em></strong></span> <span class='ocrx_word' id='word_1_252' title='bbox 1537 3070 1771 3140; x_wconf 85' lang='lat' dir='ltr'><strong><em>partibus</em></strong></span> 
     </span>
    </p>
   </div>
   <div class='ocr_carea' id='block_1_36' title="bbox 1861 743 3465 817">
    <p class='ocr_par' dir='ltr' id='par_1_36' title="bbox 1861 743 3465 817">
     <span class='ocr_line' id='line_1_36' title="bbox 1861 743 3465 817; baseline 0.003 -18"><span class='ocrx_word' id='word_1_253' title='bbox 1861 743 2005 799; x_wconf 87' lang='lat' dir='ltr'><strong><em>circa</em></strong></span> <span class='ocrx_word' id='word_1_254' title='bbox 2081 744 2319 800; x_wconf 89' lang='lat' dir='ltr'><strong><em>medium</em></strong></span> <span class='ocrx_word' id='word_1_255' title='bbox 2391 761 2591 800; x_wconf 88' lang='lat' dir='ltr'><strong><em>annum</em></strong></span> <span class='ocrx_word' id='word_1_256' title='bbox 2661 745 2805 811; x_wconf 68' lang='lat'><strong><em>582,</em></strong></span> <span class='ocrx_word' id='word_1_257' title='bbox 2869 761 3036 817; x_wconf 89' lang='lat' dir='ltr'><strong><em>seque</em></strong></span> <span class='ocrx_word' id='word_1_258' title='bbox 3090 748 3268 804; x_wconf 84' lang='lat' dir='ltr'><strong><em>allatis</em></strong></span> <span class='ocrx_word' id='word_1_259' title='bbox 3322 748 3465 805; x_wconf 84' lang='lat' dir='ltr'><strong><em>Petri</em></strong></span> 
     </span>
    </p>
   </div>
   <div class='ocr_carea' id='block_1_37' title="bbox 1860 834 3471 909">
    <p class='ocr_par' dir='ltr' id='par_1_37' title="bbox 1860 834 3471 909">
     <span class='ocr_line' id='line_1_37' title="bbox 1860 834 3471 909; baseline 0.004 -19"><span class='ocrx_word' id='word_1_260' title='bbox 1860 834 2255 903; x_wconf 79' lang='lat' dir='ltr'><strong><em>Alexandrini,</em></strong></span> <span class='ocrx_word' id='word_1_261' title='bbox 2289 839 2378 909; x_wconf 87' lang='lat' dir='ltr'><strong><em>qui</em></strong></span> <span class='ocrx_word' id='word_1_262' title='bbox 2426 849 2654 893; x_wconf 89' lang='lat' dir='ltr'><strong><em>mortem</em></strong></span> <span class='ocrx_word' id='word_1_263' title='bbox 2700 838 2810 907; x_wconf 81' lang='lat' dir='ltr'><strong><em>jam</em></strong></span> <span class='ocrx_word' id='word_1_264' title='bbox 2843 840 3053 901; x_wconf 84' lang='lat' dir='ltr'><strong><em>obierat</em></strong></span> <span class='ocrx_word' id='word_1_265' title='bbox 3079 880 3094 907; x_wconf 94' lang='lat'><strong><em>,</em></strong></span> <span class='ocrx_word' id='word_1_266' title='bbox 3138 840 3334 895; x_wconf 84' lang='lat' dir='ltr'><strong><em>litteris</em></strong></span> <span class='ocrx_word' id='word_1_267' title='bbox 3377 856 3471 896; x_wconf 90' lang='lat' dir='ltr'><strong><em>ca-</em></strong></span> 
     </span>
    </p>
   </div>
   <div class='ocr_carea' id='block_1_38' title="bbox 1865 928 3470 1001">
    <p class='ocr_par' dir='ltr' id='par_1_38' title="bbox 1865 928 3470 1001">
     <span class='ocr_line' id='line_1_38' title="bbox 1865 928 3470 1001; baseline 0.006 -20"><span class='ocrx_word' id='word_1_268' title='bbox 1865 928 2156 996; x_wconf 65' lang='lat' dir='ltr'><strong><em>tholicum,</em></strong></span> <span class='ocrx_word' id='word_1_269' title='bbox 2217 939 2589 1001; x_wconf 66' lang='lat' dir='ltr'><strong><em>praetereaque</em></strong></span> <span class='ocrx_word' id='word_1_270' title='bbox 2640 930 2789 986; x_wconf 82' lang='lat' dir='ltr'><strong><em>falsis</em></strong></span> <span class='ocrx_word' id='word_1_271' title='bbox 2843 931 3118 1001; x_wconf 85' lang='lat' dir='ltr'><strong><em>productis</em></strong></span> <span class='ocrx_word' id='word_1_272' title='bbox 3148 935 3470 993; x_wconf 85' lang='lat' dir='ltr'><strong><em>testimoniis</em></strong></span> 
     </span>
    </p>
   </div>
   <div class='ocr_carea' id='block_1_39' title="bbox 1864 1021 3473 1094">
    <p class='ocr_par' dir='ltr' id='par_1_39' title="bbox 1864 1021 3473 1094">
     <span class='ocr_line' id='line_1_39' title="bbox 1864 1021 3473 1094; baseline 0.002 -15"><span class='ocrx_word' id='word_1_273' title='bbox 1864 1022 1967 1079; x_wconf 82' lang='lat' dir='ltr'><strong><em>rite</em></strong></span> <span class='ocrx_word' id='word_1_274' title='bbox 2017 1030 2276 1092; x_wconf 86' lang='lat' dir='ltr'><strong><em>recteque</em></strong></span> <span class='ocrx_word' id='word_1_275' title='bbox 2326 1021 2633 1079; x_wconf 84' lang='lat' dir='ltr'><strong><em>ordinatum</em></strong></span> <span class='ocrx_word' id='word_1_276' title='bbox 2689 1025 2898 1094; x_wconf 87' lang='lat' dir='ltr'><strong><em>probat.</em></strong></span> <span class='ocrx_word' id='word_1_277' title='bbox 2953 1024 3063 1081; x_wconf 85' lang='lat' dir='ltr'><strong><em>Cur</em></strong></span> <span class='ocrx_word' id='word_1_278' title='bbox 3117 1040 3247 1085; x_wconf 87' lang='lat' dir='ltr'><strong><em>vero</em></strong></span> <span class='ocrx_word' id='word_1_279' title='bbox 3303 1025 3473 1083; x_wconf 88' lang='lat' dir='ltr'><strong><em>Tille-</em></strong></span> 
     </span>
    </p>
   </div>
   <div class='ocr_carea' id='block_1_40' title="bbox 1864 1114 3472 1189">
    <p class='ocr_par' dir='ltr' id='par_1_40' title="bbox 1864 1114 3472 1189">
     <span class='ocr_line' id='line_1_40' title="bbox 1864 1114 3472 1189; baseline 0.005 -21"><span class='ocrx_word' id='word_1_280' title='bbox 1864 1114 2104 1171; x_wconf 91' lang='lat' dir='ltr'><strong><em>montius</em></strong></span> <span class='ocrx_word' id='word_1_281' title='bbox 2142 1115 2432 1173; x_wconf 78' lang='lat' dir='ltr'><strong><em>Maximum</em></strong></span> <span class='ocrx_word' id='word_1_282' title='bbox 2464 1117 2607 1172; x_wconf 90' lang='lat' dir='ltr'><strong><em>circa</em></strong></span> <span class='ocrx_word' id='word_1_283' title='bbox 2654 1118 2755 1172; x_wconf 86' lang='lat' dir='ltr'><strong><em>hoc</em></strong></span> <span class='ocrx_word' id='word_1_284' title='bbox 2799 1127 3011 1189; x_wconf 87' lang='lat' dir='ltr'><strong><em>tempus</em></strong></span> <span class='ocrx_word' id='word_1_285' title='bbox 3042 1120 3094 1175; x_wconf 89' lang='lat' dir='ltr'><strong><em>in</em></strong></span> <span class='ocrx_word' id='word_1_286' title='bbox 3128 1120 3334 1179; x_wconf 89' lang='lat' dir='ltr'><strong><em>Italiam</em></strong></span> <span class='ocrx_word' id='word_1_287' title='bbox 3382 1136 3472 1176; x_wconf 87' lang='lat' dir='ltr'><strong><em>ve-</em></strong></span> 
     </span>
    </p>
   </div>
   <div class='ocr_carea' id='block_1_41' title="bbox 1865 1209 3475 1285">
    <p class='ocr_par' dir='ltr' id='par_1_41' title="bbox 1865 1209 3475 1285">
     <span class='ocr_line' id='line_1_41' title="bbox 1865 1209 3475 1285; baseline 0.004 -22"><span class='ocrx_word' id='word_1_288' title='bbox 1865 1210 2014 1264; x_wconf 88' lang='lat' dir='ltr'><strong><em>nisse</em></strong></span> <span class='ocrx_word' id='word_1_289' title='bbox 2042 1210 2295 1279; x_wconf 63' lang='lat' dir='ltr'><strong><em>opinetur</em></strong></span> <span class='ocrx_word' id='word_1_290' title='bbox 2316 1254 2331 1278; x_wconf 92' lang='lat'><strong><em>,</em></strong></span> <span class='ocrx_word' id='word_1_291' title='bbox 2370 1210 2511 1264; x_wconf 88' lang='lat' dir='ltr'><strong><em>hanc</em></strong></span> <span class='ocrx_word' id='word_1_292' title='bbox 2541 1209 2698 1267; x_wconf 84' lang='lat' dir='ltr'><strong><em>all‘ert</em></strong></span> <span class='ocrx_word' id='word_1_293' title='bbox 2729 1212 2996 1273; x_wconf 85' lang='lat' dir='ltr'><strong><em>rationem</em></strong></span> <span class='ocrx_word' id='word_1_294' title='bbox 3024 1254 3038 1278; x_wconf 90' lang='lat'><strong><em>,</em></strong></span> <span class='ocrx_word' id='word_1_295' title='bbox 3073 1214 3196 1285; x_wconf 85' lang='lat' dir='ltr'><strong><em>quia</em></strong></span> <span class='ocrx_word' id='word_1_296' title='bbox 3219 1215 3475 1284; x_wconf 84' lang='lat' dir='ltr'><strong><em>sperabat</em></strong></span> 
     </span>
    </p>
   </div>
   <div class='ocr_carea' id='block_1_42' title="bbox 1864 1299 3474 1377">
    <p class='ocr_par' dir='ltr' id='par_1_42' title="bbox 1864 1299 3474 1377">
     <span class='ocr_line' id='line_1_42' title="bbox 1864 1299 3474 1377; baseline 0.006 -22"><span class='ocrx_word' id='word_1_297' title='bbox 1864 1299 2012 1367; x_wconf 79' lang='lat' dir='ltr'><strong><em>fore,</em></strong></span> <span class='ocrx_word' id='word_1_298' title='bbox 2064 1313 2119 1356; x_wconf 80' lang='lat' dir='ltr'><strong><em>ut</em></strong></span> <span class='ocrx_word' id='word_1_299' title='bbox 2162 1317 2251 1358; x_wconf 85' lang='lat' dir='ltr'><strong><em>res</em></strong></span> <span class='ocrx_word' id='word_1_300' title='bbox 2293 1318 2423 1358; x_wconf 87' lang='lat' dir='ltr'><strong><em>suas</em></strong></span> <span class='ocrx_word' id='word_1_301' title='bbox 2449 1302 3067 1375; x_wconf 67' lang='lat' dir='ltr'><strong><em>Constantinopolitana}</em></strong></span> <span class='ocrx_word' id='word_1_302' title='bbox 3108 1306 3299 1377; x_wconf 89' lang='lat' dir='ltr'><strong><em>synodi</em></strong></span> <span class='ocrx_word' id='word_1_303' title='bbox 3347 1322 3474 1365; x_wconf 86' lang='lat' dir='ltr'><strong><em>sen-</em></strong></span> 
     </span>
    </p>
   </div>
   <div class='ocr_carea' id='block_1_43' title="bbox 1866 1392 3474 1464">
    <p class='ocr_par' dir='ltr' id='par_1_43' title="bbox 1866 1392 3474 1464">
     <span class='ocr_line' id='line_1_43' title="bbox 1866 1392 3474 1464; baseline 0.006 -18"><span class='ocrx_word' id='word_1_304' title='bbox 1866 1392 2030 1448; x_wconf 83' lang='lat' dir='ltr'><strong><em>tentia</em></strong></span> <span class='ocrx_word' id='word_1_305' title='bbox 2088 1394 2372 1464; x_wconf 89' lang='lat' dir='ltr'><strong><em>perditas,</em></strong></span> <span class='ocrx_word' id='word_1_306' title='bbox 2425 1395 2480 1451; x_wconf 91' lang='lat' dir='ltr'><strong><em>in</em></strong></span> <span class='ocrx_word' id='word_1_307' title='bbox 2535 1398 2877 1455; x_wconf 74' lang='lat' dir='ltr'><strong><em>tecumenico</em></strong></span> <span class='ocrx_word' id='word_1_308' title='bbox 2935 1399 3168 1457; x_wconf 87' lang='lat' dir='ltr'><strong><em>concilio</em></strong></span> <span class='ocrx_word' id='word_1_309' title='bbox 3211 1400 3397 1461; x_wconf 68' lang='lat' dir='ltr'><strong><em>Romae</em></strong></span> <span class='ocrx_word' id='word_1_310' title='bbox 3443 1416 3474 1455; x_wconf 84' lang='lat' dir='ltr'><strong><em>a</em></strong></span> 
     </span>
    </p>
   </div>
   <div class='ocr_carea' id='block_1_44' title="bbox 1868 1485 3474 1565">
    <p class='ocr_par' dir='ltr' id='par_1_44' title="bbox 1868 1485 3474 1565">
     <span class='ocr_line' id='line_1_44' title="bbox 1868 1485 3474 1565; baseline 0.006 -24"><span class='ocrx_word' id='word_1_311' title='bbox 1868 1485 2101 1545; x_wconf 86' lang='lat' dir='ltr'><strong><em>Damaso</em></strong></span> <span class='ocrx_word' id='word_1_312' title='bbox 2131 1498 2429 1544; x_wconf 89' lang='lat' dir='ltr'><strong><em>convocato</em></strong></span> <span class='ocrx_word' id='word_1_313' title='bbox 2456 1492 2787 1547; x_wconf 85' lang='lat' dir='ltr'><strong><em>restitueret.</em></strong></span> <span class='ocrx_word' id='word_1_314' title='bbox 2820 1490 2989 1547; x_wconf 90' lang='lat' dir='ltr'><strong><em>Italici</em></strong></span> <span class='ocrx_word' id='word_1_315' title='bbox 3021 1503 3198 1555; x_wconf 84' lang='lat' dir='ltr'><strong><em>tamen</em></strong></span> <span class='ocrx_word' id='word_1_316' title='bbox 3227 1494 3474 1565; x_wconf 81' lang='lat' dir='ltr'><strong><em>episcopi</em></strong></span> 
     </span>
    </p>
   </div>
   <div class='ocr_carea' id='block_1_45' title="bbox 1867 1581 3464 1663">
    <p class='ocr_par' dir='ltr' id='par_1_45' title="bbox 1867 1581 3464 1663">
     <span class='ocr_line' id='line_1_45' title="bbox 1867 1581 3464 1663; baseline 0.006 -27"><span class='ocrx_word' id='word_1_317' title='bbox 1867 1581 2001 1636; x_wconf 83' lang='lat' dir='ltr'><strong><em>nihil</em></strong></span> <span class='ocrx_word' id='word_1_318' title='bbox 2052 1599 2078 1635; x_wconf 90' lang='lat' dir='ltr'><strong><em>a</em></strong></span> <span class='ocrx_word' id='word_1_319' title='bbox 2126 1598 2185 1638; x_wconf 88' lang='lat' dir='ltr'><strong><em>se</em></strong></span> <span class='ocrx_word' id='word_1_320' title='bbox 2229 1592 2432 1640; x_wconf 88' lang='lat' dir='ltr'><strong><em>temere</em></strong></span> <span class='ocrx_word' id='word_1_321' title='bbox 2469 1584 2834 1663; x_wconf 76' lang='lat' dir='ltr'><strong><em>definiendum</em></strong></span> <span class='ocrx_word' id='word_1_322' title='bbox 2867 1590 2968 1643; x_wconf 87' lang='lat' dir='ltr'><strong><em>rati</em></strong></span> <span class='ocrx_word' id='word_1_323' title='bbox 2999 1599 3125 1653; x_wconf 82' lang='lat' dir='ltr'><strong><em>sunt</em></strong></span> <span class='ocrx_word' id='word_1_324' title='bbox 3154 1630 3172 1656; x_wconf 88' lang='lat'><strong><em>,</em></strong></span> <span class='ocrx_word' id='word_1_325' title='bbox 3200 1600 3255 1644; x_wconf 90' lang='lat' dir='ltr'><strong><em>ut</em></strong></span> <span class='ocrx_word' id='word_1_326' title='bbox 3302 1605 3464 1655; x_wconf 85' lang='lat' dir='ltr'><strong><em>causa</em></strong></span> 
     </span>
    </p>
   </div>
   <div class='ocr_carea' id='block_1_46' title="bbox 1869 1672 3470 1752">
    <p class='ocr_par' dir='ltr' id='par_1_46' title="bbox 1869 1672 3470 1752">
     <span class='ocr_line' id='line_1_46' title="bbox 1869 1672 3470 1752; baseline 0.01 -25"><span class='ocrx_word' id='word_1_327' title='bbox 1869 1672 1985 1729; x_wconf 71' lang='lat' dir='ltr'><strong><em>hac</em></strong></span> <span class='ocrx_word' id='word_1_328' title='bbox 2028 1690 2058 1730; x_wconf 88' lang='lat' dir='ltr'><strong><em>a</em></strong></span> <span class='ocrx_word' id='word_1_329' title='bbox 2113 1678 2348 1747; x_wconf 72' lang='lat' dir='ltr'><strong><em>generali</em></strong></span> <span class='ocrx_word' id='word_1_330' title='bbox 2398 1677 2490 1732; x_wconf 91' lang='lat' dir='ltr'><strong><em>illo</em></strong></span> <span class='ocrx_word' id='word_1_331' title='bbox 2535 1680 2768 1747; x_wconf 87' lang='lat' dir='ltr'><strong><em>concilio</em></strong></span> <span class='ocrx_word' id='word_1_332' title='bbox 2816 1680 3134 1752; x_wconf 78' lang='lat' dir='ltr'><strong><em>prOpediem</em></strong></span> <span class='ocrx_word' id='word_1_333' title='bbox 3165 1682 3350 1739; x_wconf 79' lang='lat' dir='ltr'><strong><em>futuro</em></strong></span> <span class='ocrx_word' id='word_1_334' title='bbox 3377 1700 3470 1743; x_wconf 85' lang='lat' dir='ltr'><strong><em>co-</em></strong></span> 
     </span>
    </p>
   </div>
   <div class='ocr_carea' id='block_1_47' title="bbox 1796 1770 3479 1843">
    <p class='ocr_par' dir='ltr' id='par_1_47' title="bbox 1796 1770 3479 1843">
     <span class='ocr_line' id='line_1_47' title="bbox 1796 1770 3479 1843; baseline 0.011 -27"><span class='ocrx_word' id='word_1_335' title='bbox 1796 1778 1838 1838; x_wconf 77' lang='lat' dir='ltr'><strong>B</strong></span> <span class='ocrx_word' id='word_1_336' title='bbox 1867 1778 2241 1843; x_wconf 79' lang='lat' dir='ltr'><strong><em>gnosceretur.</em></strong></span> <span class='ocrx_word' id='word_1_337' title='bbox 2282 1770 2476 1829; x_wconf 76' lang='lat' dir='ltr'><strong><em>Verum</em></strong></span> <span class='ocrx_word' id='word_1_338' title='bbox 2532 1788 2601 1828; x_wconf 88' lang='lat' dir='ltr'><strong><em>ne</em></strong></span> <span class='ocrx_word' id='word_1_339' title='bbox 2651 1773 2859 1837; x_wconf 84' lang='lat' dir='ltr'><strong><em>interea</em></strong></span> <span class='ocrx_word' id='word_1_340' title='bbox 2907 1774 3089 1831; x_wconf 87' lang='lat' dir='ltr'><strong><em>ofticio</em></strong></span> <span class='ocrx_word' id='word_1_341' title='bbox 3132 1791 3233 1837; x_wconf 86' lang='lat' dir='ltr'><strong><em>suo</em></strong></span> <span class='ocrx_word' id='word_1_342' title='bbox 3282 1777 3479 1837; x_wconf 83' lang='lat' dir='ltr'><strong><em>deesse</em></strong></span> 
     </span>
    </p>
   </div>
   <div class='ocr_carea' id='block_1_48' title="bbox 1869 1860 3477 1931">
    <p class='ocr_par' dir='ltr' id='par_1_48' title="bbox 1869 1860 3477 1931">
     <span class='ocr_line' id='line_1_48' title="bbox 1869 1860 3477 1931; baseline 0.008 -19"><span class='ocrx_word' id='word_1_343' title='bbox 1869 1860 1971 1931; x_wconf 83' lang='lat' dir='ltr'><strong><em>ipsi</em></strong></span> <span class='ocrx_word' id='word_1_344' title='bbox 2026 1861 2339 1931; x_wconf 79' lang='lat' dir='ltr'><strong><em>viderentur</em></strong></span> <span class='ocrx_word' id='word_1_345' title='bbox 2366 1905 2382 1928; x_wconf 90' lang='lat'><strong><em>,</em></strong></span> <span class='ocrx_word' id='word_1_346' title='bbox 2441 1873 2552 1919; x_wconf 91' lang='lat' dir='ltr'><strong><em>tum</em></strong></span> <span class='ocrx_word' id='word_1_347' title='bbox 2596 1865 2885 1923; x_wconf 81' lang='lat' dir='ltr'><strong><em>Maximum</em></strong></span> <span class='ocrx_word' id='word_1_348' title='bbox 2928 1868 2997 1931; x_wconf 80' lang='lat' dir='ltr'><strong><em>ad</em></strong></span> <span class='ocrx_word' id='word_1_349' title='bbox 3035 1869 3477 1927; x_wconf 82' lang='lat' dir='ltr'><strong><em>communionem</em></strong></span> 
     </span>
    </p>
   </div>
   <div class='ocr_carea' id='block_1_49' title="bbox 1869 1957 3479 2032">
    <p class='ocr_par' dir='ltr' id='par_1_49' title="bbox 1869 1957 3479 2032">
     <span class='ocr_line' id='line_1_49' title="bbox 1869 1957 3479 2032; baseline 0.007 -25"><span class='ocrx_word' id='word_1_350' title='bbox 1869 1966 2189 2023; x_wconf 87' lang='lat' dir='ltr'><strong><em>receperunt</em></strong></span> <span class='ocrx_word' id='word_1_351' title='bbox 2218 1998 2233 2021; x_wconf 89' lang='lat'><strong><em>,</em></strong></span> <span class='ocrx_word' id='word_1_352' title='bbox 2284 1967 2394 2015; x_wconf 86' lang='lat' dir='ltr'><strong><em>tum</em></strong></span> <span class='ocrx_word' id='word_1_353' title='bbox 2427 1957 2737 2015; x_wconf 89' lang='lat' dir='ltr'><strong><em>Theodosio</em></strong></span> <span class='ocrx_word' id='word_1_354' title='bbox 2768 1962 3107 2031; x_wconf 86' lang='lat' dir='ltr'><strong><em>scripserunt</em></strong></span> <span class='ocrx_word' id='word_1_355' title='bbox 3135 1972 3195 2019; x_wconf 87' lang='lat' dir='ltr'><strong><em>ut</em></strong></span> <span class='ocrx_word' id='word_1_356' title='bbox 3231 1963 3479 2032; x_wconf 83' lang='lat' dir='ltr'><strong><em>ejusdem</em></strong></span> 
     </span>
    </p>
   </div>
   <div class='ocr_carea' id='block_1_50' title="bbox 1862 2046 3475 2124">
    <p class='ocr_par' dir='ltr' id='par_1_50' title="bbox 1862 2046 3475 2124">
     <span class='ocr_line' id='line_1_50' title="bbox 1862 2046 3475 2124; baseline 0.009 -25"><span class='ocrx_word' id='word_1_357' title='bbox 1862 2046 2068 2118; x_wconf 86' lang='lat' dir='ltr'><strong><em>jurium</em></strong></span> <span class='ocrx_word' id='word_1_358' title='bbox 2124 2049 2390 2106; x_wconf 86' lang='lat' dir='ltr'><strong><em>rationem</em></strong></span> <span class='ocrx_word' id='word_1_359' title='bbox 2430 2050 2618 2107; x_wconf 83' lang='lat' dir='ltr'><strong><em>haberi</em></strong></span> <span class='ocrx_word' id='word_1_360' title='bbox 2671 2054 2871 2121; x_wconf 85' lang='lat' dir='ltr'><strong><em>vellet,</em></strong></span> <span class='ocrx_word' id='word_1_361' title='bbox 2923 2054 3083 2124; x_wconf 88' lang='lat' dir='ltr'><strong><em>eique</em></strong></span> <span class='ocrx_word' id='word_1_362' title='bbox 3125 2057 3475 2121; x_wconf 84' lang='lat' dir='ltr'><strong><em>consuleret.</em></strong></span> 
     </span>
    </p>
   </div>
   <div class='ocr_carea' id='block_1_51' title="bbox 1870 2144 3479 2219">
    <p class='ocr_par' dir='ltr' id='par_1_51' title="bbox 1870 2144 3479 2219">
     <span class='ocr_line' id='line_1_51' title="bbox 1870 2144 3479 2219; baseline 0.007 -24"><span class='ocrx_word' id='word_1_363' title='bbox 1870 2155 1935 2195; x_wconf 82' lang='lat' dir='ltr'><strong><em>ex</em></strong></span> <span class='ocrx_word' id='word_1_364' title='bbox 1969 2158 2063 2195; x_wconf 73' lang='lat' dir='ltr'><strong><em>usu</em></strong></span> <span class='ocrx_word' id='word_1_365' title='bbox 2094 2144 2322 2214; x_wconf 71' lang='lat' dir='ltr'><strong><em>publica:</em></strong></span> <span class='ocrx_word' id='word_1_366' title='bbox 2353 2146 2522 2217; x_wconf 83' lang='lat' dir='ltr'><strong><em>pacis,</em></strong></span> <span class='ocrx_word' id='word_1_367' title='bbox 2556 2157 2610 2202; x_wconf 87' lang='lat' dir='ltr'><strong><em>et</em></strong></span> <span class='ocrx_word' id='word_1_368' title='bbox 2642 2147 3069 2219; x_wconf 89' lang='lat' dir='ltr'><strong><em>tranquillitatis.</em></strong></span> <span class='ocrx_word' id='word_1_369' title='bbox 3108 2149 3269 2205; x_wconf 82' lang='lat' dir='ltr'><strong><em>Periit</em></strong></span> <span class='ocrx_word' id='word_1_370' title='bbox 3299 2158 3479 2211; x_wconf 87' lang='lat' dir='ltr'><strong><em>autem</em></strong></span> 
     </span>
    </p>
   </div>
   <div class='ocr_carea' id='block_1_52' title="bbox 1871 2233 3481 2311">
    <p class='ocr_par' dir='ltr' id='par_1_52' title="bbox 1871 2233 3481 2311">
     <span class='ocr_line' id='line_1_52' title="bbox 1871 2233 3481 2311; baseline 0.007 -24"><span class='ocrx_word' id='word_1_371' title='bbox 1871 2233 1987 2289; x_wconf 75' lang='lat' dir='ltr'><strong><em>lucc</em></strong></span> <span class='ocrx_word' id='word_1_372' title='bbox 2038 2236 2186 2307; x_wconf 90' lang='lat' dir='ltr'><strong><em>prior</em></strong></span> <span class='ocrx_word' id='word_1_373' title='bbox 2218 2280 2233 2306; x_wconf 94' lang='lat'><strong><em>,</em></strong></span> <span class='ocrx_word' id='word_1_374' title='bbox 2282 2250 2337 2293; x_wconf 91' lang='lat' dir='ltr'><strong><em>ut</em></strong></span> <span class='ocrx_word' id='word_1_375' title='bbox 2387 2239 2470 2294; x_wconf 85' lang='lat' dir='ltr'><strong><em>his</em></strong></span> <span class='ocrx_word' id='word_1_376' title='bbox 2514 2240 2750 2305; x_wconf 88' lang='lat' dir='ltr'><strong><em>videtur,</em></strong></span> <span class='ocrx_word' id='word_1_377' title='bbox 2780 2242 3051 2311; x_wconf 86' lang='lat' dir='ltr'><strong><em>epistola;</em></strong></span> <span class='ocrx_word' id='word_1_378' title='bbox 3093 2250 3208 2298; x_wconf 86' lang='lat' dir='ltr'><strong><em>tres</em></strong></span> <span class='ocrx_word' id='word_1_379' title='bbox 3234 2243 3382 2299; x_wconf 89' lang='lat' dir='ltr'><strong><em>enim</em></strong></span> <span class='ocrx_word' id='word_1_380' title='bbox 3412 2242 3481 2299; x_wconf 90' lang='lat' dir='ltr'><strong><em>ab</em></strong></span> 
     </span>
    </p>
   </div>
   <div class='ocr_carea' id='block_1_53' title="bbox 1871 2329 3481 2406">
    <p class='ocr_par' dir='ltr' id='par_1_53' title="bbox 1871 2329 3481 2406">
     <span class='ocr_line' id='line_1_53' title="bbox 1871 2329 3481 2406; baseline 0.004 -23"><span class='ocrx_word' id='word_1_381' title='bbox 1871 2329 2061 2384; x_wconf 87' lang='lat' dir='ltr'><strong><em>eodem</em></strong></span> <span class='ocrx_word' id='word_1_382' title='bbox 2079 2330 2313 2386; x_wconf 89' lang='lat' dir='ltr'><strong><em>concilio</em></strong></span> <span class='ocrx_word' id='word_1_383' title='bbox 2348 2332 2925 2403; x_wconf 78' lang='lat' dir='ltr'><strong><em>epistolas&#39;I‘lteodosio</em></strong></span> <span class='ocrx_word' id='word_1_384' title='bbox 2956 2335 3189 2404; x_wconf 83' lang='lat' dir='ltr'><strong><em>scriptas</em></strong></span> <span class='ocrx_word' id='word_1_385' title='bbox 3229 2337 3481 2406; x_wconf 87' lang='lat' dir='ltr'><strong><em>inquiunt</em></strong></span> 
     </span>
    </p>
   </div>
   <div class='ocr_carea' id='block_1_54' title="bbox 1872 2422 3477 2499">
    <p class='ocr_par' dir='ltr' id='par_1_54' title="bbox 1872 2422 3477 2499">
     <span class='ocr_line' id='line_1_54' title="bbox 1872 2422 3477 2499; baseline 0.005 -23"><span class='ocrx_word' id='word_1_386' title='bbox 1872 2438 1937 2476; x_wconf 76' lang='lat' dir='ltr'><strong><em>ex</em></strong></span> <span class='ocrx_word' id='word_1_387' title='bbox 1970 2422 2166 2492; x_wconf 87' lang='lat' dir='ltr'><strong><em>quibus</em></strong></span> <span class='ocrx_word' id='word_1_388' title='bbox 2198 2439 2260 2479; x_wconf 88' lang='lat' dir='ltr'><strong><em>ea</em></strong></span> <span class='ocrx_word' id='word_1_389' title='bbox 2287 2467 2300 2491; x_wconf 94' lang='lat'><strong><em>,</em></strong></span> <span class='ocrx_word' id='word_1_390' title='bbox 2334 2442 2494 2496; x_wconf 87' lang='lat' dir='ltr'><strong><em>quant</em></strong></span> <span class='ocrx_word' id='word_1_391' title='bbox 2523 2440 2685 2497; x_wconf 84' lang='lat' dir='ltr'><strong><em>supra</em></strong></span> <span class='ocrx_word' id='word_1_392' title='bbox 2719 2427 3027 2499; x_wconf 84' lang='lat' dir='ltr'><strong><em>descripsi,</em></strong></span> <span class='ocrx_word' id='word_1_393' title='bbox 3060 2428 3360 2491; x_wconf 83' lang='lat' dir='ltr'><strong><em>secundum</em></strong></span> <span class='ocrx_word' id='word_1_394' title='bbox 3396 2429 3477 2484; x_wconf 85' lang='lat' dir='ltr'><strong><em>lo-</em></strong></span> 
     </span>
    </p>
   </div>
   <div class='ocr_carea' id='block_1_55' title="bbox 1871 2521 3478 2593">
    <p class='ocr_par' dir='ltr' id='par_1_55' title="bbox 1871 2521 3478 2593">
     <span class='ocr_line' id='line_1_55' title="bbox 1871 2521 3478 2593; baseline 0.009 -26"><span class='ocrx_word' id='word_1_395' title='bbox 1871 2529 1995 2569; x_wconf 87' lang='lat' dir='ltr'><strong><em>cum</em></strong></span> <span class='ocrx_word' id='word_1_396' title='bbox 2043 2526 2311 2587; x_wconf 88' lang='lat' dir='ltr'><strong><em>occupat,</em></strong></span> <span class='ocrx_word' id='word_1_397' title='bbox 2366 2530 2702 2588; x_wconf 90' lang='lat' dir='ltr'><strong><em>postremum</em></strong></span> <span class='ocrx_word' id='word_1_398' title='bbox 2741 2536 2873 2579; x_wconf 91' lang='lat' dir='ltr'><strong><em>vero</em></strong></span> <span class='ocrx_word' id='word_1_399' title='bbox 2914 2521 3117 2589; x_wconf 86' lang='lat' dir='ltr'><strong><em>altera,</em></strong></span> <span class='ocrx_word' id='word_1_400' title='bbox 3148 2521 3218 2587; x_wconf 82' lang='lat' dir='ltr'><strong><em>de</em></strong></span> <span class='ocrx_word' id='word_1_401' title='bbox 3249 2537 3351 2591; x_wconf 80' lang='lat' dir='ltr'><strong><em>qua</em></strong></span> <span class='ocrx_word' id='word_1_402' title='bbox 3383 2521 3413 2593; x_wconf 66' lang='grc' dir='ltr'><strong>ς</strong></span> <span class='ocrx_word' id='word_1_403' title='bbox 3446 2522 3478 2581; x_wconf 72' lang='grc'><strong>4</strong></span> 
     </span>
    </p>
   </div>
   <div class='ocr_carea' id='block_1_56' title="bbox 1873 2607 3481 2687">
    <p class='ocr_par' dir='ltr' id='par_1_56' title="bbox 1873 2607 3481 2687">
     <span class='ocr_line' id='line_1_56' title="bbox 1873 2607 3481 2687; baseline 0.008 -29"><span class='ocrx_word' id='word_1_404' title='bbox 1873 2620 2026 2677; x_wconf 77' lang='lat' dir='ltr'><strong><em>agam</em></strong></span> <span class='ocrx_word' id='word_1_405' title='bbox 2065 2607 2346 2687; x_wconf 80' lang='lat' dir='ltr'><strong><em>deinceps.</em></strong></span> <span class='ocrx_word' id='word_1_406' title='bbox 2396 2611 2547 2665; x_wconf 85' lang='lat' dir='ltr'><strong><em>lianc</em></strong></span> <span class='ocrx_word' id='word_1_407' title='bbox 2590 2626 2718 2668; x_wconf 89' lang='lat' dir='ltr'><strong><em>vero</em></strong></span> <span class='ocrx_word' id='word_1_408' title='bbox 2763 2613 2931 2668; x_wconf 81' lang='lat' dir='ltr'><strong><em>fuisse</em></strong></span> <span class='ocrx_word' id='word_1_409' title='bbox 2957 2613 3074 2684; x_wconf 82' lang='lat' dir='ltr'><strong><em>ejus</em></strong></span> <span class='ocrx_word' id='word_1_410' title='bbox 3108 2615 3293 2684; x_wconf 81' lang='lat' dir='ltr'><strong><em>prima:</em></strong></span> <span class='ocrx_word' id='word_1_411' title='bbox 3318 2656 3332 2680; x_wconf 86' lang='lat'><strong><em>,</em></strong></span> <span class='ocrx_word' id='word_1_412' title='bbox 3360 2630 3481 2685; x_wconf 72' lang='lat' dir='ltr'><strong><em>qua:</em></strong></span> 
     </span>
    </p>
   </div>
   <div class='ocr_carea' id='block_1_57' title="bbox 1877 2700 3482 2773">
    <p class='ocr_par' dir='ltr' id='par_1_57' title="bbox 1877 2700 3482 2773">
     <span class='ocr_line' id='line_1_57' title="bbox 1877 2700 3482 2773; baseline 0.006 -20"><span class='ocrx_word' id='word_1_413' title='bbox 1877 2700 2038 2770; x_wconf 69' lang='lat' dir='ltr'><strong><em>periit</em></strong></span> <span class='ocrx_word' id='word_1_414' title='bbox 2067 2741 2081 2766; x_wconf 92' lang='lat'><strong><em>,</em></strong></span> <span class='ocrx_word' id='word_1_415' title='bbox 2128 2701 2371 2773; x_wconf 76' lang='lat' dir='ltr'><strong><em>epistola:</em></strong></span> <span class='ocrx_word' id='word_1_416' title='bbox 2419 2720 2601 2759; x_wconf 86' lang='lat' dir='ltr'><strong><em>rerqu</em></strong></span> <span class='ocrx_word' id='word_1_417' title='bbox 2651 2720 2916 2760; x_wconf 88' lang='lat' dir='ltr'><strong><em>summam</em></strong></span> <span class='ocrx_word' id='word_1_418' title='bbox 2946 2747 2959 2771; x_wconf 95' lang='lat'><strong><em>,</em></strong></span> <span class='ocrx_word' id='word_1_419' title='bbox 3003 2722 3068 2761; x_wconf 81' lang='lat' dir='ltr'><strong><em>ex</em></strong></span> <span class='ocrx_word' id='word_1_420' title='bbox 3111 2705 3213 2762; x_wconf 87' lang='lat' dir='ltr'><strong><em>bac</em></strong></span> <span class='ocrx_word' id='word_1_421' title='bbox 3240 2707 3482 2773; x_wconf 81' lang='lat' dir='ltr'><strong><em>secunda</em></strong></span> 
     </span>
    </p>
   </div>
   <div class='ocr_carea' id='block_1_58' title="bbox 1874 2799 3480 2873">
    <p class='ocr_par' dir='ltr' id='par_1_58' title="bbox 1874 2799 3480 2873">
     <span class='ocr_line' id='line_1_58' title="bbox 1874 2799 3480 2873; baseline 0.002 -20"><span class='ocrx_word' id='word_1_422' title='bbox 1874 2799 2174 2869; x_wconf 83' lang='lat' dir='ltr'><strong><em>colligunt,</em></strong></span> <span class='ocrx_word' id='word_1_423' title='bbox 2233 2815 2393 2871; x_wconf 89' lang='lat' dir='ltr'><strong><em>quam</em></strong></span> <span class='ocrx_word' id='word_1_424' title='bbox 2444 2808 2728 2873; x_wconf 86' lang='lat' dir='ltr'><strong><em>propterea</em></strong></span> <span class='ocrx_word' id='word_1_425' title='bbox 2779 2802 3155 2859; x_wconf 80' lang='lat' dir='ltr'><strong><em>transmissam</em></strong></span> <span class='ocrx_word' id='word_1_426' title='bbox 3191 2802 3480 2863; x_wconf 85' lang='lat' dir='ltr'><strong><em>aiuntnou</em></strong></span> 
     </span>
    </p>
   </div>
   <div class='ocr_carea' id='block_1_59' title="bbox 1875 2890 3483 2965">
    <p class='ocr_par' dir='ltr' id='par_1_59' title="bbox 1875 2890 3483 2965">
     <span class='ocr_line' id='line_1_59' title="bbox 1875 2890 3483 2965; baseline 0.003 -20"><span class='ocrx_word' id='word_1_427' title='bbox 1875 2890 1965 2945; x_wconf 88' lang='lat' dir='ltr'><strong><em>diu</em></strong></span> <span class='ocrx_word' id='word_1_428' title='bbox 1996 2903 2112 2961; x_wconf 89' lang='lat' dir='ltr'><strong><em>post</em></strong></span> <span class='ocrx_word' id='word_1_429' title='bbox 2142 2892 2368 2962; x_wconf 86' lang='lat' dir='ltr'><strong><em>primam</em></strong></span> <span class='ocrx_word' id='word_1_430' title='bbox 2400 2934 2415 2958; x_wconf 89' lang='lat'><strong><em>,</em></strong></span> <span class='ocrx_word' id='word_1_431' title='bbox 2450 2902 2575 2949; x_wconf 88' lang='lat' dir='ltr'><strong><em>tunc</em></strong></span> <span class='ocrx_word' id='word_1_432' title='bbox 2603 2894 2855 2961; x_wconf 86' lang='lat' dir='ltr'><strong><em>scilicet,</em></strong></span> <span class='ocrx_word' id='word_1_433' title='bbox 2913 2910 3036 2949; x_wconf 89' lang='lat' dir='ltr'><strong><em>cum</em></strong></span> <span class='ocrx_word' id='word_1_434' title='bbox 3066 2894 3233 2951; x_wconf 88' lang='lat' dir='ltr'><strong><em>Italici</em></strong></span> <span class='ocrx_word' id='word_1_435' title='bbox 3263 2895 3336 2950; x_wconf 91' lang='lat' dir='ltr'><strong><em>illi</em></strong></span> <span class='ocrx_word' id='word_1_436' title='bbox 3365 2894 3483 2965; x_wconf 83' lang='lat' dir='ltr'><strong><em>epi-</em></strong></span> 
     </span>
    </p>
   </div>
   <div class='ocr_carea' id='block_1_60' title="bbox 1874 2986 3476 3059">
    <p class='ocr_par' dir='ltr' id='par_1_60' title="bbox 1874 2986 3476 3059">
     <span class='ocr_line' id='line_1_60' title="bbox 1874 2986 3476 3059; baseline 0.001 -18"><span class='ocrx_word' id='word_1_437' title='bbox 1874 2986 2025 3054; x_wconf 86' lang='lat' dir='ltr'><strong><em>scopi</em></strong></span> <span class='ocrx_word' id='word_1_438' title='bbox 2055 2990 2317 3042; x_wconf 83' lang='lat' dir='ltr'><strong><em>certiores</em></strong></span> <span class='ocrx_word' id='word_1_439' title='bbox 2344 2986 2472 3041; x_wconf 82' lang='lat' dir='ltr'><strong><em>facti</em></strong></span> <span class='ocrx_word' id='word_1_440' title='bbox 2504 2998 2651 3055; x_wconf 90' lang='lat' dir='ltr'><strong><em>sunt,</em></strong></span> <span class='ocrx_word' id='word_1_441' title='bbox 2676 2987 2931 3059; x_wconf 76' lang='lat' dir='ltr'><strong><em>generale</em></strong></span> <span class='ocrx_word' id='word_1_442' title='bbox 2978 2988 3270 3044; x_wconf 90' lang='lat' dir='ltr'><strong><em>concilium</em></strong></span> <span class='ocrx_word' id='word_1_443' title='bbox 3301 3003 3332 3041; x_wconf 89' lang='lat' dir='ltr'><strong><em>a</em></strong></span> <span class='ocrx_word' id='word_1_444' title='bbox 3365 2987 3476 3043; x_wconf 85' lang='lat' dir='ltr'><strong><em>Da-</em></strong></span> 
     </span>
    </p>
   </div>
   <div class='ocr_carea' id='block_1_61' title="bbox 1875 3081 3475 3147">
    <p class='ocr_par' dir='ltr' id='par_1_61' title="bbox 1875 3081 3475 3147">
     <span class='ocr_line' id='line_1_61' title="bbox 1875 3081 3475 3147; baseline 0.002 -13"><span class='ocrx_word' id='word_1_445' title='bbox 1875 3096 2028 3134; x_wconf 85' lang='lat' dir='ltr'><strong><em>tnaso</em></strong></span> <span class='ocrx_word' id='word_1_446' title='bbox 2058 3097 2200 3135; x_wconf 88' lang='lat' dir='ltr'><strong><em>anno</em></strong></span> <span class='ocrx_word' id='word_1_447' title='bbox 2231 3081 2332 3139; x_wconf 88' lang='lat' dir='ltr'><strong><em>boc</em></strong></span> <span class='ocrx_word' id='word_1_448' title='bbox 2372 3091 2730 3137; x_wconf 84' lang='lat' dir='ltr'><strong><em>convocatttm</em></strong></span> <span class='ocrx_word' id='word_1_449' title='bbox 2778 3084 2845 3138; x_wconf 84' lang='lat' dir='ltr'><strong><em>ab</em></strong></span> <span class='ocrx_word' id='word_1_450' title='bbox 2885 3081 3253 3139; x_wconf 85' lang='lat' dir='ltr'><strong><em>Orientalibus</em></strong></span> <span class='ocrx_word' id='word_1_451' title='bbox 3302 3081 3475 3147; x_wconf 59' lang='lat' dir='ltr'><strong><em>declio</em></strong></span> 
     </span>
    </p>
   </div>
   <div class='ocr_carea' id='block_1_62' title="bbox 157 3162 3186 3251">
    <p class='ocr_par' dir='ltr' id='par_1_62' title="bbox 157 3162 3186 3251">
     <span class='ocr_line' id='line_1_62' title="bbox 157 3162 3186 3251; baseline 0.005 -37"><span class='ocrx_word' id='word_1_452' title='bbox 157 3162 517 3216; x_wconf 81' lang='lat' dir='ltr'><strong><em>astimavimns</em></strong></span> <span class='ocrx_word' id='word_1_453' title='bbox 563 3180 671 3217; x_wconf 91' lang='lat' dir='ltr'><strong><em>esse</em></strong></span> <span class='ocrx_word' id='word_1_454' title='bbox 717 3164 1062 3232; x_wconf 78' lang='lat' dir='ltr'><strong><em>pendendum.</em></strong></span> <span class='ocrx_word' id='word_1_455' title='bbox 1111 3163 1418 3219; x_wconf 88' lang='lat' dir='ltr'><strong><em>Necturium</em></strong></span> <span class='ocrx_word' id='word_1_456' title='bbox 1451 3174 1619 3217; x_wconf 84' lang='lat' dir='ltr'><strong><em>autent</em></strong></span> <span class='ocrx_word' id='word_1_457' title='bbox 1650 3178 1767 3216; x_wconf 88' lang='lat' dir='ltr'><strong><em>cum</em></strong></span> <span class='ocrx_word' id='word_1_458' title='bbox 1796 3178 1841 3242; x_wconf 76' lang='grc' dir='ltr'><strong>ρ</strong></span> <span class='ocrx_word' id='word_1_459' title='bbox 1875 3174 1989 3227; x_wconf 75' lang='lat' dir='ltr'><strong><em>nari</em></strong></span> <span class='ocrx_word' id='word_1_460' title='bbox 2015 3216 2027 3237; x_wconf 80' lang='grc'>,</span> <span class='ocrx_word' id='word_1_461' title='bbox 2066 3183 2225 3244; x_wconf 83' lang='lat' dir='ltr'><strong><em>atque</em></strong></span> <span class='ocrx_word' id='word_1_462' title='bbox 2253 3174 2397 3231; x_wconf 83' lang='lat' dir='ltr'><strong><em>aliud</em></strong></span> <span class='ocrx_word' id='word_1_463' title='bbox 2430 3175 2496 3251; x_wconf 86' lang='lat' dir='ltr'><strong><em>ab</em></strong></span> <span class='ocrx_word' id='word_1_464' title='bbox 2527 3175 2592 3230; x_wconf 87' lang='lat' dir='ltr'><strong><em>iis</em></strong></span> <span class='ocrx_word' id='word_1_465' title='bbox 2623 3175 2675 3229; x_wconf 89' lang='lat' dir='ltr'><strong><em>in</em></strong></span> <span class='ocrx_word' id='word_1_466' title='bbox 2705 3176 2851 3249; x_wconf 78' lang='lat' dir='ltr'><strong><em>regia</em></strong></span> <span class='ocrx_word' id='word_1_467' title='bbox 2880 3175 3017 3231; x_wconf 84' lang='lat' dir='ltr'><strong><em>urbe</em></strong></span> <span class='ocrx_word' id='word_1_468' title='bbox 3045 3177 3186 3247; x_wconf 78' lang='lat' dir='ltr'><strong><em>cogi.</em></strong></span> 
     </span>
    </p>
   </div>
   <div class='ocr_carea' id='block_1_63' title="bbox 159 3257 1764 3329">
    <p class='ocr_par' dir='ltr' id='par_1_63' title="bbox 159 3257 1764 3329">
     <span class='ocr_line' id='line_1_63' title="bbox 159 3257 1764 3329; baseline 0.002 -22"><span class='ocrx_word' id='word_1_469' title='bbox 159 3270 317 3326; x_wconf 87' lang='lat' dir='ltr'><strong><em>nuper</em></strong></span> <span class='ocrx_word' id='word_1_470' title='bbox 366 3267 543 3310; x_wconf 85' lang='lat' dir='ltr'><strong><em>nostra</em></strong></span> <span class='ocrx_word' id='word_1_471' title='bbox 598 3259 933 3312; x_wconf 88' lang='lat' dir='ltr'><strong><em>mediocritas</em></strong></span> <span class='ocrx_word' id='word_1_472' title='bbox 981 3257 1429 3327; x_wconf 83' lang='lat' dir='ltr'><strong><em>ConstantinOpoli</em></strong></span> <span class='ocrx_word' id='word_1_473' title='bbox 1472 3257 1764 3329; x_wconf 85' lang='lat' dir='ltr'><strong><em>cognoverit</em></strong></span> 
     </span>
    </p>
   </div>
   <div class='ocr_carea' id='block_1_64' title="bbox 162 3347 1767 3415">
    <p class='ocr_par' dir='ltr' id='par_1_64' title="bbox 162 3347 1767 3415">
     <span class='ocr_line' id='line_1_64' title="bbox 162 3347 1767 3415; baseline 0.001 -16"><span class='ocrx_word' id='word_1_474' title='bbox 162 3347 498 3415; x_wconf 88' lang='lat' dir='ltr'><strong><em>ordinatum,</em></strong></span> <span class='ocrx_word' id='word_1_475' title='bbox 572 3350 829 3404; x_wconf 89' lang='lat' dir='ltr'><strong><em>coharere</em></strong></span> <span class='ocrx_word' id='word_1_476' title='bbox 887 3350 1299 3404; x_wconf 90' lang='lat' dir='ltr'><strong><em>communionem</em></strong></span> <span class='ocrx_word' id='word_1_477' title='bbox 1354 3356 1588 3401; x_wconf 88' lang='lat' dir='ltr'><strong><em>nostram</em></strong></span> <span class='ocrx_word' id='word_1_478' title='bbox 1651 3363 1767 3400; x_wconf 90' lang='lat' dir='ltr'><strong><em>cum</em></strong></span> 
     </span>
    </p>
   </div>
   <div class='ocr_carea' id='block_1_65' title="bbox 172 3438 1769 3510">
    <p class='ocr_par' dir='ltr' id='par_1_65' title="bbox 172 3438 1769 3510">
     <span class='ocr_line' id='line_1_65' title="bbox 172 3438 1769 3510; baseline 0.003 -20"><span class='ocrx_word' id='word_1_479' title='bbox 172 3438 519 3494; x_wconf 80' lang='lat' dir='ltr'><strong><em>Orientalibus</em></strong></span> <span class='ocrx_word' id='word_1_480' title='bbox 548 3442 780 3510; x_wconf 84' lang='lat' dir='ltr'><strong><em>partibus</em></strong></span> <span class='ocrx_word' id='word_1_481' title='bbox 812 3458 914 3496; x_wconf 90' lang='lat' dir='ltr'><strong><em>non</em></strong></span> <span class='ocrx_word' id='word_1_482' title='bbox 945 3442 1194 3496; x_wconf 88' lang='lat' dir='ltr'><strong><em>videmus.</em></strong></span> <span class='ocrx_word' id='word_1_483' title='bbox 1228 3439 1533 3495; x_wconf 88' lang='lat' dir='ltr'><strong><em>Prasertim</em></strong></span> <span class='ocrx_word' id='word_1_484' title='bbox 1559 3456 1676 3494; x_wconf 89' lang='lat' dir='ltr'><strong><em>cum</em></strong></span> <span class='ocrx_word' id='word_1_485' title='bbox 1706 3440 1769 3494; x_wconf 91' lang='lat' dir='ltr'><strong><em>ab</em></strong></span> 
     </span>
    </p>
   </div>
   <div class='ocr_carea' id='block_1_66' title="bbox 165 3532 1769 3591">
    <p class='ocr_par' dir='ltr' id='par_1_66' title="bbox 165 3532 1769 3591">
     <span class='ocr_line' id='line_1_66' title="bbox 165 3532 1769 3591; baseline 0.001 -6"><span class='ocrx_word' id='word_1_486' title='bbox 165 3532 340 3587; x_wconf 84' lang='lat' dir='ltr'><strong><em>iisdem</em></strong></span> <span class='ocrx_word' id='word_1_487' title='bbox 373 3533 651 3590; x_wconf 84' lang='lat' dir='ltr'><strong><em>Nectarius</em></strong></span> <span class='ocrx_word' id='word_1_488' title='bbox 682 3537 871 3590; x_wconf 88' lang='lat' dir='ltr'><strong><em>dicitur</em></strong></span> <span class='ocrx_word' id='word_1_489' title='bbox 911 3537 1053 3591; x_wconf 88' lang='lat' dir='ltr'><strong><em>illico</em></strong></span> <span class='ocrx_word' id='word_1_490' title='bbox 1079 3537 1189 3590; x_wconf 89' lang='lat' dir='ltr'><strong><em>sine</em></strong></span> <span class='ocrx_word' id='word_1_491' title='bbox 1227 3535 1603 3589; x_wconf 80' lang='lat' dir='ltr'><strong><em>communionis</em></strong></span> <span class='ocrx_word' id='word_1_492' title='bbox 1643 3550 1769 3588; x_wconf 90' lang='lat' dir='ltr'><strong><em>con-</em></strong></span> 
     </span>
    </p>
   </div>
   <div class='ocr_carea' id='block_1_67' title="bbox 168 3623 1770 3700">
    <p class='ocr_par' dir='ltr' id='par_1_67' title="bbox 168 3623 1770 3700">
     <span class='ocr_line' id='line_1_67' title="bbox 168 3623 1770 3700; baseline 0 -21"><span class='ocrx_word' id='word_1_493' title='bbox 168 3627 321 3680; x_wconf 89' lang='lat' dir='ltr'><strong><em>sortio</em></strong></span> <span class='ocrx_word' id='word_1_494' title='bbox 347 3626 623 3681; x_wconf 88' lang='lat' dir='ltr'><strong><em>destitutus</em></strong></span> <span class='ocrx_word' id='word_1_495' title='bbox 648 3670 664 3696; x_wconf 94' lang='lat'><strong><em>,</em></strong></span> <span class='ocrx_word' id='word_1_496' title='bbox 695 3645 726 3681; x_wconf 95' lang='lat' dir='ltr'><strong><em>a</em></strong></span> <span class='ocrx_word' id='word_1_497' title='bbox 755 3628 940 3700; x_wconf 87' lang='lat' dir='ltr'><strong><em>quibus</em></strong></span> <span class='ocrx_word' id='word_1_498' title='bbox 979 3633 1147 3699; x_wconf 79' lang='lat' dir='ltr'><strong><em>fuerat</em></strong></span> <span class='ocrx_word' id='word_1_499' title='bbox 1188 3628 1477 3681; x_wconf 87' lang='lat' dir='ltr'><strong><em>ordinatus.</em></strong></span> <span class='ocrx_word' id='word_1_500' title='bbox 1512 3623 1636 3680; x_wconf 82' lang='lat' dir='ltr'><strong><em>Non</em></strong></span> <span class='ocrx_word' id='word_1_501' title='bbox 1666 3641 1770 3679; x_wconf 83' lang='lat' dir='ltr'><strong><em>me—</em></strong></span> 
     </span>
    </p>
   </div>
   <div class='ocr_carea' id='block_1_68' title="bbox 172 3717 1775 3793">
    <p class='ocr_par' dir='ltr' id='par_1_68' title="bbox 172 3717 1775 3793">
     <span class='ocr_line' id='line_1_68' title="bbox 172 3717 1775 3793; baseline 0.001 -24"><span class='ocrx_word' id='word_1_502' title='bbox 172 3717 355 3771; x_wconf 88' lang='lat' dir='ltr'><strong><em>diocris</em></strong></span> <span class='ocrx_word' id='word_1_503' title='bbox 384 3719 546 3793; x_wconf 87' lang='lat' dir='ltr'><strong><em>igitur</em></strong></span> <span class='ocrx_word' id='word_1_504' title='bbox 568 3718 653 3774; x_wconf 89' lang='lat' dir='ltr'><strong><em>hic</em></strong></span> <span class='ocrx_word' id='word_1_505' title='bbox 682 3721 983 3791; x_wconf 81' lang='lat' dir='ltr'><strong><em>scrupulus.</em></strong></span> <span class='ocrx_word' id='word_1_506' title='bbox 1018 3718 1132 3774; x_wconf 88' lang='lat' dir='ltr'><strong><em>Nec</em></strong></span> <span class='ocrx_word' id='word_1_507' title='bbox 1156 3719 1392 3791; x_wconf 88' lang='lat' dir='ltr'><strong><em>quadam</em></strong></span> <span class='ocrx_word' id='word_1_508' title='bbox 1420 3736 1514 3773; x_wconf 92' lang='lat' dir='ltr'><strong><em>nos</em></strong></span> <span class='ocrx_word' id='word_1_509' title='bbox 1541 3719 1684 3791; x_wconf 88' lang='lat' dir='ltr'><strong><em>angit</em></strong></span> <span class='ocrx_word' id='word_1_510' title='bbox 1710 3717 1775 3772; x_wconf 90' lang='lat' dir='ltr'><strong><em>de</em></strong></span> 
     </span>
    </p>
   </div>
   <div class='ocr_carea' id='block_1_69' title="bbox 173 3809 1776 3881">
    <p class='ocr_par' dir='ltr' id='par_1_69' title="bbox 173 3809 1776 3881">
     <span class='ocr_line' id='line_1_69' title="bbox 173 3809 1776 3881; baseline 0.002 -20"><span class='ocrx_word' id='word_1_511' title='bbox 173 3809 439 3865; x_wconf 83' lang='lat' dir='ltr'><strong><em>domestico</em></strong></span> <span class='ocrx_word' id='word_1_512' title='bbox 488 3813 701 3881; x_wconf 88' lang='lat' dir='ltr'><strong><em>studio,</em></strong></span> <span class='ocrx_word' id='word_1_513' title='bbox 747 3822 793 3868; x_wconf 87' lang='lat' dir='ltr'><strong><em>et</em></strong></span> <span class='ocrx_word' id='word_1_514' title='bbox 838 3814 1115 3867; x_wconf 89' lang='lat' dir='ltr'><strong><em>ambitione</em></strong></span> <span class='ocrx_word' id='word_1_515' title='bbox 1165 3814 1458 3878; x_wconf 89' lang='lat' dir='ltr'><strong><em>contentio,</em></strong></span> <span class='ocrx_word' id='word_1_516' title='bbox 1511 3812 1600 3867; x_wconf 87' lang='lat' dir='ltr'><strong><em>sed</em></strong></span> <span class='ocrx_word' id='word_1_517' title='bbox 1639 3828 1776 3866; x_wconf 89' lang='lat' dir='ltr'><strong><em>cont-</em></strong></span> 
     </span>
    </p>
   </div>
   <div class='ocr_carea' id='block_1_70' title="bbox 174 3906 1775 3989">
    <p class='ocr_par' dir='ltr' id='par_1_70' title="bbox 174 3906 1775 3989">
     <span class='ocr_line' id='line_1_70' title="bbox 174 3906 1775 3989; baseline 0.001 -32"><span class='ocrx_word' id='word_1_518' title='bbox 174 3907 341 3961; x_wconf 86' lang='lat' dir='ltr'><strong><em>munio</em></strong></span> <span class='ocrx_word' id='word_1_519' title='bbox 370 3908 541 3962; x_wconf 88' lang='lat' dir='ltr'><strong><em>soluta</em></strong></span> <span class='ocrx_word' id='word_1_520' title='bbox 571 3918 615 3962; x_wconf 92' lang='lat' dir='ltr'><strong><em>et</em></strong></span> <span class='ocrx_word' id='word_1_521' title='bbox 644 3908 922 3963; x_wconf 87' lang='lat' dir='ltr'><strong><em>dissociata</em></strong></span> <span class='ocrx_word' id='word_1_522' title='bbox 956 3909 1241 3975; x_wconf 87' lang='lat' dir='ltr'><strong><em>perturbat.</em></strong></span> <span class='ocrx_word' id='word_1_523' title='bbox 1260 3906 1373 3961; x_wconf 87' lang='lat' dir='ltr'><strong><em>Nec</em></strong></span> <span class='ocrx_word' id='word_1_524' title='bbox 1402 3906 1635 3989; x_wconf 86' lang='lat' dir='ltr'><strong><em>videmus</em></strong></span> <span class='ocrx_word' id='word_1_525' title='bbox 1661 3923 1775 3961; x_wconf 86' lang='lat' dir='ltr'><strong><em>eam</em></strong></span> 
     </span>
    </p>
   </div>
   <div class='ocr_carea' id='block_1_71' title="bbox 177 3999 1772 4071">
    <p class='ocr_par' dir='ltr' id='par_1_71' title="bbox 177 3999 1772 4071">
     <span class='ocr_line' id='line_1_71' title="bbox 177 3999 1772 4071; baseline 0 -18"><span class='ocrx_word' id='word_1_526' title='bbox 177 4017 316 4069; x_wconf 81' lang='lat' dir='ltr'><strong><em>posse</em></strong></span> <span class='ocrx_word' id='word_1_527' title='bbox 351 4004 503 4057; x_wconf 90' lang='lat' dir='ltr'><strong><em>aliter</em></strong></span> <span class='ocrx_word' id='word_1_528' title='bbox 531 4004 798 4058; x_wconf 90' lang='lat' dir='ltr'><strong><em>convenire</em></strong></span> <span class='ocrx_word' id='word_1_529' title='bbox 822 4046 836 4071; x_wconf 93' lang='lat'><strong><em>,</em></strong></span> <span class='ocrx_word' id='word_1_530' title='bbox 882 4003 980 4057; x_wconf 90' lang='lat' dir='ltr'><strong><em>nisi</em></strong></span> <span class='ocrx_word' id='word_1_531' title='bbox 1025 4013 1113 4056; x_wconf 90' lang='lat' dir='ltr'><strong><em>aut</em></strong></span> <span class='ocrx_word' id='word_1_532' title='bbox 1152 4007 1197 4057; x_wconf 91' lang='lat' dir='ltr'><strong><em>is</em></strong></span> <span class='ocrx_word' id='word_1_533' title='bbox 1237 4001 1487 4056; x_wconf 88' lang='lat' dir='ltr'><strong><em>reddatur</em></strong></span> <span class='ocrx_word' id='word_1_534' title='bbox 1521 3999 1772 4056; x_wconf 86' lang='lat' dir='ltr'><strong><em>Constan-</em></strong></span> 
     </span>
    </p>
   </div>
   <div class='ocr_carea' id='block_1_72' title="bbox 178 4093 1779 4166">
    <p class='ocr_par' dir='ltr' id='par_1_72' title="bbox 178 4093 1779 4166">
     <span class='ocr_line' id='line_1_72' title="bbox 178 4093 1779 4166; baseline 0.002 -24"><span class='ocrx_word' id='word_1_535' title='bbox 178 4093 381 4162; x_wconf 83' lang='lat' dir='ltr'><strong><em>tinopoli</em></strong></span> <span class='ocrx_word' id='word_1_536' title='bbox 404 4137 417 4159; x_wconf 87' lang='lat'><strong><em>,</em></strong></span> <span class='ocrx_word' id='word_1_537' title='bbox 449 4096 537 4166; x_wconf 88' lang='lat' dir='ltr'><strong><em>qui</em></strong></span> <span class='ocrx_word' id='word_1_538' title='bbox 570 4097 708 4165; x_wconf 88' lang='lat' dir='ltr'><strong><em>prior</em></strong></span> <span class='ocrx_word' id='word_1_539' title='bbox 738 4105 813 4150; x_wconf 90' lang='lat' dir='ltr'><strong><em>est</em></strong></span> <span class='ocrx_word' id='word_1_540' title='bbox 842 4095 1108 4150; x_wconf 88' lang='lat' dir='ltr'><strong><em>ordinatus</em></strong></span> <span class='ocrx_word' id='word_1_541' title='bbox 1133 4138 1149 4164; x_wconf 93' lang='lat'><strong><em>,</em></strong></span> <span class='ocrx_word' id='word_1_542' title='bbox 1181 4105 1268 4148; x_wconf 91' lang='lat' dir='ltr'><strong><em>aut</em></strong></span> <span class='ocrx_word' id='word_1_543' title='bbox 1301 4104 1434 4148; x_wconf 89' lang='lat' dir='ltr'><strong><em>certe</em></strong></span> <span class='ocrx_word' id='word_1_544' title='bbox 1462 4109 1619 4163; x_wconf 84' lang='lat' dir='ltr'><strong><em>super</em></strong></span> <span class='ocrx_word' id='word_1_545' title='bbox 1647 4094 1779 4146; x_wconf 88' lang='lat' dir='ltr'><strong><em>duo-</em></strong></span> 
     </span>
    </p>
   </div>
   <div class='ocr_carea' id='block_1_73' title="bbox 179 4185 1775 4243">
    <p class='ocr_par' dir='ltr' id='par_1_73' title="bbox 179 4185 1775 4243">
     <span class='ocr_line' id='line_1_73' title="bbox 179 4185 1775 4243; baseline 0.001 -6"><span class='ocrx_word' id='word_1_546' title='bbox 179 4199 285 4237; x_wconf 77' lang='lat' dir='ltr'><strong><em>rum</em></strong></span> <span class='ocrx_word' id='word_1_547' title='bbox 327 4188 653 4241; x_wconf 88' lang='lat' dir='ltr'><strong><em>ordinatione</em></strong></span> <span class='ocrx_word' id='word_1_548' title='bbox 680 4189 746 4242; x_wconf 91' lang='lat' dir='ltr'><strong><em>sit</em></strong></span> <span class='ocrx_word' id='word_1_549' title='bbox 774 4188 829 4242; x_wconf 85' lang='lat' dir='ltr'><strong><em>in</em></strong></span> <span class='ocrx_word' id='word_1_550' title='bbox 865 4188 987 4243; x_wconf 85' lang='lat' dir='ltr'><strong><em>urbe</em></strong></span> <span class='ocrx_word' id='word_1_551' title='bbox 1035 4188 1201 4243; x_wconf 86' lang='lat' dir='ltr'><strong><em>Roma</em></strong></span> <span class='ocrx_word' id='word_1_552' title='bbox 1252 4197 1485 4241; x_wconf 85' lang='lat' dir='ltr'><strong><em>nostrum</em></strong></span> <span class='ocrx_word' id='word_1_553' title='bbox 1535 4185 1775 4239; x_wconf 80' lang='lat' dir='ltr'><strong><em>Orienta-</em></strong></span> 
     </span>
    </p>
   </div>
   <div class='ocr_carea' id='block_1_74' title="bbox 188 4274 1775 4351">
    <p class='ocr_par' dir='ltr' id='par_1_74' title="bbox 188 4274 1775 4351">
     <span class='ocr_line' id='line_1_74' title="bbox 188 4274 1775 4351; baseline 0.003 -24"><span class='ocrx_word' id='word_1_554' title='bbox 188 4274 395 4349; x_wconf 89' lang='lat' dir='ltr'><strong><em>liumque</em></strong></span> <span class='ocrx_word' id='word_1_555' title='bbox 447 4279 745 4333; x_wconf 88' lang='lat' dir='ltr'><strong><em>concilium.</em></strong></span> <span class='ocrx_word' id='word_1_556' title='bbox 802 4277 985 4350; x_wconf 87' lang='lat' dir='ltr'><strong><em>Neque</em></strong></span> <span class='ocrx_word' id='word_1_557' title='bbox 1034 4280 1168 4333; x_wconf 89' lang='lat' dir='ltr'><strong><em>enim</em></strong></span> <span class='ocrx_word' id='word_1_558' title='bbox 1219 4279 1493 4351; x_wconf 80' lang='lat' dir='ltr'><strong><em>indignant</em></strong></span> <span class='ocrx_word' id='word_1_559' title='bbox 1546 4278 1775 4346; x_wconf 89' lang='lat' dir='ltr'><strong><em>videtur,</em></strong></span> 
     </span>
    </p>
   </div>
   <div class='ocr_carea' id='block_1_75' title="bbox 190 4365 1776 4443">
    <p class='ocr_par' dir='ltr' id='par_1_75' title="bbox 190 4365 1776 4443">
     <span class='ocr_line' id='line_1_75' title="bbox 190 4365 1776 4443; baseline 0.002 -23"><span class='ocrx_word' id='word_1_560' title='bbox 190 4365 432 4439; x_wconf 79' lang='lat' dir='ltr'><strong><em>Auguste,</em></strong></span> <span class='ocrx_word' id='word_1_561' title='bbox 490 4381 547 4423; x_wconf 91' lang='lat' dir='ltr'><strong><em>ut</em></strong></span> <span class='ocrx_word' id='word_1_562' title='bbox 603 4369 854 4426; x_wconf 85' lang='lat' dir='ltr'><strong><em>Romana</em></strong></span> <span class='ocrx_word' id='word_1_563' title='bbox 902 4369 1152 4425; x_wconf 86' lang='lat' dir='ltr'><strong><em>Ecclesia</em></strong></span> <span class='ocrx_word' id='word_1_564' title='bbox 1194 4371 1479 4435; x_wconf 90' lang='lat' dir='ltr'><strong><em>antistitis,</em></strong></span> <span class='ocrx_word' id='word_1_565' title='bbox 1529 4370 1776 4443; x_wconf 70' lang='lat' dir='ltr'><strong><em>finitimo-</em></strong></span> 
     </span>
    </p>
   </div>
   <div class='ocr_carea' id='block_1_76' title="bbox 193 4462 1779 4535">
    <p class='ocr_par' dir='ltr' id='par_1_76' title="bbox 193 4462 1779 4535">
     <span class='ocr_line' id='line_1_76' title="bbox 193 4462 1779 4535; baseline 0.003 -22"><span class='ocrx_word' id='word_1_566' title='bbox 193 4477 418 4533; x_wconf 84' lang='lat' dir='ltr'><strong><em>rumque,</em></strong></span> <span class='ocrx_word' id='word_1_567' title='bbox 452 4475 499 4518; x_wconf 87' lang='lat' dir='ltr'><strong><em>et</em></strong></span> <span class='ocrx_word' id='word_1_568' title='bbox 529 4462 789 4519; x_wconf 85' lang='lat' dir='ltr'><strong><em>Italorum</em></strong></span> <span class='ocrx_word' id='word_1_569' title='bbox 820 4467 1177 4535; x_wconf 88' lang='lat' dir='ltr'><strong><em>episcoporum</em></strong></span> <span class='ocrx_word' id='word_1_570' title='bbox 1204 4465 1418 4519; x_wconf 81' lang='lat' dir='ltr'><strong><em>debeant</em></strong></span> <span class='ocrx_word' id='word_1_571' title='bbox 1448 4466 1616 4519; x_wconf 89' lang='lat' dir='ltr'><strong><em>subire</em></strong></span> <span class='ocrx_word' id='word_1_572' title='bbox 1645 4475 1779 4519; x_wconf 82' lang='lat' dir='ltr'><strong><em>trac-</em></strong></span> 
     </span>
    </p>
   </div>
   <div class='ocr_carea' id='block_1_77' title="bbox 1947 3265 3482 3335">
    <p class='ocr_par' dir='ltr' id='par_1_77' title="bbox 1947 3265 3482 3335">
     <span class='ocr_line' id='line_1_77' title="bbox 1947 3265 3482 3335; baseline 0.003 -17"><span class='ocrx_word' id='word_1_573' title='bbox 1947 3265 2040 3319; x_wconf 89' lang='lat' dir='ltr'><strong><em>llis</em></strong></span> <span class='ocrx_word' id='word_1_574' title='bbox 2063 3266 2243 3333; x_wconf 82' lang='lat' dir='ltr'><strong><em>itaque</em></strong></span> <span class='ocrx_word' id='word_1_575' title='bbox 2264 3268 2501 3335; x_wconf 81' lang='lat' dir='ltr'><strong><em>acceptis</em></strong></span> <span class='ocrx_word' id='word_1_576' title='bbox 2530 3266 2598 3321; x_wconf 89' lang='lat' dir='ltr'><strong><em>ab</em></strong></span> <span class='ocrx_word' id='word_1_577' title='bbox 2626 3266 2808 3321; x_wconf 87' lang='lat' dir='ltr'><strong><em>Italico</em></strong></span> <span class='ocrx_word' id='word_1_578' title='bbox 2832 3268 3063 3323; x_wconf 75' lang='lat' dir='ltr'><strong><em>Concilio</em></strong></span> <span class='ocrx_word' id='word_1_579' title='bbox 3094 3266 3311 3334; x_wconf 87' lang='lat' dir='ltr'><strong><em>litteris,</em></strong></span> <span class='ocrx_word' id='word_1_580' title='bbox 3337 3280 3482 3329; x_wconf 82' lang='lat' dir='ltr'><strong><em>nunc</em></strong></span> 
     </span>
    </p>
   </div>
   <div class='ocr_carea' id='block_1_78' title="bbox 1871 3358 3479 3430">
    <p class='ocr_par' dir='ltr' id='par_1_78' title="bbox 1871 3358 3479 3430">
     <span class='ocr_line' id='line_1_78' title="bbox 1871 3358 3479 3430; baseline 0.002 -20"><span class='ocrx_word' id='word_1_581' title='bbox 1871 3358 1997 3412; x_wconf 88' lang='lat' dir='ltr'><strong><em>audi</em></strong></span> <span class='ocrx_word' id='word_1_582' title='bbox 2023 3359 2066 3415; x_wconf 91' lang='lat' dir='ltr'><strong><em>si</em></strong></span> <span class='ocrx_word' id='word_1_583' title='bbox 2092 3359 2292 3428; x_wconf 84' lang='lat' dir='ltr'><strong><em>placet,</em></strong></span> <span class='ocrx_word' id='word_1_584' title='bbox 2318 3359 2445 3430; x_wconf 79' lang='lat' dir='ltr'><strong><em>quid</em></strong></span> <span class='ocrx_word' id='word_1_585' title='bbox 2476 3358 2815 3415; x_wconf 80' lang='lat' dir='ltr'><strong><em>Theodosius</em></strong></span> <span class='ocrx_word' id='word_1_586' title='bbox 2844 3376 2910 3415; x_wconf 81' lang='lat' dir='ltr'><strong><em>ex</em></strong></span> <span class='ocrx_word' id='word_1_587' title='bbox 2942 3368 3224 3417; x_wconf 88' lang='lat' dir='ltr'><strong><em>auctorum</em></strong></span> <span class='ocrx_word' id='word_1_588' title='bbox 3255 3360 3479 3425; x_wconf 86' lang='lat' dir='ltr'><strong><em>istorum</em></strong></span> 
     </span>
    </p>
   </div>
   <div class='ocr_carea' id='block_1_79' title="bbox 1874 3448 3478 3523">
    <p class='ocr_par' dir='ltr' id='par_1_79' title="bbox 1874 3448 3478 3523">
     <span class='ocr_line' id='line_1_79' title="bbox 1874 3448 3478 3523; baseline 0.003 -20"><span class='ocrx_word' id='word_1_589' title='bbox 1874 3448 2090 3522; x_wconf 81' lang='lat' dir='ltr'><strong><em>ingenio</em></strong></span> <span class='ocrx_word' id='word_1_590' title='bbox 2113 3452 2474 3523; x_wconf 81' lang='lat' dir='ltr'><strong><em>rescripserit.</em></strong></span> <span class='ocrx_word' id='word_1_591' title='bbox 2502 3450 2667 3506; x_wconf 89' lang='lat' dir='ltr'><strong><em>Aiunt</em></strong></span> <span class='ocrx_word' id='word_1_592' title='bbox 2699 3450 3046 3522; x_wconf 80' lang='lat' dir='ltr'><strong><em>rescripsisse</em></strong></span> <span class='ocrx_word' id='word_1_593' title='bbox 3070 3453 3478 3522; x_wconf 86' lang='lat' dir='ltr'><strong><em>imperatorem,</em></strong></span> 
     </span>
    </p>
   </div>
   <div class='ocr_carea' id='block_1_80' title="bbox 1874 3546 3478 3618">
    <p class='ocr_par' dir='ltr' id='par_1_80' title="bbox 1874 3546 3478 3618">
     <span class='ocr_line' id='line_1_80' title="bbox 1874 3546 3478 3618; baseline 0.001 -18"><span class='ocrx_word' id='word_1_594' title='bbox 1874 3549 2113 3602; x_wconf 87' lang='lat' dir='ltr'><strong><em>rationes</em></strong></span> <span class='ocrx_word' id='word_1_595' title='bbox 2146 3546 2284 3610; x_wconf 88' lang='lat' dir='ltr'><strong><em>illas,</em></strong></span> <span class='ocrx_word' id='word_1_596' title='bbox 2320 3546 2389 3601; x_wconf 88' lang='lat' dir='ltr'><strong><em>ob</em></strong></span> <span class='ocrx_word' id='word_1_597' title='bbox 2437 3562 2571 3617; x_wconf 89' lang='lat' dir='ltr'><strong><em>quas</em></strong></span> <span class='ocrx_word' id='word_1_598' title='bbox 2617 3546 2783 3602; x_wconf 70' lang='lat' dir='ltr'><strong><em>Italisc</em></strong></span> <span class='ocrx_word' id='word_1_599' title='bbox 2817 3548 3077 3618; x_wconf 73' lang='lat' dir='ltr'><strong><em>prmsnles</em></strong></span> <span class='ocrx_word' id='word_1_600' title='bbox 3106 3548 3398 3603; x_wconf 89' lang='lat' dir='ltr'><strong><em>concilium</em></strong></span> <span class='ocrx_word' id='word_1_601' title='bbox 3425 3546 3478 3602; x_wconf 92' lang='lat' dir='ltr'><strong><em>in</em></strong></span> 
     </span>
    </p>
   </div>
   <div class='ocr_carea' id='block_1_81' title="bbox 1876 3638 3483 3709">
    <p class='ocr_par' dir='ltr' id='par_1_81' title="bbox 1876 3638 3483 3709">
     <span class='ocr_line' id='line_1_81' title="bbox 1876 3638 3483 3709; baseline 0.002 -15"><span class='ocrx_word' id='word_1_602' title='bbox 1876 3638 2165 3695; x_wconf 82' lang='lat' dir='ltr'><strong><em>Occidente</em></strong></span> <span class='ocrx_word' id='word_1_603' title='bbox 2203 3639 2625 3709; x_wconf 86' lang='lat' dir='ltr'><strong><em>postulaverant,</em></strong></span> <span class='ocrx_word' id='word_1_604' title='bbox 2684 3640 2909 3705; x_wconf 84' lang='lat' dir='ltr'><strong><em>minime</em></strong></span> <span class='ocrx_word' id='word_1_605' title='bbox 2940 3641 3107 3699; x_wconf 73' lang='lat' dir='ltr'><strong><em>videri</em></strong></span> <span class='ocrx_word' id='word_1_606' title='bbox 3155 3641 3402 3708; x_wconf 84' lang='lat' dir='ltr'><strong><em>idoneas,</em></strong></span> <span class='ocrx_word' id='word_1_607' title='bbox 3429 3650 3483 3697; x_wconf 88' lang='lat' dir='ltr'><strong><em>et</em></strong></span> 
     </span>
    </p>
   </div>
   <div class='ocr_carea' id='block_1_82' title="bbox 1875 3732 3484 3803">
    <p class='ocr_par' dir='ltr' id='par_1_82' title="bbox 1875 3732 3484 3803">
     <span class='ocr_line' id='line_1_82' title="bbox 1875 3732 3484 3803; baseline 0.002 -16"><span class='ocrx_word' id='word_1_608' title='bbox 1875 3747 2069 3803; x_wconf 77' lang='lat' dir='ltr'><strong><em>graves</em></strong></span> <span class='ocrx_word' id='word_1_609' title='bbox 2101 3750 2113 3785; x_wconf 89' lang='lat'><strong>:</strong></span> <span class='ocrx_word' id='word_1_610' title='bbox 2145 3733 2339 3788; x_wconf 90' lang='lat' dir='ltr'><strong><em>allatas</em></strong></span> <span class='ocrx_word' id='word_1_611' title='bbox 2380 3735 2525 3789; x_wconf 90' lang='lat' dir='ltr'><strong><em>enim</em></strong></span> <span class='ocrx_word' id='word_1_612' title='bbox 2550 3734 2619 3790; x_wconf 88' lang='lat' dir='ltr'><strong><em>de</em></strong></span> <span class='ocrx_word' id='word_1_613' title='bbox 2649 3732 2889 3789; x_wconf 75' lang='lat' dir='ltr'><strong><em>Flaviani</em></strong></span> <span class='ocrx_word' id='word_1_614' title='bbox 2917 3744 2967 3790; x_wconf 91' lang='lat' dir='ltr'><strong><em>et</em></strong></span> <span class='ocrx_word' id='word_1_615' title='bbox 3000 3733 3231 3793; x_wconf 78' lang='lat' dir='ltr'><strong><em>Nectarii</em></strong></span> <span class='ocrx_word' id='word_1_616' title='bbox 3263 3736 3484 3791; x_wconf 84' lang='lat' dir='ltr'><strong><em>ordina-</em></strong></span> 
     </span>
    </p>
   </div>
   <div class='ocr_carea' id='block_1_83' title="bbox 1879 3824 3484 3903">
    <p class='ocr_par' dir='ltr' id='par_1_83' title="bbox 1879 3824 3484 3903">
     <span class='ocr_line' id='line_1_83' title="bbox 1879 3824 3484 3903; baseline 0.002 -24"><span class='ocrx_word' id='word_1_617' title='bbox 1879 3824 2024 3880; x_wconf 87' lang='lat' dir='ltr'><strong><em>tione</em></strong></span> <span class='ocrx_word' id='word_1_618' title='bbox 2053 3840 2242 3879; x_wconf 90' lang='lat' dir='ltr'><strong><em>causas</em></strong></span> <span class='ocrx_word' id='word_1_619' title='bbox 2284 3826 2333 3881; x_wconf 89' lang='lat' dir='ltr'><strong><em>itt</em></strong></span> <span class='ocrx_word' id='word_1_620' title='bbox 2374 3824 2599 3882; x_wconf 86' lang='lat' dir='ltr'><strong><em>Oriente</em></strong></span> <span class='ocrx_word' id='word_1_621' title='bbox 2639 3827 2928 3893; x_wconf 80' lang='lat' dir='ltr'><strong><em>excitatas,</em></strong></span> <span class='ocrx_word' id='word_1_622' title='bbox 2956 3838 3116 3903; x_wconf 87' lang='lat' dir='ltr'><strong><em>atque</em></strong></span> <span class='ocrx_word' id='word_1_623' title='bbox 3144 3827 3210 3883; x_wconf 88' lang='lat' dir='ltr'><strong><em>ad</em></strong></span> <span class='ocrx_word' id='word_1_624' title='bbox 3234 3827 3484 3884; x_wconf 81' lang='lat' dir='ltr'><strong><em>Orienta-</em></strong></span> 
     </span>
    </p>
   </div>
   <div class='ocr_carea' id='block_1_84' title="bbox 1879 3916 3479 3993">
    <p class='ocr_par' dir='ltr' id='par_1_84' title="bbox 1879 3916 3479 3993">
     <span class='ocr_line' id='line_1_84' title="bbox 1879 3916 3479 3993; baseline 0.003 -20"><span class='ocrx_word' id='word_1_625' title='bbox 1879 3916 1983 3973; x_wconf 91' lang='lat' dir='ltr'><strong><em>lem</em></strong></span> <span class='ocrx_word' id='word_1_626' title='bbox 2010 3919 2312 3973; x_wconf 78' lang='lat' dir='ltr'><strong><em>Ecclesium</em></strong></span> <span class='ocrx_word' id='word_1_627' title='bbox 2341 3921 2693 3989; x_wconf 83' lang='lat' dir='ltr'><strong><em>pertinentes,</em></strong></span> <span class='ocrx_word' id='word_1_628' title='bbox 2734 3924 2785 3975; x_wconf 90' lang='lat' dir='ltr'><strong><em>in</em></strong></span> <span class='ocrx_word' id='word_1_629' title='bbox 2817 3919 3039 3978; x_wconf 88' lang='lat' dir='ltr'><strong><em>Oriente</em></strong></span> <span class='ocrx_word' id='word_1_630' title='bbox 3068 3923 3479 3993; x_wconf 75' lang='lat' dir='ltr'><strong><em>cognoscendas</em></strong></span> 
     </span>
    </p>
   </div>
   <div class='ocr_carea' id='block_1_85' title="bbox 1880 4011 3485 4086">
    <p class='ocr_par' dir='ltr' id='par_1_85' title="bbox 1880 4011 3485 4086">
     <span class='ocr_line' id='line_1_85' title="bbox 1880 4011 3485 4086; baseline 0.001 -17"><span class='ocrx_word' id='word_1_631' title='bbox 1880 4024 1935 4069; x_wconf 89' lang='lat' dir='ltr'><strong><em>et</em></strong></span> <span class='ocrx_word' id='word_1_632' title='bbox 1962 4011 2298 4069; x_wconf 78' lang='lat' dir='ltr'><strong><em>deﬁniendus</em></strong></span> <span class='ocrx_word' id='word_1_633' title='bbox 2327 4028 2473 4080; x_wconf 89' lang='lat' dir='ltr'><strong><em>esse,</em></strong></span> <span class='ocrx_word' id='word_1_634' title='bbox 2492 4029 2593 4071; x_wconf 89' lang='lat' dir='ltr'><strong><em>nec</em></strong></span> <span class='ocrx_word' id='word_1_635' title='bbox 2617 4014 2682 4071; x_wconf 88' lang='lat' dir='ltr'><strong><em>ad</em></strong></span> <span class='ocrx_word' id='word_1_636' title='bbox 2705 4014 3014 4072; x_wconf 84' lang='lat' dir='ltr'><strong><em>Occidentis</em></strong></span> <span class='ocrx_word' id='word_1_637' title='bbox 3029 4015 3289 4086; x_wconf 83' lang='lat' dir='ltr'><strong><em>judicium</em></strong></span> <span class='ocrx_word' id='word_1_638' title='bbox 3310 4023 3485 4071; x_wconf 89' lang='lat' dir='ltr'><strong><em>trans-</em></strong></span> 
     </span>
    </p>
   </div>
   <div class='ocr_carea' id='block_1_86' title="bbox 1880 4106 3483 4179">
    <p class='ocr_par' dir='ltr' id='par_1_86' title="bbox 1880 4106 3483 4179">
     <span class='ocr_line' id='line_1_86' title="bbox 1880 4106 3483 4179; baseline 0.002 -18"><span class='ocrx_word' id='word_1_639' title='bbox 1880 4107 2009 4163; x_wconf 84' lang='lat' dir='ltr'><strong><em>ferri</em></strong></span> <span class='ocrx_word' id='word_1_640' title='bbox 2052 4122 2233 4179; x_wconf 70' lang='lat' dir='ltr'><strong><em>posse,</em></strong></span> <span class='ocrx_word' id='word_1_641' title='bbox 2270 4123 2338 4164; x_wconf 91' lang='lat' dir='ltr'><strong><em>ne</em></strong></span> <span class='ocrx_word' id='word_1_642' title='bbox 2392 4109 2526 4164; x_wconf 84' lang='lat' dir='ltr'><strong><em>lines</em></strong></span> <span class='ocrx_word' id='word_1_643' title='bbox 2566 4117 2914 4164; x_wconf 85' lang='lat' dir='ltr'><strong><em>moverentur</em></strong></span> <span class='ocrx_word' id='word_1_644' title='bbox 2944 4124 2974 4163; x_wconf 90' lang='lat' dir='ltr'><strong><em>a</em></strong></span> <span class='ocrx_word' id='word_1_645' title='bbox 3002 4110 3249 4167; x_wconf 80' lang='lat' dir='ltr'><strong><em>I’atribus</em></strong></span> <span class='ocrx_word' id='word_1_646' title='bbox 3278 4106 3483 4177; x_wconf 72' lang='lat' dir='ltr'><strong><em>consu-</em></strong></span> 
     </span>
    </p>
   </div>
   <div class='ocr_carea' id='block_1_87' title="bbox 1881 4200 3481 4273">
    <p class='ocr_par' dir='ltr' id='par_1_87' title="bbox 1881 4200 3481 4273">
     <span class='ocr_line' id='line_1_87' title="bbox 1881 4200 3481 4273; baseline 0.002 -18"><span class='ocrx_word' id='word_1_647' title='bbox 1881 4201 1978 4255; x_wconf 85' lang='lat' dir='ltr'><strong><em>tuti</em></strong></span> <span class='ocrx_word' id='word_1_648' title='bbox 2003 4200 2285 4257; x_wconf 86' lang='lat' dir='ltr'><strong><em>:remideo</em></strong></span> <span class='ocrx_word' id='word_1_649' title='bbox 2314 4200 2552 4271; x_wconf 86' lang='lat' dir='ltr'><strong><em>iniquam</em></strong></span> <span class='ocrx_word' id='word_1_650' title='bbox 2573 4202 2643 4258; x_wconf 90' lang='lat' dir='ltr'><strong><em>ab</em></strong></span> <span class='ocrx_word' id='word_1_651' title='bbox 2666 4202 2732 4257; x_wconf 89' lang='lat' dir='ltr'><strong><em>iis</em></strong></span> <span class='ocrx_word' id='word_1_652' title='bbox 2760 4202 3046 4273; x_wconf 87' lang='lat' dir='ltr'><strong><em>postulari,</em></strong></span> <span class='ocrx_word' id='word_1_653' title='bbox 3064 4211 3262 4272; x_wconf 81' lang='lat' dir='ltr'><strong><em>etquae</em></strong></span> <span class='ocrx_word' id='word_1_654' title='bbox 3288 4200 3481 4259; x_wconf 89' lang='lat' dir='ltr'><strong><em>Orien-</em></strong></span> 
     </span>
    </p>
   </div>
   <div class='ocr_carea' id='block_1_88' title="bbox 1883 4293 3483 4365">
    <p class='ocr_par' dir='ltr' id='par_1_88' title="bbox 1883 4293 3483 4365">
     <span class='ocr_line' id='line_1_88' title="bbox 1883 4293 3483 4365; baseline 0.002 -17"><span class='ocrx_word' id='word_1_655' title='bbox 1883 4293 2079 4348; x_wconf 87' lang='lat' dir='ltr'><strong><em>talibus</em></strong></span> <span class='ocrx_word' id='word_1_656' title='bbox 2108 4293 2240 4365; x_wconf 89' lang='lat' dir='ltr'><strong><em>ipsis</em></strong></span> <span class='ocrx_word' id='word_1_657' title='bbox 2268 4293 2608 4350; x_wconf 85' lang='lat' dir='ltr'><strong><em>stomachum</em></strong></span> <span class='ocrx_word' id='word_1_658' title='bbox 2654 4308 2875 4351; x_wconf 88' lang='lat' dir='ltr'><strong><em>movere</em></strong></span> <span class='ocrx_word' id='word_1_659' title='bbox 2907 4304 3108 4364; x_wconf 84' lang='lat' dir='ltr'><strong><em>posset,</em></strong></span> <span class='ocrx_word' id='word_1_660' title='bbox 3145 4312 3265 4351; x_wconf 85' lang='lat' dir='ltr'><strong><em>cum</em></strong></span> <span class='ocrx_word' id='word_1_661' title='bbox 3293 4310 3389 4351; x_wconf 90' lang='lat' dir='ltr'><strong><em>eos</em></strong></span> <span class='ocrx_word' id='word_1_662' title='bbox 3416 4294 3483 4351; x_wconf 85' lang='lat' dir='ltr'><strong><em>ad</em></strong></span> 
     </span>
    </p>
   </div>
   <div class='ocr_carea' id='block_1_89' title="bbox 1882 4382 3484 4459">
    <p class='ocr_par' dir='ltr' id='par_1_89' title="bbox 1882 4382 3484 4459">
     <span class='ocr_line' id='line_1_89' title="bbox 1882 4382 3484 4459; baseline 0.002 -16"><span class='ocrx_word' id='word_1_663' title='bbox 1882 4382 2172 4444; x_wconf 89' lang='lat' dir='ltr'><strong><em>concilium</em></strong></span> <span class='ocrx_word' id='word_1_664' title='bbox 2227 4389 2415 4444; x_wconf 84' lang='lat' dir='ltr'><strong><em>Romae</em></strong></span> <span class='ocrx_word' id='word_1_665' title='bbox 2467 4389 2906 4459; x_wconf 80' lang='lat' dir='ltr'><strong><em>congregandum</em></strong></span> <span class='ocrx_word' id='word_1_666' title='bbox 2964 4390 3034 4444; x_wconf 93' lang='lat' dir='ltr'><strong><em>ob</em></strong></span> <span class='ocrx_word' id='word_1_667' title='bbox 3064 4406 3156 4445; x_wconf 88' lang='lat' dir='ltr'><strong><em>eas</em></strong></span> <span class='ocrx_word' id='word_1_668' title='bbox 3209 4406 3295 4446; x_wconf 82' lang='lat' dir='ltr'><strong><em>res</em></strong></span> <span class='ocrx_word' id='word_1_669' title='bbox 3325 4404 3484 4447; x_wconf 81' lang='lat' dir='ltr'><strong><em>voca-</em></strong></span> 
     </span>
    </p>
   </div>
   <div class='ocr_carea' id='block_1_90' title="bbox 1884 4480 3487 4554">
    <p class='ocr_par' dir='ltr' id='par_1_90' title="bbox 1884 4480 3487 4554">
     <span class='ocr_line' id='line_1_90' title="bbox 1884 4480 3487 4554; baseline 0.002 -19"><span class='ocrx_word' id='word_1_670' title='bbox 1884 4480 2051 4537; x_wconf 87' lang='lat' dir='ltr'><strong><em>bant:</em></strong></span> <span class='ocrx_word' id='word_1_671' title='bbox 2080 4492 2244 4554; x_wconf 89' lang='lat' dir='ltr'><strong><em>atque</em></strong></span> <span class='ocrx_word' id='word_1_672' title='bbox 2296 4482 2440 4549; x_wconf 88' lang='lat' dir='ltr'><strong><em>ideo,</em></strong></span> <span class='ocrx_word' id='word_1_673' title='bbox 2468 4483 2513 4538; x_wconf 90' lang='lat' dir='ltr'><strong><em>si</em></strong></span> <span class='ocrx_word' id='word_1_674' title='bbox 2576 4482 2702 4554; x_wconf 90' lang='lat' dir='ltr'><strong><em>quid</em></strong></span> <span class='ocrx_word' id='word_1_675' title='bbox 2750 4483 2857 4538; x_wconf 91' lang='lat' dir='ltr'><strong><em>illis</em></strong></span> <span class='ocrx_word' id='word_1_676' title='bbox 2900 4484 3214 4541; x_wconf 60' lang='lat' dir='ltr'><strong><em>absentibus</em></strong></span> <span class='ocrx_word' id='word_1_677' title='bbox 3253 4486 3305 4540; x_wconf 91' lang='lat' dir='ltr'><strong><em>in</em></strong></span> <span class='ocrx_word' id='word_1_678' title='bbox 3329 4484 3487 4541; x_wconf 89' lang='lat' dir='ltr'><strong><em>Occi-</em></strong></span> 
     </span>
    </p>
   </div>
   <div class='ocr_carea' id='block_1_91' title="bbox 192 4557 1769 4649">
    <p class='ocr_par' dir='ltr' id='par_1_91' title="bbox 192 4557 1769 4631">
     <span class='ocr_line' id='line_1_91' title="bbox 192 4557 1769 4631; baseline 0.004 -24"><span class='ocrx_word' id='word_1_679' title='bbox 192 4564 354 4621; x_wconf 80' lang='lat' dir='ltr'><strong><em>tatum,</em></strong></span> <span class='ocrx_word' id='word_1_680' title='bbox 377 4560 468 4630; x_wconf 90' lang='lat' dir='ltr'><strong><em>qui</em></strong></span> <span class='ocrx_word' id='word_1_681' title='bbox 499 4560 653 4613; x_wconf 91' lang='lat' dir='ltr'><strong><em>unius</em></strong></span> <span class='ocrx_word' id='word_1_682' title='bbox 673 4557 877 4613; x_wconf 83' lang='lat' dir='ltr'><strong><em>Acholii</em></strong></span> <span class='ocrx_word' id='word_1_683' title='bbox 911 4559 1135 4631; x_wconf 84' lang='lat' dir='ltr'><strong><em>episcopi</em></strong></span> <span class='ocrx_word' id='word_1_684' title='bbox 1156 4560 1227 4613; x_wconf 89' lang='lat' dir='ltr'><strong><em>ita</em></strong></span> <span class='ocrx_word' id='word_1_685' title='bbox 1251 4559 1650 4625; x_wconf 69' lang='lat' dir='ltr'><strong><em>exspectandum</em></strong></span> <span class='ocrx_word' id='word_1_686' title='bbox 1674 4575 1769 4613; x_wconf 80' lang='lat' dir='ltr'><strong><em>esst</em></strong></span> 
     </span>
    </p>
   </div>
   <div class='ocr_carea' id='block_1_92' title="bbox 1877 4557 3484 4649">
    <p class='ocr_par' dir='ltr' id='par_1_92' title="bbox 1886 4574 3484 4649">
     <span class='ocr_line' id='line_1_92' title="bbox 1886 4574 3484 4649; baseline 0.004 -22"><span class='ocrx_word' id='word_1_687' title='bbox 1886 4575 2046 4631; x_wconf 85' lang='lat' dir='ltr'><strong><em>dente</em></strong></span> <span class='ocrx_word' id='word_1_688' title='bbox 2076 4583 2427 4641; x_wconf 81' lang='lat' dir='ltr'><strong><em>statueretur,</em></strong></span> <span class='ocrx_word' id='word_1_689' title='bbox 2452 4574 2692 4631; x_wconf 83' lang='lat' dir='ltr'><strong><em>futurum</em></strong></span> <span class='ocrx_word' id='word_1_690' title='bbox 2716 4575 2845 4630; x_wconf 88' lang='lat' dir='ltr'><strong><em>illud</em></strong></span> <span class='ocrx_word' id='word_1_691' title='bbox 2879 4576 3114 4641; x_wconf 84' lang='lat' dir='ltr'><strong><em>irritum.</em></strong></span> <span class='ocrx_word' id='word_1_692' title='bbox 3137 4592 3199 4633; x_wconf 87' lang='lat' dir='ltr'><strong><em>ac</em></strong></span> <span class='ocrx_word' id='word_1_693' title='bbox 3225 4578 3484 4649; x_wconf 75' lang='lat' dir='ltr'><strong><em>rnajurem</em></strong></span> 
     </span>
    </p>
   </div>
   <div class='ocr_carea' id='block_1_93' title="bbox 193 4654 1779 4726">
    <p class='ocr_par' dir='ltr' id='par_1_93' title="bbox 193 4654 1779 4726">
     <span class='ocr_line' id='line_1_93' title="bbox 193 4654 1779 4726; baseline 0.004 -24"><span class='ocrx_word' id='word_1_694' title='bbox 193 4662 479 4719; x_wconf 88' lang='lat' dir='ltr'><strong><em>putaverunt</em></strong></span> <span class='ocrx_word' id='word_1_695' title='bbox 526 4655 820 4726; x_wconf 88' lang='lat' dir='ltr'><strong><em>judicium,</em></strong></span> <span class='ocrx_word' id='word_1_696' title='bbox 877 4663 929 4707; x_wconf 91' lang='lat' dir='ltr'><strong><em>ut</em></strong></span> <span class='ocrx_word' id='word_1_697' title='bbox 976 4654 1039 4707; x_wconf 87' lang='lat' dir='ltr'><strong><em>de</em></strong></span> <span class='ocrx_word' id='word_1_698' title='bbox 1090 4654 1505 4709; x_wconf 83' lang='lat' dir='ltr'><strong><em>Occidentalibus</em></strong></span> <span class='ocrx_word' id='word_1_699' title='bbox 1552 4656 1779 4724; x_wconf 87' lang='lat' dir='ltr'><strong><em>partibus</em></strong></span> 
     </span>
    </p>
   </div>
   <div class='ocr_carea' id='block_1_94' title="bbox 197 4741 1776 4819">
    <p class='ocr_par' dir='ltr' id='par_1_94' title="bbox 197 4741 1776 4819">
     <span class='ocr_line' id='line_1_94' title="bbox 197 4741 1776 4819; baseline 0.001 -22"><span class='ocrx_word' id='word_1_700' title='bbox 197 4741 679 4818; x_wconf 84' lang='lat' dir='ltr'><strong><em>Constantinopolim</em></strong></span> <span class='ocrx_word' id='word_1_701' title='bbox 696 4748 1011 4803; x_wconf 88' lang='lat' dir='ltr'><strong><em>evocandum</em></strong></span> <span class='ocrx_word' id='word_1_702' title='bbox 1036 4757 1294 4818; x_wconf 88' lang='lat' dir='ltr'><strong><em>putarent.</em></strong></span> <span class='ocrx_word' id='word_1_703' title='bbox 1323 4747 1381 4804; x_wconf 90' lang='lat' dir='ltr'><strong><em>Si</em></strong></span> <span class='ocrx_word' id='word_1_704' title='bbox 1404 4748 1525 4819; x_wconf 84' lang='lat' dir='ltr'><strong><em>quid</em></strong></span> <span class='ocrx_word' id='word_1_705' title='bbox 1551 4748 1639 4800; x_wconf 90' lang='lat' dir='ltr'><strong><em>uni</em></strong></span> <span class='ocrx_word' id='word_1_706' title='bbox 1658 4747 1776 4800; x_wconf 88' lang='lat' dir='ltr'><strong><em>huic</em></strong></span> 
     </span>
    </p>
   </div>
   <div class='ocr_carea' id='block_1_95' title="bbox 195 4840 1782 4915">
    <p class='ocr_par' dir='ltr' id='par_1_95' title="bbox 195 4840 1782 4915">
     <span class='ocr_line' id='line_1_95' title="bbox 195 4840 1782 4915; baseline 0.002 -26"><span class='ocrx_word' id='word_1_707' title='bbox 195 4854 481 4896; x_wconf 81' lang='lat' dir='ltr'><strong><em>reservatum</em></strong></span> <span class='ocrx_word' id='word_1_708' title='bbox 522 4853 640 4909; x_wconf 89' lang='lat' dir='ltr'><strong><em>est,</em></strong></span> <span class='ocrx_word' id='word_1_709' title='bbox 690 4850 884 4912; x_wconf 88' lang='lat' dir='ltr'><strong><em>quanto</em></strong></span> <span class='ocrx_word' id='word_1_710' title='bbox 930 4842 1093 4915; x_wconf 86' lang='lat' dir='ltr'><strong><em>magis</em></strong></span> <span class='ocrx_word' id='word_1_711' title='bbox 1134 4841 1373 4912; x_wconf 79' lang='lat' dir='ltr'><strong><em>pluribus</em></strong></span> <span class='ocrx_word' id='word_1_712' title='bbox 1418 4840 1782 4895; x_wconf 85' lang='lat' dir='ltr'><strong><em>reservandum</em></strong></span> 
     </span>
    </p>
   </div>
   <div class='ocr_carea' id='block_1_96' title="bbox 197 4933 1783 5003">
    <p class='ocr_par' dir='ltr' id='par_1_96' title="bbox 197 4933 1783 5003">
     <span class='ocr_line' id='line_1_96' title="bbox 197 4933 1783 5003; baseline 0.003 -20"><span class='ocrx_word' id='word_1_713' title='bbox 197 4933 300 4986; x_wconf 76' lang='lat' dir='ltr'><strong><em>est?</em></strong></span> <span class='ocrx_word' id='word_1_714' title='bbox 331 4934 441 4989; x_wconf 82' lang='lat' dir='ltr'><strong><em>Nos</em></strong></span> <span class='ocrx_word' id='word_1_715' title='bbox 474 4944 646 4990; x_wconf 88' lang='lat' dir='ltr'><strong><em>autem</em></strong></span> <span class='ocrx_word' id='word_1_716' title='bbox 686 4953 716 4987; x_wconf 90' lang='lat' dir='ltr'><strong><em>a</em></strong></span> <span class='ocrx_word' id='word_1_717' title='bbox 756 4934 1047 4990; x_wconf 85' lang='lat' dir='ltr'><strong><em>beatissimo</em></strong></span> <span class='ocrx_word' id='word_1_718' title='bbox 1076 4936 1309 5001; x_wconf 87' lang='lat' dir='ltr'><strong><em>principe</em></strong></span> <span class='ocrx_word' id='word_1_719' title='bbox 1339 4939 1497 5001; x_wconf 76' lang='lat' dir='ltr'><strong><em>fratre</em></strong></span> <span class='ocrx_word' id='word_1_720' title='bbox 1537 4944 1641 4988; x_wconf 85' lang='lat' dir='ltr'><strong><em>tua</em></strong></span> <span class='ocrx_word' id='word_1_721' title='bbox 1674 4934 1783 5003; x_wconf 86' lang='lat' dir='ltr'><strong><em>pie-</em></strong></span> 
     </span>
    </p>
   </div>
   <div class='ocr_carea' id='block_1_97' title="bbox 198 5026 1780 5098">
    <p class='ocr_par' dir='ltr' id='par_1_97' title="bbox 198 5026 1780 5098">
     <span class='ocr_line' id='line_1_97' title="bbox 198 5026 1780 5098; baseline 0.003 -22"><span class='ocrx_word' id='word_1_722' title='bbox 198 5026 299 5079; x_wconf 88' lang='lat' dir='ltr'><strong><em>tatis</em></strong></span> <span class='ocrx_word' id='word_1_723' title='bbox 321 5028 568 5082; x_wconf 80' lang='lat' dir='ltr'><strong><em>admoniti</em></strong></span> <span class='ocrx_word' id='word_1_724' title='bbox 590 5044 609 5094; x_wconf 87' lang='lat'><strong><em>;</em></strong></span> <span class='ocrx_word' id='word_1_725' title='bbox 640 5036 693 5081; x_wconf 92' lang='lat' dir='ltr'><strong><em>nt</em></strong></span> <span class='ocrx_word' id='word_1_726' title='bbox 726 5038 824 5082; x_wconf 89' lang='lat' dir='ltr'><strong><em>tua</em></strong></span> <span class='ocrx_word' id='word_1_727' title='bbox 853 5026 1146 5082; x_wconf 83' lang='lat' dir='ltr'><strong><em>Clementia</em></strong></span> <span class='ocrx_word' id='word_1_728' title='bbox 1175 5027 1509 5083; x_wconf 90' lang='lat' dir='ltr'><strong><em>scriberemus</em></strong></span> <span class='ocrx_word' id='word_1_729' title='bbox 1534 5028 1747 5098; x_wconf 86' lang='lat' dir='ltr'><strong><em>imperio</em></strong></span> <span class='ocrx_word' id='word_1_730' title='bbox 1765 5069 1780 5094; x_wconf 92' lang='lat'><strong><em>,</em></strong></span> 
     </span>
    </p>
   </div>
   <div class='ocr_carea' id='block_1_98' title="bbox 200 5120 1779 5189">
    <p class='ocr_par' dir='ltr' id='par_1_98' title="bbox 200 5120 1779 5189">
     <span class='ocr_line' id='line_1_98' title="bbox 200 5120 1779 5189; baseline 0.001 -16"><span class='ocrx_word' id='word_1_731' title='bbox 200 5122 529 5186; x_wconf 82' lang='lat' dir='ltr'><strong><em>postulamus.</em></strong></span> <span class='ocrx_word' id='word_1_732' title='bbox 563 5131 621 5175; x_wconf 92' lang='lat' dir='ltr'><strong><em>ut</em></strong></span> <span class='ocrx_word' id='word_1_733' title='bbox 649 5121 735 5175; x_wconf 88' lang='lat' dir='ltr'><strong><em>ubi</em></strong></span> <span class='ocrx_word' id='word_1_734' title='bbox 764 5138 866 5175; x_wconf 89' lang='lat' dir='ltr'><strong><em>una</em></strong></span> <span class='ocrx_word' id='word_1_735' title='bbox 891 5122 1184 5175; x_wconf 89' lang='lat' dir='ltr'><strong><em>communio</em></strong></span> <span class='ocrx_word' id='word_1_736' title='bbox 1210 5134 1285 5175; x_wconf 89' lang='lat' dir='ltr'><strong><em>est</em></strong></span> <span class='ocrx_word' id='word_1_737' title='bbox 1315 5166 1330 5189; x_wconf 93' lang='lat'><strong><em>,</em></strong></span> <span class='ocrx_word' id='word_1_738' title='bbox 1364 5138 1629 5176; x_wconf 87' lang='lat' dir='ltr'><strong><em>commune</em></strong></span> <span class='ocrx_word' id='word_1_739' title='bbox 1658 5120 1779 5176; x_wconf 88' lang='lat' dir='ltr'><strong><em>velit</em></strong></span> 
     </span>
    </p>
   </div>
   <div class='ocr_carea' id='block_1_99' title="bbox 197 5215 1465 5288">
    <p class='ocr_par' dir='ltr' id='par_1_99' title="bbox 197 5215 1465 5288">
     <span class='ocr_line' id='line_1_99' title="bbox 197 5215 1465 5288; baseline 0.002 -23"><span class='ocrx_word' id='word_1_740' title='bbox 197 5227 288 5267; x_wconf 78' lang='lat' dir='ltr'><strong><em>esse</em></strong></span> <span class='ocrx_word' id='word_1_741' title='bbox 300 5215 556 5283; x_wconf 83' lang='lat' dir='ltr'><strong><em>judicium</em></strong></span> <span class='ocrx_word' id='word_1_742' title='bbox 575 5259 588 5281; x_wconf 93' lang='lat'><strong><em>,</em></strong></span> <span class='ocrx_word' id='word_1_743' title='bbox 623 5218 1118 5288; x_wconf 89' lang='lat' dir='ltr'><strong><em>coneordantemque</em></strong></span> <span class='ocrx_word' id='word_1_744' title='bbox 1140 5232 1465 5285; x_wconf 86' lang='lat' dir='ltr'><strong><em>consensum.</em></strong></span> 
     </span>
    </p>
   </div>
   <div class='ocr_carea' id='block_1_100' title="bbox 196 5302 1777 5382">
    <p class='ocr_par' dir='ltr' id='par_1_100' title="bbox 196 5302 1777 5382">
     <span class='ocr_line' id='line_1_100' title="bbox 196 5302 1777 5382; baseline 0.003 -28"><span class='ocrx_word' id='word_1_745' title='bbox 196 5302 214 5365; x_wconf 71' lang='lat'><strong>5</strong></span> <span class='ocrx_word' id='word_1_746' title='bbox 243 5305 299 5382; x_wconf 83' lang='lat' dir='ltr'><strong><em>II.</em></strong></span> <span class='ocrx_word' id='word_1_747' title='bbox 324 5306 493 5382; x_wconf 39' lang='lat' dir='ltr'><strong><em>——R.ei_</em></strong></span> <span class='ocrx_word' id='word_1_748' title='bbox 518 5314 676 5382; x_wconf 59' lang='lat' dir='ltr'><strong><em>gestas</em></strong></span> <span class='ocrx_word' id='word_1_749' title='bbox 700 5309 861 5381; x_wconf 80' lang='lat' dir='ltr'><strong><em>series</em></strong></span> <span class='ocrx_word' id='word_1_750' title='bbox 899 5311 1167 5382; x_wconf 72' lang='lat' dir='ltr'><strong><em>exponitur</em></strong></span> <span class='ocrx_word' id='word_1_751' title='bbox 1192 5308 1267 5382; x_wconf 21' lang='lat' dir='ltr'><strong><em>Aab</em></strong></span> <span class='ocrx_word' id='word_1_752' title='bbox 1286 5310 1347 5358; x_wconf 86' lang='lat' dir='ltr'><strong><em>iis</em></strong></span> <span class='ocrx_word' id='word_1_753' title='bbox 1372 5308 1668 5382; x_wconf 68' lang='lat' dir='ltr'><strong><em>excogitata,</em></strong></span> <span class='ocrx_word' id='word_1_754' title='bbox 1693 5308 1777 5371; x_wconf 87' lang='lat' dir='ltr'><strong><em>qui</em></strong></span> 
     </span>
    </p>
   </div>
   <div class='ocr_carea' id='block_1_101' title="bbox 248 5322 1780 5434">
    <p class='ocr_par' dir='ltr' id='par_1_101' title="bbox 248 5322 1780 5434">
     <span class='ocr_line' id='line_1_101' title="bbox 248 5322 1777 5419; baseline 0.003 -65"><span class='ocrx_word' id='word_1_755' title='bbox 248 5322 299 5355; x_wconf 87' lang='grc' dir='ltr'><strong><em>ιι.</em></strong></span> <span class='ocrx_word' id='word_1_756' title='bbox 324 5334 384 5343; x_wconf 90' lang='grc'><strong>-</strong></span> <span class='ocrx_word' id='word_1_757' title='bbox 403 5322 676 5419; x_wconf 52' lang='grc' dir='ltr'><strong><em>ηειίῇρδιω</em></strong></span> <span class='ocrx_word' id='word_1_758' title='bbox 700 5322 861 5357; x_wconf 86' lang='lat' dir='ltr'><strong><em>sertes</em></strong></span> <span class='ocrx_word' id='word_1_759' title='bbox 899 5322 1167 5371; x_wconf 77' lang='lat' dir='ltr'><strong><em>exponitur</em></strong></span> <span class='ocrx_word' id='word_1_760' title='bbox 1206 5322 1267 5357; x_wconf 85' lang='lat' dir='ltr'><strong><em>an</em></strong></span> <span class='ocrx_word' id='word_1_761' title='bbox 1286 5322 1347 5358; x_wconf 86' lang='lat' dir='ltr'><strong><em>ns</em></strong></span> <span class='ocrx_word' id='word_1_762' title='bbox 1372 5322 1668 5382; x_wconf 75' lang='lat' dir='ltr'><strong><em>excogitata,</em></strong></span> <span class='ocrx_word' id='word_1_763' title='bbox 1693 5322 1777 5371; x_wconf 88' lang='lat' dir='ltr'><strong><em>qut</em></strong></span> 
     </span>
     <span class='ocr_line' id='line_1_102' title="bbox 248 5369 1780 5434; baseline 0.003 -19"><span class='ocrx_word' id='word_1_764' title='bbox 248 5380 351 5434; x_wconf 64' lang='lat' dir='ltr'><strong><em>eam</em></strong></span> <span class='ocrx_word' id='word_1_765' title='bbox 371 5372 502 5434; x_wconf 72' lang='lat' dir='ltr'><strong><em>epist</em></strong></span> <span class='ocrx_word' id='word_1_766' title='bbox 550 5384 627 5421; x_wconf 79' lang='lat' dir='ltr'><strong><em>aut</em></strong></span> <span class='ocrx_word' id='word_1_767' title='bbox 669 5382 757 5433; x_wconf 88' lang='lat' dir='ltr'><strong><em>pro</em></strong></span> <span class='ocrx_word' id='word_1_768' title='bbox 789 5371 984 5421; x_wconf 76' lang='lat' dir='ltr'><strong><em>sincara</em></strong></span> <span class='ocrx_word' id='word_1_769' title='bbox 1023 5371 1209 5421; x_wconf 82' lang='lat' dir='ltr'><strong><em>habent</em></strong></span> <span class='ocrx_word' id='word_1_770' title='bbox 1236 5386 1247 5420; x_wconf 86' lang='lat'><strong>:</strong></span> <span class='ocrx_word' id='word_1_771' title='bbox 1270 5385 1368 5434; x_wconf 87' lang='lat' dir='ltr'><strong><em>quo</em></strong></span> <span class='ocrx_word' id='word_1_772' title='bbox 1389 5384 1517 5418; x_wconf 75' lang='lat' dir='ltr'><strong><em>atina</em></strong></span> <span class='ocrx_word' id='word_1_773' title='bbox 1538 5369 1780 5434; x_wconf 70' lang='lat' dir='ltr'><strong><em>Mammas</em></strong></span> 
     </span>
    </p>
   </div>
   <div class='ocr_carea' id='block_1_102' title="bbox 245 5430 1780 5496">
    <p class='ocr_par' dir='ltr' id='par_1_102' title="bbox 245 5430 1780 5496">
     <span class='ocr_line' id='line_1_103' title="bbox 245 5430 1780 5496; baseline 0 -15"><span class='ocrx_word' id='word_1_774' title='bbox 245 5430 445 5496; x_wconf 79' lang='lat' dir='ltr'><strong><em>Cynicus</em></strong></span> <span class='ocrx_word' id='word_1_775' title='bbox 463 5430 789 5483; x_wconf 72' lang='lat' dir='ltr'><strong><em>Mediolanum</em></strong></span> <span class='ocrx_word' id='word_1_776' title='bbox 814 5434 1042 5485; x_wconf 80' lang='lat' dir='ltr'><strong><em>venerit?</em></strong></span> <span class='ocrx_word' id='word_1_777' title='bbox 1066 5434 1151 5485; x_wconf 82' lang='lat' dir='ltr'><strong><em>Cui</em></strong></span> <span class='ocrx_word' id='word_1_778' title='bbox 1170 5430 1780 5496; x_wconf 66' lang='lat' dir='ltr'><strong><em>nam&#39;praaterea_eortcilio</em></strong></span> 
     </span>
    </p>
   </div>
   <div class='ocr_carea' id='block_1_103' title="bbox 248 5492 1780 5554">
    <p class='ocr_par' dir='ltr' id='par_1_103' title="bbox 248 5492 1780 5554">
     <span class='ocr_line' id='line_1_104' title="bbox 248 5492 1780 5554; baseline 0.002 -12"><span class='ocrx_word' id='word_1_779' title='bbox 248 5492 468 5554; x_wconf 79' lang='lat' dir='ltr'><strong><em>adfuerit,</em></strong></span> <span class='ocrx_word' id='word_1_780' title='bbox 497 5503 550 5544; x_wconf 86' lang='lat' dir='ltr'><strong><em>ut</em></strong></span> <span class='ocrx_word' id='word_1_781' title='bbox 572 5508 708 5545; x_wconf 86' lang='lat' dir='ltr'><strong><em>suam</em></strong></span> <span class='ocrx_word' id='word_1_782' title='bbox 733 5504 958 5545; x_wconf 85' lang='lat' dir='ltr'><strong><em>tueretur</em></strong></span> <span class='ocrx_word' id='word_1_783' title='bbox 983 5497 1031 5544; x_wconf 89' lang='lat' dir='ltr'><strong><em>in</em></strong></span> <span class='ocrx_word' id='word_1_784' title='bbox 1056 5509 1118 5545; x_wconf 89' lang='lat' dir='ltr'><strong><em>eo</em></strong></span> <span class='ocrx_word' id='word_1_785' title='bbox 1134 5492 1490 5546; x_wconf 74' lang='lat' dir='ltr'><strong><em>ordinationem</em></strong></span> <span class='ocrx_word' id='word_1_786' title='bbox 1505 5496 1528 5543; x_wconf 80' lang='lat' dir='ltr'><strong><em>‘i</em></strong></span> <span class='ocrx_word' id='word_1_787' title='bbox 1551 5492 1690 5544; x_wconf 75' lang='lat' dir='ltr'><strong><em>Petri</em></strong></span> <span class='ocrx_word' id='word_1_788' title='bbox 1714 5495 1780 5545; x_wconf 88' lang='lat' dir='ltr'><strong><em>de</em></strong></span> 
     </span>
    </p>
   </div>
   <div class='ocr_carea' id='block_1_104' title="bbox 250 5554 1778 5619">
    <p class='ocr_par' dir='ltr' id='par_1_104' title="bbox 250 5554 1778 5619">
     <span class='ocr_line' id='line_1_105' title="bbox 250 5554 1778 5619; baseline 0.002 -15"><span class='ocrx_word' id='word_1_789' title='bbox 250 5554 419 5617; x_wconf 70' lang='lat' dir='ltr'><strong><em>Mam,</em></strong></span> <span class='ocrx_word' id='word_1_790' title='bbox 443 5558 648 5619; x_wconf 81' lang='lat' dir='ltr'><strong><em>Valesii,</em></strong></span> <span class='ocrx_word' id='word_1_791' title='bbox 670 5557 977 5619; x_wconf 84' lang='lat' dir='ltr'><strong><em>aliorumque</em></strong></span> <span class='ocrx_word' id='word_1_792' title='bbox 1008 5572 1067 5607; x_wconf 89' lang='lat' dir='ltr'><strong><em>ea</em></strong></span> <span class='ocrx_word' id='word_1_793' title='bbox 1089 5558 1152 5607; x_wconf 89' lang='lat' dir='ltr'><strong><em>de</em></strong></span> <span class='ocrx_word' id='word_1_794' title='bbox 1179 5571 1235 5609; x_wconf 88' lang='lat' dir='ltr'><strong><em>re</em></strong></span> <span class='ocrx_word' id='word_1_795' title='bbox 1260 5558 1424 5617; x_wconf 84' lang='lat' dir='ltr'><strong><em>opinio</em></strong></span> <span class='ocrx_word' id='word_1_796' title='bbox 1452 5574 1464 5608; x_wconf 86' lang='lat'><strong>:</strong></span> <span class='ocrx_word' id='word_1_797' title='bbox 1492 5558 1616 5607; x_wconf 89' lang='lat' dir='ltr'><strong><em>hanc</em></strong></span> <span class='ocrx_word' id='word_1_798' title='bbox 1640 5571 1778 5608; x_wconf 89' lang='lat' dir='ltr'><strong><em>erro-</em></strong></span> 
     </span>
    </p>
   </div>
   <div class='ocr_carea' id='block_1_105' title="bbox 251 5572 1778 5684">
    <p class='ocr_par' dir='ltr' id='par_1_105' title="bbox 251 5572 1778 5684">
     <span class='ocr_line' id='line_1_106' title="bbox 252 5572 1778 5619; baseline 0.002 -15"><span class='ocrx_word' id='word_1_799' title='bbox 252 5572 419 5617; x_wconf 63' lang='lat' dir='ltr'><strong><em>mana,</em></strong></span> <span class='ocrx_word' id='word_1_800' title='bbox 450 5572 648 5619; x_wconf 82' lang='lat' dir='ltr'><strong><em>vatesn,</em></strong></span> <span class='ocrx_word' id='word_1_801' title='bbox 670 5572 874 5607; x_wconf 84' lang='lat' dir='ltr'><strong><em>auorum</em></strong></span> <span class='ocrx_word' id='word_1_802' title='bbox 913 5572 977 5607; x_wconf 87' lang='lat' dir='ltr'><strong><em>ue</em></strong></span> <span class='ocrx_word' id='word_1_803' title='bbox 1008 5572 1067 5607; x_wconf 88' lang='lat' dir='ltr'><strong><em>ea</em></strong></span> <span class='ocrx_word' id='word_1_804' title='bbox 1089 5572 1152 5607; x_wconf 87' lang='lat' dir='ltr'><strong><em>ue</em></strong></span> <span class='ocrx_word' id='word_1_805' title='bbox 1179 5572 1235 5609; x_wconf 89' lang='lat' dir='ltr'><strong><em>re</em></strong></span> <span class='ocrx_word' id='word_1_806' title='bbox 1260 5572 1424 5617; x_wconf 85' lang='lat' dir='ltr'><strong><em>optmo</em></strong></span> <span class='ocrx_word' id='word_1_807' title='bbox 1452 5574 1464 5608; x_wconf 71' lang='grc' dir='ltr'>ζ</span> <span class='ocrx_word' id='word_1_808' title='bbox 1492 5572 1616 5607; x_wconf 89' lang='lat' dir='ltr'><strong><em>nanc</em></strong></span> <span class='ocrx_word' id='word_1_809' title='bbox 1640 5572 1778 5608; x_wconf 88' lang='lat' dir='ltr'><strong><em>erro-</em></strong></span> 
     </span>
     <span class='ocr_line' id='line_1_107' title="bbox 251 5572 1778 5684; baseline 0.002 -19"><span class='ocrx_word' id='word_1_810' title='bbox 251 5630 385 5668; x_wconf 85' lang='lat' dir='ltr'><strong><em>neam</em></strong></span> <span class='ocrx_word' id='word_1_811' title='bbox 399 5634 511 5671; x_wconf 81' lang='lat' dir='ltr'><strong><em>esse</em></strong></span> <span class='ocrx_word' id='word_1_812' title='bbox 528 5621 818 5684; x_wconf 81' lang='lat' dir='ltr'><strong><em>rationibus,</em></strong></span> <span class='ocrx_word' id='word_1_813' title='bbox 834 5572 1503 5675; x_wconf 47' lang='lat' dir='ltr'><strong><em>eﬁl‘illemntiiauotoritate</em></strong></span> <span class='ocrx_word' id='word_1_814' title='bbox 1517 5621 1778 5679; x_wconf 76' lang='lat' dir='ltr'><strong><em>evincitur.</em></strong></span> 
     </span>
    </p>
   </div>
   <div class='ocr_carea' id='block_1_106' title="bbox 264 5703 1782 5777">
    <p class='ocr_par' dir='ltr' id='par_1_106' title="bbox 264 5703 1782 5777">
     <span class='ocr_line' id='line_1_108' title="bbox 264 5703 1782 5777; baseline 0.003 -21"><span class='ocrx_word' id='word_1_815' title='bbox 264 5703 361 5769; x_wconf 82' lang='lat' dir='ltr'><strong><em>Qui</em></strong></span> <span class='ocrx_word' id='word_1_816' title='bbox 407 5705 585 5775; x_wconf 86' lang='lat' dir='ltr'><strong><em>itaque</em></strong></span> <span class='ocrx_word' id='word_1_817' title='bbox 633 5705 736 5760; x_wconf 86' lang='lat' dir='ltr'><strong><em>hoc</em></strong></span> <span class='ocrx_word' id='word_1_818' title='bbox 779 5703 1025 5761; x_wconf 85' lang='lat' dir='ltr'><strong><em>Italicum</em></strong></span> <span class='ocrx_word' id='word_1_819' title='bbox 1060 5705 1353 5762; x_wconf 85' lang='lat' dir='ltr'><strong><em>concilium</em></strong></span> <span class='ocrx_word' id='word_1_820' title='bbox 1384 5745 1399 5769; x_wconf 89' lang='lat'><strong><em>,</em></strong></span> <span class='ocrx_word' id='word_1_821' title='bbox 1446 5713 1610 5777; x_wconf 89' lang='lat' dir='ltr'><strong><em>atque</em></strong></span> <span class='ocrx_word' id='word_1_822' title='bbox 1643 5706 1782 5773; x_wconf 77' lang='lat' dir='ltr'><strong><em>lianc</em></strong></span> 
     </span>
    </p>
   </div>
   <div class='ocr_carea' id='block_1_107' title="bbox 1883 4671 3486 4744">
    <p class='ocr_par' dir='ltr' id='par_1_107' title="bbox 1883 4671 3486 4744">
     <span class='ocr_line' id='line_1_109' title="bbox 1883 4671 3486 4744; baseline 0.002 -16"><span class='ocrx_word' id='word_1_823' title='bbox 1883 4674 2023 4728; x_wconf 89' lang='lat' dir='ltr'><strong><em>inter</em></strong></span> <span class='ocrx_word' id='word_1_824' title='bbox 2054 4682 2334 4744; x_wconf 88' lang='lat' dir='ltr'><strong><em>utramque</em></strong></span> <span class='ocrx_word' id='word_1_825' title='bbox 2379 4671 2678 4728; x_wconf 71' lang='lat' dir='ltr'><strong><em>Ecclesium</em></strong></span> <span class='ocrx_word' id='word_1_826' title='bbox 2705 4672 3005 4742; x_wconf 75' lang='lat' dir='ltr'><strong><em>iurgiorum</em></strong></span> <span class='ocrx_word' id='word_1_827' title='bbox 3051 4688 3306 4735; x_wconf 76' lang='lat' dir='ltr'><strong><em>caueam:</em></strong></span> <span class='ocrx_word' id='word_1_828' title='bbox 3340 4674 3486 4731; x_wconf 86' lang='lat' dir='ltr'><strong><em>Itali-</em></strong></span> 
     </span>
    </p>
   </div>
   <div class='ocr_carea' id='block_1_108' title="bbox 1882 4764 3487 4838">
    <p class='ocr_par' dir='ltr' id='par_1_108' title="bbox 1882 4764 3487 4838">
     <span class='ocr_line' id='line_1_110' title="bbox 1882 4764 3487 4838; baseline 0.001 -17"><span class='ocrx_word' id='word_1_829' title='bbox 1882 4782 1975 4822; x_wconf 81' lang='lat' dir='ltr'><strong><em>cos</em></strong></span> <span class='ocrx_word' id='word_1_830' title='bbox 2009 4778 2270 4837; x_wconf 63' lang='lat' dir='ltr'><strong><em>praeterea</em></strong></span> <span class='ocrx_word' id='word_1_831' title='bbox 2297 4766 2605 4838; x_wconf 84' lang='lat' dir='ltr'><strong><em>episcopos,</em></strong></span> <span class='ocrx_word' id='word_1_832' title='bbox 2638 4774 2730 4825; x_wconf 84' lang='lat' dir='ltr'><strong><em>aut</em></strong></span> <span class='ocrx_word' id='word_1_833' title='bbox 2772 4764 2977 4835; x_wconf 83' lang='lat' dir='ltr'><strong><em>Cynico</em></strong></span> <span class='ocrx_word' id='word_1_834' title='bbox 3010 4768 3253 4837; x_wconf 77' lang='lat' dir='ltr'><strong><em>mendaci</em></strong></span> <span class='ocrx_word' id='word_1_835' title='bbox 3286 4779 3487 4838; x_wconf 68' lang='lat' dir='ltr'><strong><em>prater</em></strong></span> 
     </span>
    </p>
   </div>
   <div class='ocr_carea' id='block_1_109' title="bbox 1884 4858 3481 4935">
    <p class='ocr_par' dir='ltr' id='par_1_109' title="bbox 1884 4858 3481 4935">
     <span class='ocr_line' id='line_1_111' title="bbox 1884 4858 3481 4935; baseline -0.001 -19"><span class='ocrx_word' id='word_1_836' title='bbox 1884 4862 2021 4931; x_wconf 67' lang='lat' dir='ltr'><strong><em>aequi</em></strong></span> <span class='ocrx_word' id='word_1_837' title='bbox 2051 4861 2281 4931; x_wconf 79' lang='lat' dir='ltr'><strong><em>bonique</em></strong></span> <span class='ocrx_word' id='word_1_838' title='bbox 2308 4858 2530 4914; x_wconf 90' lang='lat' dir='ltr'><strong><em>consilia</em></strong></span> <span class='ocrx_word' id='word_1_839' title='bbox 2561 4873 2621 4914; x_wconf 85' lang='lat' dir='ltr'><strong><em>se</em></strong></span> <span class='ocrx_word' id='word_1_840' title='bbox 2669 4858 2893 4913; x_wconf 89' lang='lat' dir='ltr'><strong><em>nimium</em></strong></span> <span class='ocrx_word' id='word_1_841' title='bbox 2948 4858 3133 4929; x_wconf 63' lang='lat' dir='ltr'><strong><em>faciles</em></strong></span> <span class='ocrx_word' id='word_1_842' title='bbox 3162 4860 3481 4935; x_wconf 62' lang='lat' dir='ltr'><strong><em>prmbuisse,</em></strong></span> 
     </span>
    </p>
   </div>
   <div class='ocr_carea' id='block_1_110' title="bbox 1886 4952 3481 5024">
    <p class='ocr_par' dir='ltr' id='par_1_110' title="bbox 1886 4952 3481 5024">
     <span class='ocr_line' id='line_1_112' title="bbox 1886 4952 3481 5024; baseline -0.003 -13"><span class='ocrx_word' id='word_1_843' title='bbox 1886 4964 1980 5011; x_wconf 84' lang='lat' dir='ltr'><strong><em>aut</em></strong></span> <span class='ocrx_word' id='word_1_844' title='bbox 2004 4954 2171 5010; x_wconf 89' lang='lat' dir='ltr'><strong><em>nimio</em></strong></span> <span class='ocrx_word' id='word_1_845' title='bbox 2212 4953 2474 5009; x_wconf 85' lang='lat' dir='ltr'><strong><em>adversus</em></strong></span> <span class='ocrx_word' id='word_1_846' title='bbox 2498 4952 2802 5009; x_wconf 90' lang='lat' dir='ltr'><strong><em>Orientales</em></strong></span> <span class='ocrx_word' id='word_1_847' title='bbox 2841 4952 2957 5009; x_wconf 87' lang='lat' dir='ltr'><strong><em>zelo</em></strong></span> <span class='ocrx_word' id='word_1_848' title='bbox 2978 4953 3153 5024; x_wconf 85' lang='lat' dir='ltr'><strong><em>abripi</em></strong></span> <span class='ocrx_word' id='word_1_849' title='bbox 3182 4969 3241 5009; x_wconf 88' lang='lat' dir='ltr'><strong><em>se</em></strong></span> <span class='ocrx_word' id='word_1_850' title='bbox 3273 4968 3481 5019; x_wconf 79' lang='lat' dir='ltr'><strong><em>passos.</em></strong></span> 
     </span>
    </p>
   </div>
   <div class='ocr_carea' id='block_1_111' title="bbox 1885 5045 3485 5117">
    <p class='ocr_par' dir='ltr' id='par_1_111' title="bbox 1885 5045 3485 5117">
     <span class='ocr_line' id='line_1_113' title="bbox 1885 5045 3485 5117; baseline 0.001 -15"><span class='ocrx_word' id='word_1_851' title='bbox 1885 5046 1994 5102; x_wconf 91' lang='lat' dir='ltr'><strong><em>Cur</em></strong></span> <span class='ocrx_word' id='word_1_852' title='bbox 2022 5062 2150 5105; x_wconf 90' lang='lat' dir='ltr'><strong><em>vero</em></strong></span> <span class='ocrx_word' id='word_1_853' title='bbox 2200 5046 2313 5103; x_wconf 75' lang='lat' dir='ltr'><strong><em>hac</em></strong></span> <span class='ocrx_word' id='word_1_854' title='bbox 2359 5046 2471 5117; x_wconf 88' lang='lat' dir='ltr'><strong><em>ipsa</em></strong></span> <span class='ocrx_word' id='word_1_855' title='bbox 2500 5045 2703 5102; x_wconf 85' lang='lat' dir='ltr'><strong><em>Italicis</em></strong></span> <span class='ocrx_word' id='word_1_856' title='bbox 2735 5046 2845 5113; x_wconf 89' lang='lat' dir='ltr'><strong><em>illis</em></strong></span> <span class='ocrx_word' id='word_1_857' title='bbox 2892 5046 3212 5116; x_wconf 64' lang='lat' dir='ltr'><strong><em>praesulibus</em></strong></span> <span class='ocrx_word' id='word_1_858' title='bbox 3236 5047 3485 5103; x_wconf 60' lang='lat' dir='ltr'><strong><em>Tlteodoo</em></strong></span> 
     </span>
    </p>
   </div>
   <div class='ocr_carea' id='block_1_112' title="bbox 1884 5137 3482 5215">
    <p class='ocr_par' dir='ltr' id='par_1_112' title="bbox 1884 5137 3482 5215">
     <span class='ocr_line' id='line_1_114' title="bbox 1884 5137 3482 5215; baseline 0.001 -20"><span class='ocrx_word' id='word_1_859' title='bbox 1884 5140 2023 5195; x_wconf 90' lang='lat' dir='ltr'><strong><em>sium</em></strong></span> <span class='ocrx_word' id='word_1_860' title='bbox 2049 5139 2390 5209; x_wconf 82' lang='lat' dir='ltr'><strong><em>rescripsisse</em></strong></span> <span class='ocrx_word' id='word_1_861' title='bbox 2411 5139 2805 5215; x_wconf 87' lang='lat' dir='ltr'><strong><em>putent.aliam</em></strong></span> <span class='ocrx_word' id='word_1_862' title='bbox 2831 5153 2939 5194; x_wconf 92' lang='lat' dir='ltr'><strong><em>non</em></strong></span> <span class='ocrx_word' id='word_1_863' title='bbox 2970 5137 3204 5193; x_wconf 65' lang='lat' dir='ltr'><strong><em>aderunt</em></strong></span> <span class='ocrx_word' id='word_1_864' title='bbox 3221 5139 3482 5201; x_wconf 81' lang='lat' dir='ltr'><strong><em>rationem</em></strong></span> 
     </span>
    </p>
   </div>
   <div class='ocr_carea' id='block_1_113' title="bbox 1884 5231 3487 5309">
    <p class='ocr_par' dir='ltr' id='par_1_113' title="bbox 1884 5231 3487 5309">
     <span class='ocr_line' id='line_1_115' title="bbox 1884 5231 3487 5309; baseline 0.001 -20"><span class='ocrx_word' id='word_1_865' title='bbox 1884 5243 2083 5305; x_wconf 72' lang='lat' dir='ltr'><strong><em>praeter</em></strong></span> <span class='ocrx_word' id='word_1_866' title='bbox 2104 5233 2261 5301; x_wconf 83' lang='lat' dir='ltr'><strong><em>banc,</em></strong></span> <span class='ocrx_word' id='word_1_867' title='bbox 2287 5234 2409 5309; x_wconf 84' lang='lat' dir='ltr'><strong><em>quia</em></strong></span> <span class='ocrx_word' id='word_1_868' title='bbox 2440 5248 2637 5298; x_wconf 82' lang='lat' dir='ltr'><strong><em>nempe</em></strong></span> <span class='ocrx_word' id='word_1_869' title='bbox 2685 5232 2762 5289; x_wconf 90' lang='lat' dir='ltr'><strong><em>illi</em></strong></span> <span class='ocrx_word' id='word_1_870' title='bbox 2810 5244 3082 5303; x_wconf 88' lang='lat' dir='ltr'><strong><em>postrema</em></strong></span> <span class='ocrx_word' id='word_1_871' title='bbox 3138 5231 3364 5299; x_wconf 67' lang='lat' dir='ltr'><strong><em>epistola</em></strong></span> <span class='ocrx_word' id='word_1_872' title='bbox 3392 5249 3487 5299; x_wconf 74' lang='lat' dir='ltr'><strong><em>ex-</em></strong></span> 
     </span>
    </p>
   </div>
   <div class='ocr_carea' id='block_1_114' title="bbox 1885 5322 3487 5401">
    <p class='ocr_par' dir='ltr' id='par_1_114' title="bbox 1885 5322 3487 5401">
     <span class='ocr_line' id='line_1_116' title="bbox 1885 5322 3487 5401; baseline -0.002 -16"><span class='ocrx_word' id='word_1_873' title='bbox 1885 5336 2077 5385; x_wconf 89' lang='lat' dir='ltr'><strong><em>cusant</em></strong></span> <span class='ocrx_word' id='word_1_874' title='bbox 2121 5341 2244 5397; x_wconf 82' lang='lat' dir='ltr'><strong><em>sese</em></strong></span> <span class='ocrx_word' id='word_1_875' title='bbox 2285 5326 2424 5396; x_wconf 86' lang='lat' dir='ltr'><strong><em>apud</em></strong></span> <span class='ocrx_word' id='word_1_876' title='bbox 2472 5326 2879 5397; x_wconf 83' lang='lat' dir='ltr'><strong><em>imperatorem.</em></strong></span> <span class='ocrx_word' id='word_1_877' title='bbox 2931 5322 3289 5401; x_wconf 73' lang='lat' dir='ltr'><strong><em>all&#39;eruntque,</em></strong></span> <span class='ocrx_word' id='word_1_878' title='bbox 3342 5334 3397 5381; x_wconf 78' lang='grc' dir='ltr'>ιιι</span> <span class='ocrx_word' id='word_1_879' title='bbox 3426 5342 3487 5389; x_wconf 88' lang='lat' dir='ltr'><strong><em>se</em></strong></span> 
     </span>
    </p>
   </div>
   <div class='ocr_carea' id='block_1_115' title="bbox 1886 5418 3486 5493">
    <p class='ocr_par' dir='ltr' id='par_1_115' title="bbox 1886 5418 3486 5493">
     <span class='ocr_line' id='line_1_117' title="bbox 1886 5418 3486 5493; baseline -0.003 -13"><span class='ocrx_word' id='word_1_880' title='bbox 1886 5421 2202 5489; x_wconf 80' lang='lat' dir='ltr'><strong><em>defendant,</em></strong></span> <span class='ocrx_word' id='word_1_881' title='bbox 2232 5437 2423 5479; x_wconf 86' lang='lat' dir='ltr'><strong><em>causas</em></strong></span> <span class='ocrx_word' id='word_1_882' title='bbox 2452 5435 2550 5478; x_wconf 87' lang='lat' dir='ltr'><strong><em>cur</em></strong></span> <span class='ocrx_word' id='word_1_883' title='bbox 2578 5420 2834 5493; x_wconf 80' lang='lat' dir='ltr'><strong><em>generale</em></strong></span> <span class='ocrx_word' id='word_1_884' title='bbox 2884 5418 3173 5476; x_wconf 90' lang='lat' dir='ltr'><strong><em>concilium</em></strong></span> <span class='ocrx_word' id='word_1_885' title='bbox 3231 5433 3486 5489; x_wconf 79' lang='lat' dir='ltr'><strong><em>necessa-</em></strong></span> 
     </span>
    </p>
   </div>
   <div class='ocr_carea' id='block_1_116' title="bbox 1885 5511 3490 5586">
    <p class='ocr_par' dir='ltr' id='par_1_116' title="bbox 1885 5511 3490 5586">
     <span class='ocr_line' id='line_1_118' title="bbox 1885 5511 3490 5586; baseline -0.003 -13"><span class='ocrx_word' id='word_1_886' title='bbox 1885 5515 2023 5573; x_wconf 90' lang='lat' dir='ltr'><strong><em>rium</em></strong></span> <span class='ocrx_word' id='word_1_887' title='bbox 2050 5515 2433 5586; x_wconf 86' lang='lat' dir='ltr'><strong><em>judicaverint,</em></strong></span> <span class='ocrx_word' id='word_1_888' title='bbox 2487 5514 2605 5571; x_wconf 87' lang='lat' dir='ltr'><strong><em>sive</em></strong></span> <span class='ocrx_word' id='word_1_889' title='bbox 2654 5513 2723 5569; x_wconf 91' lang='lat' dir='ltr'><strong><em>ob</em></strong></span> <span class='ocrx_word' id='word_1_890' title='bbox 2750 5527 2900 5584; x_wconf 91' lang='lat' dir='ltr'><strong><em>quas,</em></strong></span> <span class='ocrx_word' id='word_1_891' title='bbox 2933 5520 2990 5567; x_wconf 88' lang='lat' dir='ltr'><strong><em>ut</em></strong></span> <span class='ocrx_word' id='word_1_892' title='bbox 3020 5520 3208 5583; x_wconf 88' lang='lat' dir='ltr'><strong><em>putant</em></strong></span> <span class='ocrx_word' id='word_1_893' title='bbox 3256 5511 3333 5579; x_wconf 87' lang='lat' dir='ltr'><strong><em>hi,</em></strong></span> <span class='ocrx_word' id='word_1_894' title='bbox 3364 5527 3490 5583; x_wconf 80' lang='lat' dir='ltr'><strong><em>pec-</em></strong></span> 
     </span>
    </p>
   </div>
   <div class='ocr_carea' id='block_1_117' title="bbox 1886 5609 2443 5666">
    <p class='ocr_par' dir='ltr' id='par_1_117' title="bbox 1886 5609 2443 5666">
     <span class='ocr_line' id='line_1_119' title="bbox 1886 5609 2443 5666; baseline -0.009 0"><span class='ocrx_word' id='word_1_895' title='bbox 1886 5623 2043 5666; x_wconf 89' lang='lat' dir='ltr'><strong><em>casse</em></strong></span> <span class='ocrx_word' id='word_1_896' title='bbox 2067 5625 2127 5665; x_wconf 89' lang='lat' dir='ltr'><strong><em>se</em></strong></span> <span class='ocrx_word' id='word_1_897' title='bbox 2149 5609 2443 5665; x_wconf 82' lang='lat' dir='ltr'><strong><em>fateantur.</em></strong></span> 
     </span>
    </p>
   </div>
   <div class='ocr_carea' id='block_1_118' title="bbox 1965 5721 3486 5797">
    <p class='ocr_par' dir='ltr' id='par_1_118' title="bbox 1965 5721 3486 5797">
     <span class='ocr_line' id='line_1_120' title="bbox 1965 5721 3486 5797; baseline -0.001 -15"><span class='ocrx_word' id='word_1_898' title='bbox 1965 5726 2040 5796; x_wconf 91' lang='lat' dir='ltr'><strong><em>(a)</em></strong></span> <span class='ocrx_word' id='word_1_899' title='bbox 2082 5725 2202 5783; x_wconf 82' lang='lat' dir='ltr'><strong><em>Vid.</em></strong></span> <span class='ocrx_word' id='word_1_900' title='bbox 2237 5724 2365 5797; x_wconf 77' lang='lat' dir='ltr'><strong><em>Pag.</em></strong></span> <span class='ocrx_word' id='word_1_901' title='bbox 2414 5724 2481 5780; x_wconf 87' lang='lat' dir='ltr'><strong><em>ad</em></strong></span> <span class='ocrx_word' id='word_1_902' title='bbox 2509 5721 2873 5797; x_wconf 33' lang='lat' dir='ltr'><strong><em>ann.M§79,_n.</em></strong></span> <span class='ocrx_word' id='word_1_903' title='bbox 2929 5722 2998 5779; x_wconf 72' lang='grc'><strong>12</strong></span> <span class='ocrx_word' id='word_1_904' title='bbox 3022 5732 3125 5797; x_wconf 22' lang='lat' dir='ltr'><strong><em>.het</em></strong></span> <span class='ocrx_word' id='word_1_905' title='bbox 3154 5723 3252 5782; x_wconf 82' lang='grc'><strong><em>581</em></strong></span> <span class='ocrx_word' id='word_1_906' title='bbox 3275 5765 3293 5792; x_wconf 82' lang='grc'><em>,</em></span> <span class='ocrx_word' id='word_1_907' title='bbox 3327 5740 3382 5781; x_wconf 92' lang='lat' dir='ltr'><strong><em>n.</em></strong></span> <span class='ocrx_word' id='word_1_908' title='bbox 3412 5726 3486 5789; x_wconf 83' lang='lat'><strong>6;</strong></span> 
     </span>
    </p>
   </div>
   <div class='ocr_carea' id='block_1_119' title="bbox 204 5792 3486 5871">
    <p class='ocr_par' dir='ltr' id='par_1_119' title="bbox 204 5792 3486 5871">
     <span class='ocr_line' id='line_1_121' title="bbox 204 5792 3486 5871; baseline 0.001 -21"><span class='ocrx_word' id='word_1_909' title='bbox 204 5796 600 5869; x_wconf 73' lang='lat' dir='ltr'><strong><em>ejusspistolam</em></strong></span> <span class='ocrx_word' id='word_1_910' title='bbox 629 5798 884 5869; x_wconf 86' lang='lat' dir='ltr'><strong><em>proveris</em></strong></span> <span class='ocrx_word' id='word_1_911' title='bbox 902 5800 1173 5871; x_wconf 83' lang='lat' dir='ltr'><strong><em>certisque</em></strong></span> <span class='ocrx_word' id='word_1_912' title='bbox 1201 5799 1425 5865; x_wconf 87' lang='lat' dir='ltr'><strong><em>habent,</em></strong></span> <span class='ocrx_word' id='word_1_913' title='bbox 1454 5798 1591 5857; x_wconf 84' lang='lat' dir='ltr'><strong><em>hanc</em></strong></span> <span class='ocrx_word' id='word_1_914' title='bbox 1619 5799 1786 5857; x_wconf 81' lang='lat' dir='ltr'><strong><em>fuisse</em></strong></span> <span class='ocrx_word' id='word_1_915' title='bbox 1893 5792 2136 5863; x_wconf 52' lang='lat' dir='ltr'><strong><em>&#39;I‘il&#39;lem.,</em></strong></span> <span class='ocrx_word' id='word_1_916' title='bbox 2171 5798 2239 5854; x_wconf 91' lang='lat' dir='ltr'><strong><em>de</em></strong></span> <span class='ocrx_word' id='word_1_917' title='bbox 2262 5792 2475 5867; x_wconf 59' lang='lat' dir='ltr'><strong><em>Aman,</em></strong></span> <span class='ocrx_word' id='word_1_918' title='bbox 2507 5803 2609 5852; x_wconf 79' lang='lat' dir='ltr'><strong><em>art.</em></strong></span> <span class='ocrx_word' id='word_1_919' title='bbox 2642 5794 2751 5859; x_wconf 77' lang='lat'><strong><em>3&#39;5;</em></strong></span> <span class='ocrx_word' id='word_1_920' title='bbox 2785 5792 3003 5869; x_wconf 80' lang='lat' dir='ltr'><strong><em>Flcury,</em></strong></span> <span class='ocrx_word' id='word_1_921' title='bbox 3035 5794 3129 5852; x_wconf 89' lang='lat' dir='ltr'><strong><em>lib.</em></strong></span> <span class='ocrx_word' id='word_1_922' title='bbox 3162 5812 3278 5867; x_wconf 77' lang='lat' dir='ltr'><strong><em>xvi,</em></strong></span> <span class='ocrx_word' id='word_1_923' title='bbox 3311 5814 3365 5855; x_wconf 93' lang='lat' dir='ltr'><strong><em>n.</em></strong></span> <span class='ocrx_word' id='word_1_924' title='bbox 3402 5797 3486 5855; x_wconf 83' lang='grc'><strong><em>17.</em></strong></span> 
     </span>
    </p>
   </div>
  </div>
