3950 6330
505 259 611 317 527

1664 263 1978 323 SANCTUS
2022 258 2343 321 DAMASUS
2384 264 2584 322 pars.
3643 286 3724 344 δεε

577 375 646 430 At
674 373 812 443 haec,
837 383 897 432 ut
929 376 1058 433 mihi
1114 378 1352 443 videtur,
1384 377 1594 434 facilius
1642 386 1726 434 est
1771 394 1836 435 ex
1887 377 2101 449 ingenio
2129 378 2179 440 Α
2208 375 2476 446 Romanis,
2509 388 2557 434 et
2581 379 2932 438 Occidentalis
2964 381 3212 441 Ecclesia:
3255 387 3304 442 in
3330 391 3483 448 sedem
3521 394 3721 454 Constan.

506 468 730 540 lingere,
761 486 922 542 quam
971 489 1097 529 vera
1152 489 1273 530 esse
1316 473 1714 529 demonstrare.
1768 474 1921 528 Enim
1953 488 2106 540 vero,

506 564 634 634 quin
660 564 925 622 Maximus
953 566 1006 622 in
1035 566 1241 623 Italiam
1266 569 1500 634 venerit,
1518 568 1697 623 nullus
1713 568 1942 624 dubitat.
1966 568 2108 624 Fieri

503 655 665 709 etiam
693 665 894 728 potest,
925 659 1074 714 illam
1124 659 1177 716 in
1227 660 1436 716 Italiam
1467 661 1680 718 venisse
1729 677 1860 718 ann.
1897 662 2025 729 582,
2053 670 2112 718 ut

501 747 880 807 Tillemontius
921 763 1128 824 censet,
1173 772 1498 828 quamquam
1545 757 1854 827 conjectura
1904 773 2007 826 qua
2032 757 2114 814 vir

502 840 695 898 doctus
732 855 1004 914 movetur,
1038 856 1099 902 ut
1146 847 1226 904 sic
1268 859 1508 912 censeat,
1561 850 1837 906 levissima
1868 849 2113 920 proiecto

500 933 573 989 sit
602 949 617 988 :
651 934 921 994 Maximus
945 940 1090 995 enim
1127 955 1158 996 a
1184 940 1417 997 Damaso
1451 941 1661 1012 pridem
1691 943 1945 1015 reiectus,
1980 942 2114 998 nihil

501 1027 627 1084 boni
650 1042 990 1101 exspectare,
1026 1044 1238 1104 poterat
1266 1035 1336 1089 ab
1356 1051 1416 1090 ea
1447 1035 1678 1108 synodo,
1710 1036 1764 1091 in
1795 1051 1898 1106 qna
1933 1045 2113 1092 ratum

503 1118 693 1178 haberi
746 1127 1055 1196 oportebat,
1085 1127 1228 1200 quod
1275 1130 1681 1201 sapientissimo
1722 1130 1964 1202 pontiﬁci
1996 1131 2112 1201 pla-

501 1215 726 1272 cuisset.
796 1219 1078 1277 Athanasii
1127 1221 1324 1278 deinde
1358 1264 1373 1288 ,
1431 1238 1494 1279 ac
1563 1223 1704 1279 l‘etri
1763 1224 2117 1298 Alexandrini

500 1311 750 1380 exempla
780 1352 796 1377 ,
838 1321 898 1368 nt
943 1324 1140 1370 caetera
1175 1325 1518 1386 praeteream,
1575 1317 1864 1372 certiorem
1916 1316 2116 1372 fecisse

500 1419 628 1460 eum
671 1415 946 1478 poterant,
1000 1419 1267 1478 apertam,
1314 1410 1735 1482 expeditamque
1789 1411 1939 1466 omni
1989 1427 2114 1482 pro-

499 1497 642 1555 tecto
693 1508 938 1572 tempore
981 1501 1051 1558 ad
1096 1501 1373 1559 Romanos
1422 1503 1705 1575 pontifices
1755 1520 2032 1570 recursus,
2060 1513 2117 1560 et

499 1594 880 1666 appellationis
924 1598 1088 1666 viam,
1121 1598 1425 1669 nulliusque
1457 1600 1508 1652 in
1531 1614 1658 1654 eum
1691 1598 1851 1655 linem
1896 1597 2115 1655 concilii

500 1688 890 1746 convocatione
934 1704 1072 1760 Opus
1121 1706 1264 1747 esse.
1317 1690 1472 1746 Facit
1513 1693 1718 1764 itaque,
1746 1702 1804 1749 ιιι
1847 1710 1991 1748 anno
2015 1694 2110 1749 illo

2211 471 2604 541 tinopolitanam
2646 476 2794 531 avide
2849 479 3151 552 arripuisse.
3207 480 3336 538 Hinc
3393 489 3581 558 factum,
3622 504 3664 548 ut
3687 497 3728 550 in

2209 565 2430 621 concilio
2471 568 2783 640 Aquileiensi
2812 571 2904 626 sub
2936 574 3224 642 Ambrosio,
3250 579 3377 648 quod
3419 586 3622 653 generale
3642 599 3726 643 erat

2211 674 2274 714 ex
2324 657 2616 723 Occidente.
2650 665 2833 734 cuique
2865 663 3080 722 Damasi
3108 672 3447 727 auctoritatem
3473 693 3527 730 ex
3549 693 3598 732 eo
3625 680 3728 737 inter

2212 760 2398 804 cratera
2426 751 2752 811 intervenisse
2780 758 3064 830 colligitur,
3092 762 3229 832 quod
3253 767 3314 818 de
3336 764 3420 819 illo
3443 772 3732 841 congreganda

2216 846 2491 901 Gratianm
2505 849 2574 902 ad
2585 867 2698 903 eum
2710 851 2939 918 scripsit,
2959 863 3012 906 ut
3033 853 3188 924 fidem
3215 855 3334 925 facit
3361 861 3609 915 auctoritas
3627 863 3733 935 Syn-

2214 940 2355 1024 odici
2398 957 2516 1011 cap.
2548 943 2644 1011 7i;
2682 946 2732 999 in
2771 947 3012 1016 concilio,
3043 949 3270 1020 inquam,
3303 951 3601 1024 Aquileiensi,
3621 958 3736 1014 dam-

2214 1019 2360 1086 nata‘
2404 1032 2638 1089 Nectarii
2687 1036 3032 1105 ordinatione,
3079 1042 3151 1095 ita
3201 1019 3496 1112 appro-betas
3521 1019 3745 1105 δείματι.

2218 1142 2353 1192 mus,
2383 1136 2438 1182 ut
2459 1129 2687 1202 episcopi
2717 1148 2780 1186 ex
2805 1149 2864 1187 eo
2886 1134 3108 1189 concilio
3131 1135 3201 1189 ad
3233 1135 3547 1193 Theodosium
3568 1145 3744 1212 resrrip-
3773 1131 3775 1133 1

2217 1219 2399 1287 serint,
2447 1219 2582 1275 nihil
2624 1223 2865 1280 habuisse
2915 1245 2988 1294 se,
3023 1229 3076 1282 in
3125 1246 3224 1300 quo
3267 1230 3328 1284 de
3364 1234 3466 1304 ejus
3509 1235 3749 1305 episcopatu

2218 1312 2453 1369 dubitare
2479 1328 2684 1386 possent
2715 1317 2810 1390 (c).
2845 1321 2992 1377 Ilanc
3017 1323 3326 1394 opinionem
3348 1325 3494 1381 avide
3515 1328 3652 1381 etiam
3677 1343 3745 1382 ar-

2218 1405 2387 1477 ripuit
2433 1408 2732 1482 Basnagius
2757 1412 2858 1485 (ά),
2888 1423 3051 1484 atque
3081 1415 3258 1471 eidem
3310 1417 3508 1473 accedit
3530 1417 3747 1489 Valesius,

2218 1516 2542 1573 quamquam
2573 1521 2692 1560 eam
2725 1521 2912 1576 parum
2943 1508 3154 1564 lirmatn
3183 1512 3511 1578 cognoverit,
3535 1527 3641 1566 cum
3661 1512 3748 1569 hac

2218 1596 2444 1651 scribit:
2477 1598 2725 1671 Episcopi
2746 1602 2903 1674 igitur
2940 1601 3134 1671 Italia',
3163 1607 3252 1676 qui
3280 1605 3512 1676 Aquileiae
3553 1608 3600 1661 in
3623 1607 3752 1664 conci-

2219 1690 2348 1743 lium
2368 1695 2663 1765 congregati
2708 1706 2874 1763 erant,
2922 1696 3065 1752 lectis
3098 1697 3318 1753 Maximi
3371 1699 3553 1766 litteris,
3593 1703 3746 1756 euntis

498 1777 761 1852 Cynicum
800 1780 866 1836 ad
901 1797 999 1838 nos
1048 1784 1348 1838 accessisse
1401 1782 1612 1839 facilius
1633 1783 1880 1853 credam,
1914 1784 2107 1840 Hiero—
2134 1780 2181 1841 B
2209 1788 2624 1841 communionem
2679 1800 3047 1860 receperunt...
3075 1793 3201 1863 quin
3227 1802 3278 1849 et
3305 1805 3473 1863 postea
3517 1812 3616 1849 cum
3642 1794 3748 1850 Nec-

501 1875 648 1944 nymi
681 1873 1052 1930 testimonium
1086 1875 1203 1930 haec
1252 1876 1583 1932 scribentis:
1621 1876 1882 1932 Maximus
1932 1877 2107 1950 philo-

499 1965 714 2034 sophus,
763 1976 916 2020 natus
960 1967 1310 2035 Alexandrite,
1343 1967 1791 2041 Constantinopoli
1834 1971 2108 2042 episcopus

500 2058 771 2116 ordinatus
827 2071 921 2129 est,
954 2071 1002 2116 et
1055 2063 1236 2131 pulsus
1289 2065 1541 2136 insignem
1594 2065 1658 2119 de
1705 2065 1811 2135 ﬁde
1862 2065 2108 2121 adversus

500 2150 720 2208 Arianos
748 2155 951 2227 scripsit
975 2155 1350 2224 librum,quem
1378 2155 1666 2212 Mediolani
1692 2156 1943 2213 Gratiano
1965 2161 2108 2230 prin-

500 2246 606 2317 cipi
655 2247 797 2302 dedit
841 2246 942 2320 (α).
994 2248 1402 2305 Advertendum
1455 2253 1654 2324 quippe
1705 2260 1810 2318 est,
1843 2268 1967 2307 eum
1997 2269 2106 2308 non

499 2339 717 2397 venisse
747 2340 800 2397 in
831 2341 1062 2411 Italiam,
1112 2338 1296 2399 statiin
1327 2358 1391 2399 ac
1417 2344 1886 2416 Constantinopoli
1922 2346 2108 2416 pulsus

499 2443 605 2500 est,
649 2435 744 2492 sed
767 2435 835 2492 ad
865 2433 1254 2508 imperatorem
1286 2438 1654 2495 Theodosium
1691 2457 1835 2497 anno
1856 2441 1962 2497 580
1992 2441 2104 2512 jam

498 2530 681 2586 medio
731 2529 1143 2588 Thessalonica:
1172 2544 1422 2604 agentem
1468 2549 1590 2591 sese
1626 2535 1943 2599 contulisse,
1991 2542 2105 2590 tum

499 2621 699 2680 deinde
730 2633 789 2679 ut
828 2641 1020 2681 canem
1051 2626 1249 2682 iterum
1273 2627 1342 2682 ab
1371 2641 1438 2682 eo
1468 2627 1590 2682 loco
1614 2629 1852 2698 pulsum,
1875 2628 2108 2685 Alexan-

499 2716 675 2774 driam
699 2719 1003 2790 profectum
1035 2738 1048 2774 :
1073 2721 1165 2777 ubi
1194 2737 1317 2777 cum
1342 2721 1504 2777 Petro
1526 2722 1648 2792 ejus
1675 2724 1824 2778 urbis
1847 2724 2106 2794 episc0po

477 2812 784 2869 molestias
805 2823 1069 2881 creasset,
1100 2814 1225 2870 inde
1253 2831 1470 2886 quoque
1499 2831 1671 2885 opera
1708 2817 1949 2887 praefecti
1975 2833 2106 2874 exu-

500 2907 617 2964 lare
643 2918 867 2965 eoactus
915 2916 1018 2964 est.
1051 2909 1334 2966 Postremo
1363 2920 1421 2965 ut
1466 2909 1843 2967 Nazianzenus
1890 2913 2106 2984 elegan-

501 3012 585 3060 ter
636 3005 711 3060 ait
736 3021 752 3058 :
779 3004 1054 3072 Quiescere
1107 3005 1257 3060 visus
1286 3013 1391 3073 est,
1420 3005 1585 3060 veluti
1615 3003 1791 3072 nubes,
1823 3022 1937 3077 qua:
1963 3007 2107 3078 gravi

499 3097 752 3170 grandine
779 3103 903 3170 foeta
924 3108 1020 3165 est,
1048 3107 1408 3172 exspectatque
1448 3109 1672 3168 ventum,
1720 3115 1820 3171 quo
1847 3098 2006 3153 incita
2049 3099 2105 3154 in

2211 1878 2374 1931 tarius
2417 1879 2472 1932 in
2514 1881 2734 1936 concilio
2762 1880 3335 1958 Constantitwpolitauo
3363 1887 3608 1942 ordinatus
3648 1889 3746 1958 {uis-

2210 1982 2285 2024 set
2312 1972 2580 2044 episcopus
2603 1976 2834 2059 ejusdem
2881 1980 3040 2046 urbis,
3070 1981 3474 2035 communionem
3517 1984 3614 2055 ejus
3639 1998 3749 2036 recu-

2209 2079 2412 2131 sarunt,
2440 2070 2852 2140 scripseruntqne
2877 2072 2947 2128 ad
2970 2074 3333 2146 imperatorem
3365 2073 3691 2140 Theodosium,
3710 2087 3751 2130 ut

2207 2161 2488 2214 concilium
2539 2162 2718 2219 Roma:
2757 2165 2900 2235 ﬁeret
2927 2208 2941 2232 ,
2991 2168 3044 2221 in
3092 2185 3193 2239 quo
3227 2168 3458 2223 Nectarii
3499 2180 3541 2224 et
3582 2167 3752 2223 Maximi

2206 2267 2368 2306 causa
2418 2253 2857 2328 disceptaretur...
2892 2257 3052 2315 Initio
3079 2261 3288 2331 quidem
3330 2260 3570 2318 Damasus
3589 2261 3755 2316 ordina-

2207 2345 2396 2400 tionem
2449 2346 2670 2404 Maximi
2706 2351 3012 2424 improbavit
3041 2369 3061 2418 ;
3093 2363 3271 2424 postea
3302 2363 3464 2408 tamen
3510 2355 3670 2423 favisse
3698 2353 3755 2406 ri-

2209 2440 2357 2495 detur
2384 2440 2662 2508 Maximo;
2710 2460 2868 2514 neque
2926 2446 3061 2501 enim
3110 2447 3414 2512 concilium,
3456 2447 3754 2519 episcoporum

2209 2531 2382 2588 Italia:
2423 2533 2713 2590 Maximum
2753 2537 2806 2590 in
2837 2539 3249 2594 communionem
3288 2539 3666 2611 recepisset,~aul
3687 2553 3754 2608 pe-

2208 2627 2368 2681 iiisscl
2401 2644 2641 2699 umquam
2689 2629 2752 2683 ab
2802 2630 3135 2700 imperatore,
3164 2643 3224 2686 ut
3253 2633 3476 2704 synodus
3506 2631 3665 2686 Roma
3689 2631 3758 2697 ﬁe-

2207 2728 2284 2772 ret
2316 2737 2470 2790 super
2495 2724 2607 2794 ejus
2660 2722 3004 2786 ordinatione.
3037 2724 3137 2778 nisi
3180 2741 3249 2779 ex
3286 2740 3533 2779 consensu
3562 2720 3754 2776 Damasi.

2213 2809 2397 2866 Utrum
2425 2828 2542 2866 vero
2587 2811 2850 2869 Maximus
2894 2815 2949 2869 in
2978 2817 3392 2872 communionem
3436 2824 3642 2886 receptus
3664 2815 3758 2868 sita

2209 2901 2437 2958 Dumaso
2455 2947 2469 2970 ,
2495 2905 2769 2961 obscurum
2793 2917 2868 2963 est
2898 2907 2992 2982 (ρ).

2279 2995 2347 3052 Αι
2371 2996 2534 3064 hanc,
2563 3014 2722 3069 quam
2768 2999 3018 3056 Baluzius
3067 3017 3311 3074 quoque,
3337 3001 3590 3066 Valesius,
3629 2996 3760 3068 Dupi-

2209 3089 2352 3158 nins,
2383 3088 2756 3160 Constantius,
2797 3093 2997 3165 aliique
3035 3096 3274 3167 amplexi
3302 3104 3428 3152 sunt
3463 3093 3760 3156 sententiam,

499 3169 605 3246 ,m
631 3169 868 3262 putum“
894 3169 1200 3268 θναηάξηέηι
1230 3191 1466 3260 munda;
1504 3208 1652 3248 mam
1679 3169 1776 3265 (ο),
1804 3191 1964 3248 Hisce
2009 3208 2105 3247 au-
2131 3169 2174 3231 C
2210 3183 2328 3253 ipsa
2351 3194 2605 3241 evertunt
2629 3197 2744 3242 acta
2777 3188 3138 3260 Aquileiensis
3173 3190 3418 3257 concilii,
3442 3198 3626 3258 etquae
3659 3181 3763 3239 illud

498 3291 610 3340 tem
652 3284 876 3356 agendis
917 3283 1036 3340 ﬁeri
1091 3299 1196 3340 non
1231 3292 1450 3356 potest,
1493 3283 1623 3356 quin
1654 3283 1928 3339 residuum
1985 3283 2103 3355 ejus

498 3378 625 3434 anni
656 3380 914 3449 spatium,
946 3394 1011 3436 ac
1050 3379 1318 3448 majorem
1361 3378 1584 3433 alterius
1605 3386 1816 3448 partem
1840 3375 2106 3432 attribua-

498 3488 641 3530 mus.
675 3473 809 3530 illnc
855 3489 987 3530 vero
1031 3471 1377 3543 conjicimns,
1411 3470 1796 3542 phiIOSOphum
1841 3469 1995 3524 illum
2025 3470 2103 3524 si-

499 3578 650 3624 stere
691 3584 752 3625 se
801 3567 1095 3624 Mediolani
1139 3583 1246 3622 non
1301 3565 1562 3636 potuisse,
1589 3579 1654 3620 ac
1707 3564 1904 3619 librum
1952 3563 2102 3618 illum

499 3662 761 3720 Gratiano
780 3661 981 3719 atierre
1031 3676 1223 3718 mense
1263 3659 1456 3716 Martio
1497 3659 1624 3713 anni
1654 3658 1781 3723 381,
1814 3656 1973 3728 cnjns
1999 3656 2102 3711 ali-

498 3763 631 3828 quot
657 3765 863 3811 tantutn
900 3755 1017 3812 dies
1046 3755 1344 3826 imperator
1370 3750 1659 3808 Mediolani
1691 3751 1820 3821 egit,
1846 3751 1889 3804 si
1923 3758 2100 3805 tamen

497 3851 632 3922 egit,
661 3864 785 3906 cum
813 3857 1004 3906 centra
1030 3863 1231 3902 annum
1260 3855 1580 3918 sequentem
1611 3845 1721 3900 lere
1750 3843 2018 3915 integrum
2048 3842 2100 3898 in

497 3958 559 4000 ea
578 3943 798 4000 civitate
823 3941 1132 3997 substitisse
1157 3956 1222 3996 ex
1250 3939 1440 3996 codice
1456 3936 1840 3994 Theodosiano
1861 3942 2096 3992 constet.

500 4035 699 4093 Verum
723 4048 831 4090 non
864 4036 965 4090 hoc
993 4032 1277 4106 quxritur,
1298 4047 1366 4086 an
1393 4030 1605 4088 scilicet
1630 4017 1867 4100 Cynicus
1901 4027 2103 4084 Medio-

498 4130 685 4188 lanum
733 4129 966 4194 venerit,
1019 4125 1115 4184 sed
1147 4125 1360 4182 cuinam
1413 4123 1647 4181 concilio
1675 4137 1892 4178 causam
1917 4134 2102 4179 oratu-

496 4238 592 4281 rus
624 4238 778 4280 suam
832 4220 1069 4277 adiuerit
1093 4219 1293 4292 (neque
1319 4217 1470 4274 enim
1524 4218 1624 4273 hac
1673 4214 1744 4272 de
1774 4232 1834 4272 re
1863 4214 2100 4271 dubitari

497 4317 696 4390 potest)
743 4333 806 4374 ac
835 4326 1098 4390 prasterea
1124 4331 1156 4372 e
1181 4314 1379 4387 quibus
1418 4311 1548 4368 illud
1575 4312 1850 4384 episcopis
1896 4311 2098 4368 collec-

500 4422 613 4470 tum
627 4413 822 4471 fuerit?

573 4507 764 4562 Petrus
784 4505 853 4562 de
875 4505 1051 4561 Marco
1095 4503 1150 4559 in
1181 4501 1414 4560 concilio
1446 4498 1778 4572 Aquileiensi
1805 4508 1956 4571 gesta
1982 4497 2099 4555 haec

2208 3289 2497 3334 consecuta
2546 3291 2694 3335 sunt.
2719 3279 2850 3335 Nam
2879 3280 2926 3336 si
2971 3282 3092 3348 ejus
3129 3281 3353 3338 concilii
3384 3281 3566 3337 Patres
3590 3273 3764 3331 Maximi

2207 3384 2426 3425 causam
2456 3382 2852 3444 cognoverant,
2883 3373 2929 3428 si
2968 3389 3086 3429 eam
3124 3375 3238 3445 juri
3267 3388 3560 3430 consonam
3591 3368 3764 3442 judica-

2207 3474 2417 3528 verant,
2443 3480 2541 3520 cur
2567 3466 2619 3520 in
2647 3465 2787 3522 actis
2809 3467 2963 3538 ipsis,
3002 3483 3124 3538 qua:
3151 3467 3336 3523 adhuc
3356 3474 3585 3531 exstant,
3611 3461 3765 3516 horum

2208 3556 2341 3612 nihil
2371 3568 2597 3628 apparet
2622 3559 2646 3612 ‘t
2673 3558 2944 3615 Prteterea
2985 3560 3029 3614 si
3059 3559 3433 3617 Theodosium
3465 3561 3763 3629 rogaveram,

2205 3660 2264 3703 ut
2313 3650 2640 3721 pltiloSOpho
2669 3651 2747 3706 illi
2775 3668 2839 3707 ex
2866 3669 2962 3706 usu
2995 3651 3215 3724 publica:
3242 3653 3390 3723 pacis
3438 3661 3486 3706 et
3522 3646 3765 3704 concordia

2205 3745 2537 3812 consuleret,
2568 3761 2666 3802 cur
2707 3745 2776 3802 de
2823 3745 3164 3803 Antiocheno
3209 3747 3442 3804 dissidio
3479 3747 3544 3802 ob
3569 3739 3770 3801 Flaviani

2206 3839 2640 3906 ordinationem,
2698 3857 2796 3897 cur
2851 3842 2918 3898 de
2984 3843 3295 3912 molestiis,
3356 3860 3476 3915 qua:
3527 3837 3767 3896 Timotheo

2204 3931 2572 3989 Alexandrino
2613 3933 2924 3990 inferuntur
2953 3977 2968 4001 ,
3025 3944 3192 4006 agunt
3245 3936 3546 3999 dumtaxat,
3588 3926 3767 3988 Maximi

2205 4039 2332 4081 vero
2359 4027 2631 4097 negotium
2659 4026 2878 4082 silentio
2903 4036 3231 4098 prmtercunt
3263 4030 3316 4085 in
3348 4029 3542 4084 litteris
3564 4024 3624 4080 ad
3650 4035 3770 4078 eum-

2202 4117 2327 4174 dem
2356 4117 2725 4176 Theodosium
2746 4120 2926 4176 missis
2950 4120 2973 4174 ?
2997 4122 3303 4191 Supersunt
3330 4123 3435 4177 illa:
3459 4118 3684 4192 ejusdem
3710 4110 3769 4168 rei

2204 4223 2373 4272 testes
2393 4216 2483 4288 (f);
2503 4225 2722 4272 exstant
2741 4217 2943 4287 pariter
2969 4216 3110 4287 apud
3134 4215 3538 4274 Theodoretum
3561 4211 3631 4285 (g)
3655 4209 3767 4272 alim.

2202 4323 2334 4380 quas
2361 4307 2671 4365 Orientales
2697 4308 3395 4380 episeopiOccidentalibus
3422 4309 3772 4380 rescripseram

2201 4419 2347 4460 anno
2370 4403 2478 4460 589.
2497 4404 2608 4474 jam
2643 4413 2922 4476 provecto,
2942 4417 3102 4477 atque
3133 4421 3236 4476 ego
3261 4405 3394 4491 alibi
3415 4405 3523 4476 jam
3551 4395 3767 4471 expendi.

2200 4511 2318 4562 cur,
2351 4512 2474 4552 cum
2503 4500 2558 4552 in
2610 4497 2678 4553 iis
2710 4497 2801 4554 tiat
2847 4499 3051 4554 mentio
3105 4498 3174 4554 de
3200 4490 3447 4570 acceptis
3501 4497 3602 4552 illis
3630 4490 3768 4560 Aqui-

499 4598 668 4657 fuisse
721 4607 909 4655 censet
937 4616 951 4652 :
982 4597 1230 4652 Nectario
1273 4597 1464 4668 quippe
1491 4565 1654 4664 inquit
1679 4595 1732 4648 in
1762 4565 1998 4666 Gregorii
2020 4592 2098 4647 ιο·
2126 4565 2175 4628 D
2203 4589 2424 4646 leiensis
2473 4591 2690 4648 concilii
2714 4592 2931 4660 litteris,
2957 4593 3166 4648 nullum
3198 4565 3427 4662 prorsus
3447 4591 3515 4647 de
3544 4586 3764 4646 Maximo,

498 4708 617 4749 cum
641 4692 878 4747 ordinato
918 4707 1009 4757 spe
1034 4707 1129 4745 sua
1179 4688 1406 4763 dejectus
1436 4686 1699 4742 Maximus
1726 4687 1780 4741 in
1811 4685 2024 4740 Italiam
2045 4702 2099 4741 se

497 4789 734 4856 contulit,
767 4797 820 4844 ut
846 4786 1148 4860 pontiﬁcum
1187 4783 1466 4848 Italorum,
1496 4783 1585 4838 sed
1605 4780 1862 4852 praecipue
1887 4780 2099 4835 Damasi

498 4881 744 4950 Romani,
772 4891 820 4934 et
871 4875 1134 4934 Ambrosii
1176 4873 1604 4939 Mediolanensis,
1633 4889 1848 4942 quorum
1877 4887 1937 4926 ea
1967 4882 2094 4926 tem-

498 4986 691 5049 pestate
707 4989 909 5031 summa
956 4977 1069 5026 erat
1096 4967 1397 5030 auctoritas,
1432 4968 1607 5036 favore
1627 4965 1809 5037 fultus,
1845 4962 2097 5020 Nectario

496 5071 788 5144 reprobate,
842 5061 1469 5136 Constantinopolitanam
1512 5057 1801 5114 Ecclesium
1873 5058 2096 5113 retinere

495 5174 686 5240 posset.
711 5161 922 5219 Constat
964 5167 1134 5214 autem
1157 5153 1394 5211 Nectarii
1442 5152 1820 5208 ordinationem
1849 5168 1950 5206 non
1982 5151 2097 5222 pla-

495 5259 663 5316 cuisse
709 5256 957 5312 Damaso.
988 5251 1174 5322 Itaque
1199 5248 1471 5322 afﬁrmare
1493 5261 1762 5318 possumus
1786 5242 2093 5311 Damasum,

495 5365 544 5410 et
572 5351 898 5410 Occidentale
940 5346 1238 5409 concilium,
1268 5342 1366 5398 hoc
1412 5340 1632 5396 Maximi
1676 5340 1977 5412 confugium
2003 5356 2097 5410 ap-

497 5447 760 5521 probasse,
814 5456 1024 5514 eamque
1063 5438 1382 5495 occasionem
1403 5435 1727 5507 explicandis
1771 5434 2097 5489 auctoritatis

592 5608 649 5673 a)
672 5606 748 5663 De
775 5605 834 5662 s.
865 5601 1101 5672 E.,cap.
1130 5600 1255 5657 ιη.

594 5677 647 5752 b)
667 5676 852 5752 parm.
874 5675 943 5731 de
977 5675 1232 5752 vit_a_sua_.

593 5740 643 5822 οἱ
670 5749 788 5824 Lib.
812 5763 867 5813 v,
896 5745 1101 5824 ca_p_.‘2t
1128 5760 1144 5812 ;
1177 5745 1268 5824 lib.
1303 5754 1550 5824 vt_t,_cap.
1579 5740 1638 5824 4...

574 5809 654 5900 tu)
681 5820 765 5880 Ad
787 5809 915 5877 anu.
947 5809 1077 5889 eeo,
1103 5809 1156 5874 ιι.
1180 5813 1237 5885 t,
1266 5824 1322 5874 et
1349 5814 1479 5883 set,
1500 5809 1568 5869 ἠ.
1606 5809 1662 5868 5.

2199 4700 2300 4739 cur
2319 4684 2387 4742 de
2407 4684 2526 4756 ejus
2573 4688 2639 4740 ad
2672 4685 2775 4741 hoc
2824 4687 3118 4742 concilium
3146 4685 3431 4758 coniugio,
3464 4683 3659 4740 nullum
3679 4692 3772 4733 ont-

2201 4778 2332 4834 nino
2363 4778 2588 4834 verbum
2643 4790 2727 4836 est
2747 4779 2771 4834 ?
2792 4778 3040 4834 Valesius
3080 4783 3291 4851 itaque,
3315 4779 3410 4850 qui
3438 4773 3770 4834 difﬁcultatem

2199 4872 2370 4944 probe
2421 4872 2686 4940 advertit,
2738 4883 2796 4928 ut
2844 4874 2990 4929 illam
3023 4873 3266 4947 eﬂ'ngiat,
3301 4873 3414 4930 duo
3468 4887 3535 4930 ex
3587 4864 3773 4940 ingenio

2197 4967 2352 5037 ponit
2382 4968 2650 5038 :primum
2680 4982 2896 5038 nempe,
2927 4967 3159 5024 concilio
3204 4966 3499 5022 Maximum
3553 4977 3650 5029 non
3693 4954 3770 5010 ad‘

2196 5057 2384 5126 fuisse,
2415 5059 2511 5116 sed
2559 5075 2656 5130 per
2705 5062 2912 5117 litteras
2964 5060 3266 5130 Aquileiam
3310 5059 3543 5130 scriptas
3582 5062 3770 5112 causam

2197 5151 2481 5208 dumtaxat
2525 5155 2705 5225 egisse
2748 5169 2949 5210 suam:
2989 5155 3224 5211 alterum
3275 5170 3453 5220 vero,
3480 5169 3581 5208 non
3625 5150 3771 5219 ipsum

2199 5248 2468 5321 integrum
2497 5247 2848 5320 Aquileiense
2904 5249 3218 5317 concilium,
3270 5249 3419 5320 quod
3445 5248 3554 5320 jam
3583 5242 3774 5300 conlec-

2201 5351 2337 5410 tum,
2366 5342 2805 5415 dissolutumque
2834 5342 3032 5407 fuerat,
3080 5342 3177 5400 sed
3204 5342 3427 5399 Italicos
3452 5341 3574 5396 illos
3593 5336 3776 5407 episcoo

2201 5449 2323 5507 pos,
2347 5433 2439 5506 qui
2481 5436 2771 5508 Aquileiaa,
2802 5438 2848 5491 si
2878 5437 2981 5508 ipsi
3023 5435 3240 5493 Valesio
3280 5434 3484 5504 credis,
3516 5440 3777 5506 peroppor-

2274 5598 2349 5672 (e)
2373 5597 2500 5672 Net.
2527 5599 2866 5672 adﬂSozomq
2903 5600 3001 5657 lib.
3034 5617 3130 5669 vtt,
3165 5616 3215 5657 c.
3243 5600 3303 5658 9.

2273 5670 2344 5742 (Γ)
2387 5670 2554 5742 Coac.
2595 5671 2733 5728 Ven.
2780 5672 2938 5742 edit.,
2995 5683 3130 5734 tom,
3158 5673 3226 5731 ιι,

2279 5741 2355 5815 (g)
2386 5741 2501 5800 Lib.
2529 5760 2600 5812 ν,
2653 5759 2773 5816 cap.
2820 5744 2875 5802 9.
