3878 6346
51 254 154 311 3.39
1408 238 1941 297 PROLEGOMENA.
3222 249 3328 305 550

49 377 171 423 tune
200 364 547 422 substiterant
576 403 601 427 λ
630 359 856 435 ⁸Μτιιίίιιιί
886 372 1105 414 causam
1136 358 1342 428 scripto
1391 358 1617 413 relatam
1645 362 1700 424 Α
1724 355 1925 408 etiamsi
1976 356 2118 409 solus
2170 358 2485 430 scripserim,
2553 374 2654 414 non
2687 359 2803 414 ideo
2854 361 2953 415 mei
2996 363 3185 427 solius,
3237 368 3328 421 sed

47 457 335 521 audivisse,
366 469 429 509 ac
474 452 780 524 epistolam,
828 453 898 507 de
925 466 1027 522 qua
1056 451 1285 521 agimus,
1317 450 1624 506 Theodosio
1725 448 1949 502 omnium
1996 463 2211 515 eorum,
2254 453 2341 521 qui
2390 453 2444 506 in
2485 450 2671 507 Inus
2717 464 2872 520 sunt,
2916 464 2961 508 et
3004 457 3091 525 qui
3136 458 3188 511 in
3245 460 3327 513 liis

45 547 547 620 scripsisse.Atlia:c
562 562 720 617 quam
744 544 1295 615 ludicra,quaml'also
1318 545 1621 615 excogitata
1724 540 1956 611 partibus
1995 542 2213 612 degunt,
2257 560 2363 598 esse
2404 545 2550 599 illam
2591 548 2893 601 sententiam
2932 547 3031 620 (ο).
3077 549 3322 607 Liberius

44 648 169 713 sint,
198 646 311 715 ipsa
360 641 598 714 ejusdem
628 639 871 712 epistola
918 639 1102 704 verba,
1127 638 1174 694 si
1206 649 1410 693 tantum
1440 638 1623 707 legan-
1725 645 1985 706 praeterea
2038 640 2091 692 in
2144 638 2342 695 litteris
2399 640 2467 696 ad
2520 641 2821 699 Orientales
2876 645 3137 715 scriptis,
3192 662 3325 717 quas

46 750 150 807 tur,
177 747 364 810 aperte
395 738 793 793 demonstrant.
827 735 943 789 Huc
995 732 1135 788 adde
1175 732 1387 787 litteras
1431 731 1626 802 genui-
1723 726 1976 785 Socrates
2015 731 2208 792 recitat
2260 731 2341 804 (d)
2366 773 2382 799 ,
2422 734 2736 806 episcopum
2778 751 2839 793 se
2902 737 3079 793 Italia
3128 750 3325 809 vocat,

43 849 135 891 nas
163 831 544 903 Aquileiensis,
571 844 635 885 ac
663 828 884 885 ﬁctitias
923 828 1095 883 Italici
1124 827 1339 882 concilii
1384 827 1524 882 inter
1561 841 1623 882 se
1724 838 1969 895 unusque
1999 825 2254 881 Italorum
2284 835 2447 896 atque
2472 826 2899 885 Occidentalium
2930 847 3025 887 ore
3056 831 3325 901 loquitur:

44 941 293 998 pugnare,
317 934 475 995 atque
494 923 787 979 dissentire
819 920 1237 993 :Aquileienses
1261 935 1496 991 namque
1522 920 1623 974 Pa-
1722 929 1787 970 ac
1831 916 2205 974 Theodoretus
2273 919 2569 975 Romanam
2627 923 2853 991 primam
2926 924 3026 979 sub
3094 924 3328 981 Daniaso

44 1030 145 1076 [res
195 1019 606 1083 concilium,u[
645 1017 984 1073 Alexandria
1034 1029 1275 1087 cogatur,
1326 1016 1618 1086 postulant,
1723 1009 1986 1087 synqdum
2039 1027 2107 1068 ex
2156 1010 2317 1067 Italia
2370 1023 2426 1068 et
2482 1013 2654 1070 Gallia
2705 1015 2992 1072 collectam
3043 1018 3176 1072 dicit

41 1130 139 1186 quo
161 1112 466 1169 Orientales
492 1127 683 1168 omnes
727 1114 1063 1167 conveniant
1091 1129 1105 1165 :
1133 1110 1306 1167 Italici
1338 1126 1466 1167 vero
1486 1126 1623 1180 prae-
1724 1102 2071 1169 Consulatus.
2102 1105 2263 1161 etiam
2301 1106 2362 1161 Ρ.
2415 1106 2686 1163 Antonius
2738 1109 2985 1177 Blancus,
3018 1127 3085 1166 ex
3135 1110 3328 1167 Obser-

40 1206 178 1261 sules
205 1220 302 1262 eos
325 1206 471 1276 ipsos
514 1205 741 1261 Romam
769 1216 1048 1262 evocant:
1082 1204 1203 1277 quis
1232 1215 1412 1261 autem
1437 1205 1625 1260 credat
1722 1199 1963 1252 νθιιιὶυω
2019 1197 2221 1255 familia
2287 1199 2369 1254 νίν
2424 1200 2618 1257 ἀοοιιιε
2652 1242 2667 1268 .
2722 1204 2811 1273 (ιυὶ
2871 1204 3008 1259 hanc
3066 1206 3327 1262 adversus

40 1306 315 1370 “namque
359 1299 643 1370 epistolam
698 1299 768 1356 ab
799 1301 957 1356 υηίιιε
1008 1300 1360 1371 ejusdemque
1408 1301 1621 1356 εοηρίιίί
1724 1287 1979 1345 Jannonii
2009 1291 2199 1347 deliria
2231 1296 2553 1350 sententiam
2582 1298 2799 1367 egregie
2825 1298 3113 1354 conﬁrmat
3141 1300 3231 1372 (ί).
3264 1301 3329 1355 Et

40 1394 295 1463 episcopis
330 1433 344 1458 ,
400 1392 740 1462 profectam?
785 1392 978 1449 Merito
1029 1394 1193 1464 igitur
1241 1393 1624 1449 Tillemomiug
1725 1382 1810 1439 his
1839 1384 1999 1457 igitur
2019 1386 2313 1457 colligitur,
2340 1405 2505 1445 unum
2528 1398 2733 1445 tantum
2765 1392 2817 1446 in
2845 1392 2991 1447 IIaIial
3016 1394 3325 1462 concilium,

40 1502 149 1544 eam
196 1487 520 1542 sententiam
580 1486 795 1557 reiicit,
826 1502 1060 1558 quocum
1108 1487 1326 1558 pagius,
1353 1487 1621 1556 “curius,
1725 1476 1967 1549 illudque
2009 1479 2311 1536 Romanum
2358 1498 2429 1538 ex
2462 1486 2714 1539 universa
2740 1483 2890 1540 Italia
2919 1500 3323 1560 congregatum,

40 1578 222 1649 aniun
250 1578 445 1636 eruditi
475 1580 772 1651 scriptores
800 1582 1171 1638 εοηεθηιίυηι,
1728 1579 1855 1626 tuuc
1899 1571 2085 1640 fuisse,
2127 1584 2289 1644 atque
2322 1574 2525 1630 idcirco
2561 1576 2803 1632 Italicum
2849 1577 3103 1647 alterum,
3145 1595 3177 1634 a
3217 1582 3327 1637 lio-

1728 1680 1889 1721 mauo
1933 1678 2279 1738 separatum,
2321 1685 2385 1726 ac
2428 1670 2746 1738 diversum,
2797 1682 2890 1729 aut
2943 1673 3191 1743 nullum,
3239 1685 3334 1732 aut

1652 1761 2048 1832 Brecentioris
2101 1763 2296 1818 artatis.
2355 1763 2492 1819 Hinc
2553 1780 2677 1821 cum
2731 1764 3091 1838 Hieronymus
3144 1767 3223 1841 (g)
3263 1784 3330 1825 ex

1729 1854 1868 1909 male
1918 1855 2198 1912 intellecto
2243 1857 2461 1913 Eusebii
2511 1858 2633 1915 Ioco
2684 1860 2973 1916 Romanam
3020 1863 3090 1918 ab
3142 1861 3333 1919 Italica

1728 1948 1997 2006 diversam
2028 1952 2318 2021 synodum,
2362 1954 2451 2008 ubi
2481 1954 2551 2010 de
2581 1952 2836 2010 Cornelio
2864 1956 3003 2027 agit,
3048 1958 3333 2027 agnovisse

1730 2045 1878 2100 visus
1922 2046 2022 2112 sit,
2074 2046 2379 2104 Pearsonus
2419 2048 2616 2104 merito
2663 2049 2920 2104 observat
2958 2050 3027 2105 de
3081 2049 3184 2106 hac
3232 2050 3337 2105 Ita-

1728 2136 1832 2193 lica
1892 2138 2091 2210 synodo
2145 2156 2253 2196 non
2312 2140 2545 2211 liquere,
2591 2156 2655 2196 ac
2700 2141 2947 2196 dubitare
2998 2157 3059 2197 se
3112 2143 3208 2209 ait,
3264 2158 3331 2197 au

1731 2230 1976 2289 Italicum
2018 2235 2306 2291 concilium
2346 2236 2477 2292 illud
2516 2236 2584 2291 ab
2635 2236 2967 2309 Hieronymo
3019 2246 3167 2294 recte
3204 2253 3337 2293 con-

1729 2327 1916 2382 ﬂatum
1965 2328 2035 2383 sit
2084 2327 2185 2401 (lt).

1801 2421 2009 2478 Tertio.
2058 2422 2396 2489 Concilium,
2449 2423 2534 2479 cui
2587 2422 2850 2479 Maximus
2893 2423 3098 2492 adluit,
3132 2425 3177 2479 si
3209 2424 3335 2480 huic

1730 2515 1977 2585 epistola
2008 2515 2142 2571 ﬁdes
2181 2527 2300 2581 est,
2329 2525 2575 2572 coactum
2605 2518 2704 2572 luit
2729 2519 2830 2573 sub
2859 2519 3173 2590 episcOpatu
3202 2519 3334 2575 Gre-

1728 2608 2235 2679 goriiNazianzeni.
2294 2610 2375 2665 Do
2422 2609 2611 2675 verba,
2661 2626 2728 2665 ex
2775 2610 2972 2681 quibus
3013 2612 3065 2666 id
3095 2621 3330 2667 constat.

1732 2703 1973 2774 Namque
2000 2706 2053 2760 in
2076 2707 2294 2761 concilio
2341 2722 2538 2776 nuper,
2587 2723 2702 2761 cum
2749 2706 3015 2763 Maximus
3068 2711 3338 2782 episcOpus

1731 2798 2097 2856 Alexandrina
2145 2799 2388 2856 Ecclesia
2442 2802 2850 2856 communionem
2879 2819 3086 2858 manere
3135 2821 3333 2870 secum,

1734 2896 1879 2961 lectis
1917 2895 2059 2949 Petri
2086 2896 2148 2951 S.
2181 2894 2259 2950 M.
2286 2895 2383 2950 viri
2414 2896 2598 2950 litteris
2624 2896 2940 2967 prodidisset
2964 2939 2977 2963 ,
3004 2899 3126 2967 quia
3153 2900 3338 2954 Ariani

43 2975 220 3049 hujus,
264 2980 404 3052 quod
444 2981 694 3038 Italicum
723 2983 941 3054 dicitur,
974 2986 1278 3057 inscriptio,
1311 3001 1414 3058 qua
1447 2986 1630 3043 nullus
1735 2989 1973 3044 basilicas
2018 2990 2189 3043 adhuc
2238 2991 2473 3044 tenebant
2494 3030 2509 3055 ,
2542 3001 2791 3044 secretum
2822 3007 2928 3045 esse
2954 2992 3341 3049 mandatoribus

44 3072 334 3146 designatur
373 3086 561 3134 certus
610 3078 964 3150 cognitusque
1012 3080 1066 3134 in
1116 3078 1269 3135 Italia
1329 3080 1521 3147 locus,
1575 3079 1628 3135 in
1734 3084 1983 3156 episcopis
2013 3084 2374 3139 ordinantibus
2411 3085 2641 3139 dilucida
2678 3086 3038 3154 testiﬁcatione
3065 3088 3339 3156 docuisset,

47 3181 141 3236 quo
186 3168 308 3225 illud
341 3170 608 3234 habitum,
658 3186 723 3227 ac
762 3172 1094 3227 celebratum
1137 3172 1246 3228 dici
1285 3183 1468 3243 queat.
1516 3172 1631 3228 Iloc
1657 3175 1704 3240 ρ
1735 3174 1865 3229 nihil
1895 3175 2191 3237 habuimus.
2242 3176 2297 3229 in
2336 3193 2435 3246 quo
2487 3177 2553 3231 de
2599 3176 2899 3247 episcopatu
2946 3182 3059 3250 ejus
3107 3180 3341 3236 dubitare

37 1733 59 1797 δ
86 1733 170 1784 ΙΙΙ.
189 1761 250 1804 —-_-_
270 1733 567 1804 'I‘illernontii
594 1737 747 1798 ipsius
771 1740 1019 1788 sententia
1051 1739 1274 1804 aﬁertur,
1300 1740 1618 1804 expenditur,

92 1811 143 1846 ac
165 1798 399 1864 rejicitur.
420 1797 704 1864 Alieruntur
741 1810 1032 1862 argumenta
1077 1817 1139 1852 ex
1163 1797 1271 1863 ipsa
1312 1797 1488 1851 eadem
1515 1797 1621 1864 cpi;

93 1859 227 1936 stola,
252 1862 531 1936 coaevisque
548 1862 663 1936 aliis
686 1859 1019 1936 monumentis
1036 1859 1215 1936 petita,
1239 1879 1302 1914 ex
1324 1866 1502 1936 quibus
1521 1859 1626 1915 eiii-

93 1924 211 1974 citur
257 1924 512 1991 epistolam
546 1925 715 1991 illam,
737 1938 830 1976 nec
878 1924 1056 1977 Italici
1071 1927 1275 1991 alicujus
1297 1924 1505 1983 concilii.
1535 1941 1629 1978 nec

92 1999 246 2055 veram
253 2024 270 2055 ι
286 1999 450 2055 neque
476 1986 719 2036 Ambrosii
747 1986 1235 2055 pratereaumquain
1255 1992 1625 2055 es‘serpotuisse,

92 2001 246 2035 veram
286 2001 363 2035 ηε(
387 2001 450 2036 ne
476 2001 719 2036 AlliDI’OSIl
747 2001 987 2050 praeterea
1008 2003 1235 2052 umquam
1255 2005 1368 2041 esse
1388 2001 1625 2055 potuisse,

91 2049 172 2097 sed
192 2001 465 2118 habentium
487 2062 572 2110 pro
592 2053 946 2102 commentitia.
972 2052 1153 2103 Brevis
1175 2055 1225 2104 in
1251 2054 1471 2118 ejusdem
1510 2068 1628 2118 per-

94 2112 347 2162 scrutando
372 2120 574 2163 auctore
605 2125 860 2164 excursus.

102 2224 379 2297 Reliquum
402 2242 550 2284 nunc
569 2237 674 2293 est,
696 2237 756 2284 ut
776 2229 1133 2300 inquiramus,
1152 2246 1219 2287 an
1243 2234 1421 2304 potior
1438 2249 1627 2291 eorum

40 2319 290 2375 sententia
334 2320 442 2386 sit,
496 2320 588 2392 qui
635 2324 944 2392 posthabito
987 2323 1319 2396 Aquileiensi
1359 2329 1625 2397 concilio,

39 2411 97 2467 ad
125 2412 364 2468 Italicum
396 2412 535 2481 hoc,
567 2426 638 2471 ex
669 2416 731 2470 ii-
766 2417 976 2473 scilicet
1003 2418 1276 2489 episcopis
1303 2421 1625 2491 collectum,

40 2507 121 2576 qui
159 2506 444 2563 Ambrosio
489 2507 792 2575 suberant,
821 2510 1119 2566 Maximum
1171 2512 1480 2585 confugisse
1530 2530 1627 2585 pu-

44 2607 167 2668 tant,
218 2610 375 2672 atque
428 2601 508 2657 illi
560 2602 823 2661 adfuisse.
864 2604 979 2661 Hoc
1005 2621 1162 2677 vero,
1190 2617 1311 2677 post
1354 2608 1562 2680 aliquot
1597 2625 1629 2665 a

41 2710 119 2749 me
156 2697 456 2767 propositas
501 2696 851 2761 difﬁcultates
877 2741 892 2766 ,
951 2700 1124 2757 lector
1158 2701 1458 2773 dijudicare
1514 2705 1631 2776 ipse

42 2788 245 2857 poterit.

106 2882 274 2941 Primo
319 2885 504 2958 itaque
546 2886 666 2944 loco
707 2902 793 2944 me
832 2887 974 2944 haud
1013 2888 1157 2946 bene
1205 2888 1369 2947 habet
1414 2890 1630 2946 concilii

48 3263 178 3316 enim
227 3264 495 3319 insuetum
526 3270 644 3331 est,
696 3279 760 3320 ac
806 3265 1041 3320 alienum
1098 3280 1127 3320 a
1176 3273 1397 3335 recepto
1456 3264 1632 3321 eccle-

48 3357 245 3414 siastico
296 3373 471 3423 more,
528 3374 636 3429 quo
655 3360 882 3415 concilia
933 3361 1113 3417 omnia
1154 3361 1220 3416 ad
1274 3361 1405 3417 illud
1461 3376 1633 3433 nsque

52 3456 263 3521 tempus,
302 3468 367 3508 ac
431 3468 556 3523 qua:
586 3453 752 3509 etiam
793 3453 1055 3524 deinceps
1083 3455 1355 3511 celebrata
1398 3463 1554 3522 sunt,
1603 3470 1634 3511 a

51 3553 183 3598 certo
207 3544 408 3616 aliquo,
458 3545 936 3617 deteriuinatoque
962 3548 1085 3603 loco
1135 3548 1633 3603 denominationem

53 3648 369 3709 acceperant.
403 3640 543 3696 Hinc
573 3640 929 3713 Hieronymus
952 3641 1204 3698 Ruﬁnum
1236 3643 1429 3715 synodi
1461 3658 1522 3699 se
1548 3642 1638 3712 ju-

54 3728 179 3785 dicio
236 3733 522 3803 probatum
568 3743 943 3803 asserentem,
1002 3737 1345 3806 interrogat:
1392 3736 1637 3807 Synodus

56 3820 101 3873 in
145 3841 237 3894 qua
282 3827 406 3881 urbe
431 3827 585 3898 fuit?
624 3828 709 3882 dic
760 3830 1119 3900 episcoporum
1143 3828 1414 3898 vocabula,
1460 3833 1639 3902 profer

56 3918 306 3973 sententias
332 3918 765 3990 «discriptorum,
790 3922 914 3976 doce
941 3922 1031 3992 qui
1058 3939 1115 3978 eo
1146 3923 1380 3977 consules
1420 3923 1638 3994 fuerint;

57 4010 158 4076 quis
200 4011 477 4083 imperator
522 4012 662 4068 hanc
683 4016 939 4086 synodum
956 4016 1116 4088 jussit
1144 4016 1440 4089 congregari
1462 4031 1482 4071 :
1507 4025 1641 4071 certe

59 4101 113 4155 ob
136 4120 282 4173 quam
309 4124 524 4165 causam
551 4109 782 4179 synodus
810 4120 1120 4181 congregata
1147 4112 1213 4165 sit
1241 4110 1345 4183 (a).

126 4196 385 4258 Secundo.
424 4202 527 4258 Vix
560 4202 793 4273 proferri
844 4206 1043 4274 poterit
1079 4204 1370 4261 concilium
1423 4204 1642 4277 aliquod

62 4287 188 4347 circa
232 4294 343 4351 luec
373 4305 655 4366 tempora,
706 4298 850 4369 quod
896 4297 1140 4354 Italicum
1188 4300 1388 4356 dictum
1429 4302 1536 4368 sit,
1587 4309 1645 4357 et

64 4397 156 4437 non
204 4388 372 4455 potius
416 4390 732 4445 Romanum.
779 4391 1025 4447 Romano
1066 4392 1336 4464 siquidem
1386 4395 1643 4466 episcopo

62 4478 211 4533 veluti
265 4484 624 4555 metropolita:
680 4485 931 4541 universa
964 4486 1112 4542 Italia
1144 4488 1367 4557 parebat
1418 4487 1639 4553 adhuc;

1739 3286 2001 3338 possemus
2031 3285 2050 3324 :
2096 3280 2266 3324 tamen
2314 3286 2378 3323 ne
2419 3269 2710 3325 absentibus
2750 3270 2985 3342 partibus
3033 3284 3342 3343 prasumpte

1737 3362 1952 3433 aliquod
1983 3362 2275 3431 deﬁnivisse
2324 3361 2636 3425 videremur,
2682 3362 3006 3417 clementiam
3044 3373 3183 3417 tuam
3208 3364 3343 3418 datis

1739 3456 1923 3511 litteris
1954 3456 2245 3525 putauimus
2289 3456 2659 3521 instruendam,
2706 3465 2761 3510 ut
2792 3457 2838 3511 ei
2880 3457 3236 3512 consuleretur
3280 3474 3343 3512 ea:

1740 3567 1837 3606 usu
1875 3550 2095 3622 publica
2133 3551 2296 3620 paris,
2330 3559 2479 3619 atque
2517 3551 2826 3615 concordia,
2861 3551 2982 3621 quia
3028 3567 3204 3607 revera
3248 3551 3344 3605 ad-

1739 3644 2090 3710 vertebamus,
2133 3645 2451 3702 Gnscontuu
2497 3660 2818 3715 nequaquam
2853 3646 3135 3701 secundum
3183 3648 3345 3702 tradi-

1739 3738 1926 3792 tionem
1975 3736 2193 3793 Patrum
2224 3738 2806 3810 ConstantinOpolitana
2837 3738 3086 3795 Ecclesia
3113 3738 3210 3792 sibi
3255 3756 3343 3793 sa-

1742 3830 2028 3885 cerdotium
2077 3831 2355 3886 vindicare.
2438 3830 2573 3887 Hinc
2618 3846 2769 3898 vero,
2827 3846 2948 3902 qua:
3012 3840 3207 3901 sponte
3248 3845 3346 3886 sua

1741 3920 1948 3991 ﬂuunt,
1980 3921 2097 3978 hac
2146 3931 2273 3978 sunt
2310 3940 2322 3976 :
2358 3923 2556 3992 primo,
2597 3923 2642 3978 si
2687 3922 2944 3978 Maximus
2986 3922 3111 3978 huic
3161 3924 3347 3979 conci-

1744 4015 1817 4070 lio
1887 4013 2094 4082 adfuit,
2142 4013 2482 4070 Nazianzeno
2544 4014 3040 4086 Constantinopolis
3091 4016 3348 4087 episcopo

1742 4109 2086 4180 conﬁrmato,
2120 4108 2237 4179 ejus
2262 4108 2317 4163 in
2370 4107 2575 4163 Italiam
2606 4106 2891 4174 adventus,
2933 4116 2988 4162 et
3034 4108 3344 4179 confugium

1745 4203 2092 4260 referendum
2150 4202 2458 4258 necessario
2528 4201 2669 4257 foret
2719 4201 2787 4256 ad
2855 4200 3061 4271 primos
3128 4218 3347 4259 menses

1745 4303 1870 4359 anni
1902 4303 2039 4368 581,
2103 4315 2226 4357 cum
2284 4299 2581 4371 Gregorius
2632 4298 2685 4353 in
2714 4297 2855 4354 Maio
2893 4307 2986 4353 aut
3029 4298 3190 4354 Junio
3233 4299 3347 4370 epi-

1745 4410 1944 4463 scOpus
1989 4408 2114 4449 esse
2156 4392 2414 4448 desierit:
2467 4390 2572 4446 hoc
2612 4406 2742 4446 vero
2781 4388 2977 4445 falsum
3009 4406 3130 4447 esse
3156 4391 3349 4462 probat

1747 4495 1858 4542 tum
1890 4486 2027 4541 ratio
2050 4485 2332 4556 temporis,
2366 4497 2430 4539 ac
2454 4497 2634 4539 rerum
2662 4491 2939 4554 gestarum
2970 4485 3162 4551 series,
3187 4500 3348 4556 quam

65 4579 112 4624 et
151 4573 230 4630 vix
276 4586 368 4632 aut
395 4576 847 4647 Hediolanensis,
893 4590 982 4634 aut
1008 4580 1371 4651 Aquileiensis
1397 4580 1469 4636 ob
1498 4596 1640 4651 prae-
1666 4581 1905 4649 Dsupra
1938 4577 2330 4647 expendimus;
2377 4583 2491 4631 tum
2535 4575 2906 4632 Nazianzenus
2958 4577 3075 4649 ipse
3120 4578 3173 4634 in
3222 4594 3344 4635 car-

67 4669 337 4734 mgativam
379 4671 528 4727 sedis
583 4687 613 4726 a
669 4674 884 4728 caeteris
932 4674 1204 4745 episcopis
1248 4672 1545 4744 distingui,
1587 4682 1643 4730 et

64 4756 141 4825 jus
181 4763 301 4819 illud
337 4782 598 4823 esercere
633 4778 937 4840 eruperant,
985 4785 1092 4841 quo
1121 4769 1320 4825 deinde
1353 4770 1434 4825 usi
1482 4779 1639 4836 sunt;

69 4853 195 4918 quod
242 4858 451 4915 erudite
481 4860 676 4930 probat
714 4846 1035 4918 Bacchiuius
1073 4862 1127 4917 in
1159 4863 1547 4919 dissertatione
1572 4861 1642 4918 de

72 4938 441 5006 Ecclesiasticze
469 4953 791 5010 hierarchia
823 4954 1123 5027 originibus
1166 4956 1243 5027 (b)
1264 4997 1278 5021 ,
1309 4965 1500 5027 aperto
1535 4954 1644 5011 Eu-

72 5037 192 5094 sebii
245 5046 553 5102 testimonio
625 5049 916 5105 concilium
968 5066 999 5104 u
1055 5049 1310 5106 Cornelio
1363 5049 1418 5105 in
1483 5062 1647 5104 causa

72 5126 332 5194 Novatiani
380 5156 448 5197 ex
477 5149 588 5197 tota
631 5158 734 5211 qua
785 5152 931 5213 patet
981 5142 1141 5197 Italia
1188 5143 1499 5209 collectum,
1542 5140 1650 5195 Ro.

79 5232 265 5284 manum
308 5235 719 5306 compellantis:
770 5248 826 5292 at
876 5254 943 5293 ne
974 5238 1134 5309 longe
1160 5253 1189 5291 a
1247 5237 1463 5292 Damasi
1493 5244 1654 5291 atate

79 5312 346 5387 abeamus,
371 5329 546 5386 tutius
587 5345 620 5386 a
648 5346 744 5388 sua
775 5333 985 5403 synodo
1032 5333 1100 5389 ad
1140 5331 1477 5387 Eusebianos
1519 5329 1655 5384 scri—

1750 4674 1896 4729 mine
1938 4671 2008 4729 de
2034 4673 2141 4727 vita
2173 4686 2268 4727 sua
2294 4687 2310 4737 ;
2362 4681 2474 4726 tum
2501 4670 2849 4742 Aquileiense
2874 4674 3189 4742 concilium,
3226 4690 3348 4730 cum

1750 4766 1884 4821 nihil
1917 4779 2138 4836 prorsus
2163 4764 2279 4819 sive
2304 4764 2357 4818 in
2388 4763 2599 4836 synodo
2639 4761 2968 4836 Aquileiensi
2994 4807 3010 4831 ,
3064 4766 3179 4822 sive
3209 4766 3352 4838 apud

1750 4860 2147 4916 Nazianzenum
2180 4858 2354 4929 ipsum
2398 4857 2607 4928 legatur
2654 4857 2723 4913 de
2776 4858 2920 4915 illius
2954 4859 3022 4913 ad
3065 4861 3352 4930 episcopos

1754 4951 1968 5009 Italicos
2012 4950 2288 5021 confugio,
2341 4958 2432 5003 aut
2480 4948 2549 5004 de
2594 4948 2791 5004 litteris
2843 4951 2897 5004 in
2945 4950 3063 5020 ejus
3092 4966 3252 5007 causa
3283 4950 3350 5006 ad

1753 5046 2119 5104 Theodosium
2141 5045 2379 5115 scriptis.
2396 5042 2667 5110 Secundo,
2689 5044 3033 5099 manifestum
3061 5054 3142 5099 est
3168 5059 3353 5100 errare

1753 5154 1882 5205 eos,
1912 5140 2005 5209 qui
2035 5153 2147 5194 rem
2182 5138 2340 5204 hanc,
2373 5144 2539 5208 atque
2569 5136 2812 5192 Italicum
2840 5136 3131 5192 concilium
3179 5146 3355 5193 trans-

1752 5233 1934 5291 ferunt
1990 5233 2058 5288 ad
2088 5248 2285 5288 annum
2335 5231 2441 5287 382
2466 5275 2480 5300 ,
2531 5245 2639 5303 quo
2684 5231 2942 5286 adversus
2980 5229 3299 5301 Gregorium
3333 5275 3347 5297 ,

1759 5330 1849 5401 qui
1885 5329 1998 5399 jam
2049 5326 2388 5398 episcopatui
2434 5336 2630 5397 sponte
2678 5333 2962 5392 cesserat,
3015 5325 3160 5380 nulla
3232 5341 3355 5383 esse

80 5408 240 5470 hens:
284 5416 505 5475 Necesse
565 5430 687 5489 est,
756 5427 971 5495 inquit,
1031 5427 1170 5482 vobis
1239 5434 1416 5480 notum
1491 5427 1657 5496 facere
1761 5422 2133 5479 controversia
2181 5425 2414 5489 poterat,
2466 5419 2538 5475 ob
2578 5432 2739 5489 quam
2788 5417 2959 5474 Italici
2987 5416 3067 5473 illi
3113 5418 3355 5494 episcopi

147 5578 212 5721 ξω
236 5581 348 5641 Lib.
372 5600 408 5640 ιι
439 5593 617 5641 contr.
650 5586 833 5643 Ruﬁn.
860 5588 991 5645 n.I9
1011 5629 1028 5657 ,
1060 5586 1188 5645 Ver.
1225 5587 1362 5644 edit.

174 5654 219 5721 b)
251 5654 363 5709 Par.
397 5673 463 5719 ιι,
517 5672 583 5713 es
643 5656 673 5721 ᾗ
732 5660 784 5713 7.

174 5654 463 5729 ὁμιλιιι.
517 5672 583 5713 ex
643 5656 673 5729 ᾗ
732 5660 784 5713 7.

152 5725 218 5800 lc)
250 5728 392 5800 apud
437 5727 622 5784 Coust.
650 5725 743 5800 cp.
790 5747 845 5792 ι,
875 5746 930 5785 n.
964 5731 1054 5787 8i.

155 5792 227 5865 (ά)
251 5795 312 5852 II.
336 5798 397 5855 E.
421 5801 515 5857 lib.
548 5817 623 5865 tv,
648 5792 765 5870 cap.
796 5803 882 5856 I2.

596 5894 873 5957 Ps'ruon.
932 5894 1113 5959 XIII.

1831 5583 1901 5663 (ei
1937 5582 2015 5663 ιι·
2041 5581 2319 5663 ιιι-,ιιιλιμ
2346 5580 2586 5663 caesa

1860 5651 1905 5728 ί)
1937 5654 2095 5728 Tom:
2122 5651 2213 5728 ιζ,
2248 5651 2338 5705 lib.
2366 5652 2501 5728 ",5
2532 5655 2615 5706 to.

1837 5723 1913 5849 (ξ)
1965 5727 2039 5779 De
2065 5725 2123 5779 S.
2157 5724 2216 5778 E.
2248 5738 2367 5804 cap.
2413 5723 2505 5777 76.
2761 5790 2789 5809 ν

1837 5800 1923 5868 (ι)
1954 5796 2107 5869 Αιιιι.
2154 5796 2406 5865 Cyprian.
2457 5792 2525 5850 ad
2579 5806 2669 5847 an.
2702 5792 2863 5862 2st,
2915 5807 2971 5847 ιι.
3025 5792 3111 5850 15.

2728 5887 2799 5948 11
