3950 6330
501 243 604 298 5M

1700 240 2012 299 SANCTUS
2051 239 2394 299 DAMASUS-
2413 240 2588 300 PAPA
2601 284 2614 299 .
3643 262 3724 319 ὅδὲ

501 353 618 410 haec
664 353 971 410 Theodosio
1006 362 1133 410 tunc
1170 355 1489 410 scriberent.
1531 354 1780 410 Valesius
1827 370 1892 409 ac
1932 354 2099 409 'l‘iile.
2126 359 2178 419 Α
2205 369 2387 409 masus
2415 355 2724 425 propediem
2758 355 3041 413 habiturus
3086 366 3204 414 erat
3250 359 3358 432 (ὁ),
3404 377 3510 420 eam
3551 383 3723 442 quoque

504 449 759 512 montius,
801 447 903 503 hac
941 447 1258 504 difficultate
1293 448 1492 514 obruti,
1549 448 1752 503 nodum
1805 448 1983 518 gladio
2020 463 2108 503 se—

503 553 632 598 cant
653 543 675 608 ,'
702 556 768 598 ac
807 543 857 596 in
895 542 1024 607 illis,
1062 558 1185 612 qua:
1211 542 1583 606 recitavimus,
1617 541 1865 612 epistolae
1899 542 2104 607 verbis,

505 635 759 692 mendum
803 635 984 691 inesse
1023 638 1202 704 aiunt,
1233 644 1290 692 et
1339 637 1459 692 loco
1499 636 1736 708 Gregorii
1781 636 1885 708 legi
1939 651 2105 704 Opor-

505 737 622 784 tere
655 726 956 783 Necturiunt
997 726 1098 801 (α).
1143 731 1216 784 At
1244 727 1361 785 haec
1407 729 1572 786 lectio
1623 729 1820 784 nullius
1883 730 2108 785 omnino

502 820 708 876 codicis
757 820 1080 876 auctoritate
1133 819 1324 876 nititur
1379 831 1434 876 et
1478 821 1852 877 confirmatur.
1903 820 2106 877 Deinde

504 929 688 969 rerum
737 912 932 968 seriem
984 913 1036 967 in
1087 911 1190 969 hac
1216 913 1444 984 epistola
1506 913 1811 984 expositam
1871 914 1918 968 si
1985 913 2108 982 quis

504 1015 651 1062 recte
681 1005 966 1072 advertat,
999 1006 1204 1061 nullum
1235 1021 1358 1062 esse
1401 1007 1577 1062 errori
1633 1007 1832 1074 locum,
1863 1005 1960 1061 sed
1987 1020 2108 1061 om-

505 1099 594 1153 nia
644 1113 830 1155 secum
871 1109 1020 1156 recte
1067 1099 1347 1156 cohaerere
1372 1099 1776 1169 deprehendet,
1845 1114 1913 1155 ac
1967 1099 2104 1156 Gre-

501 1195 640 1266 gorii
680 1203 736 1249 et
763 1193 998 1250 Nectarii
1052 1210 1286 1262 nomen,
1320 1203 1579 1266 utroque,
1621 1209 1727 1265 quo
1771 1193 1948 1264 jacet,
1983 1193 2106 1250 loco

503 1296 653 1343 recte
687 1287 920 1358 positum
966 1288 1132 1345 fuisse
1170 1288 1460 1345 concedet.
1499 1287 1636 1344 Tres
1685 1287 1857 1355 enim,
1913 1297 1974 1343 ut
2015 1288 2103 1343 di-

500 1382 700 1449 ximus,
740 1383 793 1438 in
846 1383 1091 1453 ejusdem
1134 1384 1352 1440 Maximi
1399 1399 1560 1440 causa
1609 1384 1856 1456 epistolae
1883 1383 2102 1453 scriptae

501 1483 824 1554 finguntur:
877 1482 1004 1538 hinc
1051 1497 1176 1539 cum
1221 1483 1314 1540 ille
1360 1483 1428 1538 ad
1479 1497 1574 1538 eos
1615 1483 1669 1537 in
1711 1480 1946 1538 concilio
1971 1494 2106 1537 con-

497 1585 750 1648 gregatos
814 1575 1028 1632 inlitos
1077 1576 1366 1648 episcopos
1426 1575 1656 1646 primum
1713 1575 1981 1640 accessit,
2045 1580 2103 1629 et

493 1673 645 1742 prior
702 1670 933 1741 epistola
980 1671 1181 1742 scripta
1217 1680 1334 1733 est.
1359 1668 1658 1740 Gregorius
1694 1667 2096 1732 Nazianzenus;

2212 446 2316 503 hoc
2343 448 2464 504 loco
2487 447 2822 521 designatam
2853 449 3047 522 Pagius
3073 453 3239 523 inquit
3255 495 3269 516 ,
3297 463 3346 510 at
3367 469 3460 525 eo,
3485 473 3578 530 quo
3601 462 3728 523 Tille-

2211 542 2447 598 montius
2477 543 2646 598 utitur
2670 585 2684 610 ,
2713 543 3090 601 additamenta
3118 559 3220 600 non
3249 547 3496 618 adhibito,
3526 554 3616 608 vim
3635 571 3728 612 ver-

2210 634 2294 691 bis
2317 636 2715 706 apertissimam
2749 637 2947 695 inferre
2965 680 2980 707 ,
3003 654 3066 696 ac
3088 639 3264 696 fucum
3293 641 3466 699 lectori
3494 645 3730 706 facereea—

2210 729 2371 798 gitur.
2409 729 2602 784 Verum
2625 722 2735 801 quo
2763 745 2867 787 ms.
2895 740 2988 786 aut
3017 731 3280 804 impresso
3299 734 3494 803 codice,
3515 747 3598 794 aut
3613 741 3731 797 libris

2210 821 2490 892 impressis
2521 823 2637 878 lucc
2666 823 2824 879 lectio
2865 823 3088 889 nititur,
3119 831 3179 880 ut
3224 826 3362 881 illam
3389 827 3532 884 nobis
3555 845 3581 884 a
3604 829 3732 888 Tille~

2209 916 2416 971 mentio
2439 916 2652 974 obtrudi
2681 917 2884 974 liceat?
2913 918 3138 990 insuper
3165 934 3234 974 an
3262 934 3363 974 non
3397 921 3600 976 recitata
3617 924 3732 979 illius

2208 1011 2452 1080 epistola:
2479 1012 2675 1078 verba,
2722 1027 2787 1068 ac
2828 1014 3071 1084 exposita
3099 1027 3280 1070 rerum
3318 1014 3508 1082 series,
3538 1014 3653 1072 hanc
3685 1017 3734 1074 ilo

2207 1103 2312 1160 lius
2331 1105 2726 1161 correctionem
2749 1147 2765 1172 ,
2797 1114 2958 1177 atque
2977 1105 3308 1162 auditionem
3337 1109 3604 1179 respuunt?
3628 1109 3732 1165 Nam

2207 1211 2327 1268 qua:
2353 1198 2424 1252 sit
2451 1213 2517 1254 ea
2541 1199 2780 1268 synodus
2807 1200 2962 1254 totius
2990 1199 3128 1254 orbis
3158 1201 3449 1270 praescripta
3489 1203 3733 1272 episcopis,

2207 1292 2276 1349 de
2301 1309 2408 1366 qua
2437 1295 2543 1350 hoc
2567 1295 2686 1350 loco
2705 1309 2888 1350 sermo
2911 1303 2999 1350 est
3021 1335 3037 1360 ,
3067 1309 3258 1366 quaeve
3281 1295 3414 1351 nihil
3447 1306 3630 1353 temere
3653 1306 3738 1354 sta-

2208 1385 2465 1440 tuendum
2491 1387 2709 1442 censuit
2729 1427 2746 1456 ,
2779 1395 2965 1457 aperte
2992 1388 3266 1456 explicant
3291 1399 3383 1452 ea,
3411 1403 3521 1460 quat
3541 1403 3645 1444 mox
3662 1390 3739 1446 ad-

2200 1478 2465 1548 jiciuntur
2493 1479 2689 1546 verba,
2720 1490 2774 1534 et
2800 1481 2890 1551 qui
2927 1480 3168 1551 generale
3201 1481 3472 1535 concilium
3503 1481 3742 1536 declinare-

2205 1581 2363 1638 runt;
2389 1587 2508 1643 qua:
2537 1572 2773 1628 habitam
2815 1572 2928 1643 jam
2973 1574 3026 1629 in
3067 1573 3288 1629 Maximi
3309 1589 3496 1643 can,
3520 1587 3615 1630 non
3639 1589 3743 1632 vero

2207 1665 2508 1722 habendam
2560 1667 2613 1722 in
2668 1665 2903 1723 futurum
2942 1667 3211 1740 synodum
3240 1670 3535 1738 exprimunt
3567 1685 3621 1724 ac
3659 1685 3744 1739 pre

499 1779 623 1820 cum
656 1779 786 1821 vero
817 1764 933 1820 inec
958 1765 1148 1831 altera,
1191 1780 1254 1820 ac
1279 1765 1569 1834 posterior,
1595 1762 1880 1820 Nectarius
1910 1761 2103 1818 Eccle-
2129 1763 2178 1825 Β
2204 1776 2263 1816 se
2288 1761 2484 1826 ferunt,
2516 1777 2579 1817 ac
2605 1776 2717 1817 rem
2739 1775 2858 1844 non
2887 1761 3175 1832 agendam,
3203 1762 3298 1818 sed
3323 1769 3490 1818 actam
3514 1761 3612 1833 jam
3633 1779 3744 1834 prte-

488 1858 586 1913 δῖε
613 1857 1225 1929 Cettstant'tnOpolitanm
1245 1858 1351 1927 jam
1388 1865 1651 1927 praeerat,
1675 1856 1832 1927 cujus
1871 1853 2100 1925 proinde

496 1952 661 2006 etiam
716 1952 1086 2022 episcopatum
1143 1952 1452 2022 improbare
1501 1950 1774 2006 videntur.
1835 1948 1962 2003 Haec
2007 1962 2103 2002 au-

497 2051 606 2098 tem
664 2059 786 2099 cum
855 2043 930 2099 ita
989 2044 1136 2109 sint,
1183 2053 1276 2098 aut
1340 2043 1584 2098 ltalicum
1641 2043 1744 2098 hoc
1811 2041 2100 2096 concilium

489 2147 643 2194 extra
687 2153 890 2194 annum
941 2137 1050 2196 582
1093 2138 1471 2194 collocandum
1501 2148 1621 2205 est,
1679 2147 1736 2192 ut
1785 2135 1852 2191 ad
1897 2150 2100 2191 annum

491 2231 590 2288 581
651 2233 887 2288 nondum
937 2243 1253 2302 provectum
1299 2231 1587 2296 referatur,
1647 2247 1754 2302 quo
1801 2230 2100 2300 Gregorius

490 2340 681 2380 revera
733 2326 1020 2396 episcopus
1074 2325 1285 2391 fuerat;
1343 2335 1436 2380 aut
1480 2327 1524 2380 si
1572 2324 1640 2379 ab
1686 2339 1752 2380 eo
1799 2339 1942 2379 anno
1993 2324 2098 2378 sni-

494 2417 644 2476 nime
689 2419 784 2474 tibi
833 2419 1220 2475 removendum
1264 2419 1551 2480 videatur.
1597 2433 1662 2473 ac
1701 2417 1938 2473 Nectarii
1985 2418 2103 2488 epi-

493 2523 780 2585 scOpatum
837 2514 1078 2568 retinere
1131 2512 1393 2577 volneris,
1432 2512 1652 2568 fatearis
1709 2527 1934 2568 necesse
1983 2521 2098 2580 est,

487 2607 626 2681 illud
671 2606 963 2662 concilium
1003 2621 1070 2662 ex
1129 2621 1235 2676 quo
1301 2615 1540 2677 emptum
1609 2615 1734 2668 est.
1805 2620 2099 2675 numquam

489 2712 676 2772 postea
727 2701 1054 2757 dissolutum
1103 2701 1291 2766 fuisse,
1343 2700 1442 2757 sed
1477 2700 1546 2754 ad
1591 2699 1798 2770 aliquot
1846 2699 1990 2754 ultra
2019 2698 2102 2754 in-

493 2805 704 2867 tegrum
736 2795 863 2850 anni
886 2795 1116 2866 spatium
1146 2809 1366 2850 menses
1392 2801 1746 2864 protractum,
1770 2791 1915 2862 quod
1943 2805 2108 2848 nemo

417 2937 420 2940 .
489 2903 627 2944 sane
671 2888 889 2944 dixerit.

555 2981 785 3050 Quarto.
818 2981 876 3036 In
907 2981 1012 3036 hoc
1039 2980 1270 3037 concilio
1289 3023 1306 3048 ,
1339 2980 1428 3036 cui
1455 2979 1814 3050 pbilosOphus
1841 2981 1936 3036 ille
1965 2995 2104 3050 prae-

487 3089 614 3130 sens
649 3073 789 3142 fuit,
837 3089 1102 3145 suamque
1147 3088 1368 3131 causam
1415 3073 1819 3144 dijudicandam
1860 3075 2098 3142 obtulit,

2203 1854 2527 1922 teritamque
2554 1855 2870 1912 ostendunt.
2900 1855 3110 1912 Deinde
3131 1855 3175 1911 si
3206 1854 3447 1911 Italicum
3481 1856 3575 1912 hoc
3598 1856 3747 1912 conci-

2200 1947 2366 2015 lium,
2412 1963 2443 2005 a
2481 1964 2589 2020 quo
2620 1947 2839 2006 Maximi
2883 1963 3045 2006 causa
3074 1950 3140 2006 ad
3173 1949 3306 2006 illud
3344 1965 3373 2005 a
3421 1948 3630 2006 Datnaso
3663 1949 3748 2021 jam

2202 2052 2561 2098 convocatum
2614 2046 2814 2114 rejects
2845 2053 2968 2110 est,
3018 2043 3262 2100 habitum
3305 2043 3484 2099 fuiteo
3526 2045 3751 2115 ipsotem-

2203 2154 2356 2208 pore,
2399 2154 2505 2206 quo
2555 2138 3158 2214 Constantinopolitano
3202 2136 3442 2212 synodus
3478 2145 3753 2208 congregata

2203 2231 2416 2298 fuerat,
2449 2242 2542 2287 aut
2569 2233 2698 2288 illud
2731 2232 2980 2290 retrahas
3018 2245 3127 2288 non
3171 2247 3334 2290 secus
3375 2245 3437 2288 ac
3461 2229 3654 2288 Maximi
3690 2245 3756 2286 re-

2203 2341 2426 2384 cursum
2452 2326 2518 2381 ad
2549 2327 2754 2397 primos
2776 2337 2992 2382 menses
3017 2328 3144 2380 anni
3175 2325 3278 2382 581
3301 2367 3314 2389 ,
3355 2341 3464 2396 quo
3496 2322 3758 2378 Constantio

2205 2420 2516 2491 nopoiitaua
2545 2421 2662 2490 ipsa
2688 2419 2928 2490 synodus
2950 2419 3061 2490 jam
3085 2425 3442 2484 convenerat,
3473 2417 3760 2473 Neoterium-

2204 2530 2310 2585 que
2339 2515 2720 2580 ordinaverat,
2749 2510 2994 2568 Romana
3037 2525 3167 2569 vero
3207 2511 3476 2584 generalis
3518 2525 3546 2564 ιι
3569 2507 3761 2565 Damst)

2207 2608 2446 2663 nond
2475 2616 2771 2664 convocata
2817 2610 3020 2673 fuerat;
3055 2607 3138 2663 vel
3174 2607 3238 2662 'si
3273 2607 3402 2661 illud
3448 2609 3608 2677 ipsum
3649 2615 3762 2658 anno

2206 2699 2313 2755 582
2339 2711 2722 2772 congregatum
2761 2700 2997 2766 asseris,
3028 2699 3268 2755 Nectarii
3317 2697 3485 2769 ipsius
3511 2695 3761 2753 ordinatio-

2206 2809 2331 2850 nem
2363 2793 2616 2850 conferas
2649 2807 2873 2849 necesse
2903 2792 3078 2848 estad
3109 2791 3363 2848 eumdem
3391 2807 3612 2856 annum,
3636 2795 3764 2856 atque

2206 2886 2272 2942 ad
2300 2896 2625 2942 conventum
2673 2887 2854 2954 illum,
2896 2901 3057 2958 quem
3103 2901 3170 2942 eo
3221 2895 3466 2957 tempore
3506 2879 3763 2940 Orientales

2206 2979 2676 3052 Constantinopoli
2705 2980 3030 3036 habuerunt.
3062 2979 3310 3035 Primum
3339 2985 3412 3034 ne
3430 2978 3573 3035 dicas
3591 3019 3604 3041 ,
3623 2976 3768 3032 obstat

2205 3074 2456 3146 Gregorii
2483 3075 2806 3132 Nazianzeni
2834 3076 3110 3131 silentium
3126 3117 3141 3139 ,
3169 3075 3391 3131 obstant
3411 3087 3612 3144 quoque
3633 3069 3767 3141 Aqui-

487 3172 590 3226 tria
621 3170 959 3226 inveniamus
987 3178 1209 3240 oportet
1239 3186 1252 3224 :
1285 3170 1462 3241 primo
1489 3184 1718 3236 nempe,
1751 3178 1810 3224 ut
1837 3169 2094 3240 generale
2118 3159 2164 3220 C
2197 3169 2422 3226 ieiensis
2450 3179 2572 3225 acta
2601 3169 2850 3238 concilii,
2885 3183 2949 3225 ac
2975 3169 3368 3225 TiliemOntius
3397 3171 3542 3240 ipse:
3573 3167 3766 3221 alterum

483 3278 580 3318 sua
610 3262 804 3318 saltem
836 3262 1230 3318 convocatione
1257 3263 1440 3324 fuerit;
1471 3262 1734 3328 secundo,
1770 3270 1830 3318 nt
1852 3263 2096 3318 habitum

484 3356 556 3411 sit
599 3357 744 3412 circa
793 3365 1008 3426 tempus
1054 3355 1671 3426 Constantinopolitanae
1718 3355 1944 3427 synodi,
1991 3370 2096 3424 qua

485 3448 756 3504 Maximus
799 3457 1183 3505 exauctoratus
1211 3460 1322 3516 est,
1364 3459 1420 3504 et
1446 3448 1730 3506 Nectarius
1774 3449 2091 3517 ordinatus;

485 3540 648 3594 tertio
694 3540 950 3609 denique,
990 3551 1050 3594 ιιι
1089 3540 1220 3595 illud
1250 3541 1319 3596 ab
1345 3538 1722 3598 Orientalibus
1759 3541 2095 3598 declinatum

484 3629 669 3686 fuerit.
695 3630 824 3688 Haec
850 3631 952 3686 tria
979 3632 1146 3686 habes
1175 3647 1244 3686 ex
1273 3633 1356 3686 liis
1383 3632 1630 3702 epistola:
1651 3634 1867 3690 verbis:
1899 3633 2014 3689 Nos
2040 3636 2096 3690 in

484 3722 682 3793 synodo
718 3738 812 3788 ea,
853 3739 969 3791 qua:
1011 3727 1165 3778 totius
1207 3725 1346 3778 orbis
1389 3724 1645 3796 episcopis
1683 3727 1947 3782 uidebatur
1987 3743 2096 3784 esse

487 3817 790 3888 prwscripta
817 3859 832 3883 ,
861 3818 990 3871 nihil
1031 3828 1218 3873 temere
1243 3819 1568 3874 statuendum
1595 3837 1705 3876 esse
1746 3822 2036 3878 censuimus
2075 3837 2095 3878 .'

485 3920 539 3964 at
565 3925 635 3964 nu
680 3925 794 3967 IPSO
824 3925 1072 3966 rsuram:
1095 3951 1112 3978 ,
1144 3912 1234 3981 qui
1273 3913 1512 3982 generale
1541 3914 1818 3968 concilium
1859 3915 2093 3970 declina-

484 4014 698 4070 verunt,
745 4003 1194 4077 Constantinopoli
1234 4022 1350 4076 qua:
1378 4007 1598 4077 gessisse
1627 4008 1907 4063 dicuntur?
1954 4008 2092 4065 Nam

483 4117 599 4154 cum
629 4101 978 4174 cognouissent
1009 4099 1078 4154 ad
1108 4101 1206 4155 hoc
1245 4103 1474 4173 partium
1518 4104 1714 4159 venisse
1761 4102 2054 4160 Maximum
2075 4147 2091 4172 ,

485 4203 538 4246 ut
569 4211 776 4250 causam
820 4194 874 4247 in
916 4193 1114 4264 synodo
1141 4203 1312 4265 ageret
1324 4212 1532 4261 \suam,
1563 4214 1680 4250 cum
1710 4215 1825 4252 eunt
1873 4199 2094 4269 experiri

483 4289 610 4344 velle
642 4289 886 4344 adversus
921 4306 1042 4357 eos,
1083 4290 1174 4355 qui
1220 4291 1578 4364 episcopatum
1624 4293 1736 4364 ejus
1771 4293 2090 4361 abnuerant,

483 4381 876 4449 comperissent,
901 4380 1194 4450 praestolari
1219 4383 1398 4455 utique
1423 4385 1578 4438 etiam
1606 4395 1836 4440 nostram
1859 4403 2014 4455 super
2033 4402 2093 4441 eo

485 4473 787 4526 sententiam
817 4473 1126 4531 debuerunt.
1149 4474 1304 4530 Nunc
1319 4492 1453 4532 vero
1481 4475 1600 4532 bace
1619 4479 1830 4548 singula
1859 4493 2094 4550 perpen-

2202 3278 2353 3328 vero,
2383 3277 2708 3334 quamquam
2742 3261 3008 3332 placuerit
3032 3261 3240 3317 Joanni
3269 3261 3438 3316 David
3481 3257 3574 3332 (ε).
3621 3267 3765 3311 tamen

2199 3356 2423 3411 omnino
2471 3355 2666 3411 falsum
2711 3369 2835 3410 esse
2879 3355 3049 3424 liquet
3087 3370 3154 3410 ex
3203 3355 3245 3409 Ι.
3292 3355 3328 3409 3
3357 3352 3418 3410 C.
3460 3350 3561 3408 τι..
3585 3350 3646 3406 de
3673 3346 3765 3403 Fid.

2199 3447 2380 3514 cath.,
2428 3464 2550 3517 quae
2578 3447 2848 3518 publicata
2880 3447 3074 3517 legitur
3099 3446 3190 3501 die
3219 3447 3292 3501 28
3335 3445 3454 3516 julii
3496 3443 3613 3498 anui
3647 3438 3769 3504 ast,

2199 3555 2264 3596 ac
2282 3540 2590 3596 Nectarium
2613 3541 3234 3611 Constantinopolitanae
3261 3539 3519 3596 Ecclesiae
3535 3540 3637 3609 jam
3659 3549 3768 3606 prte-

2199 3635 2408 3691 sedisse
2441 3634 2654 3704 probat.
2683 3635 2972 3706 Reliquum
3003 3632 3167 3706 igitur
3193 3643 3282 3690 est
3303 3675 3319 3701 ,
3351 3643 3415 3688 ut
3439 3633 3573 3687 hanc
3599 3630 3770 3701 episto-

2200 3728 2308 3783 lam
2337 3730 2477 3785 inter
2500 3729 2753 3800 figmenta
2775 3729 2992 3800 rejicias
3009 3770 3026 3794 ,
3057 3728 3142 3784 vel
3167 3743 3302 3784 cum
3321 3726 3657 3784 Tillelnontio
3676 3724 3771 3794 ipso

2195 3821 2418 3880 fatearis
2448 3824 2772 3895 aliquando,
2803 3825 2894 3895 qui
2936 3839 3056 3879 eam
3095 3823 3321 3892 scripsit
3364 3832 3474 3879 tam
3517 3817 3766 3877 vecordem

2198 3918 2370 3974 fuisse
2387 3959 2404 3984 ,
2426 3932 2490 3973 ac
2510 3917 2737 3973 bardum
2754 3957 2770 3985 ,
2793 3923 2854 3973 ut
2879 3917 3100 3972 minime
3125 3917 3351 3972 sciverit
3371 3953 3387 3985 ,
3411 3912 3772 3981 adverteritqse

2197 4011 2438 4068 animum
2467 4011 2536 4066 ad
2579 4027 2642 4067 ea
2687 4027 2808 4082 qua!
2851 4010 3114 4067 scriberet
3141 4009 3246 4084 (tt).
3279 4014 3363 4066 Au
3415 4021 3546 4067 vero
3585 4007 3634 4064 in
3659 4003 3769 4060 adeo

2198 4107 2432 4172 recenti,
2472 4121 2538 4162 ac
2565 4105 2850 4161 auifesta
2889 4121 2983 4172 re,
3015 4107 3069 4161 in
3107 4105 3406 4162 Ambrosio
3445 4111 3719 4176 praem.
3744 4109 3768 4150 ε

2196 4215 2306 4272 quo
2349 4199 2632 4270 epistolam
2682 4199 2854 4270 ipsam
2902 4199 3157 4269 scriptam
3198 4209 3473 4263 cessent,
3521 4191 3766 4253 oscitantis

2199 4297 2391 4352 tanta?
2439 4296 2551 4351 lloc
2593 4295 2781 4350 credat
2827 4294 2918 4365 qui
2967 4295 3140 4361 velit;
3190 4293 3326 4348 mihi
3371 4293 3516 4349 enim
3563 4287 3770 4362 profecto

2197 4389 2506 4460 persuaderi
2535 4403 2642 4443 non
2664 4388 2858 4460 patiar.

2273 4481 2542 4551 Denique,
2567 4479 2710 4549 quod
2745 4480 2906 4536 tertio
2938 4479 3058 4534 loco
3085 4478 3369 4549 proposui,
3404 4479 3450 4534 si
3477 4473 3767 4533 concilium,

489 4564 664 4622 denda
733 4576 856 4621 sunt
878 4609 893 4632 ,
963 4580 1016 4623 et
1068 4567 1448 4636 inquirendum
1501 4579 1682 4626 utrum
1727 4570 1916 4628 italico
1965 4571 2093 4628 huic
2117 4567 2171 4628 Ι)
2193 4577 2279 4630 cui
2304 4574 2568 4630 Maximus
2593 4573 2806 4640 adfuit,
2833 4574 2904 4629 ab
2929 4573 3297 4630 Orientalibus
3327 4565 3768 4629 declinstnmfuil.

483 4660 716 4716 concilio
735 4661 908 4730 aptari
937 4663 1184 4731 possint,
1213 4672 1378 4734 utque
1405 4679 1438 4719 a
1470 4667 1648 4734 primo
1667 4667 1846 4736 capite
1873 4667 2086 4723 initium
2193 4679 2358 4738 atque
2382 4667 2486 4724 hoc
2518 4667 2584 4722 iis
2613 4666 2784 4721 itaiici
2813 4667 3054 4737 episcopi
3083 4667 3482 4735 exprobratum
3509 4665 3666 4724 aiunt,
3705 4655 3769 4712 vel

483 4750 701 4818 faciam,
729 4767 798 4806 au
825 4767 960 4808 vero
980 4753 1307 4810 Ambrosius
1337 4771 1593 4826 umquam
1627 4758 1928 4827 scripserit,
1969 4757 2084 4813 Ita-
2193 4761 2261 4818 de
2301 4759 2656 4831 Aquileiensi,
2685 4759 2770 4815 vel
2811 4759 2882 4816 de
2918 4759 3106 4816 Italico
3135 4758 3230 4814 illo
3254 4799 3269 4824 ,
3299 4761 3388 4814 vel
3417 4757 3490 4814 de
3518 4757 3766 4812 Romano.

485 4846 639 4900 licam
669 4845 812 4900 illam
855 4859 1006 4900 suam
1035 4861 1330 4913 paucorum
1362 4848 1740 4918 episcoporum
1771 4849 2040 4920 synodum
2065 4891 2084 4918 ,
2194 4853 2336 4924 quod
2371 4854 2629 4910 Damasus
2657 4862 3083 4917 convocaverat,
3121 4851 3399 4923 intelligas
3426 4865 3642 4906 necesse
3668 4852 3768 4916 est.

484 4940 641 4995 totius
684 4939 819 4994 orbis
847 4939 1102 5009 episcopis
1135 4941 1496 5010 .prtrscriptam
1547 4941 1754 4997 fuisse?
1798 4941 1972 4999 Nemo
2017 4959 2088 5000 ne
2191 4961 2352 5019 atque
2377 4959 2434 5004 ut
2465 4963 2532 5005 ex
2559 4949 2736 5004 tribus
2763 4948 2874 5003 illis
2903 4963 3065 5002 unum
3099 4947 3287 5017 eligas.
3317 4947 3377 5003 Si
3407 4947 3661 5018 primum:
3685 4939 3771 4994 hoc

485 5033 592 5090 huc
613 5033 930 5105 cogitaverit
957 5033 1194 5103 quidem.
1227 5034 1478 5090 Fleurius
1501 5036 1682 5105 itaque
1709 5035 2081 5096 difﬁcultatem
2191 5039 2332 5097 forte
2371 5041 2494 5112 jure
2542 5041 2746 5098 dictum
2794 5040 2964 5096 videri
3018 5040 3248 5111 poterit,
3291 5056 3422 5096 cum
3463 5035 3768 5096 Orientales.

482 5127 810 5183 dissimulat.
846 5126 1223 5182 Tillemoutins
1253 5139 1470 5195 autem,
1511 5137 1569 5184 ut
1601 5145 1723 5200 eam
1757 5131 1942 5197 tollat,
1986 5151 2082 5190 nos
2185 5135 2381 5206 quibus
2417 5133 2558 5189 facta
2587 5135 2762 5190 fuerat
2791 5133 3086 5190 accedendi
3125 5135 3314 5204 copia,
3348 5134 3546 5190 abesse
3590 5129 3770 5187 malne'

477 5222 580 5276 nisi
605 5222 660 5275 in
684 5238 745 5275 ea
765 5221 996 5293 synodo,
1026 5220 1312 5292 legendum
1341 5231 1527 5294 putat,
1559 5239 1656 5293 pro
1679 5225 1838 5281 unico
1867 5226 2080 5284 addita-
2185 5228 2318 5290 rint,
2347 5236 2404 5280 ut
2430 5242 2496 5284 ex
2539 5228 2674 5283 actis
2701 5235 2938 5283 constat.
2965 5226 3036 5283 At
3063 5234 3123 5282 ut
3152 5242 3297 5296 sape
3317 5227 3590 5290 diximus,
3620 5222 3770 5284 ηθεΐυθ

478 5327 666 5370 mento
712 5323 771 5370 ut
815 5314 1106 5386 hypotbesi
1157 5315 1462 5372 subserviat
1510 5317 1692 5384 facto,
1739 5320 1816 5374 ait
1861 5320 2078 5378 Italicos
2181 5321 2447 5376 Maximus
2475 5319 2603 5377 huic
2645 5320 2848 5386 adfuit,
2892 5330 2985 5376 aut
3027 5319 3225 5376 adesse
3255 5323 3472 5390 potuit.
3499 5323 3672 5378 κεῦθε
3709 5303 3770 5358 δα

476 5407 762 5478 episcopos
791 5407 928 5462 nihil
949 5407 1320 5466 deﬁniendum
1367 5410 1650 5466 censuisse
1691 5409 1745 5465 in
1776 5425 1873 5480 ea,
1909 5428 2076 5483 quam
2181 5414 2300 5484 ejus
2327 5429 2490 5470 causa
2517 5425 2694 5470 actum
2729 5414 2782 5468 in
2813 5430 2879 5468 eo
2908 5413 3028 5470 fuit.
3053 5414 3110 5467 Si
3145 5423 3276 5466 vero
3303 5404 3566 5462 Italicum
3595 5399 3732 5470 eligi!
3754 5433 3770 5460 ν

474 5501 579 5570 ipsi
614 5500 879 5556 habebant
909 5501 1148 5573 synodo;
1185 5512 1241 5557 ut
1272 5503 1490 5558 Maximi
1533 5518 1696 5559 causa
1743 5505 1793 5558 in
1838 5507 2076 5576 generali
2181 5518 2344 5579 atque
2377 5507 2529 5571 illud,
2563 5507 2704 5578 quod
2735 5523 2803 5562 ex
2835 5503 3123 5560 vicariatus
3151 5501 3315 5556 Italiae
3339 5497 3641 5569 episcopis,
3671 5489 3764 5545 Til-

473 5595 565 5650 illa
599 5594 808 5666 synodo
850 5607 1301 5666 cognosceretur,
1330 5612 1496 5668 quam
1528 5596 1640 5668 jam
1670 5596 1927 5654 indictam
1975 5583 2076 5657 Da-
2185 5601 2478 5658 lemontius
2509 5609 2900 5672 congregatum
2928 5597 3036 5665 sit,
3071 5595 3174 5652 hoc.
3195 5601 3406 5650 metere
3427 5599 3494 5648 se
3517 5579 3650 5646 falso
3671 5582 3769 5641 dic—

551 5707 626 5788 (ᾳ)
654 5712 866 5788 ’[ιιιθμι.
917 5713 1162 5788 in__Greg.
1205 5714 1361 5788 Νη..
1417 5721 1536 5770 not.
1585 5713 1677 5770 45.
2253 5717 2328 5788 (c)
2373 5717 2447 5772 De
2468 5717 2595 5774 Jud.
2626 5733 2749 5772 can.
2781 5711 3238 5788 Elist.,p.203.

551 5717 626 5780 (α)
654 5717 866 5767 'ltllem.
917 5717 968 5766 in
999 5717 1162 5785 Greg.
1205 5717 1361 5779 Naz.,
1417 5721 1536 5770 not.
1585 5717 1677 5770 45.
2278 5720 2328 5782 c)
2373 5717 2447 5772 De
2468 5717 2595 5774 Jud.
2626 5733 2749 5772 can.
2781 5717 3030 5788 Epist..1

545 5780 621 5852 (θ)
664 5782 739 5839 De
765 5782 925 5855 Grea-
955 5783 1111 5858 Naz.,
1139 5801 1261 5858 cap.
1289 5787 1384 5843 8|.
2251 5717 2331 5860 id)
2370 5788 2492 5847 Not.
2525 5789 2596 5846 45
2625 5789 2678 5847 in
2705 5789 2872 5861 Greg.
2900 5787 3030 5845 Naz.
