3878 6346
123 219 213 275 533

1462 208 2000 271 PBOLEGOMENA.

3281 232 3388 293 554

120 339 222 385 tum
246 327 417 384 videri
443 328 605 387 debet
642 343 655 384 :
690 341 811 384 nam
850 344 957 400 quo
979 329 1102 399 jure
1134 327 1454 383 Alllbl'OsillS
1484 343 1682 399 expro-
1715 341 1767 398 Α
1793 332 1983 384 astate
2012 330 2331 389 instituisse.
2357 334 2430 390 lia
2458 334 2708 394 divinans
2734 340 2808 395 ait
2832 339 2921 397 hic
2950 350 3138 402 anetor
3161 388 3177 415 ,
3210 352 3266 403 ut
3291 350 3392 422 ity-

117 422 311 477 bratutu
345 423 429 477 ire
475 431 684 491 poterat
726 422 1115 488 Orientalibus,
1166 422 1493 478 declinatum
1526 424 1594 478 ab
1626 424 1689 478 iis

118 517 386 573 concilium
435 518 564 574 illud
610 534 800 586 suum,
841 533 870 572 a
909 533 1019 590 quo
1048 517 1192 572 nulla
1234 518 1445 573 ratione
1490 517 1691 588 pende-

118 611 268 667 bant?
305 610 386 667 An
428 626 556 667 Vero
599 622 857 683 preterea
906 614 1081 667 vocati
1112 611 1418 668 Orientales
1449 613 1551 682 ipsi
1581 613 1694 682 epi-

117 705 252 773 scopi
282 704 343 757 ad
383 703 513 760 illttd
540 704 783 760 fuerant?
823 704 1110 775 Reliquum
1144 705 1304 777 igitur
1345 712 1460 771 est,
1492 714 1553 759 ut
1580 712 1691 759 ter-

120 797 238 851 tium
267 797 429 864 eligas
450 836 463 861 ,
503 808 661 869 atque
707 800 821 854 haec
863 798 1068 854 referas
1094 798 1160 853 ad
1202 797 1331 853 illud
1361 797 1651 854 concilium
1675 838 1691 865 ,

118 890 247 959 quod
294 906 361 946 ex
395 880 706 948 Occidentis
750 901 806 948 et
856 893 1093 949 Orientis
1121 892 1394 963 episcopis
1438 892 1697 963 colligen-

116 985 232 1041 dum
266 986 518 1042 Damasus
544 987 730 1043 Roma:
759 996 1191 1051 eouvoea‘verat,
1233 1002 1295 1043 ac
1320 988 1515 1043 deinde
1554 1000 1697 1042 anno

117 1080 212 1135 582
230 1078 337 1149 jam
362 1093 591 1138 exeunte
613 1090 859 1138 coactqu
891 1082 1008 1138 l’uit.
1040 1083 1109 1138 At
1131 1083 1176 1138 si
1208 1081 1311 1137 hoc
1341 1085 1561 1149 asseris,
1597 1095 1696 1137 ne-

118 1174 339 1227 cessario
366 1172 521 1230 fateri
551 1176 716 1231 debes
738 1177 1027 1231 Ambrosio
1048 1216 1059 1240 ,
1087 1190 1151 1231 ac
1175 1176 1389 1231 ceteris
1418 1175 1522 1229 illis
1551 1175 1698 1229 itali-

118 1265 188 1320 cis
214 1268 475 1338 episcepis
500 1269 800 1325 innotuisse
824 1268 974 1340 jam,
1003 1284 1125 1325 eum
1151 1270 1453 1327 scriberent
1474 1311 1488 1335 ,
1517 1269 1702 1324 conci-

118 1360 237 1417 lium
269 1362 457 1417 hocab
482 1364 852 1420 Orientalibus
890 1374 1046 1421 certo
1084 1365 1197 1435 jam
1226 1364 1567 1428 declinatum,
1612 1370 1705 1417 aut

118 1452 505 1510 declinandum.
547 1456 701 1513 Nunc
744 1472 875 1514 vero
905 1459 1022 1514 luce
1047 1458 1209 1514 velim
1255 1458 1539 1513 observes.
1575 1456 1705 1511 Ante

122 1547 328 1603 mediam
353 1560 580 1605 (natalem
612 1551 773 1622 hujus
794 1552 921 1606 anni
966 1550 1099 1607 nihil
1127 1552 1204 1607 llll
1232 1551 1301 1607 de
1320 1550 1424 1607 hoc
1450 1550 1698 1606 Romano

121 1642 336 1697 concilio
380 1642 798 1709 intellexerant,
832 1654 1059 1715 cumque
1100 1660 1128 1698 a
1158 1644 1468 1700 Theodosio
1506 1642 1705 1711 acciti,

1792 422 2004 516 potliesi
2039 439 2151 479 sua:
2194 425 2471 484 inserviat.
2504 427 2573 486 At
2608 446 2707 503 ego
2750 434 2943 491 iterum
2989 446 3173 510 quaero
3197 487 3211 511 ,
3266 446 3390 516 quis

1795 515 2139 572 Ambrosium
2198 526 2513 589 monuerat,
2566 524 2870 585 Orientales
2924 532 3189 604 synodum
3243 515 3388 593 illam

1794 622 1945 663 suam
1979 611 2277 668 instituisse
2307 626 2430 669 eum
2454 613 2508 671 In
2542 615 2702 675 linem
2730 662 2744 685 ,
2774 630 2829 675 ut
2852 618 3143 681 Romanam
3169 626 3394 687 declina-

1795 705 1946 759 rent!
1969 704 2055 761 An
2080 720 2211 763 vero
2238 724 2343 765 non
2372 720 2657 783 poterant,
2702 718 2911 780 synodo
2941 716 3034 777 illa
3064 724 3311 781 conlecta
3342 726 3396 781 in

1796 796 2144 855 Occidentem
2170 802 2458 859 commodo
2488 814 2672 876 postea
2705 823 2825 866 sese
2846 814 3135 872 conferre?
3162 816 3271 874 Res
3299 818 3400 875 ita-

1797 900 1905 962 que
1932 906 2000 948 eo
2045 908 2258 965 semper
2287 895 2460 966 redit,
2511 902 2568 954 ιιι
2610 900 2709 957 hac
2754 902 2821 958 de
2854 920 2911 961 re
2942 904 3029 964 ille
3059 920 3239 966 certus
3279 928 3401 970 esse

1800 998 1907 1039 non
1941 997 2149 1055 posset,
2190 998 2478 1062 antequam
2506 990 2862 1054 Orientalium
2904 1002 3219 1060 eorumdem
3253 1000 3402 1064 litte-

1802 1086 1877 1131 rae
1898 1118 1913 1145 ,
1942 1079 2139 1149 quibus
2169 1095 2290 1139 sese
2323 1096 2719 1144 excusaverant
2743 1133 2757 1157 ,
2788 1091 3016 1150 Romam
3048 1096 3227 1154 allatae
3273 1094 3396 1157 fuis~

1802 1178 1927 1225 sent
1949 1214 1962 1235 ,
1986 1182 2148 1242 atque
2168 1176 2356 1231 eadem
2387 1177 2588 1236 idcirco
2607 1180 2893 1240 difﬁcultas
2916 1192 3179 1259 perpetuo
3200 1207 3403 1252 manet.

1878 1265 2099 1329 Quinto.
2144 1267 2225 1322 Ab
2245 1264 2443 1339 Italicis
2470 1272 2737 1344 episcOpis
2763 1275 3026 1335 Maximus
3066 1282 3135 1340 ad
3161 1300 3407 1343 commu-

1808 1356 2026 1412 nionem
2069 1368 2321 1431 receptus
2366 1360 2587 1430 dicitur,
2619 1369 2863 1438 quoniam
2895 1388 3010 1427 eum
3055 1394 3087 1430 a
3137 1378 3409 1436 catholicis

1810 1450 2036 1505 constitit
2076 1454 2329 1524 episcopis
2376 1457 2691 1515 ordinatum.
2732 1458 2937 1533 Duplex
2987 1476 3168 1525 autem
3216 1474 3267 1528 in
3306 1470 3414 1530 hoc

1813 1553 2092 1641 peccatum
2138 1548 2301 1616 inest,
2333 1550 2508 1621 primo
2539 1560 2729 1611 contra
2758 1552 3035 1615 Nicaanum
3068 1579 3190 1620 can.
3222 1566 3277 1635 5,
3304 1585 3414 1641 quo

1812 1639 2064 1707 edicitur,
2116 1657 2183 1697 ne
2224 1644 2347 1715 quis
2388 1646 2616 1719 ejectus,
2660 1651 2727 1705 ab
2765 1650 2885 1709 aliis
2937 1656 3264 1729 recipiatur;
3306 1639 3416 1734 quo

114 1734 257 1802 justo
297 1735 493 1791 litteras
536 1736 877 1808 Aquileiensis
921 1736 1129 1791 concilii
1177 1735 1707 1807 Constantinopolim
1737 1736 1786 1798 Β
1817 1734 2092 1804 praesidio,
2130 1750 2458 1809 quamquam
2502 1740 2915 1812 absurdissime,
2959 1752 3251 1810 utebantur
3298 1757 3418 1814 Afri

123 1829 386 1885 venissent
405 1864 422 1896 ,
450 1831 712 1886 certiores
742 1830 867 1886 lacti
898 1841 1010 1886 tum
1039 1830 1168 1885 illud
1201 1845 1232 1884 a
1254 1830 1486 1886 Damaso
1512 1842 1715 1885 convo-

123 1933 290 1978 catum
315 1966 328 1986 ,
363 1933 478 1980 tum
508 1941 568 1981 se
592 1935 884 1994 evocatos,
916 1926 994 1981 rei
1028 1924 1267 1981 novitate
1315 1925 1593 1994 perculsos
1639 1922 1718 1977 Ia-

125 2027 293 2073 tentur
310 2062 323 2085 ,
347 2034 412 2075 ac
436 2020 645 2091 legatos
666 2021 888 2075 mittunt
907 2034 1031 2074 cum
1054 2019 1250 2074 litteris
1266 2056 1282 2085 ,
1309 2018 1504 2089 quibus
1523 2031 1717 2074 causas

123 2123 413 2183 exponunt,
463 2116 750 2185 quominus
779 2115 972 2171 adesse
1000 2130 1189 2169 omnes
1220 2122 1445 2184 possent
1475 2112 1577 2186 (α).
1609 2112 1717 2167 llas

125 2222 241 2264 vero
269 2209 473 2264 litteras
500 2209 729 2280 scriptas
757 2208 924 2265 fuisse
947 2217 1158 2265 constat
1181 2216 1294 2278 post
1320 2207 1540 2261 mediam
1565 2213 1719 2261 testo-

125 2314 241 2363 tem,
262 2310 424 2370 atque
449 2303 519 2356 ita
542 2302 808 2372 .luiiojam
834 2302 1095 2356 inclinato
1114 2340 1128 2366 ,
1159 2299 1487 2371 autelapso,
1516 2306 1719 2369 easque

124 2396 188 2451 ab
221 2396 489 2466 episcopis
533 2395 675 2462 illis,
718 2410 858 2467 quos
903 2394 1111 2465 legatos
1158 2395 1458 2459 miserant,
1505 2392 1716 2447 allatas.

124 2486 264 2541 Nunc
290 2504 475 2557 quaero
499 2489 596 2542 abs
628 2495 679 2542 te
699 2526 713 2554 ,
738 2502 974 2558 quonam
1004 2487 1131 2540 anui
1163 2487 1305 2540 illius
1345 2498 1532 2539 mense
1567 2493 1720 2553 putas

126 2582 237 2636 illos
264 2583 583 2653 pervenisse
608 2582 831 2637 Rotnam
855 2614 869 2645 ο
902 2592 958 2637 ιιι
988 2581 1311 2636 Ambrosius
1331 2580 1624 2647 exterique
1644 2577 1721 2633 illi

128 2674 279 2732 ltaliei
316 2676 560 2746 episcopi
590 2686 741 2732 certo
786 2676 928 2730 scire
972 2685 1231 2743 possent,
1265 2674 1570 2727 Romanum
1618 2672 1722 2726 hoc

128 2768 396 2825 concilium
425 2770 496 2825 ab
516 2768 887 2825 Orientalibus
919 2767 1284 2822 declinatum?
1315 2765 1443 2820 Milli
1478 2764 1719 2832 videtur,

128 2874 244 2918 ante
278 2866 557 2920 octobrem
594 2879 836 2919 mensem
864 2877 1049 2917 eorum
1081 2861 1148 2916 ad
1184 2860 1386 2916 Urbem
1430 2860 1721 2915 adventum

131 2954 209 3010 vix
238 2957 397 3011 Statui
445 2970 620 3026 posse.
661 2957 765 3010 Aut
809 2955 989 3024 itaque
1028 2952 1385 3019 Ambrosius,
1430 2952 1725 3022 exterique

133 3049 285 3105 Italici
314 3049 555 3121 episcopi
579 3049 689 3119 jam
721 3048 950 3103 Ruinam
984 3054 1279 3111 venerant,
1330 3058 1384 3099 ut
1424 3061 1527 3116 ego
1559 3053 1686 3115 puto
1707 3087 1721 3109 ,

1817 1828 2081 1900 episcopi,
2110 1847 2177 1885 ne
2205 1829 2539 1891 leestinus
2570 1834 2660 1905 iis,
2696 1850 2835 1909 quos
2867 1838 2968 1912 ipsi
3000 1843 3415 1919 damnaverant,

1816 1923 2258 1980 communionem
2278 1925 2444 1983 daret
2474 1928 2574 2002 (c).
2608 1927 2814 1988 Deinde
2839 1950 2948 2004 quo
2980 1946 3138 2006 pacto
3168 1939 3272 1996 hoc
3315 1936 3421 2000 sibi

1822 2017 2040 2072 licuisse
2082 2026 2338 2089 putarunt
2369 2017 2536 2076 Italici
2568 2020 2647 2077 illi
2677 2024 2934 2094 prtesules
2975 2027 3287 2089 inconsulto
3319 2032 3423 2091 Da-

1823 2118 1976 2164 maso
2003 2109 2251 2167 liomano
2278 2112 2557 2184 episcopo,
2590 2114 2679 2187 qui
2709 2114 3002 2174 Maximum
3035 2122 3303 2195 rcjecerat
3327 2125 3350 2180 ?
3376 2129 3425 2183 si

1820 2203 1970 2258 enim
2000 2204 2301 2274 apostolico
2330 2220 2452 2262 can.
2486 2200 2556 2264 34
2598 2208 2901 2277 deﬁnitum,
2943 2222 3105 2288 atque
3150 2224 3428 2277 constanti

1823 2296 2085 2353 Ecclesiae
2108 2298 2394 2370 disciplina
2441 2311 2723 2372 receptum
2755 2304 2928 2363 fuerat
2960 2308 3181 2382 ubique,
3216 2324 3276 2369 ut
3305 2316 3422 2388 epi-

1824 2392 1973 2461 scopi
2016 2393 2439 2467 uniuscujusque
2468 2393 2644 2468 gentis
2682 2410 2803 2455 eum
2856 2411 3098 2470 nossent,
3129 2408 3218 2476 qui
3259 2409 3310 2464 in
3358 2410 3429 2469 iis

1822 2485 2029 2555 primus
2060 2492 2226 2553 esset,
2267 2503 2389 2543 eum
2412 2492 2790 2561 observarent,
2820 2502 2880 2549 ut
2909 2508 3069 2570 caput
3096 2508 3150 2555 et
3179 2500 3309 2559 nihil
3341 2500 3426 2561 fa-

1825 2586 2035 2645 cerent,
2084 2579 2227 2651 quod
2283 2583 2461 2653 magni
2504 2585 2765 2641 momenti
2821 2594 2989 2655 esset,
3040 2599 3237 2662 praeter
3286 2595 3429 2653 illius

1827 2675 2189 2741 sententiam;
2220 2673 2323 2731 hoc
2356 2676 2599 2746 profecto
2629 2682 2825 2751 putiori
2846 2686 2969 2754 jure
2995 2684 3296 2746 debebatur
3326 2693 3432 2747 lio.

1826 2780 1989 2822 manu
2019 2766 2289 2839 pontiﬁci,
2318 2771 2402 2826 cui
2436 2771 2586 2828 Italia
2619 2775 2869 2832 universa
2913 2779 2981 2836 ab
3010 2780 3124 2851 ipsa
3154 2787 3431 2845 nascentis

1827 2856 2087 2949 Ecclesiae
2109 2860 2317 2932 origine
2347 2874 2634 2936 aggregata
2661 2882 2904 2937 prorsus,
2931 2880 2984 2928 et
3005 2874 3429 2950 quodammodo,

1828 2958 1887 3005 ut
1920 2951 2242 3008 Baccitiuins
2266 2954 2342 3008 ait
2371 2955 2472 3025 (Δ),
2504 2956 2871 3029 conglutinata
2901 2960 3076 3020 fuerat
3106 2985 3121 3023 :
3147 2984 3261 3024 rem
3300 2986 3434 3029 vero

1831 3044 2194 3111 notissimam,
2224 3049 2257 3100 ll
2282 3041 2484 3101 Nic-teni
2511 3049 2737 3103 canonis
2769 3051 3085 3111 testimonio
3108 3061 3435 3127 comproba-

131 3154 217 3199 aut
238 3160 343 3200 non
372 3161 383 3198 :
410 3145 453 3199 si
480 3143 714 3214 primum
734 3141 1001 3207 dicimus,
1029 3156 1096 3195 an
1129 3139 1388 3194 Damasus
1408 3178 1424 3205 ,
1457 3152 1525 3192 an
1546 3136 1726 3192 Acho—
1751 3140 1797 3204 (ζ
1832 3142 1964 3201 tam,
1998 3136 2263 3206 exemplis
2290 3142 2450 3209 atque
2480 3138 2600 3195 aliis
2631 3152 2740 3196 non
2785 3148 3107 3204 necessariis
3146 3167 3434 3223 argumen-

135 3236 229 3293 lius
247 3281 261 3305 ,
281 3256 347 3294 an
370 3239 679 3295 Orientales
708 3238 867 3308 legati
892 3277 905 3300 ,
927 3235 1274 3291 Ambrosium
1303 3234 1478 3301 ipsum
1510 3230 1725 3285 Maximi

137 3330 340 3389 fraudes
369 3333 744 3402 ambitumque
771 3331 1021 3401 ignorare
1050 3327 1194 3397 passi
1225 3324 1390 3380 sunt?
1419 3323 1474 3378 Id
1518 3339 1587 3378 ne
1610 3321 1725 3377 Til-

140 3422 418 3480 leutoutius
464 3424 686 3495 quidem
712 3423 1020 3490 decoquere
1058 3421 1253 3492 potuit.
1295 3416 1378 3472 An
1418 3431 1549 3472 vero
1590 3430 1729 3488 prte-

142 3527 274 3573 terea
293 3519 715 3595 Mediolaneusis
730 3517 923 3588 pra-sul
936 3515 1167 3570 concilio
1182 3526 1444 3584 praesens,
1470 3511 1725 3577 Damaso,

134 3611 348 3666 Acbolio
376 3613 700 3682 emterisque
746 3610 871 3664 aliis
920 3610 1027 3679 iatn
1068 3606 1415 3678 congregatis
1456 3606 1729 3675 episcopis

134 3702 462 3771 inconsultis,
479 3720 595 3760 rem
622 3714 826 3759 tantam
849 3703 1131 3757 soluscum
1155 3700 1271 3755 suis
1292 3712 1582 3769 aggressus
1605 3698 1728 3753 est?

133 3797 277 3852 Absit
308 3808 365 3853 ut
387 3815 492 3869 ego
518 3800 660 3854 banc
686 3797 803 3852 viro
830 3797 1176 3851 sanctissimo
1205 3810 1270 3849 ac
1303 3792 1728 3863 prudentissimo

136 3892 445 3949 calumniam
476 3892 746 3948 inferam!
782 3890 1001 3946 Docebat
1046 3891 1178 3944 attint
1223 3887 1491 3956 omnibus,
1538 3887 1626 3955 qui
1673 3886 1727 3939 in

135 3988 298 4041 eadem
319 3988 674 4042 communione
694 3996 839 4039 erant
858 4024 873 4051 ,
904 3984 1145 4052 satisﬁeri
1164 4023 1179 4051 ,
1210 3994 1265 4036 ut
1288 3998 1368 4037 res
1389 3989 1543 4052 gestat
1563 3981 1728 4050 magis

137 4080 457 4149 ﬁrmarentur
485 4097 551 4136 es
577 4081 853 4135 multorum
880 4094 1131 4133 consensu
1151 4120 1164 4141 ,
1197 4094 1289 4132 nec
1335 4090 1439 4147 pax
1468 4073 1730 4128 scindere-

136 4177 393 4243 ιιι-,σιὼ
417 4175 834 4230 cbscindsntibsts
876 4174 1000 4227 dum
1030 4174 1127 4227 alii
1173 4172 1609 4235 admittebantur;
1656 4170 1730 4223 sic

137 4266 280 4339 igitur
300 4269 512 4323 decebat
540 4269 817 4323 consilium
846 4264 1067 4338 grauiter
1089 4304 1103 4332 ,
1130 4275 1180 4320 et
1200 4266 1384 4319 leniter
1413 4264 1534 4317 iniri
1561 4263 1623 4316 de
1646 4276 1727 4316 rc-

136 4358 218 4414 btts
239 4363 307 4416 ad
330 4380 508 4418 omnes
535 4362 670 4417 orbis
697 4372 953 4416 terrarum
971 4360 1212 4414 ecclesias
1234 4358 1601 4428 pertinentibus
1626 4357 1722 4431 (ὁ).

137 4451 279 4518 Quod
308 4454 354 4511 si
380 4454 621 4523 dixeris,
650 4454 999 4511 Ambrosium
1038 4467 1160 4508 eum
1194 4453 1379 4509 italico
1408 4466 1509 4507 suo
1538 4451 1725 4507 conci-

1834 3229 1924 3293 tis,
1957 3230 2286 3287 coullrmare
2330 3244 2793 3302 supervacaneum
2825 3246 2975 3307 puto.
3018 3240 3156 3299 Illud
3184 3254 3362 3303 tamen
3405 3263 3438 3303 a

1834 3336 1921 3377 me
1956 3323 2135 3377 omitti
2162 3336 2270 3377 non
2301 3334 2501 3394 potest,
2534 3324 2700 3381 veluti
2736 3329 2836 3394 rei,
2870 3329 2938 3386 de
2965 3348 3072 3401 qua
3101 3335 3303 3408 agitur,
3338 3337 3436 3395 dc-

1835 3414 2203 3470 moustrandzc
2253 3418 2519 3487 imprimis
2549 3417 2828 3489 idoneum,
2877 3424 3084 3480 nullum
3130 3428 3339 3486 scilicet
3368 3449 3437 3489 ex

1833 3508 2106 3578 episcopis
2146 3507 2584 3566 Occidentalibus
2626 3512 2982 3574 Athanasium
3026 3518 3096 3576 ab
3136 3524 3437 3599 pseudosy-

1834 3603 1976 3657 nodo
2003 3602 2167 3676 Tyria
2199 3612 2254 3659 et
2293 3602 2632 3662 Antiochena
2682 3610 2941 3680 ejectum,
2984 3612 3052 3669 ad
3096 3619 3439 3676 communio-

1832 3710 1956 3753 u‘etn
1995 3700 2338 3756 existimasse
2376 3700 2478 3756 sibi
2528 3704 2773 3773 recipere
2800 3705 2989 3777 licere,
3024 3719 3150 3766 ante
3192 3728 3438 3784 pronun-

1828 3792 2016 3846 tiatam
2061 3806 2091 3846 a
2117 3791 2259 3848 Jullu
2287 3794 2635 3850 sententiam.
2674 3792 2809 3853 lliuc
2832 3815 2962 3855 vero
2992 3802 3223 3874 factum,
3256 3812 3312 3861 ut
3340 3804 3434 3864 Ju-

1834 3887 1937 3943 lius
1997 3888 2112 3960 ipse
2169 3889 2219 3944 in
2289 3888 2714 3961 Phillppolitano
2777 3893 3103 3953 Arianorum
3165 3916 3437 3961 conventu

1831 3974 2122 4037 damnatus
2153 3984 2243 4048 sit,
2271 3983 2414 4054 quod
2444 3985 2645 4057 primus
2665 3988 2887 4057 januam
2928 3994 3305 4052 communionis
3328 4014 3436 4052 sce-

1831 4075 2006 4131 leratis
2046 4085 2200 4143 atque
2226 4076 2486 4131 damnatis
2516 4074 2738 4146 aperuit,
2786 4083 3084 4156 scelerisque
3126 4087 3327 4143 aditum
3357 4093 3436 4162 {e-

1832 4167 1898 4219 cit
1936 4166 2006 4220 ad
2041 4166 2481 4242 solvendumjura
2520 4166 2717 4224 divina.
2762 4168 2947 4228 Liceat
2978 4175 3140 4245 igitur
3168 4176 3296 4233 milli
3330 4179 3436 4237 hoc

1834 4257 1954 4313 loco
2003 4276 2125 4315 cum
2178 4260 2512 4334 Hieronymo
2561 4265 2784 4328 mirari,
2832 4266 3087 4338 quomodo
3145 4268 3437 4340 probaverit

1832 4351 2043 4418 iTALIA,
2073 4353 2211 4421 quod
2258 4352 2418 4410 Rom
2455 4360 2783 4427 contempsit,
2828 4360 3055 4433 episcopi
3096 4370 3434 4441 susceperint,

1832 4447 1968 4514 quod
1996 4447 2140 4501 sedes
2169 4447 2459 4517 apostolica
2506 4450 2860 4507 condemnavit
2890 4454 2979 4527 (ε).
3016 4455 3085 4513 At
3116 4476 3185 4516 ne
3219 4462 3273 4517 in
3315 4466 3437 4521 ani-

137 4541 205 4597 ιίο
233 4546 344 4603 [me
368 4548 684 4616 scripsisse,
733 4556 1028 4616 antequam
1060 4545 1306 4599 Romam)
1335 4545 1514 4600 itineri
1544 4558 1602 4598 se
1632 4544 1728 4598 da—
1754 4540 1805 4606 ι)
1833 4553 1979 4592 mutu
2028 4555 2205 4595 meum
2259 4541 2531 4606 inducam,
2569 4548 2627 4599 ut
2678 4544 2780 4601 ltoc
2821 4546 2889 4604 de
2924 4550 3217 4612 Ambrosio
3248 4560 3436 4617 existi-

138 4649 249 4704 ret,
297 4644 383 4697 vix
425 4642 557 4697 mihi
604 4641 934 4713 persuadere
980 4640 1188 4710 poteris
1212 4681 1227 4706 ,
1275 4640 1357 4694 vel
1407 4637 1483 4693 illi
1512 4646 1726 4707 tempus
1833 4646 1999 4724 mem,
2030 4630 2156 4686 facit
2187 4632 2356 4702 ipsius
2383 4634 2654 4691 Ambrosii
2696 4641 3015 4708 auctoritas,
3046 4646 3135 4716 qui
3165 4665 3231 4705 ex
3263 4648 3435 4724 Aqui-

139 4733 372 4790 sumcore
420 4737 682 4806 potuisse,
713 4736 799 4791 vel
848 4749 936 4789 res
976 4741 1156 4790 tantas
1201 4733 1365 4787 fuisse
1415 4744 1723 4802 aggressum
1826 4720 2022 4781 leiensi
2055 4724 2287 4782 concilio
2311 4726 2423 4797 jam
2475 4743 2573 4785 nos
2603 4729 2887 4801 docuerat,
2921 4752 2949 4790 a
2981 4734 3219 4797 Romana
3250 4720 3433 4803 Eccle-

141 4825 305 4883 macri
329 4830 556 4900 iamiam
584 4840 829 4902 param
852 4870 868 4896 ,
921 4840 1084 4901 atque
1112 4844 1142 4884 ο
1173 4842 1467 4898 conspectu
1498 4841 1725 4896 genera.
1830 4823 1909 4877 sia
1939 4821 2228 4878 veneranda
2252 4824 2305 4879 in
2335 4840 2509 4881 omnes
2532 4833 2907 4888 communionis
2928 4826 3058 4907 jura
3096 4852 3302 4897 manare
3337 4842 3432 4917 (f).

143 4918 204 4974 lis
242 4925 433 4994 synodi
476 4924 663 4979 Romae
712 4924 1031 4994 propediem
1079 4922 1297 4977 futurae.
1332 4921 1537 4977 Deinde
1585 4918 1727 4974 unde
1903 4916 2092 4972 Sexto.
2134 4916 2256 4973 Pari
2304 4914 2464 4976 modo
2503 4920 2573 4978 ob
2617 4922 2925 4981 Nectarium
2981 4926 3291 5003 episcopum
3338 4914 3432 4992 of-

141 5012 226 5070 illo
266 5019 587 5085 resciverat,
614 5020 926 5075 Orientales
952 5034 1073 5074 eam
1101 5019 1410 5089 generalem
1458 5016 1725 5089 synodum
1831 5010 2074 5067 dinalum
2098 5014 2303 5084 rcjeCto
2334 5012 2589 5084 Maximo,
2614 5033 2827 5091 ruptam
2854 5020 3020 5079 Italici
3044 5028 3281 5097 episeopi
3309 5045 3431 5087 cum

143 5105 502 5177 declinaoisso,
546 5124 603 5167 ut
646 5113 749 5168 hoc
779 5112 889 5167 illis
933 5112 1065 5167 vitio
1101 5112 1378 5167 verteret?
1419 5112 1524 5175 At,
1558 5110 1730 5181 inquit
1829 5104 2199 5163 Orientalibus
2243 5111 2682 5167 communionem
2723 5113 3085 5171 denuntiant:
3129 5118 3435 5181 Nestorium

145 5195 508 5258 Tilicmoutius
537 5244 552 5272 ,
602 5206 712 5275 iam
776 5216 939 5260 antea
995 5204 1338 5260 intellexerat
1386 5203 1542 5269 illos,
1594 5216 1729 5274 quos
1833 5212 1951 5253 cum
1981 5214 2147 5267 nuper
2185 5212 2362 5256 nostra
2394 5204 2725 5261 mediocritas
2764 5206 3211 5281 Constantinopoli
3246 5230 3437 5288 cogno-

145 5300 448 5355 ooortuerst
484 5296 784 5352 Retnanutu
815 5300 919 5353 iter
940 5310 1225 5368 aggressos
1272 5311 1428 5363 esse,
1462 5295 1731 5350 Constan-

150 5380 359 5455 linopoli
392 5389 731 5457 substitisse,
776 5406 840 5447 ac
883 5391 1151 5464 synodum
1194 5402 1349 5447 suam
1400 5390 1577 5447 media
1617 5389 1729 5460 jam

216 5520 289 5599 (ᾳ)
326 5523 459 5599 van.
480 5542 600 5596 cap.
634 5530 735 5599 so.

217 5593 287 5669 (θ)
326 5595 486 5651 Basil.
520 5592 679 5669 epist.
708 5594 814 5658 265
852 5618 915 5657 ex
948 5592 1052 5655 BB.
1086 5601 1216 5656 edit.

221 5668 287 5742 lC)
330 5669 496 5742 lipist.
529 5668 567 5725 Ξ
588 5714 601 5737 ,
628 5672 767 5742 apud
798 5675 1080 5728 Constant-.-
1110 5715 1123 5738 ,
1152 5689 1212 5725 ιι.
1246 5672 1300 5725 ﬂ.

222 5738 298 5805 (tl)
339 5740 409 5793 lie
440 5738 833 5799 Ecclcsfltier.
886 5744 1102 5813 origin.,
1155 5759 1270 5813 par.
1315 5759 1371 5805 ιι,
1408 5742 1435 5814 §
1470 5744 1570 5808 l3,
1617 5756 1738 5797 cum

1833 5295 1960 5349 verit
1986 5312 2097 5351 esse
2118 5294 2441 5366 ordinatum,
2472 5301 2731 5355 colta‘rere
2769 5304 3177 5358 communionem
3205 5307 3435 5365 nostram

1837 5406 1952 5445 cum
1987 5389 2339 5448 Orientalibus
2387 5411 2488 5449 non
2520 5394 2819 5450 videmus...
2865 5410 2958 5451 nec
2990 5396 3242 5469 videmus,
3289 5420 3441 5475 posse

1838 5544 1991 5741 $832).
2030 5601 2189 5682 Apol.
2223 5602 2352 5658 adv.
2381 5602 2532 5669 Rttf.,
2567 5596 2659 5658 lib.
2695 5618 2789 5669 nt,
2823 5616 2877 5657 n.
2916 5602 3000 5661 i5.

1942 5674 1987 5741 ι’)
2034 5673 2200 5741 Epist.
2238 5672 2305 5726 12
2336 5689 2400 5729 ex
2428 5666 2533 5728 BB.
2559 5672 2689 5729 edit.
2850 5732 2855 5735 _

1942 5666 1987 5741 ι’)
2034 5666 2200 5742 Epist.
2238 5672 2305 5726 12
2336 5689 2400 5729 ex
2428 5666 2533 5728 BB.
2559 5672 2689 5729 edit.
