3950 6330
475 243 592 304 555

1645 233 1958 293 SANCTUS
1997 231 2320 291 DAMASUS
2361 230 2446 288 PA
2457 232 2564 290 PA.
3615 238 3697 296 356

475 377 591 419 eam
611 358 763 415 aliter
786 355 1075 422 convenire,
1106 354 1207 410 nisi
1238 361 1328 408 aut
1357 353 1403 408 is
1444 351 1692 408 reddatur
1714 350 2077 408 Constantino-
2102 354 2157 416 Α
2181 359 2297 406 erat
2327 349 2585 406 Ecclesiae
2629 343 3008 412 Antiochense,
3047 360 3172 402 cum
3195 344 3442 404 Diodorus
3467 349 3699 412 Tarsensis

485 454 618 526 poli,
662 451 749 523 qui
779 450 922 520 prior
951 458 1022 504 est
1054 447 1348 513 ordinatus,
1389 455 1479 499 aut
1523 455 1656 500 certe
1681 461 1833 516 super
1863 443 2084 497 duarum

484 546 865 603 ordinationem
886 542 951 596 sit
978 543 1032 595 in
1060 539 1184 595 urbe
1209 539 1401 608 Roma,
1430 549 1684 605 nostrum,
1717 536 2086 591 Orientalium-

480 656 582 711 que
610 636 912 692 concilium.
940 633 1180 688 Primum
1209 642 1390 688 autem
1417 631 1506 686 vix
1529 644 1783 700 umquam
1815 627 1956 683 dabo
1983 639 2084 697 ego

481 731 600 789 haec
623 730 790 788 scribi
813 729 1054 800 potuisse
1085 728 1152 784 ab
1177 727 1345 782 italia:
1367 726 1660 781 vicariatus
1681 721 1976 794 episcopis,
2000 719 2085 775 in-

481 825 757 891 consulto,
792 837 856 878 ac
889 831 1227 894 repugnante
1267 820 1517 876 Romano
1560 818 1840 889 episcopo,
1874 816 1959 870 cui
1992 829 2087 884 pa-

482 920 697 976 rebant.
729 915 936 972 Deinde
973 916 1165 970 falsum
1211 929 1334 970 esse
1358 926 1547 968 assero
1579 922 1790 982 ruptam
1831 921 2085 978 umquam

481 1013 650 1070 fuisse
681 1011 1066 1068 Occidentales
1117 1010 1262 1065 inter
1293 1019 1346 1065 et
1395 1007 1704 1063 Orientales
1740 1001 2084 1060 communio-

483 1121 607 1162 nem
664 1104 736 1160 οι)
792 1101 1028 1159 Nectarii
1077 1110 1268 1158 contra
1318 1100 1606 1155 Maximum
1651 1095 2083 1161 ordinationem;

480 1210 643 1269 atque
672 1197 723 1252 in
749 1205 939 1268 aperto
965 1203 1191 1266 ponunt,
1227 1194 1280 1248 ni
1307 1193 1487 1258 fallor,
1514 1188 1808 1248 Sozomeni
1835 1204 1898 1245 ac
1921 1188 2086 1243 Boni-

481 1289 603 1346 facii
637 1305 787 1361 papae
811 1288 1120 1344 testimonia
1158 1304 1170 1339 :
1205 1288 1342 1341 alter
1369 1284 1514 1340 enim
1544 1299 1703 1338 unam
1737 1281 1949 1337 tantum
1977 1277 2086 1335 orti

479 1384 623 1440 inter
654 1395 940 1454 utramque
969 1397 1190 1438 causam
1213 1380 1425 1437 dissidii
1455 1378 1721 1436 rationem
1750 1377 1930 1442 all'ert,
1959 1375 2083 1430 Fla-

481 1476 624 1532 viani
651 1477 859 1532 scilicet
895 1477 1292 1546 episcopatum,
1319 1488 1493 1543 eaque
1521 1472 1589 1528 de
1615 1485 1781 1526 causa
1804 1469 2086 1525 dumtaxat

485 1570 798 1627 Orientales
850 1570 916 1627 ad
971 1570 1275 1624 Romanum
1331 1566 1624 1623 concilium
1682 1570 1938 1619 evocatos
1988 1561 2088 1617 do-

479 1675 567 1721 cet
601 1664 718 1736 (a);
749 1665 885 1720 alter
918 1679 1050 1719 vero
1084 1664 1200 1718 hwc
1228 1662 1419 1718 scribit
1449 1678 1463 1714 :
1499 1659 1819 1715 Theodosius
1854 1656 2086 1712 Nectarii

2183 460 2305 500 eum
2363 460 2461 514 pro
2513 441 2767 498 Nectario
2815 452 3105 512 rogaturus
3160 444 3414 498 accessit?
3464 445 3700 506 Flavianus

2183 539 2327 595 enim
2357 539 2629 609 episcopus
2658 537 2963 593 Sozomeno
2990 546 3130 593 teste
3169 537 3448 594 indiculum
3471 541 3701 612 eligendo-

2184 648 2303 688 rum
2332 631 2631 701 componit,
2663 630 2976 686 Theodosio
3014 631 3326 699 imperatori
3348 633 3510 700 oli‘ert,
3544 651 3596 690 ac
3622 640 3706 706 pri-

2184 741 2302 782 mas
2346 725 2400 781 in
2438 724 2709 781 electione
2747 723 2990 780 Nectarii
3020 735 3204 796 partes
3229 727 3337 795 agit
3373 742 3472 782 :an
3503 740 3614 784 vero
3637 731 3708 786 ille

2183 821 2453 892 episcopus
2493 819 2600 874 dici
2650 816 2820 889 potuit
2867 828 2994 873 ante
3044 833 3297 872 manuum
3344 819 3706 891 impositionem,

2185 920 2280 967 aut
2302 923 2427 966 tunc
2452 911 2624 966 divisa
2656 910 2980 980 episcOpalis
3009 918 3246 979 potestas
3272 895 3624 980 in'duplicem,
3644 913 3712 983 ju-

2185 1004 2519 1060 risdictionis
2557 1004 2766 1060 scilicet
2809 1013 2864 1059 et
2891 1002 3122 1068 ordinis,
3177 1013 3233 1058 ut
3260 1002 3371 1059 btee
3413 1003 3482 1058 illi
3517 1006 3711 1062 nondum

2175 1096 2438 1153 "ordinato
2467 1095 2634 1153 licere
2677 1097 3015 1167 potuissent?
3055 1095 3172 1151 Non
3206 1096 3402 1167 itaque,
3426 1098 3554 1168 quod
3589 1099 3715 1171 hujus

2186 1190 2432 1262 epistolae
2461 1191 2694 1260 scriptor
2719 1188 2815 1256 ait,
2845 1188 3141 1244 Flavianus
3177 1187 3424 1257 Nectarii,
3451 1191 3536 1246 sed
3556 1190 3714 1247 Necta-

2186 1283 2301 1340 rins
2329 1283 2570 1340 Flaviani
2602 1299 2764 1355 opera
2795 1291 2851 1338 et
2878 1283 3106 1339 consilio
3145 1283 3428 1355 episcopus
3451 1293 3528 1340 est
3551 1288 3716 1342 consti-

2187 1385 2354 1432 tutus.
2391 1377 2474 1432 Me
2514 1392 2620 1430 non
2671 1375 2804 1431 latet
2849 1376 3278 1443 Tillemontium,
3323 1377 3408 1445 qui
3450 1376 3718 1434 Flavianum

2187 1469 2657 1538 Constantinopoli
2689 1467 3051 1540 designatum,
3079 1467 3382 1524 Antiochia:
3409 1484 3526 1524 vero
3549 1469 3722 1525 ordina-

2189 1570 2302 1617 tum
2333 1572 2504 1632 putat,
2537 1561 2829 1618 Sozomeni
2871 1560 3168 1616 sollicitare
3207 1559 3364 1616 [idem
3395 1561 3483 1633 (e).
3528 1563 3591 1617 At
3629 1563 3722 1634 ejus
3779 1601 3786 1606 -

2188 1655 2375 1726 opinio
2410 1655 2558 1711 nullo
2599 1671 2825 1726 prorsus
2873 1663 3010 1710 teste
3049 1655 3278 1720 nititur;
3305 1654 3543 1727 dictoque
3584 1656 3723 1713 Sozo-

479 1757 881 1825 ordinationem,
929 1767 1199 1827 propterea
1241 1756 1379 1826 quod
1424 1754 1478 1808 in
1524 1763 1700 1808 nostra
1729 1753 1938 1807 notione
1980 1768 2084 1806 non
2112 1750 2163 1808 B
2191 1750 2336 1806 meui
2386 1749 2543 1806 tidem
2591 1751 2785 1806 astruit
2830 1751 3079 1822 epistola,
3130 1767 3292 1821 quam
3331 1751 3608 1808 Orientales
3643 1753 3724 1809 Da-

477 1861 632 1919 esset,
666 1851 851 1906 habere
899 1867 1005 1905 non
1048 1851 1354 1906 existimans
1383 1849 1700 1918 ﬁrmitatem,
1747 1847 1916 1901 missis
1959 1846 2088 1900 ela-

475 1953 584 2002 tere
622 1945 806 2000 aulicis
845 1961 962 1998 cunt
992 1943 1269 2014 episcOpis,
1298 1948 1576 2016 formatam
1603 1942 1724 1996 huic
1771 1959 1802 1995 a
1829 1940 1949 1996 sede
1978 1939 2085 1995 Ro-

475 2057 632 2096 mana
661 2039 819 2112 dirigi
848 2039 1152 2112 regulariter
1178 2039 1502 2111 depoposcit,
1544 2053 1660 2108 quas
1690 2039 1804 2109 ejus
1843 2036 2086 2090 sacerdo-

475 2135 607 2190 tium
658 2136 919 2190 roboraret
959 2133 1080 2207 (b);
1130 2133 1273 2188 nulla
1316 2132 1496 2203 itaque
1527 2140 1751 2203 propter
1790 2130 2082 2186 Maximum

474 2228 742 2298 rejectum
783 2228 1036 2297 quaestio,
1068 2237 1158 2281 aut
1211 2225 1495 2282 dissidium
1542 2240 1667 2281 cum
1714 2223 2084 2280 Orientalibus

475 2316 672 2388 fuerat,
710 2318 967 2389 nullaque
1007 2317 1408 2374 communionis
1449 2334 1516 2373 ex
1545 2333 1610 2373 eo
1637 2317 1816 2386 capite
1857 2317 2080 2372 abrum-

475 2413 669 2483 pendae
701 2427 864 2469 causa
895 2413 1125 2469 subesse
1151 2419 1380 2483 poterat.
1418 2411 1555 2467 lline
1586 2412 1640 2467 in
1670 2411 1918 2467 Romano
1944 2425 2080 2467 con-

481 2506 612 2563 cilio
655 2521 780 2563 cum
820 2507 1012 2562 eodem
1061 2505 1313 2562 Nectario
1365 2505 1681 2560 communio
1731 2505 1915 2560 statim
1961 2517 2082 2560 sus-

472 2609 629 2672 cepta
659 2610 763 2665 est,
797 2599 1116 2656 Flavianum
1144 2616 1276 2656 vero
1303 2600 1372 2655 ab
1399 2598 1657 2653 omnibus
1684 2599 1948 2670 rejectum
1975 2599 2082 2654 sci-

476 2707 597 2747 mus
637 2707 898 2746 :summo
950 2691 1129 2760 itaque
1170 2691 1290 2759 jure
1336 2705 1457 2747 cum
1503 2689 1728 2745 Michael
1785 2691 2081 2762 imperator

477 2784 723 2856 ejusdem
753 2784 988 2840 Nectarii
1019 2784 1292 2862 exemplo,
1328 2783 1504 2839 Photii
1542 2783 1867 2838 electionem
1899 2794 2080 2841 tuere-

472 2884 585 2944 tur,
617 2875 868 2932 Nicolaus
900 2875 919 2932 Ι
951 2878 1253 2947 rescripsit,
1277 2875 1579 2930 Nectarium
1614 2893 1729 2931 vere
1771 2869 2081 2933 catholicum

476 2969 1069 3043 Constantinopolitanm
1108 2968 1360 3025 Ecclesia:
1403 2969 1752 3041 gubernacula
1797 2972 2080 3041 suscepilse

473 3064 587 3118 sine
622 3061 893 3128 scandala,
943 3078 1059 3118 smn
1089 3078 1164 3133 vt,
1208 3077 1325 3118 sunt
1367 3077 1497 3117 OINI
1543 3076 1876 3129 SCBISIA'I’E;
1906 3073 1954 3117 et
1997 3062 2078 3116 id-

2189 1861 2366 1913 maso,
2399 1846 2713 1915 Ambrosio,
2742 1846 2971 1914 aliisque
2998 1846 3050 1902 in
3069 1845 3314 1902 Romana
3341 1847 3538 1918 synodo
3560 1848 3725 1904 collec-

2190 1943 2258 1998 tis
2303 1941 2572 2013 episcopis
2617 1956 2761 1996 anno
2791 1941 2898 1997 582
2941 1956 3008 1998 eo
3037 1942 3270 1997 consilio
3312 1943 3641 2013 scripserunt,
3682 1951 3730 1998 ut

2175 2052 2372 2093 eorum
2413 2051 2535 2108 quae
2564 2036 2618 2090 in
2643 2035 3243 2106 Constantinopolitana
3275 2045 3514 2091 anteacta
3557 2035 3730 2108 synodo

2186 2139 2337 2203 gesta
2385 2147 2414 2184 a
2455 2145 2514 2185 se
2539 2129 2768 2194 fuerant,
2800 2130 3065 2186 rationem
3111 2129 3420 2196 redderent,
3464 2129 3604 2200 cujus
3637 2130 3730 2184 hac

2186 2234 2312 2280 sunt
2366 2223 2529 2280 verba
2581 2241 2594 2277 :
2643 2223 3027 2295 Antiquissima:
3081 2239 3200 2278 vero
3264 2224 3318 2278 in
3375 2222 3525 2295 Syria
3581 2222 3729 2276 Antio-

2185 2317 2361 2372 cheme
2430 2316 2678 2394 Ecclesia:
2743 2318 3216 2373 reverendissimum
3248 2360 3264 2385 ,
3339 2327 3388 2372 et
3453 2317 3732 2389 religiosissi-

2184 2427 2326 2465 mum
2366 2411 2662 2484 episcOpnm
2709 2409 3054 2478 Flavianum,
3110 2421 3218 2466 tum
3271 2409 3416 2466 illius
3467 2411 3730 2481 provincia,

2187 2513 2294 2582 tum
2355 2503 2632 2559 Orientalis
2676 2505 2906 2560 dioecesis
2949 2505 3176 2577 episcopi
3221 2505 3281 2560 in
3347 2522 3502 2560 unum
3558 2520 3734 2576 congre-

2184 2600 2292 2671 gati
2357 2600 2760 2666 ordinaverunt,
2828 2610 2932 2654 tota
2994 2599 3230 2656 Ecclesia
3295 2603 3644 2664 consentiente,
3698 2610 3735 2656 et

2184 2690 2334 2759 quasi
2382 2707 2484 2745 una
2515 2707 2603 2746 ore
2653 2693 2818 2746 virum
2869 2693 3136 2760 laudante,
3189 2710 3348 2764 quam
3383 2694 3576 2766 quidem
3601 2692 3736 2766 legiti-

2181 2801 2317 2839 mam
2354 2787 2731 2840 ordinationem
2779 2787 2934 2840 etiam
2989 2802 3218 2844 svuonus
3283 2803 3540 2845 omnum
3575 2801 3736 2844 susce-

2183 2892 2295 2933 PIT.
2327 2878 2442 2934 Non
2467 2895 2726 2950 negamus
2755 2880 2937 2951 igitur,
2995 2883 3123 2953 quin
3149 2883 3507 2939 Antiocheam
3551 2881 3736 2952 provin-

2181 2972 2282 3028 cia:
2313 2981 2366 3027 et
2391 2971 2685 3029 Orientalis
2713 2972 2969 3030 dioecesis
2991 2975 3258 3046 episcopi,
3288 2977 3549 3033 Diodorus
3573 2989 3736 3046 nempe

2185 3064 2470 3120 Tarsensis
2495 3077 2550 3121 et
2578 3068 2808 3123 Aeacius
2837 3068 3161 3124 Beroeensis
3175 3069 3488 3126 Flavianum
3517 3069 3735 3126 ordinare

473 3159 612 3212 circo
643 3157 766 3212 bene
793 3167 838 3210 et
866 3158 1058 3228 optime
1094 3165 1286 3210 sanctae
1313 3155 1554 3210 secundae
1581 3156 1805 3228 synodo,
1829 3155 2076 3224 apostoli-
2105 3155 2150 3219 C
2185 3161 2475 3228 potuerint,
2503 3159 2647 3231 quod
2681 3161 2754 3216 illi
2784 3163 2934 3217 aiunt
2967 3181 2980 3215 :
3004 3163 3097 3218 sed
3122 3178 3249 3219 cum
3274 3163 3477 3220 addunt
3497 3165 3600 3237 ejus
3625 3161 3739 3218 ονάίι

471 3267 547 3306 ca:
576 3250 713 3306 sedis
743 3251 1049 3305 auctoritate
1078 3249 1224 3320 fulta:
1251 3248 1324 3301 ita
1351 3247 1415 3302 de
1428 3245 1676 3302 Nectario
1707 3247 2072 3320 placuisse(c),

479 3364 601 3420 quae
632 3365 790 3418 quam
825 3347 983 3418 longe
1007 3345 1205 3400 abeant
1231 3345 1299 3399 ab
1327 3343 1435 3409 his,
1463 3358 1583 3414 qua:
1629 3342 1682 3397 in
1716 3341 1818 3399 hac
1844 3341 2076 3414 epistola

481 3444 858 3508 enuntiantur,
889 3456 1050 3498 nemo
1075 3457 1181 3495 non
1203 3437 1371 3494 videt.

549 3535 819 3606 Septimo.
865 3533 947 3589 Ad
1000 3535 1114 3587 hanc
1164 3531 1334 3586 Italici
1383 3529 1664 3601 episcopi,
1724 3529 1935 3585 Meletio
1983 3530 2074 3584 de-

477 3632 677 3701 functo,
703 3625 933 3680 Paulino
962 3625 1234 3689 superstite
1265 3633 1446 3677 contra
1468 3623 1550 3691 [as
1587 3632 1636 3676 et
1675 3622 2078 3677 ecclesiasticum

477 3723 731 3788 ordinem,
758 3720 1078 3776 Flavianum
1115 3735 1217 3772 non
1259 3727 1366 3772 tam
1409 3716 1760 3788 subrogatum,
1790 3732 1944 3784 quant
1990 3732 2080 3770 su-

474 3815 796 3887 perpositum
841 3821 1118 3877 asserunt,
1149 3810 1510 3876 consensione,
1561 3819 1608 3863 et
1638 3808 1854 3863 consilio
1889 3806 2080 3862 Necta-

471 3911 582 3965 rii:
610 3924 717 3980 quo
765 3905 972 3962 inloco
999 3904 1176 3970 vides,
1221 3903 1540 3958 Flavianum
1583 3911 1763 3955 contra
1810 3904 1892 3972 {as
1930 3910 2080 3970 atque

474 4001 879 4058 ecclesiasticum
906 3997 1164 4062 ordinem,
1195 4011 1300 4050 non
1339 4005 1520 4049 contra
1546 4005 1754 4066 pactum
1781 3993 1896 4048 Deo
1941 3999 2080 4048 teste

475 4097 878 4158 conﬁrmatum,
916 4093 1267 4163 subrogatum
1296 4089 1402 4144 dici
1433 4105 1446 4143 :
1481 4095 1538 4142 at
1566 4087 1725 4158 hujus
1769 4086 1908 4158 pacti
1954 4100 2078 4140 cum

475 4190 685 4246 mentio
713 4199 896 4259 aperta
925 4187 994 4242 sit
1023 4185 1077 4240 in
1103 4183 1304 4252 litteris,
1318 4179 1691 4252 Aquileiensis
1717 4178 1961 4243 concilii,
1984 4192 2081 4233 cur

477 4282 583 4338 hoc
619 4282 738 4338 loco
771 4277 1136 4352 przntermissa
1186 4284 1291 4342 est,
1340 4274 1384 4330 si
1431 4272 1753 4328 Ambrosius
1798 4271 2080 4341 utriusque

475 4375 722 4448 cpistola:
751 4385 942 4430 auctor
971 4380 1072 4437 est,
1108 4380 1162 4427 et
1194 4385 1450 4442 inagnum
1471 4382 1673 4433 causae,
1705 4381 1866 4439 quam
1894 4366 2081 4422 tueba-

475 4476 567 4526 tur
593 4467 802 4539 pondus
827 4464 1151 4536 adjiciebat?
1181 4464 1452 4519 Prteterea
1481 4461 1774 4518 Flavianus
1799 4459 2080 4515 ordinatus

2181 3253 2439 3306 nationem
2477 3254 2539 3308 ab
2569 3255 2807 3309 universa
2830 3257 3026 3326 synodo
3071 3267 3364 3327 susceptam
3408 3274 3532 3324 esse,
3583 3263 3740 3327 aperte

2182 3358 2444 3418 praeterea
2475 3348 2706 3419 probant
2754 3366 2874 3405 eam
2901 3351 3376 3420 ConstantinOpoli
3428 3352 3738 3416 celebratam,

2181 3439 2272 3496 ubi
2312 3441 2550 3512 synodus
2575 3443 2803 3498 collecta
2825 3453 2941 3500 erat
2975 3443 3328 3514 ;l'rustraque
3368 3447 3607 3503 Btlnzius
3649 3445 3740 3499 hnc

2181 3535 2346 3589 verba
2399 3534 2687 3606 detorquet
2735 3535 2802 3592 ad
2855 3537 3120 3608 synodum
3157 3537 3514 3596 Antiochense
3561 3539 3744 3608 provin-

2181 3627 2281 3682 cia:
2305 3625 2378 3698 (Ῑ)
2421 3645 2434 3680 :
2465 3641 2585 3681 nam
2613 3628 2656 3681 si
2690 3628 3046 3685 Antiocheam
3072 3632 3369 3699 provinciae
3404 3641 3460 3689 et
3491 3629 3743 3688 Orientalis

2183 3717 2435 3774 dioecesis
2455 3720 2719 3792 episcopi,
2753 3722 2806 3776 in
2833 3739 2993 3776 unum
3021 3725 3223 3779 collecti
3245 3740 3372 3782 eum
3405 3728 3650 3782 canonice
3674 3738 3745 3780 or-

2183 3809 2522 3876 dinaverunt,
2542 3813 2728 3882 procul
2756 3813 2924 3869 dttbio
2945 3817 3475 3889 expenderantjam,
3502 3836 3566 3874 an
3594 3820 3672 3874 ille
3691 3816 3744 3872 ab

2182 3905 2501 3976 episcopatu
2530 3905 2740 3962 ratione
2775 3907 2956 3980 aliqua
2984 3922 3284 3978 arceretur,
3309 3919 3368 3968 ut
3400 3913 3634 3970 ferebant
3653 3911 3744 3967 dis-

2181 3997 2376 4069 ciplina
2405 4006 2461 4053 et
2504 4015 2744 4056 canones
2772 4019 2786 4056 :
2819 4003 3172 4072 quamobrem
3195 4020 3322 4061 cum
3355 4007 3586 4073 additur,
3623 4004 3746 4058 ordi-

2185 4089 2458 4146 nationem
2489 4090 2636 4146 illam
2668 4093 2736 4147 ab
2758 4094 2994 4148 universa
3021 4100 3220 4166 synodo
3274 4109 3582 4167 susceptam
3628 4108 3746 4160 esse,

2182 4183 2341 4239 aliam
2366 4189 2611 4253 Omttitto,
2679 4201 2908 4258 eamque
2945 4190 3255 4259 graviorem
3309 4191 3591 4262 designant
3613 4201 3741 4260 syno-

2182 4273 2335 4341 dum,
2363 4273 3019 4349 Constantinopotitanam
3066 4283 3299 4348 scilicet,
3351 4299 3474 4355 quae
3504 4297 3623 4338 tunc
3647 4294 3750 4346 age-

2182 4371 2362 4438 batur,
2392 4381 2450 4428 ut
2478 4373 2729 4429 Socrates
2759 4385 2945 4444 aperte
2989 4377 3224 4448 explicat
3249 4377 3353 4450 (g).
3387 4377 3663 4449 Gregorius
3684 4374 3750 4429 in-

2183 4480 2348 4536 super
2377 4465 2757 4523 Nazianzenus
2786 4467 2857 4522 ab
2879 4469 3070 4526 amicis
3096 4485 3158 4526 se
3196 4483 3449 4543 rogatum
3471 4472 3566 4537 ait,
3611 4465 3752 4540 turpi-

473 4565 586 4632 jam
613 4560 788 4615 fuerat
816 4557 1192 4614 Antiochenus
1220 4556 1530 4625 episcopus,
1569 4569 1692 4609 eum
1724 4552 1792 4609 de
1824 4552 2074 4608 Nectario
2099 4563 2155 4624 ι)
2180 4572 2285 4628 que
2313 4559 2477 4612 etiam
2499 4570 2616 4615 arte
2649 4567 2942 4638 tentatum,
2984 4571 3043 4616 ut
3092 4561 3521 4622 Flaviano‘cum
3570 4559 3750 4619 exteris

481 4671 552 4711 ne
581 4653 914 4724 cogitaretur
936 4649 1176 4721 quidem.
1233 4649 1366 4704 llem
1396 4648 1737 4704 Sozomenus
1777 4652 1965 4701 narrat
1995 4645 2080 4700 bis

476 4747 661 4806 verbis
689 4746 770 4816 (d)
803 4762 816 4798 :
847 4744 1008 4799 Forte
1034 4742 1370 4798 Diodorus...
1406 4740 1715 4796 Nectarium
1751 4744 2080 4811 conspicatus

474 4859 592 4900 eum
624 4841 921 4915 episcOpatu
949 4838 1164 4909 dignum
1189 4851 1298 4890 esse
1338 4836 1558 4901 censuit,
1605 4834 1877 4905 statimque
1918 4835 1972 4887 in
2002 4835 2083 4887 in-

478 4937 603 4991 timo
630 4934 813 4990 mentis
844 4946 1050 4988 recessu
1081 4927 1389 5000 su/Tragium
1414 4944 1567 4982 suum
1596 4928 1642 4984 ei
1668 4927 1908 4992 contulit,
1939 4929 2082 4982 cani-

475 5031 597 5086 tietn
646 5027 762 5095 viri,
807 5025 1109 5095 vultumque
1155 5022 1441 5077 sacerdotio
1487 5023 1720 5096 dignutn,
1782 5032 1830 5077 et
1873 5038 2080 5077 morum

473 5123 776 5178 suavitatem
807 5117 1160 5174 considerans.
1192 5112 1377 5184 Itaque
1405 5123 1661 5184 tamquam
1684 5113 1901 5169 alterius
1925 5131 2080 5187 nego-

479 5217 538 5272 tii
593 5232 752 5270 causa
787 5228 908 5269 eum
955 5210 1024 5264 ad
1079 5209 1380 5280 episcopum
1419 5207 1795 5262 Antiochenum
1839 5207 2074 5276 deduxit,

479 5310 751 5380 multisque
785 5305 1024 5362 laudibus
1047 5314 1346 5373 prosecutus
1385 5301 1548 5356 oravit
1587 5302 1901 5375 episwpnm,
1933 5313 1986 5357 ut
2012 5303 2080 5358 il-

475 5400 846 5472 lumsn/Tragio
865 5395 1262 5470 suoadjuvaret.
1295 5393 1586 5452 Flavianus
1608 5395 1790 5466 itaque
1805 5393 1914 5465 jam
1939 5409 2079 5466 pra:-

552 5558 643 5632 (a)'
667 5557 734 5632 Β.
762 5557 827 5632 ΕΑ.
852 5555 952 5632 lib.
984 5568 1092 5619 vn,
1123 5566 1250 5632 eap_._
1277 5549 1368 5608 ll.

549 5621 624 5699 (ὁ)
662 5629 816 5694 Apud
843 5626 1013 5699 Const
1061 5624 1282 5699 ep._'_l5,
1315 5638 1369 5676 n.
1403 5621 1458 5699 6_.

549 5629 600 5699 (ὁ
662 5629 816 5694 Apud
843 5629 1013 5682 Const
1061 5641 1147 5694 ep.
1179 5629 1282 5688 15,
1315 5638 1369 5676 n.
1403 5629 1458 5678 6.

545 5629 624 5773 (εξ
660 5701 831 5773 Epist.
865 5698 898 5752 8
920 5698 1129 5773 ἱβοτη).
1159 5694 1512 5773 νεηειλεάίι.

533 5765 626 5872 μ’)
651 5765 894 5838 suo"...
923 5768 1019 5824 lib.
1045 5783 1154 5834 vn,
1184 5783 1304 5838 cap.
1337 5765 1390 5821 8.

2183 4648 2599 4721 sull‘ragaretur,
2633 4663 2762 4708 ante
2790 4653 3074 4710 dimissum
3127 4657 3342 4714 scilicet
3391 4657 3748 4729 episcopatum,

2182 4757 2247 4797 ac
2273 4742 2505 4799 concilio
2529 4743 2648 4811 illo,
2679 4747 2767 4802 cui
2793 4747 3140 4818 praesidebat,
3170 4751 3414 4807 nondum
3455 4752 3661 4814 soluto;
3690 4747 3752 4821 le-

2182 4847 2341 4908 gatur
2369 4846 2477 4894 tota
2501 4839 2618 4910 ejus
2650 4844 2726 4897 rei
2771 4841 2944 4900 series
2986 4843 3400 4916 elegantissime
3446 4847 3514 4904 ab
3562 4861 3625 4904 eo
3671 4843 3751 4899 de-

2181 4931 2382 5002 scripta
2415 4933 2466 4988 in
2497 4937 2740 4991 carmine
2761 4935 2825 4990 de
2879 4936 2997 4992 Vita
3021 4956 3136 4994 sua.
3170 4940 3312 5009 Quid
3371 4941 3538 5014 igitur
3581 4936 3753 5011 negotii

2183 5023 2790 5097 Constantinopolitano
2821 5030 3059 5098 praesuli.
3111 5046 3234 5088 cum
3283 5033 3462 5106 Syriae
3501 5045 3556 5090 et
3591 5030 3755 5089 Orien-

2185 5119 2310 5174 talis
2339 5119 2590 5178 dioecesis
2626 5123 2916 5195 episcOpis,
2970 5135 3030 5181 ut
3069 5127 3190 5196 ejus
3239 5137 3294 5182 et
3345 5137 3658 5184 ceterorum
3696 5121 3755 5177 ab

2184 5216 2520 5272 Antiochena
2565 5217 2695 5274 sede
2743 5217 2889 5274 nulla
2936 5220 3146 5276 ratione
3195 5221 3544 5291 pendentium
3601 5215 3752 5275 studia

2185 5304 2396 5364 fervore
2425 5318 2572 5365 tanto
2600 5312 3059 5382 exquirerentur?
3113 5313 3198 5368 An
3249 5314 3453 5370 deinde
3498 5307 3750 5371 credibile,

2183 5415 2296 5458 rem
2321 5416 2442 5472 qua:
2465 5412 2610 5460 tanta
2641 5405 2940 5461 animorum
2973 5406 3326 5464 contentione
3367 5406 3643 5480 agebatur,
3687 5408 3755 5456 al-

2256 5555 2328 5630 (e)
2373 5558 2446 5613 De
2477 5558 2720 5616 Flavian.
2751 5569 2855 5615 art.
2885 5562 2918 5616 3
2939 5603 2959 5629 ,
2987 5569 3122 5618 tom.
3151 5562 3221 5619 X.

2363 5629 2434 5706 Qe
2463 5631 2784 5706 Gnnc.,_lib.
2815 5649 2930 5699 vm,
2962 5652 3084 5705 cap.
3111 5635 3166 5706 5,
3199 5651 3254 5690 n.
3282 5634 3341 5693 9.

2366 5702 2604 5771 Socrat.,
2636 5703 2730 5759 lib.
2756 5719 2811 5774 ν,
2839 5698 2961 5778 Cap.
2995 5698 3054 5764 8'.
