3950 6330
207 269 289 326 337

1510 258 1734 319 PROLE
1740 259 1980 319 GOMEN
1986 262 2022 317 A
2034 302 2047 316 .

3331 263 3437 321 558

206 394 289 452 que
311 377 371 433 ita
392 372 688 447 urgebatur,
733 381 796 430 ut
844 374 1045 431 vellent
1087 374 1233 430 illam
1281 388 1386 429 uua
1434 373 1738 430 confectam
1766 379 1821 441 Α
1851 373 2156 442 Paulinum,
2180 386 2331 447 atque
2352 376 2641 445 Meletium,
2673 395 2803 449 quos
2830 377 2953 450 ﬁdei
2982 378 3251 435 concinere
3287 390 3443 451 puta-

205 471 330 535 hora,
359 467 539 522 tamdiu
568 465 789 521 dilatam
830 476 1017 537 postea
1054 467 1237 530 fuisse,
1291 476 1350 521 ut
1382 476 1503 537 post
1558 468 1741 538 plures

205 574 373 620 tantum
398 575 596 616 menses
625 561 1013 631 perﬁceretur?
1044 560 1325 616 Postremo
1367 562 1738 632 episcopatum

202 661 257 717 ab
275 658 436 713 eodem
463 656 723 726 Gregorio
754 656 1031 710 dimissum
1062 662 1283 710 constat
1305 663 1426 725 post
1451 654 1741 709 adventum

200 753 547 825 Egyptiorum,
571 765 634 804 ac
655 748 999 804 Macedonum
1024 749 1421 819 episcoporum.
1441 746 1548 802 Cur
1575 746 1743 801 vero?

198 847 305 916 Quia
333 844 421 911 illi,
452 853 500 897 ut
527 852 709 897 ueteres
736 850 782 896 et
812 852 1036 897 recentes
1066 841 1127 895 ab
1158 840 1505 895 Orientalibus
1556 856 1741 910 accep-

198 949 259 993 tas
282 935 584 991 contumelias
614 935 994 1001 ulciscerentur,
1023 946 1175 1004 atque
1203 935 1426 1004 aliquem
1464 933 1568 987 illis
1598 933 1745 987 dolo-

196 1050 281 1087 rem
308 1030 505 1085 uicissim
533 1030 814 1096 inurerent,
844 1044 1083 1085 canones
1114 1029 1167 1084 in
1200 1029 1369 1098 ipsius
1393 1027 1745 1084 translatione

195 1125 386 1180 violatos
408 1122 787 1188 causnbantur,
820 1132 878 1177 ut
908 1122 1049 1179 idem
1080 1122 1377 1193 Gregorius
1398 1123 1494 1177 ait.
1527 1122 1598 1177 At
1625 1138 1746 1191 quin

189 1218 325 1289 justa,
350 1225 401 1272 ut
427 1216 524 1271 hoc
552 1217 718 1273 verbo
765 1228 907 1284 utar,
948 1218 1010 1273 ob
1032 1228 1221 1272 veteres
1273 1228 1597 1287 recentesque
1625 1233 1749 1271 con-

193 1311 410 1377 tuonlias,
440 1311 613 1367 vicem
652 1310 984 1382 rependendi
1025 1327 1187 1367 causa
1240 1312 1463 1367 subesse
1513 1321 1747 1381 poterat,

189 1404 226 1458 si
247 1403 517 1458 Flavianus
562 1404 790 1460 necdum
846 1404 1129 1460 ordinatus
1174 1405 1370 1471 luerat,
1426 1420 1491 1461 ac
1528 1421 1615 1460 res
1657 1404 1747 1459 illa

188 1497 417 1561 confecta,
446 1513 668 1567 prorsus
717 1513 781 1554 ac
826 1497 1082 1554 deﬁnita?
1121 1497 1277 1555 Adde
1324 1498 1565 1564 tandem,
1599 1497 1747 1553 elec-

188 1591 376 1654 tionem,
428 1605 526 1645 seu
580 1590 1008 1661 designationem
1058 1606 1121 1647 ac
1184 1591 1613 1656 ordinationem,
1672 1592 1744 1646 ita

185 1699 339 1739 secum
361 1699 455 1756 pro
470 1694 600 1741 tunc
620 1694 857 1757 recepta,
878 1686 1137 1742 Ecclesiae
1165 1685 1447 1756 disciplina
1472 1685 1748 1741 cohaerere

1845 470 2047 534 bamus,
2075 480 2162 524 aut
2183 472 2313 526 inter
2343 473 2480 543 ipsos
2516 490 2619 544 pax
2643 482 2691 527 et
2733 472 3012 528 concordia
3061 472 3203 528 salvo
3261 474 3444 528 ordine

1844 563 2188 618 ecclesiastico
2217 567 2530 632 conveniret,
2587 576 2674 620 aut
2699 576 2833 621 certe
2857 567 2902 620 si
2932 566 3046 636 quis
3075 582 3251 620 eorum
3280 565 3444 620 altera

1842 659 2114 729 superstite
2168 660 2487 727 decessisset,
2540 658 2687 713 nulla
2740 660 3036 729 subrogatio
3106 660 3161 712 in
3216 658 3444 728 defuncti

1847 751 2014 805 locum
2040 754 2309 822 superstite
2330 753 2491 808 altera
2521 753 2839 825 gigneretur.
2871 753 3067 808 Preces
3092 762 3270 807 autem
3310 767 3445 823 quas

1846 844 2166 901 Ambrosius
2218 855 2505 911 memorat,
2556 863 2665 917 quo
2717 862 2881 914 anno,
2933 862 3107 919 quave
3158 846 3447 903 occasione

1846 937 2153 995 Theodosio
2176 941 2373 995 oblatae
2404 940 2621 1007 iuerint,
2646 940 2757 996 alio
2786 941 2909 997 loco
2939 955 2971 996 a
3001 956 3089 997 me
3110 940 3317 997 dictum
3346 939 3443 1013 (b):

1847 1046 1994 1088 nunc
2032 1032 2176 1103 quod
2229 1032 2296 1087 ad
2348 1049 2461 1087 rem
2504 1037 2716 1097 attinet,
2759 1033 2883 1088 vide
2939 1034 3224 1104 imprimis,
3285 1049 3447 1104 quam

1846 1124 2049 1179 distent
2074 1141 2181 1180 aera
2210 1125 2441 1194 lupinis;
2496 1126 2692 1182 deinde
2715 1126 2872 1182 facile
2899 1127 2995 1181 tibi
3040 1128 3143 1183 erit
3179 1127 3447 1197 judicare,

1848 1233 1917 1272 an
1942 1217 2082 1273 idem
2108 1218 2442 1288 Ambrosius,
2470 1223 2752 1292 utriusque
2772 1220 3015 1291 epistolae
3043 1229 3233 1276 auctor
3251 1221 3450 1277 merito

1849 1313 2062 1368 censeri
2095 1312 2285 1381 possit.

1923 1406 1989 1459 At
2008 1404 2127 1475 quis
2142 1404 2285 1459 illam
2313 1405 2734 1473 consarcinavit,
2760 1421 2934 1477 quave
2949 1406 3187 1462 decausa
3201 1407 3449 1461 eamdem

1850 1497 2010 1553 nobis
2048 1512 2169 1553 cum
2194 1498 2299 1554 hoc
2325 1499 2509 1553 Italico
2537 1499 2769 1555 concilio
2796 1498 3080 1555 obtrusit?
3116 1498 3230 1554 Hoc
3278 1497 3452 1554 fateor

1853 1606 1941 1647 me
1970 1592 2259 1663 ignorare:
2285 1592 2483 1663 siquid
2510 1601 2689 1648 tamen
2722 1592 2982 1647 hariolari
3033 1592 3181 1657 licet,
3233 1592 3455 1662 squalor

1852 1686 2005 1743 latini
2031 1688 2319 1753 sermonis,
2349 1689 2438 1756 qui
2458 1687 2718 1753 Graecam
2746 1688 3040 1760 aliquando
3081 1689 3319 1760 linguam
3355 1670 3456 1744 vsa-

184 1781 515 1839 consuevisse.
544 1789 603 1834 ut
626 1780 741 1835 haec
769 1781 856 1834 vix
888 1796 1141 1851 umquam
1173 1788 1417 1850 separata
1442 1778 1642 1844 fuisse,
1671 1778 1751 1833 vi-
1780 1772 1829 1833 B
1856 1780 1955 1850 pit,
1984 1795 2047 1833 ac
2074 1780 2267 1849 peritia
2295 1780 2474 1851 aliqua
2498 1782 2885 1837 ecclesiasticae
2912 1782 3158 1836 historiae
3188 1796 3312 1836 cum
3338 1780 3458 1851 ejus

182 1870 377 1925 deantur
406 1871 506 1943 (ιι),
533 1883 693 1942 atque
722 1872 844 1928 ideo
874 1873 963 1928 vix
986 1887 1107 1929 esse
1134 1886 1314 1943 posse,
1356 1873 1445 1943 qui
1473 1870 1596 1941 jure
1622 1885 1746 1926 scu-

182 1969 258 2022 tiat
299 1968 610 2023 Flavianum
664 1969 843 2039 ipsum
913 1968 1003 2024 diu
1060 1977 1216 2023 antea
1274 1964 1745 2036 Constantinopoli

181 2060 378 2114 electum
401 2076 463 2116 ac
498 2060 858 2134 designatum,
886 2061 1185 2117 Antiochia:
1210 2058 1407 2115 deinde
1436 2057 1747 2114 consecrari

182 2155 412 2224 potuisse.

236 2246 348 2304 Rrec
375 2258 560 2304 autem
588 2263 709 2304 cum
738 2249 811 2303 ita
839 2248 971 2314 sint,
1025 2262 1316 2320 numquam
1354 2260 1456 2317 ego
1485 2244 1746 2310 adducar,

182 2351 226 2397 ut
246 2343 444 2399 credam
471 2344 765 2413 epistolam
809 2344 954 2398 illam
985 2353 1077 2398 aut
1128 2359 1154 2397 a
1188 2343 1417 2398 Damaso
1467 2341 1750 2411 scriptam,

181 2448 254 2490 aut
279 2438 622 2493 Ambrosium
653 2447 930 2494 auctorem
959 2437 1180 2505 habere,
1210 2445 1301 2492 aut
1328 2437 1562 2507 aliquem
1585 2435 1751 2490 alium

182 2529 366 2585 illorum
399 2541 710 2601 temporum
743 2531 1077 2602 episeopnm,
1102 2546 1288 2586 eorum
1312 2546 1433 2601 qua:
1458 2531 1755 2599 agebantur

183 2620 499 2679 instructum.
556 2622 612 2678 In
647 2639 707 2678 ea
763 2640 891 2679 vero
937 2624 1203 2679 sententia
1259 2623 1431 2694 magis
1476 2623 1756 2693 magisque

181 2715 461 2780 conﬁrmor,
498 2730 625 2771 cum
659 2717 899 2771 animum
942 2715 1164 2771 adverto
1203 2717 1271 2770 ad
1317 2714 1515 2788 stylum
1564 2714 1754 2770 barba-

183 2823 303 2872 rum,
329 2809 698 2869 salebrosum.
746 2809 1060 2873 obscurum,
1094 2824 1157 2865 ac
1201 2825 1229 2863 a
1256 2808 1471 2863 Damasi
1520 2817 1575 2864 et
1627 2814 1757 2862 Am-

184 2898 325 2956 brosii
369 2906 553 2958 nitore
594 2917 657 2956 ac
684 2902 1072 2973 perspicuitate
1115 2903 1375 2957 alienum.
1430 2900 1569 2970 Quid
1612 2900 1754 2955 enim

184 2993 268 3048 sibi
290 2996 468 3051 volunt
503 2996 669 3051 verba
711 2996 799 3051 illa
846 2996 1102 3051 dolentius
1128 2999 1280 3068 forte,
1314 3012 1468 3066 quam
1493 2995 1759 3051 inconsul-

186 3087 269 3140 lius
287 3089 706 3162 iugemiscimus?
730 3088 812 3143 An
842 3088 978 3144 forte
994 3089 1149 3143 dolor
1174 3088 1577 3144 lueratdolendi
1594 3103 1757 3144 causa

1851 1870 2188 1943 ignoratione
2237 1872 2551 1944 conjuncta,
2607 1873 2811 1930 iaciunt
2855 1882 2915 1928 ut
2959 1876 3075 1930 lucc
3111 1888 3140 1928 a
3194 1873 3457 1929 Photiana

1851 1964 2067 2020 olﬁcina
2095 1966 2360 2036 prodiisse
2386 1967 2651 2037 suspicer.
2703 1966 2958 2021 Photium
3011 1965 3256 2037 profecto
3282 1965 3457 2022 versi-

1854 2059 2073 2129 pellem,
2130 2060 2298 2115 multa
2354 2061 2684 2117 conﬁnxisse
2737 2060 3020 2117 iudubium
3050 2070 3182 2117 est:
3212 2076 3278 2115 ea
3326 2076 3460 2116 vero

1854 2154 2131 2225 ﬁgmenta,
2155 2170 2277 2224 qua:
2294 2154 2567 2225 produxit,
2588 2169 2734 2225 saepe
2763 2152 2969 2210 referre
2994 2153 3240 2210 Graecam
3263 2153 3459 2209 dictio-

1855 2265 2002 2314 nem,
2032 2257 2085 2303 et
2112 2264 2141 2303 a
2172 2249 2502 2318 proprietate
2528 2248 2702 2303 Latini
2753 2250 3022 2303 sermonis
3065 2248 3322 2304 recedere
3371 2248 3461 2303 ob-

1855 2350 2142 2398 servarunt
2166 2342 2276 2411 jam
2305 2340 2408 2396 viri
2428 2341 2571 2397 docti
2598 2342 2694 2415 (c).
2723 2340 2961 2396 Nectarii
2992 2350 3249 2412 praeterea
3275 2356 3459 2398 exem-

1857 2438 2028 2509 plum,
2057 2454 2162 2508 quo
2191 2436 2585 2499 ordinationem
2618 2451 2771 2491 suam
2804 2446 3066 2501 tueretur,
3117 2450 3263 2507 saepe
3292 2443 3347 2491 et
3390 2434 3459 2490 ad

1859 2549 2117 2590 nauseam
2141 2549 2310 2605 usque
2331 2536 2567 2603 jactasse
2594 2532 2746 2587 illum
2775 2532 3003 2588 scimus.
3031 2533 3143 2589 Cur
3165 2548 3295 2587 vero
3322 2532 3461 2587 hanc

1859 2643 2072 2699 quoque
2112 2625 2398 2697 epistolam
2447 2624 2542 2679 ille
2591 2640 2701 2680 non
2749 2624 3071 2680 conﬁnxerit
3110 2639 3241 2688 suae,
3274 2634 3460 2680 contra

1859 2719 2211 2792 apostolicam
2242 2718 2446 2784 sedem,
2480 2718 2869 2773 conﬁrmandae
2891 2717 3247 2773 contumaciae
3277 2716 3467 2787 impri-

1862 2813 1966 2869 mis
1988 2813 2261 2879 idoneam,
2286 2819 2343 2866 et
2367 2810 2865 2866 accommodatam?
2888 2811 3145 2877 Accedat,
3162 2809 3461 2881 quodidem

1861 2907 2340 2964 PhotiusMaximo
2370 2904 2576 2978 Cynico
2602 2916 2945 2975 comparatus
2974 2906 3167 2961 merito
3196 2904 3369 2959 fuerat
3393 2903 3464 2959 ab

1862 2998 2137 3055 Hadriano
2161 3014 2319 3069 papa,
2352 2999 2404 3052 in
2429 2998 2623 3053 litteris
2664 2997 2730 3052 ad
2772 2997 3028 3053 Basilium
3080 2997 3463 3067 imperatorem

1864 3093 2103 3163 scriptis,
2134 3091 2289 3162 cujus
2338 3090 2454 3146 haec
2503 3099 2631 3145 sunt
2676 3090 2881 3146 verba:
2934 3089 3118 3161 Neque
3158 3091 3293 3143 enim
3333 3089 3467 3144 inter

186 3161 372 3251 major?
392 3183 607 3250 Quotus
634 3182 779 3237 enim
800 3184 1029 3252 quisque
1055 3191 1158 3249 est,
1205 3182 1295 3252 qui
1328 3181 1399 3236 ita
1453 3181 1760 3252 loquentem
1790 3161 1835 3226 Ο
1868 3161 2115 3241 Photium
2140 3161 2414 3246 merebam,
2453 3191 2499 3236 et
2529 3181 2820 3235 Maximum
2870 3182 3120 3252 Cynicum
3163 3198 3194 3233 ιι
3239 3180 3469 3235 secunda

187 3288 238 3329 ac
264 3278 586 3349 cogitantem
617 3275 794 3331 ferat?
827 3276 1028 3331 Deinde
1049 3275 1175 3345 quid
1209 3273 1436 3331 referam
1480 3275 1763 3330 ineoncin-

190 3385 291 3423 nam
336 3387 479 3441 saepe
547 3370 861 3427 eorumdem
916 3371 1208 3426 verborum
1258 3369 1658 3441 repetitionem,
1709 3378 1768 3423 ut

191 3463 287 3519 lucc
307 3477 445 3535 sunt,
479 3466 630 3521 saluo
658 3466 837 3521 ordine
856 3467 1219 3529 ecclesiastico,
1249 3475 1425 3520 contra
1464 3468 1565 3536 fas,
1593 3476 1643 3519 et
1664 3462 1769 3518 Ec-

190 3555 509 3613 clesiasticunt
570 3556 863 3625 Ordinem;
920 3561 1070 3631 cujus
1125 3557 1417 3629 (Neotarii)
1487 3554 1763 3624 ordinatio,

192 3664 314 3718 quem
359 3654 598 3706 ordinem
647 3651 901 3717 habuerit,
946 3668 1050 3706 non
1096 3652 1346 3706 videmus.
1395 3649 1595 3706 Contra
1640 3663 1770 3704 vero

191 3754 365 3811 quanta
414 3762 608 3801 rerum
658 3748 852 3817 copia,
897 3755 1097 3817 quanta
1142 3746 1431 3801 verborum
1483 3744 1769 3814 elegantia,

193 3850 295 3890 cum
322 3843 720 3895 sententiarum
748 3841 1013 3911 gravitate
1033 3840 1320 3909 conjuncta
1350 3839 1402 3893 in
1439 3840 1503 3894 iis
1546 3838 1769 3905 litteris,

191 3945 306 3999 quas
337 3933 434 3988 hac
464 3934 585 4002 ipsa
616 3933 683 3989 de
710 3949 871 3989 causa
901 3935 1270 4005 Aquileiensis
1290 3934 1504 3990 concilii
1555 3934 1774 3990 nomine

190 4026 499 4084 Ambrosius
526 4043 658 4083 vere
684 4027 995 4084 Theodosio
1023 4028 1266 4098 scripsit!
1306 4026 1601 4098 Utramque
1635 4026 1772 4096 ipse,

188 4115 313 4175 inter
340 4137 397 4176 se
427 4120 686 4177 conferat
712 4121 902 4187 lector,
934 4135 998 4174 ac
1020 4104 1117 4174 Suo
1144 4120 1261 4189 ipse
1283 4119 1486 4189 judicio
1531 4124 1771 4185 censeat,

191 4214 595 4284 anutruqueab
644 4213 833 4315 abditam
877 4230 1035 4267 manu
1070 4214 1303 4282 profeCla
1352 4210 1525 4266 videri
1583 4211 1772 4281 possit.

190 4302 308 4371 Quid
355 4307 603 4367 tandem,
660 4292 802 4376 quod
848 4319 1037 4361 auctor
1081 4305 1276 4360 Italica:
1328 4305 1486 4374 huius
1534 4303 1777 4374 cpistola:

196 4406 411 4465 pactum,
444 4400 597 4473 quod
632 4384 903 4455 ali-letiuni
928 4402 1086 4466 inter,
1133 4410 1195 4454 et
1230 4399 1510 4453 Paulinum
1536 4398 1776 4468 juratum

196 4493 373 4561 luerat,
407 4497 629 4567 quodve
683 4497 1028 4550 concordiam
1073 4495 1383 4550 reddiderat
1425 4494 1778 4548 Antiochenae

1868 3276 2063 3349 synodo
2089 3276 2412 3337 damnatum,
2436 3275 2514 3329 uel
2533 3275 2666 3328 inter
2681 3274 3031 3328 ordinationes
3054 3273 3229 3343 hujus,
3250 3282 3294 3326 et
3323 3272 3469 3328 illius

1869 3373 2211 3429 distinctionis
2239 3372 2439 3444 aliquid
2486 3387 2595 3425 esse
2636 3370 2958 3436 conficimus,
3013 3381 3165 3437 atque
3194 3368 3308 3424 ideo
3354 3369 3473 3439 pari

1871 3468 1973 3538 fine
2003 3468 2286 3539 constringi
2316 3466 2501 3521 debere
2519 3465 2743 3531 videtur,
2767 3465 2854 3535 qui
2881 3480 2976 3533 par
2998 3462 3239 3518 habuisse
3262 3479 3378 3517 cum
3409 3478 3468 3518 eo

1873 3562 2184 3633 principium
2228 3561 2395 3614 modis
2434 3558 2669 3614 omnibus
2723 3557 3087 3627 comprobatur
3130 3556 3259 3627 (d);
3312 3563 3475 3626 atque

1874 3657 1945 3711 ob
1973 3654 2110 3711 hanc
2141 3656 2314 3724 ipsam
2342 3667 2562 3708 causam
2596 3661 2787 3707 octava
2816 3649 3053 3723 synodus
3085 3648 3275 3703 Photio
3322 3664 3470 3702 men-

1875 3752 2139 3807 daciorum
2179 3749 2502 3821 rubricatori,
2549 3746 2741 3800 Photio
2791 3761 2921 3801 novo
2971 3743 3205 3799 Maximo
3256 3741 3474 3814 Cynico,

1876 3843 2159 3899 anathema
2190 3843 2401 3896 dixerat
2429 3859 2442 3893 :
2474 3855 2537 3893 ex
2561 3840 2757 3909 quibus
2785 3838 2952 3905 liquit
2977 3836 3163 3907 quanti
3214 3833 3470 3890 Photium

1877 3940 2158 4003 intererat,
2190 3937 2350 3991 aliam
2378 3933 2592 3989 Maximi
2617 3932 2861 4003 ejusdem
2889 3928 3076 4002 Cynici
3119 3944 3295 3984 causae
3346 3943 3474 3997 spe-

1878 4034 2014 4088 cie‘m
2074 4030 2280 4095 indere,
2345 4044 2506 4100 quam
2552 4042 2674 4096 quae
2725 4040 2911 4081 revera
2965 4024 3158 4078 fuerat.
3198 4020 3473 4091 Quidquid

1881 4138 2013 4179 vero
2043 4122 2235 4178 horum
2272 4121 2360 4189 sit,
2394 4119 2534 4191 quod
2558 4133 2723 4189 porro
2751 4117 2920 4173 asseri
2953 4129 3050 4187 pro
3081 4121 3233 4169 certo
3276 4120 3472 4183 potest,

1881 4219 2013 4276 illud
2045 4219 2216 4288 primo
2266 4226 2368 4284 est,
2398 4223 2522 4286 post
2572 4213 2923 4280 Aquileiense
2970 4209 3287 4273 concilium,
3329 4204 3477 4261 aliud

1881 4314 2044 4371 statui
2079 4329 2184 4369 non
2216 4326 2398 4381 posse,
2421 4307 2565 4380 quod
2593 4305 2917 4362 iutermedio
2940 4303 3043 4358 hoc
3081 4311 3327 4372 tempore
3365 4300 3481 4355 col-

1880 4408 2080 4464 lectum
2105 4406 2270 4461 fuisse
2296 4412 2507 4459 constet
2534 4418 2547 4454 :
2575 4399 2834 4465 secundo,
2860 4397 3141 4468 epistolam
3165 4395 3305 4451 hanc
3328 4394 3484 4464 plura

1884 4501 2188 4563 continere,
2219 4511 2340 4567 quae
2367 4509 2399 4548 a
2428 4494 2655 4549 veritate
2698 4505 2922 4564 prorsus
2969 4489 3147 4544 aliena
3188 4498 3338 4555 sunt,
3396 4497 3484 4543 at-

198 4586 464 4658 Ecclesia;
495 4591 746 4660 ignorare
768 4589 1002 4656 videtur,
1033 4605 1155 4643 cum
1191 4599 1366 4644 tamen
1398 4586 1527 4641 illud
1557 4586 1785 4642 Ambro-
1810 4576 1865 4636 Ῑ)
1892 4608 1996 4665 que
2034 4606 2098 4646 ex
2133 4591 2233 4644 hoc
2286 4588 2461 4658 capite
2493 4583 2877 4641 Mediolanensi
2927 4581 3163 4653 prmsule
3206 4579 3483 4651 indignam

197 4680 268 4735 sio
295 4697 640 4753 pel‘SpCClllm
669 4684 873 4754 optime
900 4682 1081 4737 esset?
1130 4681 1265 4737 Hinc
1311 4679 1619 4735 Theodosio
1659 4678 1786 4732 scri-

202 4772 343 4841 bens,
372 4778 446 4831 ait
475 4796 489 4833 :
518 4776 734 4831 Oblatas
756 4776 932 4847 pietati
954 4783 1133 4829 vestrae
1157 4773 1432 4845 apinnmur
1454 4786 1630 4842 preces
1660 4785 1785 4823 nos-

200 4878 292 4922 tras
312 4872 501 4939 quibus
519 4872 678 4941 jua‘ta
707 4869 926 4939 partium
956 4881 1167 4922 more!
1210 4865 1553 4934 poposcimus,
1608 4870 1662 4915 ut
1708 4862 1790 4916 al-

202 4969 296 5014 tero
344 4964 646 5030 decedente,
689 4979 841 5032 penes
866 4962 1193 5034 superstitem
1249 4956 1499 5013 Ecclesia:
1552 4972 1789 5011 remane-

201 5065 321 5119 rent,
349 5073 441 5110 nec
471 5058 645 5126 aliqua
673 5053 1091 5125 superordinatio
1126 5060 1463 5106 attentaretur
1486 5066 1505 5104 :
1559 5059 1614 5104 at
1660 5064 1789 5103 vero

204 5146 436 5216 alterius,
468 5149 535 5204 de
562 5165 667 5219 qua
698 5149 930 5219 agimus,
959 5146 1219 5217 scriptor,
1252 5144 1356 5198 hoc
1384 5159 1443 5198 se
1489 5142 1791 5213 postulasse

203 5241 457 5312 ait,quod
486 5244 593 5315 jam
626 5245 824 5298 factum
862 5241 1332 5310 constitutumque
1356 5236 1553 5304 fuerat,
1602 5236 1653 5291 id
1685 5248 1788 5304 est,

203 5346 257 5389 ut
282 5340 574 5395 concordia
604 5339 835 5393 iniretur
877 5337 1057 5405 aliqua
1089 5353 1104 5391 :
1154 5332 1542 5403 Scripseramus
1568 5331 1787 5398 dudum,

205 5439 253 5483 ιιι
274 5433 516 5501 quoniam
541 5432 862 5487 Antiocltena
886 5430 1070 5485 civitas
1090 5428 1222 5482 duos
1250 5425 1455 5480 haberet
1501 5423 1791 5493 episcopos,

279 5677 355 5748 (α’)
373 5679 451 5732 De
472 5677 634 5733 Marc.
657 5675 827 5732 Conc.
857 5675 1251 5748 lib.‘vm,Acap_.
1268 5667 1328 5748 β,
1355 5682 1409 5748 n:
1441 5664 1478 5718 2
1502 5678 1518 5729 ;
1540 5661 1807 5748 Thomas-

190 5733 312 5829 an,
334 5733 471 5873 (pugn.
501 5750 561 5815 ll,
585 5750 679 5808 lib.
711 5764 770 5816 ιι,
802 5762 923 5819 cap.
950 5745 1006 5809 s,
1027 5733 1167 5807 nia;
1196 5733 1308 5795 vid.
1337 5738 1519 5801 etiam,
1539 5733 1585 5790 si
1608 5734 1804 5805 placet,

214 5832 327 5873 can.
434 5858 449 5873 .

156 5852 161 5855 -
214 5832 449 5887 cap.18.

1891 4700 2035 4741 esse.
2063 4680 2427 4752 Quamobrem
2478 4678 2522 4732 si
2574 4675 2737 4750 (quod
2795 4689 2959 4730 unum
3000 4669 3270 4744 superest)
3316 4669 3487 4726 Italici

1892 4777 2105 4835 concilii
2131 4774 2349 4829 nomine
2380 4772 2663 4842 episcopos
2695 4768 2900 4837 aliquot
2927 4766 3087 4820 unius
3112 4764 3251 4819 forte
3271 4761 3492 4832 provin-

1894 4870 1991 4926 cite
2015 4868 2324 4937 designatos
2379 4863 2549 4927 dicas,
2604 4860 2699 4932 qui
2741 4875 2860 4915 eam
2914 4856 3189 4913 communi
3242 4852 3487 4918 nomine,

1895 4973 2222 5032 quamquam
2250 4966 2401 5012 extra
2430 4953 2695 5026 synodum
2733 4949 3184 5031 scripserint,eos
3215 4953 3270 5000 te
3294 4943 3492 5000 afferre

1898 5064 2134 5129 oportet,
2162 5053 2251 5123 qui
2279 5066 2484 5116 rerum,
2513 5064 2635 5119 qnze
2664 5045 3011 5117 gerebantur,
3042 5040 3337 5096 inscientes
3371 5052 3494 5091 om-

1900 5148 2027 5205 nino
2079 5145 2299 5211 luerint,
2357 5151 2521 5211 atque
2572 5154 2690 5196 eam
2733 5134 3039 5193 inconsulto
3083 5142 3194 5188 tum
3250 5131 3497 5185 Romano
3546 5176 3555 5185 .

1902 5238 2180 5312 pontiﬁce,
2211 5247 2323 5291 tum
2365 5234 2527 5289 etiam
2568 5230 2859 5287 Ambrosio
2905 5229 3045 5298 ipso,
3092 5224 3332 5280 scribere
3378 5221 3498 5277 ausi

1902 5332 2031 5388 sint.
2058 5331 2240 5402 Atque
2260 5329 2365 5387 hoc
2390 5335 2451 5384 ut
2473 5328 2737 5399 opineris,
2772 5340 2869 5397 per
2892 5338 2981 5380 me
3006 5322 3187 5377 liceat.

1983 5711 2056 5803 ἃς
2087 5711 2324 5803 Aliud}
2352 5725 2507 5803 Ριιοι.
2538 5721 2695 5803 S_yn.,
2724 5716 2905 5803 θερί»
2931 5721 2988 5771 et
3008 5711 3101 5803 μ.

1983 5660 2058 5732 (b)
2079 5658 2207 5732 Vid.
2230 5651 2467 5732 cap.}_5.

1985 5662 2035 5732 (ὁ
2079 5660 2207 5715 Vid.
2230 5670 2348 5725 cap.
2380 5660 2467 5708 ‘15.

1985 5660 2058 5858 (ej
2087 5731 2229 5787 Alat.
2258 5728 2324 5781 de
2352 5725 2507 5803 Ροιιοι.
2538 5721 2695 5792 Syn.,
2724 5730 2845 5788 cap.
2868 5716 2905 5773 3
2931 5721 2988 5771 et
3012 5711 3058 5768 ιε

1985 5808 2001 5869 t
2052 5804 2068 5873 )
2098 5800 2250 5871 Apud
2278 5798 2477 5851 Baron.
2512 5794 2579 5848 ad
2607 5806 2733 5846 ann.
2766 5786 2895 5859 869,
2918 5804 2974 5843 ιι.
3006 5784 3058 5840 5.
