3950 6330
436 299 542 356 55')
1617 303 1938 362 SANCTUS
1976 302 1996 360 1

2123 299 2305 363 A308
2345 303 2427 362 PA
2437 306 2545 362 PA.
3597 319 3683 374 3i0

435 419 462 482 §
499 394 1302 502 εἶιέςιέεξξιξεξξξξιιξξτξζῳιξῇ
1313 417 1737 502 Munatius
1759 435 1784 502 τ
1795 419 2034 502 gignun-
2060 423 2115 483 Α
2139 435 2397 478 concessa
2421 433 2524 487 cst,
2551 424 2642 495 qui
2667 424 2986 482 catholicam
3012 427 3062 481 in
3090 427 3305 484 Oriente
3327 425 3478 486 iidem
3500 432 3690 502 proﬁte-

499 473 967 546 do_edita'epistciaj
989 473 1206 532 Sincera
1229 473 1466 544 haec-cst,
1482 473 1638 546 atque
1665 484 1727 540 ab
1750 482 2030 544 Ambrosio.

501 517 972 593 ξξίζίίζιζ
1661 517 2040 605 δέοεςζῖδῖξᾟξ,
2144 527 2353 586 rentur,
2379 517 2498 572 sive
2527 519 2836 591 Evagrium,
2870 522 2983 575 sive
3007 521 3321 578 Flavianum
3353 536 3688 596 sequeremur;

503 618 602 688 999
627 606 997 688 ξεξηρριζεῗηξξξ
1024 606 2040 688 figitfigit:queggéiiiltmtzﬂﬁﬁiﬁ
2144 610 2373 666 duorum
2444 627 2570 668 vero
2627 613 2694 668 tle
2757 613 2972 685 integro
3043 615 3349 688 episcopatu
3401 617 3692 675 contenden-

504 667 719 742 aprt-ssio
740 670 997 742 refertur}
1020 667 1440 742 cujussentcnti’zp
1482 673 1698 742 rationes
1735 667 2040 742 aﬂ’erunitll"!

501 706 606 796 Hac
619 706 1007 796 recessionei'de
1389 706 1635 794 δ

2147 706 2277 760 tium
2319 722 2498 761 causae
2534 707 2795 777 judicium
2845 707 3148 780 Theophilo
3186 709 3536 767 Alexandrino
3571 730 3693 772 com.

507 791 792 876 ξίςάριιὶξωι
815 807 881 866 ,ει
892 791 1156 876 isto-larunt
1187 803 1415 876 temptare
1453 791 1675 876 agitur“:
1713 795 1851 876 locus
1883 795 2043 876 Δθιξξξιι

2147 798 2370 853 missum
2403 809 2505 866 est,
2532 813 2786 871 supremo
2811 809 2987 857 tamen
3018 804 3322 872 apo~tolicae
3351 801 3488 859 sedis
3523 805 3694 876 judicio

504 851 831 920 Chrysostomi
858 855 1082 920 μηδι-ων,
1109 867 1162 907 et
1203 851 1521 920 explicatur?
1537 872 1593 908 ac
1617 857 1849 907 Paulinus
1870 856 2045 920 Antio-

504 890 1635 984 ξῇὲῇῖέςδξῇᾌῇζσὴξξίέίδξθιζςξίίξᾚδθιὶξξὼξ
1657 890 2045 984 ῖόξὲῖξωδᾚίάξξ
2147 890 2580 948 conﬁrmandum
2617 910 2629 946 :
2661 905 2973 964 speraverat
2995 896 3311 954 Ambrosius
3339 912 3399 951 ex
3427 895 3500 950 Itis
3541 901 3698 968 aquis-

501 977 616 1040 dﬂﬂi
637 980 796 1040 Patris
818 983 1022 1036 editoris
1041 977 1452 1048 interpretatione
1475 977 1764 1034 νὶηάίωιιὶτ.
1938 977 1951 980 -
2148 988 2290 1042 simis
2320 989 2505 1060 synodi
2531 990 2820 1044 constitutis
2837 1033 2852 1055 ,
2871 991 2984 1061 jam
3028 989 3307 1044 remedium
3335 987 3518 1058 datum,
3547 993 3702 1064 ﬁnem-

516 1082 806 1154 Beiiquum
829 1085 993 1144 modo
1035 1095 1144 1151 est,
1193 1094 1253 1142 ut
1299 1085 1504 1158 liquid
1543 1087 1718 1143 diram
1760 1085 1830 1142 de
1874 1086 2042 1140 altera
2147 1099 2248 1154 que
2278 1086 2510 1153 futurum
2533 1083 2827 1139 discordiae.
2859 1086 2929 1139 At
2957 1085 3161 1148 certior
3204 1100 3326 1139 cum
3368 1097 3504 1140 esset
3538 1085 3702 1156 factus,

443 1173 614 1250 Italici
644 1177 861 1240 concilii
892 1177 959 1236 ad
983 1177 1348 1235 Theodosium
1370 1179 1624 1250 epistola.
1655 1179 1812 1250 cujus
1833 1177 2042 1234 initium
2151 1174 2472 1230 Flavianum
2501 1177 2686 1231 iterum
2715 1177 2784 1232 ad
2812 1194 3020 1248 precum
3066 1177 3284 1245 auxilia,
3314 1188 3360 1232 et
3398 1177 3706 1250 imperialium

446 1276 533 1328 est
559 1265 714 1334 Fidei
757 1280 881 1333 tua.
915 1286 1075 1340 quam
1119 1270 1172 1328 in
1208 1273 1312 1332 bac
1349 1273 1566 1340 eadem,
1617 1273 1832 1328 Maximi
1881 1285 2046 1328 causa
2150 1273 2518 1342 rescriptorum
2546 1271 2800 1344 stt/Tragic
2826 1274 3143 1339 remeavisse,
3175 1272 3361 1340 aliam,
3415 1281 3469 1328 ut
3506 1271 3706 1342 videtur,

448 1363 704 1433 scriptam
735 1362 997 1420 hactenus
1023 1374 1280 1436 putarunt
1321 1367 1519 1432 critici,
1575 1366 1874 1438 eademque
1904 1367 2048 1422 inter
2152 1364 2342 1435 synodi
2373 1364 2616 1434 ejusdem
2649 1366 2866 1422 nomine
2910 1365 3194 1437 epistolam
3226 1365 3521 1422 Theodosio
3567 1365 3710 1438 scrip-

447 1454 724 1520 Ambrosii
745 1457 1007 1527 epistolas
1036 1459 1214 1516 locum
1241 1470 1470 1530 occupat
1497 1459 1562 1515 14
1591 1459 1645 1515 in
1670 1461 1910 1518 editione
1937 1459 2044 1517 PP.
2152 1457 2247 1522 sit,
2275 1471 2376 1526 qua
2406 1456 2500 1512 ille
2538 1456 2884 1513 Theodoreto
2909 1465 3047 1514 teste
3077 1458 3250 1512 acrius
3297 1457 3708 1532 perstringebatur.

447 1545 554 1602 BB.
601 1546 753 1615 Hanc
775 1549 958 1620 itaque
981 1563 1136 1622 atque
1159 1566 1223 1608 ac
1245 1553 1379 1606 alias
1400 1554 1689 1624 genuinam
1733 1563 1953 1620 censeo,
1986 1567 2049 1607 ac
2154 1549 2286 1618 Ejus
2308 1564 2504 1620 nempe
2533 1549 2790 1607 facilitate
2813 1550 3034 1618 factum,
3069 1563 3125 1606 ut
3155 1554 3350 1624 [rustra
3376 1561 3616 1606 tantorum
3645 1568 3713 1605 sa-

445 1639 662 1710 dignatn
689 1655 940 1712 prorsus,
971 1658 1092 1712 quae
1116 1643 1402 1700 Ambrosio
1425 1645 1711 1711 tribuatur,
1743 1645 1858 1700 sive
1879 1643 2051 1700 dueno
2157 1641 2418 1696 cerdotum
2448 1645 2596 1714 {usus
2623 1641 2769 1698 labor
2814 1659 2913 1714 pro
2954 1643 3198 1700 adeunda
3244 1643 3490 1717 Capuana
3539 1643 3714 1716 synodo

451 1744 560 1796 tem
590 1734 788 1806 stylnm
815 1737 1151 1806 consideres,
1192 1739 1309 1796 sive
1339 1741 1571 1796 nitorem
1617 1739 1900 1802 orationis.
1934 1741 2051 1796 sive
2157 1743 2477 1805 susceptus:
2508 1734 2706 1790 Iterum
2731 1735 2799 1790 ad
2845 1737 3001 1809 hujus
3040 1737 3217 1792 δίκαιιί
3261 1737 3450 1792 indicia
3495 1746 3716 1794 reverten-

451 1828 846 1894 sententiarum
872 1831 1216 1900 gravitatem,
1245 1833 1360 1888 sive
1393 1835 1630 1888 animum
1656 1845 1784 1888 vere
1827 1842 2049 1902 aposto-
2080 1823 2130 1885 B
2159 1829 2302 1896 dum,
2330 1829 2514 1884 iterum
2543 1829 2612 1882 ad
2637 1831 2907 1904 rescripta,
2958 1833 3142 1888 iterum
3169 1831 3426 1888 vexandos
3470 1829 3718 1886 sacerdotes

453 1919 617 1986 licunt
645 1937 768 1988 ilqu
803 1925 918 1994 pari
945 1924 1208 1997 obsequio
1234 1929 1606 1998 conjunctum,
1631 1941 1740 1999 quo
1765 1927 1859 1982 ille
1883 1927 2054 1996 itnpe-
2161 1935 2329 1988 senes,
2361 1921 2751 1991 transfretanda
2798 1922 2985 1994 mariti,
3025 1925 3209 1978 iterum
3243 1925 3493 1979 invalidas
3538 1936 3719 1994 corpore

454 2016 623 2082 τως)τὶ
646 2018 919 2082 rescribit.
947 2019 1085 2076 Puto
1107 2021 1330 2092 insttper
1354 2021 1594 2077 Flaviani
1619 2023 1894 2093 negotium
1927 2021 2056 2075 Am-
2161 2015 2388 2088 patriam
2417 2017 2686 2088 peregrino
2717 2025 3000 2071 mutaturos
3031 2018 3162 2083 solo,
3185 2018 3374 2072 iterum
3399 2015 3577 2072 altaria
3603 2017 3722 2069 dese-

457 2108 702 2172 brosium
754 2112 1107 2180 peroravisse,
1140 2122 1197 2167 ut
1237 2113 1382 2168 illam
1423 2113 1709 2181 scriberet,
1759 2113 1902 2183 Quod
1947 2125 2055 2167 non
2159 2109 2342 2174 renda,
2374 2115 2429 2162 ut
2480 2109 2534 2163 in
2589 2109 2872 2179 longinqua
2915 2109 3355 2182 proﬁciscantur;
3405 2110 3588 2162 interea
3629 2122 3722 2160 vero

459 2199 692 2260 obscure
715 2200 884 2272 liqoet
904 2216 972 2260 ex
1004 2201 1090 2262 his
1137 2203 1383 2274 ejusdem
1435 2205 1618 2259 verbis
1647 2225 1660 2259 :
1692 2204 1880 2259 Dolori
1920 2206 2057 2258 enim
2165 2195 2456 2254 Flavianus
2481 2201 2624 2254 solus
2654 2201 2804 2256 exlex
2831 2202 2919 2269 sit,
2953 2204 3042 2274 qui
3094 2218 3272 2272 neque
3306 2203 3536 2272 Capuam
3573 2214 3726 2258 acces-

459 2303 591 2360 crat,
620 2295 752 2358 inter
785 2295 1072 2356 Orientales
1097 2306 1145 2352 et
1177 2297 1535 2354 Occidentales
1559 2301 1848 2371 interrupta
1897 2315 2061 2354 sacra!
2165 2301 2334 2358 serat,
2354 2305 2528 2363 neque
2545 2291 2865 2364 prtcstitutis
2887 2310 2914 2346 a
2930 2293 3136 2366 synodo
3156 2291 3428 2364 judicibus
3444 2292 3726 2363 prwsentiam

459 2389 836 2452 caminunionis
856 2406 966 2450 esse
993 2392 1300 2447 commercia
1333 2407 1353 2458 ς
1399 2391 1666 2462 siquidem
1701 2398 1915 2447 constat
1958 2391 2062 2447 hoc
2167 2388 2357 2457 fecerat
2388 2385 2517 2439 sui:
2560 2385 2676 2440 haec
2729 2387 2872 2441 enim
2915 2401 3037 2442 cum
3100 2385 3422 2441 Ambrosius
3465 2381 3728 2454 Theophila

460 2480 758 2550 contigisse
807 2484 879 2538 ob
925 2499 1086 2544 unam
1140 2484 1380 2541 Flaviani
1460 2486 1880 2542 ordinationem.
1924 2486 2060 2542 Cum
2167 2477 2540 2534 Alexandrino
2579 2488 2709 2535 tune
2749 2480 3030 2550 scripserit
3075 2477 3171 2552 (ὁ),
3234 2479 3327 2534 vix
3365 2479 3602 2550 putamus
3640 2489 3728 2534 non

465 2574 648 2648 itaque
669 2575 972 2644 Orientales
1001 2587 1123 2647 post
1147 2578 1359 2638 Paulini
1385 2591 1639 2646 mortem,
1671 2580 1827 2652 hujus
1854 2580 2064 2636 dissidii
2169 2569 2381 2637 eadem.
2414 2570 2627 2640 ηιίειίιιιθ
2655 2571 2821 2626 simili
2846 2569 3234 2627 vehementiori
3271 2571 3478 2625 ratione
3515 2565 3732 2624 Theodo-

467 2667 680 2736 culpam
710 2667 1152 2734 Occidentalibus
1190 2670 1560 2738 ascriberent,
1615 2674 1707 2742 qui
1753 2673 2064 2744 Evagrlum,
2170 2665 2253 2719 sic
2271 2663 2576 2735 scripsisse,
2599 2665 2754 2736 cuius
2778 2666 3118 2736 potissimum
3147 2668 3306 2736 culpa
3355 2665 3468 2720 haec
3517 2663 3729 2734 conlige-

469 2758 858 2828 utvidabatnr,
898 2761 1178 2833 illegitime
1206 2762 1517 2820 ordinatum
1561 2763 1821 2819 Flaviano
1869 2774 2071 2834 prtetu-
2172 2767 2312 2813 rant.
2351 2758 2484 2813 ilinc
2514 2773 2642 2814 vero
2673 2763 2870 2815 factum
2926 2769 3030 2826 est,
3081 2769 3138 2814 ιιι
3167 2776 3293 2813 cum
3320 2761 3600 2830 imperator
3641 2772 3734 2825 per-

472 2851 648 2918 ierant
669 2850 773 2924 (tt),
804 2855 1146 2922 Ambrosius,
1173 2857 1266 2928 qui
1295 2872 1404 2914 uno
1429 2857 1778 2924 paciﬁcanda:
1808 2857 2070 2914 Ecclesia:
2173 2854 2380 2908 strictus
2412 2854 2588 2909 acrius
2619 2854 3010 2932 rescripsisset,
3047 2853 3339 2910 Ambrosio
3389 2868 3568 2908 ansam
3595 2849 3732 2906 dedc—

470 2943 657 3000 studio
703 2947 1002 3014 tenebatur,
1063 2956 1227 3019 atque
1272 2959 1577 3019 opportuna
1619 2949 1687 3004 ad
1739 2965 1863 3005 cum
1908 2949 2070 3005 linem
2176 2950 2247 3005 rit
2268 2951 2538 3006 scribendi
2567 2959 2840 3020 postretno
2881 2950 3165 3023 epistolam
3222 2949 3407 3015 illam,
3455 2963 3602 3019 quam
3642 2945 3738 3002 Sir-

477 3033 715 3091 subsidia
744 3037 1042 3108 quaerebat,
1069 3048 1180 3106 tum
1205 3043 1261 3100 in
1289 3040 1388 3096 hac
1426 3041 1678 3110 epistola.
1727 3049 1839 3098 tum
1881 3040 1937 3097 in
1965 3041 2071 3098 alia
2179 3043 2411 3099 mundus
2459 3043 2626 3099 italici
2673 3044 2888 3099 concilii
2929 3043 3150 3098 nomine
3207 3043 3553 3122 inscriptam,
3601 3036 3736 3094 veluti

473 3143 634 3198 quam
658 3128 957 3201 'Ulettphiio
979 3130 1346 3199 Menandrum
1374 3133 1587 3200 eadem,
1619 3134 1675 3190 ni
1707 3134 1888 3202 fallor,
1915 3149 2076 3191 occa-
2130 3207 2137 3208 γ
2180 3151 2325 3202 eam,
2349 3151 2469 3207 qua:
2498 3133 2767 3204 Capuamr
2795 3134 2986 3208 synodi
3027 3149 3186 3206 pars,
3240 3145 3301 3201 et
3339 3133 3574 3190 accessio
3599 3137 3737 3196 esset,

477 3221 633 3286 sione
665 3223 961 3296 inscripsit,
995 3227 1171 3292 neutri
1203 3229 1432 3296 partium
1457 3227 1622 3296 favet,
1647 3241 1894 3285 neutrum
1917 3228 2075 3284 dam-
2105 3207 2152 3274 Ο
2185 3229 2237 3285 in
2269 3229 2444 3284 lucem
2501 3231 2738 3300 protulit.
2778 3207 2909 3284 Eam
2951 3228 3134 3302 utiqne
3180 3225 3493 3284 deliniendo
3541 3225 3740 3300 impera-

477 3325 568 3373 "31
596 3325 807 3386 aperte.
840 3333 1016 3390 neque
1043 3335 1106 3380 se
1133 3320 1187 3380 in
1207 3335 1327 3379 eam
1355 3321 1776 3390 disputationem
1807 3321 2073 3392 immittit,
2186 3325 2318 3380 toris
2347 3323 2527 3378 animo
2556 3322 2711 3378 unice
2733 3331 3098 3393 comparatam
3120 3329 3339 3378 censtat
3370 3341 3383 3378 :
3435 3335 3540 3377 uno
3570 3319 3742 3375 scilicet

479 3417 768 3486 illiillic?“
802 3428 1218 3484 quorumsrrars
1242 3432 1519 3485 «inoratare
1562 3417 1746 3472 delicto
1798 3418 1855 3472 id
1900 3433 2080 3473 evene-
2185 3418 2332 3489 pacis
2372 3414 2556 3470 studio
2612 3413 2872 3470 adductos
2920 3413 3089 3470 italia:
3139 3416 3427 3484 OlliSCOpOS
3475 3409 3744 3468 Theodosio

480 3512 585 3565 ναι,
611 3518 675 3566 ne
701 3519 868 3568 “fere
889 3505 1117 3577 fabulas.
1139 3515 1190 3572 οἱ
1213 3507 1418 3577 eloquia
1445 3527 1595 3567 cassa
1629 3511 1908 3568 uideretur.
1937 3511 2080 3566 Con-
2185 3511 2494 3581 scripsisse,
2526 3525 2759 3581 eumque
2795 3522 3102 3566 currentem
3131 3509 3239 3579 jam
3270 3510 3514 3564 hortatos
3541 3520 3670 3570 esse,
3701 3513 3746 3562 ut

482 3602 591 3658 Sitti
629 3594 812 3674 ἱιείιιις
837 3598 976 3656 hanc
1003 3601 1359 3669 otiietclamin
1379 3603 1618 3660 Flaviani
1641 3620 1802 3660 causa
1823 3607 2080 3676 scriptam
2187 3607 2327 3662 hanc
2353 3605 2614 3662 restituite
2642 3605 2875 3678 publica:
2903 3605 3049 3676 pacis
3069 3605 3301 3676 gloriam
3324 3604 3426 3660 sibi
3466 3604 3550 3658 uni
3588 3599 3745 3672 acqui-

487 3699 820 3764 εδεβηθιαηει
871 3706 940 3756 co
988 3695 1284 3764 respicere.
1319 3697 1387 3754 At
1435 3712 1540 3768 qua
1588 3700 1875 3756 occasione
1905 3715 2084 3769 quove
2189 3711 2337 3757 reret
2373 3715 2388 3756 :
2419 3699 2608 3756 dolere
2638 3717 2697 3756 se
2749 3701 2802 3756 id
2849 3699 3044 3756 frustra
3077 3702 3346 3766 cessisse,
3401 3716 3498 3756 nec
3539 3707 3749 3770 quazrrrc

486 3780 766 3850 tempore?
793 3781 912 3852 Non
938 3783 1032 3850 diu
1057 3785 1302 3858 proiecto
1323 3796 1445 3859 post
1467 3788 1774 3860 Capuanum
1791 3793 2080 3865 synodum.
2190 3795 2348 3862 velle,
2399 3793 2552 3864 cujus
2601 3794 2758 3865 culpa
2806 3791 3002 3848 factum
3036 3811 3050 3848 :
3104 3804 3366 3848 cazterum
3406 3808 3526 3848 cum
3559 3805 3644 3864 per
3675 3797 3750 3840 eos

487 3867 789 3950 Utrumque
821 3874 978 3942 nobis
1002 3876 1208 3942 indicat
1237 3890 1348 3935 tum
1374 3883 1713 3950 Ambrosius,
1744 3894 1858 3940 tum
1901 3885 2086 3942 'i‘heo-
2193 3902 2300 3943 non
2331 3887 2564 3950 steterit,
2619 3885 2907 3952 quominus
2935 3887 3123 3956 ingens
3149 3886 3272 3947 hoc,
3323 3889 3656 3958 cptatutnque
3677 3875 3752 3931 bo-

489 3963 735 4031 doretus,
748 3967 842 4038 qui
857 3977 1036 4034 tamen
1057 3968 1190 4030 falsa
1213 3973 1357 4030 veris
1377 3976 1702 4046 miscet,pro
1721 3988 1911 4046 aperto
1923 3981 2087 4034 suoin
2192 3987 2323 4036 nam
2351 3981 2709 4050 comingeret,
2750 3987 2810 4034 s‘e
2835 3979 3061 4034 crimine
3092 3989 3292 4032 vacuos
3320 3989 3463 4042 esse,
3503 3984 3648 4044 atque
3671 3969 3752 4024 hoc

492 4069 673 4128 partes
708 4059 962 4128 Flaviani
992 4065 1197 4123 studio.
1246 4068 1378 4124 Nam
1405 4085 1527 4126 cum
1573 4072 1800 4127 Paulino
1833 4073 2092 4130 defuncto
2196 4074 2389 4130 saltem
2419 4087 2480 4128 se
2510 4082 2686 4127 tamen
2731 4081 3033 4138 asseculos,
3087 4085 3154 4126 ne
3207 4070 3492 4126 videantur
3535 4067 3754 4132 deinceps

491 4153 804 4224 diuturnum
855 4157 1210 4222 Antiocheam
1279 4161 1538 4222 Ecclesia
1589 4164 1874 4222 discidium
1930 4168 2092 4229 mini-
2196 4166 2554 4222 Orientalium
2585 4165 2899 4221 societatem
2931 4165 3255 4238 neglexisse,
3288 4177 3556 4235 parvoque
3583 4161 3630 4216 in
3655 4170 3753 4228 pre-

494 4265 583 4314 me
621 4251 920 4320 extinctum
963 4263 1128 4321 esset,
1179 4256 1277 4312 sed
1331 4257 1385 4318 in
1419 4258 1649 4329 Evagrio
1675 4259 1920 4327 ejusdem
1965 4275 2090 4316 suc-
2201 4263 2276 4317 tio
2303 4260 2555 4316 habuisse
2581 4278 2594 4314 :
2619 4259 2999 4316 Occidentales
3040 4244 3328 4336 episcopi}
3379 4259 3481 4314 sibi
3533 4253 3756 4313 indixisse

495 4355 734 4412 cessere,
770 4347 1050 4418 utriusque
1078 4348 1290 4420 imperii
1317 4350 1591 4414 Ecclesiae
1619 4351 1858 4408 divulsus
1885 4361 2099 4410 teneret
2201 4353 2462 4416 laborem,
2496 4350 2814 4423 utCapuam
2841 4352 3187 4418 accederent,
3238 4341 3428 4407 nonin
3467 4349 3622 4405 italia:
3660 4356 3756 4414 gra-

497 4434 694 4504 adhttc,
723 4453 830 4496 non
859 4441 978 4496 sine
997 4439 1290 4504 Theodttsii
1322 4451 1448 4504 tunc
1474 4444 1661 4502 Romae
1708 4447 1920 4514 agentis
1960 4461 2093 4502 ocn-
2203 4450 2354 4510 tiam,
2385 4455 2478 4502 aut
2504 4445 2713 4515 Galliae,
2745 4454 2835 4502 aut
2863 4445 3081 4511 Africae,
3107 4461 3226 4517 qua:
3259 4439 3758 4510 concordi,religione
3809 4449 3815 4456 '

496 4527 622 4594 Silio
644 4527 1003 4598 deliberatum
1025 4535 1200 4596 estde
1223 4537 1575 4596 convocanda
1601 4539 1653 4596 in
1682 4537 1834 4596 Italia
1855 4540 2098 4611 generali
2128 4609 2156 4611 _
2204 4540 2492 4606 ﬂorebant,
2544 4539 2640 4594 sed
2693 4547 2750 4594 ut
2789 4556 2868 4606 ea,
2923 4555 3038 4609 qua:
3075 4539 3482 4593 communionem
3538 4551 3597 4589 ex
3641 4535 3760 4604 pum

500 4619 734 4692 synodo,
787 4639 906 4692 quae
927 4639 1148 4684 causam
1201 4628 1347 4684 illam
1388 4642 1775 4700 cognosceret,
1829 4609 1895 4688 ac
1935 4633 2098 4692 ﬁnem
2125 4609 2180 4670 Ῑ)
2209 4631 2433 4687 Orientis
2487 4629 2844 4697 turbaverant,
2893 4630 2948 4684 in
2995 4645 3054 4684 ea
3099 4629 3296 4700 synodo
3353 4630 3759 4699 cognoscerentnr,

501 4711 783 4778 schismati
807 4714 1097 4787 aliquando
1125 4718 1447 4788 imponeret.
1497 4723 1634 4778 iiuic
1676 4726 1886 4797 synodo
1917 4725 2102 4782 'l‘heo-
2205 4733 2367 4796 atque
2391 4725 2459 4778 ita
2483 4723 2771 4794 aliquando
2799 4723 2966 4776 omnis
2993 4738 3020 4776 e
3067 4723 3234 4775 medio
3278 4721 3549 4793 scrupulus
3591 4715 3762 4770 tollere-

503 4802 694 4868 dosius
737 4803 857 4876 ipse
877 4805 1313 4868 Occidentalibus
1361 4814 1632 4886 cpisccpis
1669 4832 1822 4889 spem
1875 4818 2096 4888 fecerat,
2207 4830 2310 4875 tur.
2327 4819 2458 4887 Quia
2480 4832 2609 4872 vero
2638 4815 2957 4872 Ambrosius
2983 4815 3363 4886 imperatorem
3385 4811 3760 4884 perstrinxerat,

503 4900 755 4968 daturum
783 4917 843 4968 se
869 4916 1112 4972 cperam,
1146 4914 1204 4960 ut
1231 4905 1528 4966 Flavianus
1551 4912 1754 4982 aliique
1787 4928 1853 4970 ex
1879 4913 2102 4972 Oriente
2207 4910 2352 4979 quod
2381 4919 2526 4965 esset
2546 4925 2611 4964 ex
2633 4909 2752 4980 ejus
2805 4907 3063 4964 facilitate
3113 4908 3310 4963 factum
3335 4949 3349 4974 ,
3405 4915 3464 4961 ut
3513 4902 3763 4959 Flavianus

505 4993 747 5064 episcopi
775 4993 1070 5065 adessent.
1107 4997 1395 5069 Postquam
1437 5002 1599 5072 igitur
1642 5005 1805 5061 rebus
1851 5009 1904 5061 in
1953 5007 2100 5064 italia
2208 5005 2514 5074 Capuanam
2543 5003 2809 5076 synodum
2850 5001 3252 5066 declinavisset,
3278 5002 3504 5071 ejusque
3539 5001 3762 5068 praeterea

505 5085 820 5156 pacatisille
837 5087 1182 5158 discesserat,
1205 5092 1404 5150 indicta
1427 5103 1512 5151 est
1531 5094 1731 5168 Capua:
1752 5113 1816 5154 ea
1837 5100 2096 5171 synodus,
2171 5103 2174 5106 ’
2209 5099 2520 5154 constitutis
2549 5113 2740 5168 parere
2770 5095 2940 5152 nollet
2973 5109 2988 5160 ;
3023 5097 3069 5150 is
3096 5106 3274 5150 autem
3301 5105 3489 5150 contra
3548 5091 3675 5145 forte
3697 5097 3766 5139 re-

507 5193 574 5244 ae
597 5178 890 5246 Flavianus
911 5197 942 5240 ο
984 5183 1294 5242 Theodosio
1331 5187 1857 5263 Constantinopolim
1898 5196 2102 5250 accitus
2212 5195 2526 5262 scripserat,
2558 5205 2676 5246 eam
2708 5189 2902 5245 merito
2933 5203 2960 5244 a
2991 5187 3247 5244 Flaviano
3291 5187 3608 5242 declinatam
3628 5221 3642 5246 ,
3672 5186 3763 5230 tum

507 5282 612 5341 est.
633 5283 692 5329 ιιι
715 5275 842 5341 inde
865 5274 1085 5344 Romani
1102 5281 1400 5350 nauigaret.
1428 5282 1602 5339 Athic
1619 5295 1874 5340 causatus
1893 5287 2108 5343 hiemem
2211 5284 2354 5355 quod
2405 5282 2782 5339 Occidentales
2833 5283 3060 5352 Evagrio
3108 5281 3434 5345 studerent,
3487 5287 3593 5331 tum
3647 5263 3766 5340 quod

502 5369 620 5440 iam
648 5383 778 5432 εδει,
808 5369 1416 5440 ρουίθὲιυειιιιι,ίριεαηιο
1432 5393 1641 5444 urs,se
1666 5379 1919 5449 insperata
1943 5383 2111 5451 factu-
2214 5376 2351 5434 nihil
2375 5377 2514 5448 juris
2565 5377 2616 5432 in
2665 5376 2969 5430 Orientales
3009 5371 3289 5438 haberent,
3346 5366 3617 5442 respondit
3655 5359 3767 5416 alter

509 5477 648 5528 rum,
677 5462 732 5515 in
760 5463 1358 5531 patriamreuertit.Cum
1388 5482 1517 5522 vero
1545 5467 1636 5522 ille
1661 5468 1860 5524 frustra
1887 5485 2114 5542 ex5pec-
2214 5471 2314 5525 hac
2345 5471 2459 5540 ipsa
2488 5467 2738 5540 cpistola,
2767 5466 3144 5523 Occidentales
3172 5461 3463 5519 cont-ilium
3503 5455 3767 5532 postulasse

513 5559 676 5618 tatus,
709 5567 819 5608 non
843 5555 1058 5611 adesset
1104 5557 1410 5628 praestituto
1465 5569 1742 5630 tempore,
1803 5561 1980 5618 habita
2027 5574 2113 5622 est
2215 5579 2280 5618 ex
2316 5561 2449 5632 ipsis
2473 5563 2632 5617 etiam
2664 5551 3028 5616 Orientalibus
3064 5555 3521 5628 congregandum,
3569 5547 3768 5605 nullam-

514 5643 722 5701 interea
748 5646 949 5705 indicta
977 5649 1240 5720 synodus,
1281 5666 1388 5722 qua
1429 5654 1742 5722 communio
1769 5653 1834 5710 iis
1863 5655 2113 5722 omnibus
2216 5673 2318 5740 que
2355 5656 2580 5732 proinde
2606 5664 2698 5726 aut
2723 5657 2903 5722 nimiae
2933 5653 3207 5720 facilitatis
3243 5659 3336 5720 aut
3373 5648 3600 5732 partiti!!!
3630 5632 3767 5706 ειυάίί

585 5833 664 5914 (a)
686 5830 992 5904 Tlteodcr.,
1023 5836 1088 5896 ll.
1123 5835 1184 5900 Ε.
1216 5836 1316 5896 lib.
1340 5853 1396 5906 ν,
1427 5849 1551 5918 cap.
1580 5836 1672 5895 85.

1132 5836 1184 5900 Ε.
1216 5836 1316 5896 lib.
1340 5853 1396 5906 ν,
1427 5849 1551 5918 cap.
1580 5836 1672 5895 85.
2291 5837 2368 5915 (ὁ)
2397 5837 2567 5916 Epist.
2601 5835 2692 5898 5,6.
