3878 6346
38 312 134 372 541

1406 315 1948 375 ΡιιοιεοοιιεαΑ.

3223 317 3330 374 542

35 433 392 503 suspicionem
422 432 476 487 in
502 446 600 489 eos
623 432 819 490 cadere
842 435 1118 504 potuisse:
1162 434 1361 491 deinde
1402 450 1465 490 se
1512 451 1615 490 non
1639 437 1691 497 Δ
1719 435 1865 504 cipit.
1895 432 2152 491 Ceterum
2192 433 2618 490 Thessalonicam
2652 450 2976 505 progressus,
3003 450 3245 507 magnum
3277 435 3333 490 in

34 525 331 591 deﬁniendi,
357 525 448 580 sed
472 525 757 580 instruendi
775 528 962 596 gratia,
997 541 1174 582 causa:
1202 526 1361 596 hujus
1388 542 1615 584 examen

34 620 313 690 delegasse
365 618 669 689 Theophila
724 618 1112 686 Alexandrino,
1179 619 1269 674 cui
1329 618 1617 675 Flavianus

34 716 225 770 sistere
253 729 311 770 se
335 714 635 778 debuerat;
661 721 820 782 atque
846 712 1072 779 idcirco,
1103 713 1195 784 qui
1220 712 1444 768 alterius
1473 713 1618 769 arbi—

37 815 137 868 trio
161 829 270 868 rem
301 811 704 874 commiserant,
734 810 879 865 salva
895 819 1074 865 tamen
1100 824 1358 879 suprema
1386 809 1616 864 Romani

33 906 265 978 episcopi
316 906 636 961 auctoritate
663 918 694 957 a
730 919 837 973 quo
864 903 1127 974 judicium
1186 902 1612 957 conﬁrmandum

31 1010 189 1067 esset,
216 1002 414 1073 justum
441 1000 612 1071 potius
640 998 910 1071 judicium
934 996 1240 1069 postulasse,
1284 1012 1438 1067 quam
1468 996 1615 1050 detu-

33 1097 147 1150 lisse
170 1095 527 1167 pmjudicium
551 1109 571 1148 :
598 1093 894 1148 existimari
923 1107 1028 1146 non
1054 1106 1234 1163 posse,
1287 1090 1506 1162 aliquod
1546 1091 1614 1146 ab

29 1188 450 1245 Occidentalibus
476 1192 675 1259 factum
719 1186 1085 1242 Orientalibus
1131 1187 1442 1252 convicium,
1497 1202 1614 1239 cum

34 1281 337 1353 postulatum
356 1281 635 1335 concilium
660 1280 780 1349 fuit.
808 1280 874 1334 ad
906 1279 1046 1349 quod
1074 1278 1151 1334 illi
1195 1293 1407 1350 quoque
1436 1277 1613 1333 vocati

30 1373 270 1437 iuuerunt;
299 1384 409 1427 tum
434 1373 582 1442 quia,
611 1387 721 1442 quo
745 1371 1085 1442 frequentior
1105 1380 1188 1426 est
1229 1372 1608 1441 episcoporum

32 1481 298 1529 numerus,
352 1482 419 1521 eo
445 1466 639 1522 melior
681 1477 737 1521 et
782 1465 1079 1520 consultior
1128 1464 1450 1519 deliberatio
1483 1473 1605 1529 est;

31 1570 132 1614 tum
185 1560 310 1631 quia
353 1558 662 1615 Orientales
722 1559 821 1628 ipsi
871 1556 1314 1614 Occidentalibus
1358 1559 1608 1628 exemplo

28 1652 360 1724 prmiserant,
389 1668 505 1706 cum
539 1651 737 1706 Paulus
759 1650 1361 1721 Constantinopolitanus
1401 1651 1609 1721 presby-

31 1756 99 1800 ter
122 1747 256 1798 intra
283 1743 533 1798 Achaiam
559 1745 814 1815 synodum
863 1743 1207 1798 Orientalium
1253 1746 1412 1814 juxta
1455 1753 1606 1813 atque

1731 528 2035 583 Macedonia
2062 529 2337 583 tumultum
2360 528 2599 598 oﬂmdit.
2653 528 2914 601 Quotquot
2956 530 3094 585 enim
3123 530 3329 584 barbari

1721 625 1860 678 intra
1884 625 2096 693 paludes
2124 633 2175 679 et
2200 628 2467 695 proximas
2490 626 2649 681 silvas
2683 642 2747 680 ea
2776 629 2938 698 priori
2970 628 3328 683 Romanorum

1721 718 2048 787 expeditione
2073 717 2203 771 salvi
2231 728 2515 784 euaserant,
2544 736 2608 773 ex
2636 719 2837 774 Italicis
2860 720 3136 776 Theodosii
3171 738 3328 775 occu-

1723 812 2015 882 pationibus
2042 812 2268 876 excitati,
2301 811 2666 866 Macedoniam
2698 812 3114 885 Thessaliamque
3141 813 3325 881 eﬂ'use,

1721 906 1865 958 nullo
1887 905 2175 971 resistente,
2200 904 2617 974 populabantur;
2642 904 2935 961 Theodosio
2965 923 3084 962 vero
3105 905 3331 961 Thessa—

1719 999 1941 1052 lonicam
1966 1013 2221 1069 regresso,
2254 998 2308 1050 in
2334 998 2449 1051 loca
2490 1014 2545 1051 se
2578 997 2754 1052 abdita
2790 1000 3132 1064 contulerant,
3173 1009 3326 1067 atque

1718 1091 2042 1146 illucescente
2068 1092 2152 1145 die
2178 1102 2517 1161 erumpentes,
2539 1094 2781 1161 proxima
2809 1095 2981 1148 omnia
2999 1095 3113 1148 loca
3141 1094 3329 1164 infesta

1718 1185 1971 1240 habebant
2008 1186 2106 1257 (ὁ).
2171 1186 2368 1240 Errant
2398 1186 2558 1255 igitur
2586 1185 2678 1257 qui
2710 1197 2886 1242 m0tus
2926 1188 3048 1241 illos
3082 1187 3329 1260 Illyricos

1716 1297 1944 1351 quorum
1973 1279 2025 1335 in
2056 1296 2116 1336 ea
2148 1281 2379 1351 epistola
2411 1281 2616 1336 mentio
2638 1291 2762 1347 est,
2812 1280 3062 1337 referunt
3111 1284 3177 1336 ad
3209 1281 3319 1337 Go-

1715 1376 1915 1431 thicum
1944 1376 2165 1443 bellum,
2194 1390 2257 1429 ac
2285 1376 2600 1441 concilium,
2632 1375 2774 1446 quod
2801 1377 2872 1430 oh
2893 1376 3112 1431 eosdem
3141 1384 3323 1431 motus

1715 1473 1767 1527 in
1801 1471 1947 1525 Italia
1992 1480 2348 1525 convocatum
2387 1471 2642 1525 scribitur
2673 1512 2686 1535 ,
2741 1470 2871 1524 illud
2920 1485 3043 1525 esse
3084 1469 3271 1524 volunt
3302 1511 3315 1535 ,

1710 1564 1855 1636 quod
1883 1580 2026 1618 anno
2053 1563 2159 1619 382
2187 1573 2419 1620 exeunte
2444 1606 2460 1631 ,
2512 1565 2696 1619 Romae
2746 1579 2776 1617 a
2806 1565 3036 1618 Damaso
3083 1564 3331 1618 celebra-

1713 1670 1824 1714 tum
1857 1658 1993 1723 fuit;
2023 1656 2309 1713 Gothicum
2340 1658 2483 1713 cnim
2513 1658 2715 1713 bellum
2748 1672 2867 1710 cum
2898 1672 3042 1711 anno
3065 1658 3173 1713 580
3194 1671 3330 1711 C0"-

1711 1750 1908 1806 fectum
1936 1766 2176 1820 prorsus,
2208 1760 2371 1822 atque
2399 1751 2547 1805 omni
2577 1767 2642 1806 ex
2672 1760 2823 1821 parte
2859 1750 3163 1805 extinctum
3189 1748 3319 1801 luis-

33 1835 429 1891 Occidentalium
486 1837 799 1907 postulasset
843 1852 863 1891 :
918 1835 1358 1893 Occidentalibus
1428 1844 1608 1892 autem

1722 1857 1797 1899 set
1824 1887 1838 1909 ,
1870 1844 2072 1898 insulsa
2100 1858 2323 1915 prorsus
2351 1852 2405 1898 et
2430 1842 2730 1898 deridicula
2755 1885 2770 1909 ,
2838 1858 2905 1897 ne
2933 1842 3108 1898 dicam
3152 1840 3282 1895 falsa
3309 1884 3323 1905 ,

29 1932 188 1985 visum
225 1945 368 1997 esse,
401 1938 458 1984 ut
480 1928 678 1998 Capuae
707 1929 1056 1995 indiceretur,
1108 1945 1216 1999 quo
1247 1945 1437 1984 omnes
1472 1928 1613 2002 laci-

33 2022 126 2077 lius
153 2031 205 2078 et
233 2023 403 2077 tutius
456 2023 726 2076 maritimo
773 2022 968 2076 itinere
1017 2021 1279 2076 accedere
1338 2030 1610 2091 poterant,

30 2131 139 2169 cum
179 2124 366 2171 contra
411 2123 672 2169 terrestre
716 2113 943 2184 periculi
994 2114 1212 2183 plenum
1265 2122 1444 2179 esset,
1489 2114 1613 2183 quia

34 2207 218 2279 Illyris,
251 2224 360 2278 quo
404 2208 891 2278 pertranseundum
947 2205 1146 2274 fuerat,
1200 2216 1439 2277 suspecta
1488 2216 1615 2263 tunc

32 2303 328 2358 movebatur.
359 2302 604 2359 Tandem
658 2319 763 2358 non
811 2303 1011 2358 evulsas
1059 2302 1128 2358 ab
1176 2302 1615 2358 Occidentalibus

33 2401 254 2453 terminos
285 2416 317 2453 a
344 2397 596 2453 Patribus
642 2398 968 2465 constitutos,
1011 2412 1102 2451 nec
1132 2396 1323 2450 violata
1358 2395 1612 2451 Orienta-

37 2493 151 2546 lium
189 2494 334 2562 jura,
393 2507 516 2547 cum
570 2491 813 2563 synodus
857 2488 1055 2561 Capua:
1129 2490 1329 2544 indicta
1383 2488 1503 2553 luit,
1546 2489 1614 2543 ab

34 2585 375 2640 Orientalibus
423 2585 585 2639 etiam
633 2584 877 2640 adeunda
904 2626 918 2649 ,
966 2582 1061 2639 sed
1112 2593 1303 2637 sancta:
1356 2581 1617 2635 memoriae

37 2679 305 2743 Athanasii,
330 2688 378 2731 et
409 2679 705 2732 earumdem
728 2677 945 2731 Patrum
975 2677 1189 2745 deﬁnita
1217 2690 1275 2730 se
1300 2675 1476 2743 potius
1499 2689 1615 2728 ser-

37 2786 173 2826 vasse
203 2787 217 2836 ;
246 2771 312 2826 ad
343 2772 503 2841 cujus
530 2770 868 2841 exemplum,
895 2779 951 2825 et
972 2769 1035 2824 ad
1078 2769 1433 2824 Sardicenses
1476 2765 1614 2820 forte

35 2880 267 2933 canones,
290 2875 456 2937 atque
492 2865 558 2919 ad
583 2879 773 2920 causas
802 2864 1159 2919 Orientalium
1187 2880 1214 2915 ιι
1246 2861 1420 2927 Iulio,
1450 2860 1611 2916 Libe-

40 2963 111 3015 tio
136 2964 350 3034 aliisque
370 2962 771 3033 antiquioribus
795 2960 848 3015 in
884 2961 1066 3013 Romae
1094 2956 1320 3029 synodis
1345 2955 1615 3027 judicatas

42 3071 147 3109 cum
169 3057 481 3112 Ambrosius
509 3055 875 3110 Theodosium
906 3061 1178 3123 provocat,
1208 3050 1406 3105 debita:
1437 3050 1509 3104 illi
1532 3063 1616 3104 re-

42 3151 276 3203 verentiae
300 3149 433 3205 nihil
463 3165 525 3205 se
559 3150 636 3204 ait
662 3148 945 3220 derogare.
976 3146 1142 3218 Igitur
1164 3144 1450 3215 epistolam
1477 3143 1616 3198 hanc

40 3255 124 3311 pro
146 3245 367 3312 genuino
392 3243 672 3298 Ambrosii
704 3242 831 3299 lmtu
861 3256 1126 3310 agnosco,
1158 3253 1333 3308 eoque
1378 3237 1610 3308 praesule
1637 3231 1682 3294 C

39 3335 273 3403 dignam;
303 3345 358 3391 at
388 3336 435 3392 si
458 3337 584 3407 quis
612 3335 758 3391 illam
813 3334 1011 3389 Siricio
1042 3334 1277 3387 tribuere
1312 3331 1463 3397 velit,
1506 3330 1604 3386 mi-

43 3427 170 3483 nime
194 3444 429 3500 repugno
458 3446 472 3482 :
517 3438 627 3482 tum
661 3428 805 3497 quod
846 3428 1011 3499 ipsius
1049 3424 1227 3480 Siricii
1277 3424 1452 3497 stylus
1478 3423 1607 3478 Am-

44 3519 322 3576 brosianum
356 3523 539 3591 sapit;
588 3530 698 3575 tum
730 3520 872 3591 quod
899 3519 969 3575 de
999 3518 1162 3574 rebus
1191 3517 1323 3588 agit,
1378 3532 1604 3587 quarum

45 3628 151 3679 pars
186 3629 368 3683 magna
410 3613 641 3670 Siricius
696 3613 837 3679 luit;
888 3621 1001 3667 tum
1040 3610 1182 3679 quod
1230 3607 1607 3664 Theodoretus

45 3705 266 3763 Siricium
318 3712 491 3780 ipsum
543 3723 836 3763 numerare
883 3708 1097 3761 videtur
1138 3707 1280 3761 inter
1333 3704 1609 3760 Romanos

47 3802 318 3873 episcopos,
361 3807 449 3874 qui
476 3803 844 3860 Theodosium
886 3802 961 3859 ob
1002 3802 1143 3857 hanc
1169 3816 1388 3858 causam
1428 3802 1607 3857 acrius

47 3895 442 3963 perstrinxerant
468 3897 571 3972 (a).

104 3987 202 4046 Cur
221 4006 345 4047 vero
366 4006 473 4057 me,
505 4001 561 4046 ut
585 4005 702 4045 eam
730 3989 1010 4061 epistolam
1030 3989 1284 4059 scriptam
1304 3988 1608 4044 existimem

49 4096 139 4137 non
177 4083 263 4139 diu
300 4094 420 4159 post
445 4085 756 4155 Capuanum
788 4084 1051 4157 synodum
1080 4127 1092 4151 ,
1144 4082 1367 4153 ejusque
1396 4083 1611 4153 sapien-

51 4174 280 4232 tissimam
306 4178 752 4234 deliberationem
799 4193 827 4232 a
858 4176 1118 4232 Flaviano
1141 4176 1351 4231 elusam
1378 4215 1393 4240 ,
1427 4183 1612 4231 movet

51 4281 278 4335 Prteterea
300 4314 316 4340 ,
363 4272 505 4343 quod
532 4273 787 4328 scribitur
813 4273 864 4327 in
893 4272 983 4327 illa
1007 4314 1021 4338 ,
1058 4271 1388 4342 postulatum
1429 4270 1629 4326 conci—‘

52 4360 160 4418 lium
181 4406 195 4431 ,
224 4377 327 4420 tum
355 4368 419 4421 ad
443 4366 866 4437 extinguendum
911 4364 1307 4420 Antiochenum
1337 4363 1571 4418 schisma
1593 4404 1608 4429 ,

53 4462 145 4509 tum
169 4468 218 4511 ut
245 4468 626 4531 cognosceretur
651 4460 715 4513 de
729 4460 797 4513 iis
824 4500 838 4525 ,
865 4459 953 4527 qui
975 4459 1161 4530 dogma
1187 4498 1202 4522 ,
1239 4456 1377 4527 quod
1406 4455 1608 4525 Apolli-

54 4547 175 4602 naris
194 4552 445 4619 ssseritur,
475 4556 530 4605 in
563 4550 842 4606 Ecclesium
870 4561 1121 4605 conantur
1141 4550 1384 4605 inducere
1404 4567 1421 4615 ;
1444 4549 1613 4604 idem-

55 4653 140 4707 que
160 4644 435 4701 concilium
462 4646 515 4701 in
543 4645 692 4700 Italia
725 4647 1083 4713 postulatum,
1113 4646 1235 4715 quia
1267 4660 1391 4699 cum
1428 4644 1613 4716 Illyris
1644 4629 1687 4689 ll

57 4746 260 4803 suspecta
287 4750 593 4806 moveretur,
622 4740 914 4803 maritima,
950 4749 997 4793 et
1034 4738 1221 4791 tutiora
1263 4739 1425 4808 quatri
1452 4756 1610 4808 opor-

58 4836 216 4883 tuerat.
261 4830 383 4889 Haec
411 4833 551 4888 enim
591 4849 689 4888 nos
715 4833 919 4887 ducunt
945 4831 1009 4884 ad
1043 4840 1255 4900 tempus
1285 4829 1413 4883 illud
1439 4871 1455 4895 ,
1503 4846 1612 4900 quo

60 4916 362 4981 Theodosius
396 4935 580 4998 pacata
627 4926 774 4982 Itali-1
802 4923 1325 4993 Constantinopolim
1354 4920 1611 4977 redierat.

60 5010 190 5071 Tunc
230 5020 367 5073 enim
410 5019 735 5091 Apollinaris
784 5017 1036 5074 hmresim
1087 5017 1139 5070 in
1170 5016 1390 5072 Oriente
1436 5013 1612 5085 palam

61 5122 326 5176 grassatam
373 5115 610 5181 scimus,
658 5115 942 5184 variosque
988 5127 1082 5182 per
1128 5110 1398 5181 Illyricum
1438 5118 1617 5164 motus

63 5215 252 5261 exortus
272 5208 425 5264 abeo
451 5221 815 5278 compressos.
858 5204 1097 5260 Primum
1139 5212 1347 5258 constat
1395 5217 1461 5257 ex
1512 5200 1618 5256 Na-

63 5295 322 5367 zianzeno,
369 5302 614 5368 Socrate,
663 5300 990 5365 Susomeno,
1047 5297 1319 5364 aliisque,
1348 5312 1484 5366 quos
1532 5295 1617 5349 hic

67 5393 387 5449 transcribere
411 5408 872 5463 supervacaneum
903 5399 1006 5449 est.
1032 5399 1192 5458 atque
1222 5403 1287 5443 ex
1314 5388 1351 5443 Ι.
1382 5388 1446 5441 M
1472 5428 1485 5450 ,
1520 5387 1615 5441 lib.

67 5496 145 5537 ιιί
167 5524 182 5549 ,
205 5486 280 5540 tit.
307 5488 341 5543 ὃ
363 5530 375 5549 ,
401 5486 533 5541 Cod.
567 5485 776 5541 Theod.
818 5500 964 5540 anno
990 5483 1098 5538 588
1126 5488 1362 5537 exeunte
1389 5479 1621 5535 Thessa-

71 5574 234 5633 lonica:
275 5581 410 5635 data.
462 5582 704 5636 Alterum
752 5596 880 5635 vero
925 5593 990 5633 ex
1019 5576 1239 5630 Zosimo
1283 5584 1337 5630 et
1365 5573 1620 5646 Sigonio,

75 5672 205 5741 cujus
227 5674 333 5731 hac
359 5686 480 5731 sunt
501 5675 658 5732 verba
685 5695 697 5729 :
740 5673 1058 5729 Theodosius
1087 5671 1141 5724 in
1178 5668 1429 5724 Graeciam
1462 5684 1516 5724 se
1539 5686 1622 5722 re-

141 5791 209 5863 (a)
234 5791 341 5863 l._.ih.
368 5809 419 5857 v,
446 5806 563 5863 cap.
591 5792 681 5848 25.

146 5852 211 5933 (υ)
243 5861 310 5917 De
330 5852 754 5937 Occid.'lmper.,
780 5863 873 5919 lib.
898 5876 972 5929 ιι,
994 5877 1048 5914 n.
1077 5855 1207 5925 592,
1239 5864 1277 5911 t.
1312 5852 1331 5909 ι
1360 5852 1522 5926 Oper.

1717 1937 1832 1991 hzrc
1864 1936 2201 2007 Illyricorum
2231 1947 2474 1991 motuum
2503 1935 2784 1990 excusatio
2822 1934 2993 1989 videri
3038 1943 3238 2005 potest,
3282 1934 3328 1987 si

1717 2032 1787 2087 de
1837 2031 2085 2086 Romano
2123 2030 2221 2085 illo
2247 2029 2482 2085 concilio
2510 2045 2628 2084 eam
2680 2029 2991 2097 intelligas:
3034 2036 3092 2082 ut
3124 2042 3155 2082 e
3189 2041 3327 2080 con-

1717 2141 1877 2182 verso
1897 2124 2039 2194 jnsta
2073 2125 2296 2178 omnino
2323 2138 2386 2178 ac
2416 2138 2544 2177 vera
2576 2131 2679 2187 est,
2709 2123 2752 2176 si
2779 2137 2898 2177 eam
2929 2120 2994 2176 ad
3012 2120 3325 2191 Capuanum
3428 2127 3436 2134 ‘

1718 2220 1944 2275 releras.

1793 2309 2029 2365 Accedat
2080 2309 2217 2363 hanc
2259 2307 2544 2379 epistolam
2600 2306 2748 2360 nullo
2790 2305 2897 2359 alio
2925 2304 3279 2359 commodiori
3308 2344 3324 2369 ,

1719 2420 1878 2475 quam
1908 2417 2017 2473 quo
2060 2401 2169 2455 dixi
2204 2409 2446 2470 tempore
2473 2398 2728 2468 scriptam
2760 2397 2926 2453 videri
2960 2411 3138 2467 posse.
3188 2394 3323 2449 Nam

1718 2496 1931 2567 primo,
1980 2504 2188 2548 tantum
2229 2492 2383 2547 abest
2434 2500 2491 2544 ut
2538 2490 2846 2546 Orientales
2894 2489 3177 2543 convicium
3222 2486 3325 2539 sibi

1720 2589 1920 2644 factum
1947 2587 2255 2657 putaverint
2281 2601 2425 2639 anno
2453 2584 2559 2639 582
2583 2626 2597 2647 ,
2650 2600 2755 2653 quo
2784 2583 2848 2636 ad
2882 2582 3011 2636 illud
3033 2579 3324 2635 concilium

1717 2682 1925 2739 evocati
1953 2691 2097 2745 sunt,
2123 2688 2179 2734 ut
2208 2680 2279 2733 ob
2309 2679 2409 2733 hoc
2438 2678 2615 2747 potius
2643 2674 3068 2731 Occidentalium
3086 2672 3325 2728 charita-

1720 2787 1827 2833 tem
1858 2773 2198 2831 laudaverint
2226 2774 2278 2827 in
2326 2772 2519 2827 litteris
2558 2770 2626 2825 ad
2674 2786 2769 2825 eos
2813 2769 3070 2838 scriptis:
3129 2767 3327 2822 deinde

1719 2871 1795 2926 illi
1818 2885 1877 2924 se
1898 2868 1963 2922 ad
1991 2867 2295 2923 Romanum
2323 2864 2613 2920 concilium
2639 2876 2744 2917 non
2770 2863 2941 2916 solum
2969 2859 3200 2923 Damasi,
3228 2857 3325 2912 sed

1718 2966 1881 3019 etiam
1912 2959 2206 3017 Theodosii
2236 2960 2429 3015 litteris
2459 2968 2680 3011 vocatos
2723 2955 2908 3021 aiunt,
2957 2953 3101 3022 quod
3134 2951 3325 3006 Hiero-

1721 3072 1915 3127 nymus
1940 3057 2105 3109 etiam
2129 3051 2359 3107 asseruit
2393 3049 2490 3120 (c).
2524 3048 2625 3115 Qui
2660 3048 2840 3115 itaque
2867 3046 2982 3101 lieri
3016 3050 3194 3114 potest
3217 3083 3232 3102 ,
3267 3048 3326 3095 ut

1720 3150 2061 3206 Theodosius
2090 3163 2152 3202 ea
2180 3158 2308 3201 tunc
2336 3143 2624 3200 Ambrosio
2651 3141 2928 3209 scripserit
2955 3180 2972 3206 ,
3005 3153 3126 3209 quas
3153 3136 3321 3192 Tille-

1718 3246 1954 3302 montins
1978 3287 1991 3309 ,
2048 3242 2296 3296 Fleurius
2320 3249 2371 3296 et
2397 3237 2658 3293 Cellerins
2684 3236 2882 3306 aliique
2929 3234 3223 3304 opinantur
3266 3236 3322 3283 et

1714 3337 1957 3407 lingunt?
1980 3336 2288 3398 Postremo,
2315 3329 2656 3386 Theodosius
2680 3327 2797 3397 ipse
2824 3325 3067 3379 scribere
3090 3321 3322 3376 Ambro-

1713 3435 1796 3490 sio
1820 3432 1934 3486 haac
1973 3429 2195 3483 minime
2238 3425 2412 3496 potuit
2442 3433 2566 3477 ante
2581 3436 2780 3476 annum
2812 3417 2918 3475 582
2943 3417 3054 3488 jam
3086 3415 3316 3471 inclina-

1714 3537 1827 3583 tum
1853 3541 1866 3577 :
1898 3536 2121 3578 necesse
2145 3520 2324 3589 itaque
2350 3525 2454 3581 est,
2480 3524 2536 3569 ut
2562 3514 2801 3579 fatearis,
2829 3511 2968 3567 hanc
2992 3509 3161 3580 ipsam
3191 3506 3321 3561 Am-

1715 3620 1878 3677 brosii
1911 3615 2196 3688 epistolam
2223 3654 2238 3680 ,
2272 3612 2340 3667 de
2366 3626 2469 3679 qua
2497 3608 2705 3679 agimus
2730 3648 2745 3671 ,
2767 3607 2946 3660 datam
2980 3604 3145 3660 fuisse
3173 3616 3318 3659 anno

1716 3716 1810 3771 illo
1832 3713 1942 3784 jam
1967 3719 2225 3774 exeunte,
2255 3712 2418 3773 atque
2442 3702 2531 3757 illo
2562 3702 2679 3771 ipso
2704 3710 2973 3767 tempore,
2995 3712 3100 3766 quo
3119 3693 3321 3750 Roma-

1714 3821 1843 3861 num
1872 3800 2162 3859 concilium
2194 3796 2515 3853 habebatur.
2565 3792 2667 3859 Qui
2696 3804 2828 3846 vero
2850 3788 2953 3844 hoc
2978 3787 3319 3851 concedunt,

1713 3898 1874 3954 velim
1907 3905 1963 3950 ut
1994 3893 2214 3955 dicant,
2267 3905 2366 3945 cur
2411 3902 2516 3943 non
2547 3884 2774 3940 Romani
2805 3880 3052 3953 ejusdem
3101 3877 3319 3933 concilii

1714 3992 1933 4051 nomine
1956 3990 2046 4045 illa
2071 3987 2327 4055 inscripta
2355 3982 2538 4039 fuerit.
2570 3980 2836 4035 Prasterea
2859 3975 3071 4030 videant
3104 3972 3202 4038 illi,
3226 3970 3317 4041 qui

1717 4088 1821 4143 hoc
1850 4086 2033 4146 aiunt,
2067 4096 2136 4135 an
2166 4079 2353 4149 gloriae
2376 4072 2699 4131 sanctissimi
2731 4066 3146 4126 Mediolanensis
3177 4077 3313 4134 pra:-

1715 4181 1850 4238 sulis
1880 4188 2027 4235 recte
2049 4174 2355 4232 consultum
2379 4180 2522 4225 eant.
2892 4182 2893 4185 η

1790 4276 1915 4331 Hac
1944 4276 2125 4343 itaque
2152 4278 2277 4323 sunt
2299 4280 2419 4337 qua:
2450 4278 2535 4317 me
2564 4266 2802 4321 movent,
2834 4265 2895 4310 ut
2936 4253 3075 4307 hanc
3112 4249 3317 4319 episto-

1718 4372 1845 4433 lam,
1874 4369 1992 4422 sive
2020 4362 2219 4427 Siricii,
2253 4360 2370 4413 sive
2398 4353 2668 4411 Ambrosii
2700 4350 2789 4405 illa
2817 4348 2907 4412 sit,
2935 4360 3043 4401 non
3073 4344 3167 4399 diu
3198 4350 3319 4411 post

1715 4461 2027 4528 Capuanam
2040 4453 2325 4526 synodum,
2342 4463 2407 4505 ac
2429 4457 2547 4515 post
2573 4444 2897 4500 declinatum
2922 4437 3166 4510 ejusdem
3187 4451 3317 4508 syno

1719 4553 1847 4617 odi,
1888 4566 1951 4605 ac
1986 4546 2272 4616 Theophili
2321 4537 2670 4598 Alexandrini
2704 4532 2965 4605 judicium
2990 4571 3007 4597 ,
3056 4529 3314 4599 scriptam

1721 4657 1924 4721 putem.
1980 4642 2113 4698 iluic
2155 4635 2439 4710 qumstioni
2463 4635 2558 4688 lux
2586 4629 2865 4699 allulgerct
2892 4625 3067 4695 aliqua
3100 4621 3315 4721 major,

1720 4715 1764 4799 si
1791 4757 1860 4797 ex
1893 4736 2132 4795 historia:
2155 4728 2517 4787 monumentis
2541 4726 2679 4781 scire
2700 4731 2849 4779 certo
2872 4731 3175 4790 possemus,
3202 4715 3322 4785 quis

1722 4838 1813 4894 ille
1846 4833 2026 4895 luerit,
2055 4846 2117 4884 ac
2146 4827 2300 4897 cujus
2325 4822 2580 4879 Ecclesia'
2609 4817 2918 4887 episcopus,
2950 4812 3040 4883 qui
3067 4808 3321 4878 ohApol-

1722 4929 1907 4985 linaris
1933 4923 2182 4979 hteresim
2212 4919 2275 4975 ad
2304 4917 2603 4974 Romanum
2629 4909 2937 4981 pontilicem
2967 4904 3180 4961 delatus
3206 4901 3321 4956 lue-

1720 5031 1803 5078 rat
1832 5060 1845 5086 ,
1892 5017 2092 5090 quique
2121 5013 2282 5069 etiam
2316 5009 2515 5064 Paulus
2540 4999 3137 5090 Cuttslanlinopolilautts
3176 5010 3318 5063 pres-

1720 5113 1881 5185 byter,
1910 5088 2002 5180 qui
2034 5106 2320 5163 concilium
2352 5104 2403 5156 in
2436 5098 2635 5155 Achaia
2671 5093 2972 5165 postulasse
2999 5088 3217 5151 dicitur,
3249 5100 3317 5185 ex

1722 5176 2160 5263 Occidentalibus
2205 5210 2261 5254 et
2302 5192 2668 5252 Orientalibus
2718 5181 3101 5254 colligendum.
3160 5176 3318 5245 Quod

1723 5300 1867 5357 enim
1895 5298 1961 5353 ad
1995 5296 2139 5351 hunc
2177 5293 2402 5354 attinet,
2451 5286 2580 5341 nihil
2626 5281 2799 5336 habeo
2839 5275 2971 5331 certi
3001 5271 3143 5342 quod
3189 5269 3320 5325 alie-

1724 5410 1858 5451 ram.
1888 5390 2024 5448 [llud
2053 5396 2266 5445 constat
2308 5386 2587 5443 duntaxat,
2615 5373 2758 5447 quod
2786 5384 2907 5425 cum
2938 5365 3323 5421 Constantino-

1725 5487 1980 5558 politana:
2011 5481 2264 5539 Ecclesia:
2317 5475 2597 5548 presbyter
2628 5465 2789 5523 fuerit
2818 5473 3043 5558 magnus
3073 5456 3192 5525 ejus
3221 5456 3323 5558 EF-

1728 5549 1907 5635 clesim
1938 5582 2135 5648 cpisco;
2160 5592 2221 5628 us
2251 5573 2445 5626 Paulus
2471 5613 2484 5633 ,
2518 5563 2607 5637 qui
2640 5566 2842 5627 martyr
2876 5553 2976 5606 sub
3003 5549 3324 5648 constanti-0

1731 5640 2267 5737 obierat,'designari
2302 5663 2401 5716 sub
2439 5677 2501 5714 co
2531 5652 2742 5709 nomine
2775 5660 2881 5703 non
2929 5641 3121 5714 potuit,
3166 5640 3325 5711 quid-

1821 5784 1894 5855 (c)
1930 5784 1989 5838 ν.
2023 5785 2085 5837 D.
2113 5795 2235 5849 cap.
2267 5776 2359 5841 20,
2387 5774 2476 5826 ‘21.
