3950 6330
535 234 643 292 545

1737 235 2055 296 SANCTUS
2094 238 2421 297 DAMASUS
2461 238 2662 298 ΡᾹΡΑ.

3647 255 3725 312 δα

533 354 663 425 quid
690 352 937 411 Labbeus
963 363 1019 411 et
1043 353 1362 412 Sirmondus
1384 355 1584 411 fuerint
1607 357 1832 425 opinati.
1857 357 2128 426 Quamob-
2157 361 2205 419 Α
2233 371 2386 413 suam
2417 358 2558 429 apud
2586 357 2894 415 Catholicos
2915 359 3196 416 simularet
3238 359 3386 419 fidem
3408 403 3423 429 ,
3451 377 3506 420 ac
3538 365 3618 420 sub
3637 371 3727 439 agni

535 462 652 502 rem
700 448 893 517 aliquis
964 448 1140 519 reipsa
1186 464 1253 504 ex
1322 449 1919 522 Constantinopolitano
1985 451 2132 506 clero

535 542 823 613 presbyter
845 543 1008 597 fuerit
1033 585 1048 609 ,
1081 558 1307 600 necesse
1333 554 1415 599 est
1437 586 1451 610 ,
1484 560 1711 615 quorum
1741 544 1923 615 plures
1949 545 2000 599 in
2032 544 2135 599 Ec-

537 633 704 690 clesia
736 634 825 689 illa
856 636 1136 690 ministros
1175 652 1240 691 eo
1267 639 1484 692 nomine
1526 638 1883 709 compellatus
1929 638 2091 692 fuisse
2118 680 2134 705 ,

534 738 747 783 constat
774 746 838 784 ex
871 730 1099 786 Palladii
1130 732 1351 803 Dialogo
1377 732 1445 787 de
1473 733 1578 787 vita
1599 731 1993 805 Chrysostomi.
2029 732 2136 789 Sed

536 836 637 876 nec
663 820 1040 892 Tillemontio,
1089 824 1318 895 aliisque
1344 824 1509 880 Italici
1540 825 1753 880 concilii
1793 827 2033 896 patronis
2064 826 2140 881 fa-

534 916 640 971 cile
666 918 959 972 concedam
989 961 1002 981 ,
1056 919 1316 989 postulari
1360 920 1430 975 ab
1470 934 1535 974 eo
1561 921 1879 991 presbytero
1923 920 2051 975 illud
2083 921 2135 975 in

534 1008 744 1065 Achaia
772 1012 1061 1067 concilium
1088 1013 1349 1082 potuisse,
1384 1029 1526 1068 anno
1559 1021 1617 1067 ttt
1641 1013 1725 1068 hic
1750 1025 1937 1068 auctor
1968 1023 2137 1083 putat,

534 1103 632 1158 581
664 1115 753 1158 aut
784 1104 893 1159 ’582
917 1146 933 1171 ,
964 1120 1030 1160 eo
1053 1106 1264 1161 scilicet
1293 1114 1535 1176 tempore
1560 1147 1575 1173 ,
1624 1121 1732 1177 quo
1769 1106 1995 1161 concilia
2026 1114 2137 1161 tum

536 1196 723 1254 Romae
748 1240 764 1265 ,
797 1210 906 1255 tum
941 1202 992 1255 in
1025 1204 1171 1271 regia
1200 1204 1337 1258 urbe
1380 1205 1678 1275 frequentia
1705 1204 1869 1259 fuisse
1896 1205 2095 1259 scimus
2122 1246 2136 1270 ,

536 1302 599 1343 ac
632 1287 935 1347 Orientales
976 1292 1077 1362 ipsi
1131 1298 1518 1362 imperatorum
1568 1297 1764 1352 litteris
1819 1297 2137 1364 convocati,

536 1383 828 1452 quominus
861 1383 1086 1441 Romam
1117 1399 1435 1459 pergerent,
1460 1388 1594 1444 alias
1627 1400 1823 1460 praeter
1846 1391 1981 1445 hanc
2010 1406 2138 1445 cau-

534 1491 623 1531 sas
648 1477 1008 1543 adduxerunt.
1043 1490 1097 1536 et
1124 1483 1328 1553 legatos
1355 1478 1647 1550 miserunt;
1671 1485 1776 1539 alio
1801 1486 1977 1556 itaque
1999 1500 2141 1541 anno

539 1570 770 1639 epistola
802 1572 889 1627 illa
921 1574 1121 1644 scripta
1150 1575 1331 1639 fuerit,
1361 1589 1525 1648 atque
1550 1578 1659 1634 alio
1688 1580 1813 1634 item
1841 1595 1983 1633 anno
2013 1594 2143 1635 con-

538 1661 722 1717 cilium
747 1661 848 1717 hoc
875 1678 941 1718 ex
964 1675 1191 1736 utraque
1215 1668 1477 1733 Ecclesia,
1504 1671 1555 1724 in
1582 1671 1781 1725 Achaia
1798 1671 1997 1726 Paulus
2018 1688 2139 1740 pos-

542 1752 742 1807 tulasse
777 1754 1004 1822 debuit;
1064 1768 1227 1828 atque
1274 1761 1421 1816 aliud
1464 1762 1668 1817 nullum
1695 1765 1873 1835 aptius
1908 1764 2029 1821 huic
2064 1767 2141 1822 rei

541 1854 754 1917 tempus
778 1850 1070 1919 excogitari
1101 1861 1300 1921 potest,
1325 1870 1487 1924 quam
1517 1856 1666 1919 illud,
1692 1858 1834 1928 quod
1865 1869 1983 1929 post
2006 1860 2143 1915 frus-

541 1947 756 1996 taneam
784 1942 1025 2000 Flaviani
1056 1949 1391 2003 contumacia
1416 1949 1722 2021 Capuanam
1746 1954 2035 2024 synodum,
2058 1955 2143 2012 ’ξιο

540 2032 832 2089 Theodosii
863 2036 1097 2091 reditum
1128 2039 1194 2093 ad
1228 2041 1427 2110 regiam
1460 2044 1645 2097 urbem
1671 2085 1687 2110 ,
1741 2043 1847 2100 labi
1877 2058 2139 2115 cceperat.

540 2122 621 2180 Eo
649 2127 790 2180 enim
822 2119 1111 2184 Flavianus
1141 2133 1207 2185 ab
1235 2131 1560 2202 imperatore
1600 2138 1826 2200 accitus,
1853 2152 1975 2191 cum
2017 2154 2141 2208 syn-

539 2216 701 2271 odum
749 2219 801 2273 in
830 2219 1054 2276 Oriente
1080 2262 1098 2289 ,
1123 2231 1285 2293 atque
1329 2225 1381 2279 in
1415 2239 1635 2281 suorum
1665 2228 1788 2283 sinu
1829 2238 2036 2298 peteret
2064 2230 2138 2303 (a)

538 2310 1169 2384 Constantinopolitanus
1202 2317 1289 2373 hic
1342 2320 1626 2392 presbyter
1662 2322 1890 2392 publica:
1916 2340 2143 2380 concor-

537 2405 643 2460 dize
696 2408 876 2462 studio
913 2408 1128 2477 ductus,
1181 2411 1439 2467 Achaiam
1492 2414 1657 2470 veluti
1709 2414 2143 2475 Occidentalibus

538 2500 965 2556 commodiorem
1015 2517 1305 2572 suggerere
1363 2506 1556 2574 potuit.
1622 2507 1759 2563 Hinc
1826 2510 2145 2567 Ambrosius

539 2590 845 2661 Theophila
875 2596 1119 2650 scribens
1148 2598 1394 2667 queritur
1417 2639 1431 2663 ,
1478 2610 1599 2669 post
1636 2601 1839 2655 irritam
1870 2603 2016 2658 illam
2042 2601 2145 2659 Ca-

541 2697 772 2753 puanam
802 2687 1092 2756 synodum,
1117 2689 1432 2745 sacerdotes
1457 2693 1610 2747 senio
1640 2694 1917 2749 confectos
1947 2696 2141 2752 iterum

539 2778 818 2832 vexandos
846 2795 990 2845 esse,
1019 2782 1416 2839 transfretanda
1441 2786 1634 2841 iterum
1661 2789 1831 2843 maria
1855 2829 1869 2853 ,
1901 2805 1965 2845 ac
1990 2806 2145 2849 sacra

537 2870 728 2925 altaria
760 2872 1057 2928 deserenda
1083 2916 1098 2940 ,
1127 2884 1186 2930 ut
1224 2877 1276 2930 in
1318 2877 1606 2949 longinqua
1644 2882 2141 2949 proficiscerentur.

543 2964 676 3019 Illud
722 2967 899 3037 ipsum
930 2980 1109 3024 autem
1153 2971 1205 3025 in
1236 2970 1436 3027 Achaia
1469 2966 1756 3030 Concilium
1786 2977 1852 3032 ab
1882 2978 2145 3035 Occiden~

541 3060 738 3116 talibus
771 3074 1077 3119 recusatum
1104 3074 1206 3129 est,
1234 3066 1376 3136 quod
1397 3066 1600 3140 Illyris,
1620 3071 1775 3141 cujus
1796 3072 1996 3128 Achaia
2018 3089 2143 3145 pars

539 3152 738 3220 fuerat,
773 3167 1012 3227 suspecta
1039 3168 1166 3213 tunc
1193 3171 1497 3215 moveretur.

611 3246 864 3318 Episcopi
920 3259 1097 3304 autem
1145 3251 1287 3305 illius
1329 3254 1588 3318 nomine,
1636 3256 1726 3325 qui
1775 3256 1848 3310 ob
1893 3256 2141 3314 haeresim

538 3339 870 3409 Apollinaris
897 3340 963 3395 ad
998 3343 1349 3414 apostolicam
1379 3346 1562 3401 sedent
1595 3346 1805 3403 delatus
1834 3347 2029 3413 fuerat,
2055 3351 2142 3405 vix

535 3441 630 3486 aut
660 3433 991 3501 Apollinaris
1022 3437 1135 3505 ipse
1159 3477 1176 3502 ,
1228 3447 1321 3491 aut
1364 3438 1682 3496 Timotheus
1708 3483 1721 3507 ,
1767 3443 1911 3512 quod
1962 3454 2141 3501 tamen

539 3524 755 3594 plurimi
788 3526 1080 3595 opinantur
1112 3571 1125 3595 ,
1156 3529 1380 3601 intelligi
1414 3542 1629 3600 potest;
1681 3544 1792 3589 ttnn
1823 3536 1966 3605 quod
1996 3548 2143 3592 uter-

536 3635 644 3687 que
670 3620 738 3675 ab
783 3620 1111 3678 Occidentali
1145 3634 1199 3679 et
1242 3626 1501 3683 Orientali
1534 3630 1744 3701 synodo
1794 3633 2003 3700 pridem
2043 3634 2140 3689 de-

534 3712 711 3781 jectus
741 3712 911 3768 fuerat
942 3732 955 3778 ;
989 3726 1098 3770 tum
1129 3719 1270 3787 quod
1301 3719 1441 3775 alter
1460 3721 1571 3790 jam
1594 3725 1823 3787 obierat,
1853 3725 1987 3780 alter
2014 3742 2142 3782 vero

539 3804 830 3860 mulctatus
872 3808 1063 3862 exsilio
1107 3808 1282 3864 fuerat
1315 3811 1427 3882 (b);
1480 3813 1698 3869 difficile
1730 3831 1857 3870 vero
1885 3825 1969 3871 est
1994 3833 2144 3873 asse-

539 3913 665 3953 rere
690 3899 890 3970 aliquid
917 3903 1050 3956 certi
1081 3944 1096 3969 ,
1124 3919 1246 3958 cum
1286 3904 1595 3975 frequentes
1623 3919 1807 3963 essent
1836 3911 1887 3964 in
1919 3911 2143 3968 Oriente

538 3991 988 4063 pseudoepiscopi
1021 4036 1036 4061 ,
1066 3996 1154 4061 qui
1186 3996 1396 4051 vineam
1433 3999 1642 4054 Domini
1673 4001 2139 4061 demoliebantur:

540 4086 583 4140 si
630 4086 752 4157 quis
782 4098 957 4143 tamen
990 4089 1321 4159 conjecturis
1349 4091 1502 4147 locus
1534 4094 1747 4150 videtur
1771 4097 1872 4152 hoc
1900 4098 2018 4153 loco
2051 4099 2139 4155 Vi-

538 4179 662 4235 talis
693 4180 942 4248 indicari,
971 4185 1061 4253 qui
1085 4185 1387 4240 Antiochia:
1416 4188 1842 4257 Apollinarianis
1872 4204 2096 4261 praeerat
2123 4238 2138 4263 ,

535 4289 765 4343 quorum
798 4274 939 4330 haud
973 4277 1208 4349 exiguus
1243 4291 1362 4333 erat
1403 4296 1695 4337 numerus:
1751 4299 1872 4338 nam
1919 4300 2039 4340 cum
2086 4288 2140 4343 in

536 4365 788 4436 Capuana
818 4370 1024 4440 synodo
1072 4371 1138 4425 de
1186 4373 1550 4443 extinguendo
1579 4376 1917 4433 Antioclteno
1963 4380 2139 4436 schis-

538 4468 701 4526 mate,
734 4460 1047 4533 integraque
1067 4463 1192 4519 huic
1220 4465 1472 4522 Ecclesia:
1497 4470 1785 4539 aliquando
1808 4473 2135 4530 restituenda

2241 456 2422 524 specie
2450 455 2607 526 lupus
2629 464 2791 521 esset,
2828 456 2930 527 ipsi
2961 458 3166 512 scilicet
3195 456 3344 512 Vitali
3369 458 3586 525 similem,
3612 477 3729 531 quem

2238 546 2409 601 virum
2439 547 2797 617 versipellem,
2826 563 2890 603 ac
2918 546 3123 605 fraudis
3152 558 3207 603 et
3253 547 3546 606 fallaciarum
3570 553 3732 622 plenum

2240 639 2594 710 Epiphanius,
2624 640 3013 705 Nazianzenus,
3048 641 3327 707 Socrates.
3357 643 3661 712 Sozomenus,
3690 663 3735 704 ac

2239 732 2611 788 Theodoretus
2636 732 2947 789 describunt
2973 732 3071 806 (c).

2309 823 2685 894 Conjecturam
2717 825 2856 881 hanc
2885 842 3060 882 meam
3090 827 3334 882 videntur
3360 829 3636 886 confirmare
3656 833 3739 901 epi-

2241 917 2395 971 stolae
2421 916 2666 987 ejusdem
2715 917 3041 973 Nazianzeni
3087 919 3152 973 ad
3184 919 3482 976 Cleduniutn
3506 964 3519 987 ,
3542 938 3594 977 ac
3616 924 3739 979 allen

2243 1012 2515 1085 praecipue
2564 1029 2669 1082 qua
2714 1014 2805 1068 ille
2847 1022 2955 1067 tutn
3003 1014 3172 1084 ipsius
3227 1014 3439 1077 Vitalis,
3466 1025 3560 1071 tum
3586 1016 3743 1072 Damasi

2241 1106 2508 1162 meminit.
2541 1106 2688 1161 llanc
2717 1106 3097 1161 Tillemontius
3118 1148 3132 1169 ,
3162 1107 3357 1177 aliique
3385 1107 3596 1162 nonnulli
3620 1108 3745 1178 scrip-

2242 1208 2349 1254 tam
2381 1206 2590 1268 pulant,
2616 1211 2723 1252 non
2762 1197 2854 1253 diu
2885 1207 3005 1265 post
3024 1198 3323 1253 abdicatam
3352 1197 3614 1254 Ecclesiam
3641 1198 3747 1253 Cou-

2242 1293 2800 1362 Stantinopolitanam,
2831 1307 2858 1345 a
2886 1292 3149 1361 Gregorio
3191 1293 3242 1347 in
3272 1308 3470 1349 recessu
3496 1293 3749 1347 Arianziauo

2245 1385 2449 1455 posito,
2480 1400 2805 1455 quamquam
2832 1384 3033 1439 nullam
3079 1386 3145 1440 ad
3198 1385 3299 1440 hoc
3342 1385 3634 1455 probandum
3669 1385 3753 1440 ido-

2244 1494 2401 1535 neam
2426 1481 2692 1534 rationem
2723 1478 2970 1533 afferant.
3001 1479 3154 1546 Quod
3193 1480 3328 1535 hanc
3352 1480 3624 1550 Opinionem
3639 1494 3753 1549 aper-

2246 1578 2297 1626 te
2333 1570 2595 1637 destruit,
2629 1570 2757 1625 illud
2789 1578 2901 1637 est,
2933 1571 3077 1641 quod
3123 1572 3263 1626 idem
3291 1572 3562 1644 Gregorius
3582 1572 3756 1627 Vitalent

2247 1673 2373 1718 tunc
2398 1663 2748 1733 superstitem
2779 1663 2885 1730 ait,
2914 1679 2978 1718 ac
3004 1664 3176 1718 virtnn
3208 1666 3310 1720 sibi
3334 1666 3669 1721 charissitnum
3691 1680 3758 1718 ro-

2173 1750 2221 1809 B
2247 1765 2335 1810 cat
2358 1796 2374 1821 ,
2409 1755 2694 1809 Damasum
2743 1770 2871 1809 vero
2893 1796 2909 1821 ,
2942 1770 3101 1824 quem
3133 1757 3267 1811 beati
3315 1758 3461 1812 titulo
3497 1757 3761 1827 compellat,

2243 1847 2354 1918 jam
2385 1856 2512 1902 tune
2554 1863 2675 1902 cum
2728 1848 3012 1913 scriberet,
3041 1848 3355 1905 defunctum
3386 1849 3540 1906 fuisse
3578 1850 3762 1905 indicat:

2246 1940 2446 2009 scripta
2479 1941 2641 2010 igitur
2677 1941 2904 2011 epistola
2944 1942 3035 1996 illa
3084 1953 3167 1997 est
3198 1953 3322 2013 post
3349 1958 3534 1998 annum
3558 1942 3672 2004 584.
3694 1957 3768 2011 quo

2247 2031 2335 2088 hic
2361 2033 2493 2087 obiit
2529 2050 2543 2088 :
2574 2042 2630 2087 at
2659 2034 2805 2088 enim
2837 2049 2944 2104 quo
2993 2036 3215 2104 przrcise
3243 2036 3420 2091 anno?
3441 2035 3645 2104 Tempus
3668 2035 3771 2103 equi-

2248 2124 2369 2181 dem
2416 2127 2639 2181 minime
2683 2126 2964 2182 definitum
2991 2136 3309 2199 certumque
3349 2128 3513 2183 ausim
3541 2126 3770 2187 exhibere,

2247 2229 2376 2292 puto
2432 2231 2612 2277 tamen
2658 2231 2773 2278 tuto
2800 2224 2972 2279 asseri
3022 2239 3218 2295 posse,
3265 2225 3511 2295 scriptam
3554 2237 3655 2278 esse
3690 2226 3775 2288 post

2246 2330 2445 2370 annum
2479 2314 2585 2371 588
2621 2330 2685 2371 ac
2724 2316 2866 2370 circa
2913 2315 3184 2385 Capuanze
3218 2315 3412 2389 synodi
3456 2326 3659 2386 tempus.
3680 2310 3776 2367 Nam

2214 2436 2221 2443 -
2250 2410 2426 2479 primo
2454 2424 2519 2462 ex
2550 2409 2587 2463 Ι.
2628 2407 2693 2463 14
2723 2406 2859 2463 Cod.
2892 2408 3101 2464 Theod.
3133 2411 3202 2464 de
3251 2411 3446 2464 liceret.
3476 2424 3584 2479 quae
3624 2407 3667 2461 in
3686 2418 3776 2460 eos-

2247 2503 2371 2558 dem
2405 2503 2510 2557 lata
2537 2511 2640 2569 est,
2670 2502 3087 2572 Apollinaristas
3115 2513 3242 2559 tunc
3272 2503 3637 2565 debacchatus,
3663 2508 3781 2568 atque

2249 2595 2550 2651 Ecclesiam
2581 2596 2903 2651 catholicam
2939 2610 3067 2651 tunc
3096 2598 3439 2667 potissimum
3464 2608 3662 2650 vexasse
3685 2606 3781 2646 con.

2247 2701 2375 2747 stat.
2409 2690 2611 2746 Deinde
2642 2690 2934 2760 Gregorius
2963 2691 3083 2761 ipse
3114 2690 3215 2745 hoc
3248 2693 3423 2762 ipsum
3451 2688 3669 2759 designat
3692 2696 3783 2739 tem.

2249 2800 2350 2855 pus
2376 2826 2392 2851 ,
2420 2799 2541 2840 cum
2571 2798 2667 2840 eos
2697 2795 2815 2837 ante
2858 2786 3068 2857 triginta
3113 2801 3280 2839 annos
3322 2793 3518 2839 exortus
3545 2781 3640 2847 ait,
3667 2788 3784 2847 atque

2249 2875 2320 2931 ita
2348 2876 2489 2931 circa
2522 2892 2720 2931 annum
2752 2876 2858 2932 558
2897 2888 2988 2930 aut
3018 2885 3362 2947 sequentem.
3390 2876 3539 2932 Auno
3576 2870 3784 2944 siquidem

2249 2970 2389 3036 556,
2424 2970 2625 3025 Basilio
2658 2980 2798 3027 teste
2824 2971 2923 3042 (ά),
2955 2971 3123 3041 pestis
3155 2972 3247 3026 illa
3299 2972 3527 3026 nondum
3571 2974 3783 3036 eruperat.

2249 3061 2384 3118 Hinc
2435 3062 2769 3132 Nicephorus
2810 3064 2885 3118 ait
2911 3078 3033 3118 esse
3072 3064 3164 3135 qui
3206 3065 3538 3126 scriberent,
3568 3059 3789 3130 Apollina-

2172 3149 2217 3214 C
2250 3173 2364 3214 rem
2402 3157 2768 3212 secessionem
2812 3156 3007 3211 fecisse
3048 3172 3076 3209 a
3130 3156 3371 3228 Georgio
3408 3154 3713 3217 Laodiceno,
3740 3163 3786 3203 eo

2247 3251 2391 3323 quod
2421 3251 2509 3306 ille
2541 3251 2906 3307 Seleuciensis
2934 3250 3127 3322 synodi
3149 3249 3391 3306 decretis
3413 3262 3671 3305 assensum
3691 3256 3788 3315 pra-

2244 3345 2456 3401 stiterat
2487 3342 2580 3417 (ε).
2609 3346 2807 3400 Contra
2836 3360 2964 3399 vero
3008 3360 3152 3399 anno
3182 3345 3310 3411 ὅδε,
3340 3359 3447 3416 quo
3491 3338 3790 3398 Alexandrina

2247 3440 2486 3513 synodus
2516 3455 2633 3495 eam
2663 3440 2982 3511 proscripsit
3003 3482 3016 3502 ,
3047 3440 3352 3495 Ecclesiam
3375 3451 3579 3494 veneno
3605 3449 3689 3490 suo
3709 3433 3789 3532 jam

2246 3534 2542 3590 alllaverat.
2575 3534 2631 3590 Si
2676 3549 2810 3589 vero
2840 3532 3031 3588 Vitalis
3056 3532 3297 3587 nondum
3340 3533 3442 3588 hoc
3473 3542 3690 3599 tempore
3712 3533 3791 3577 Vlla

2245 3641 2592 3693 excesserat;
2625 3630 2669 3684 si
2705 3629 2807 3685 lide
2832 3644 2891 3684 se
2918 3628 3242 3684 catholicum
3271 3628 3551 3693 simulans,
3582 3634 3633 3678 ut
3653 3636 3707 3677 ex
3726 3631 3794 3673 eo-

2246 3723 2370 3778 dem
2414 3722 2739 3777 Nazianzcni
2779 3722 2900 3777 loco
2937 3722 3271 3778 advertimus
3315 3721 3385 3794 ([)
3409 3764 3423 3788 ,
3449 3713 3793 3791 Apollinaristis

2246 3815 2548 3872 Antiochia:
2603 3815 2789 3885 positis
2840 3823 3103 3885 praeerat,
3137 3830 3199 3869 ac
3255 3829 3451 3886 magno
3498 3813 3616 3868 huic
3642 3802 3793 3864 haeresi

2246 3911 2583 3966 incremento
2613 3920 2752 3975 erat,
2780 3919 2835 3963 et
2868 3910 3144 3979 praesidio,
3176 3910 3221 3963 si
3251 3910 3490 3980 denique
3516 3910 3566 3963 in
3594 3906 3793 3974 Capuana

2243 4004 2453 4076 synodo
2497 4004 2566 4060 de
2609 4004 2754 4059 illius
2805 4004 2954 4059 urbis
3003 4004 3340 4073 procuranda
3391 4000 3664 4075 aliquando
3696 4008 3795 4067 pace

2243 4107 2444 4164 actum,
2478 4097 2949 4168 deliberatumque
2979 4097 3109 4164 fttit,
3151 4099 3239 4152 vix
3270 4100 3413 4155 alius
3441 4100 3508 4153 ab
3537 4098 3623 4152 illo
3647 4096 3690 4149 in
3717 4092 3791 4145 hac

2245 4192 2362 4261 ipsa
2392 4200 2486 4245 aut
2529 4191 2710 4245 Siricii
2755 4191 2820 4244 ad
2854 4190 3215 4246 Theodosium
3244 4192 3476 4263 epistola
3499 4190 3792 4260 designatus.

2243 4300 2641 4355 expressusque
2675 4284 2842 4340 videri
2871 4285 3087 4355 poterit.

2319 4379 2452 4433 llinc
2482 4377 2833 4446 intelligimus
2856 4419 2871 4442 ,
2901 4392 3008 4448 quo
3035 4378 3252 4433 circiter
3289 4392 3437 4432 anno
3472 4376 3604 4432 dicta
3629 4372 3689 4427 sit
3720 4367 3795 4423 h0-

2246 4473 2390 4527 milia
2448 4471 2857 4543 Chrysostomi,
2907 4487 3028 4540 qua:
3082 4470 3152 4525 de
3217 4474 3546 4526 anathemate
3593 4464 3796 4533 inseripla

540 4567 670 4621 pace
695 4555 960 4623 agendum
989 4565 1134 4611 esset
1172 4559 1510 4627 potissimum
1538 4602 1552 4627 ,
1588 4563 1670 4617 vix
1707 4562 1822 4619 fleri
1866 4575 2042 4635 potest
2080 4577 2138 4622 ut
2164 4539 2219 4600 D
2244 4578 2328 4623 est
2353 4567 2430 4639 (g)
2453 4610 2468 4631 ,
2496 4539 2702 4638 quosve
2751 4567 2868 4622 hanc
2905 4568 3147 4636 ejusdem
3193 4566 3363 4624 verba
3399 4566 3675 4637 reSpieiant
3697 4578 3709 4613 :
3732 4554 3798 4610 sed

537 4662 644 4702 non
674 4646 865 4701 eodem
898 4657 1142 4719 tempore
1169 4650 1236 4705 de
1264 4651 1424 4706 Vitali
1454 4654 1569 4723 ipso
1590 4697 1605 4721 ,
1651 4671 1681 4710 a
1706 4672 1809 4726 qua
1838 4661 2134 4715 maximum

534 4740 661 4795 huic
694 4740 835 4793 bono
860 4740 1305 4809 impedimentum
1335 4745 1663 4803 aﬂ'erebatur
1687 4791 1702 4814 ,
1744 4761 1920 4805 actum
1950 4752 2133 4818 fuerit,

532 4845 589 4892 et
614 4837 925 4907 cogitatum.
961 4835 1112 4890 Hunc
1141 4848 1401 4907 praeterea
1422 4840 1705 4912 designare
1742 4843 1993 4899 videntur
2020 4846 2135 4901 lucc

535 4929 695 4999 hujus
720 4928 965 4999 epistolae
993 4929 1156 4984 verba
1185 4948 1197 4983 :
1240 4943 1293 4984 ut
1329 4934 1590 4987 convictus
1622 4935 1674 4988 in
1702 4935 1940 5009 dOgmate
1969 4953 2098 4991 novo
2118 4980 2132 5004 ,

530 5039 849 5093 nequaquam
870 5022 962 5075 sub
989 5025 1216 5093 generali
1238 5024 1359 5089 ﬁdei
1386 5026 1566 5081 lateret
1591 5030 1817 5097 nomine,
1850 5035 1942 5088 sed
1967 5037 2129 5102 illico,

532 5118 671 5190 quod
693 5116 945 5170 doctrina:
969 5117 1265 5188 magisterio
1287 5135 1387 5172 non
1416 5129 1625 5186 teneret,
1658 5132 1702 5174 et
1728 5125 1946 5193 uﬂicium
1974 5128 2133 5199 depo-

528 5220 689 5276 neret,
718 5219 764 5263 et
788 5209 1092 5264 vocabulum
1115 5210 1431 5277 sacerdotis;
1457 5230 1519 5267 ne
1541 5214 1685 5283 fibra:
1708 5217 1896 5283 aliqua:
1918 5224 2135 5291 posthac

530 5300 713 5368 fallere
748 5301 1069 5372 cupientibus
1090 5342 1104 5366 ,
1140 5311 1186 5355 et
1226 5304 1608 5374 prwstigiarum
1642 5321 1925 5365 commenta
1961 5330 2131 5369 rema-

529 5403 726 5448 nerent.
757 5393 1033 5465 Siquidem
1069 5395 1185 5450 haec
1202 5396 1357 5452 nobis
1387 5397 1660 5456 hominem
1689 5402 2019 5475 exprimunt,
2040 5408 2133 5478 qui

601 5554 677 5625 ta)
703 5555 825 5609 Bar.
854 5570 980 5611 ann.
1012 5555 1138 5624 589,
1168 5573 1222 5613 n.
1250 5557 1339 5614 67.

626 5626 675 5695 bg)
705 5624 829 5695 Yid.
857 5641 977 5695 cap.
1007 5628 1098 5682 22.

627 5692 676 5763 ο)
708 5694 827 5749 Vid.
859 5692 978 5764 Cap.
1012 5700 1098 5754 10.

602 5764 680 5833 (ά)
710 5764 857 5833 Epist
885 5767 975 5834 75,
1008 5786 1061 5824 n.
1095 5772 1149 5839 4,
1185 5789 1312 5843 nttp.
1344 5775 1475 5832 edit.

2241 4661 2366 4732 quid
2393 4661 2573 4714 dicunt
2604 4660 2683 4714 illi
2729 4662 2797 4713 ad
2842 4676 3041 4713 omnem
3068 4661 3324 4714 malitiam
3355 4661 3579 4714 audaces
3607 4651 3798 4729 (Flavia-

2242 4753 2388 4808 niani
2420 4753 2630 4807 scilicet
2658 4752 2763 4817 sui,
2793 4767 2931 4822 quos
2960 4752 3302 4822 alloquitur)?
3333 4752 3639 4813 Hmreticus,
3662 4746 3797 4806 nim.

2238 4846 2329 4901 ille
2358 4850 2526 4917 factus
2554 4856 2661 4909 est,
2688 4845 3057 4900 inhabitantem
3086 4846 3233 4901 habet
3263 4847 3569 4912 diabolum,
3596 4853 3643 4898 et
3672 4836 3802 4908 loqui-

2239 4951 2322 4994 tur
2350 4952 2532 4995 contra
2561 4939 2728 4994 Deum
2764 4942 3080 5011 nequitiam,
3116 4943 3405 5012 multosque
3445 4939 3653 4996 subdola
3678 4945 3801 4989 mar

2236 5052 2335 5107 que
2363 5036 2576 5105 fallacia
2622 5037 2675 5089 in
2722 5036 3041 5107 profundum
3086 5036 3229 5091 exitii
3275 5037 3483 5091 abducit
3510 5079 3524 5099 ,
3553 5035 3747 5102 ideoque
3778 5041 3802 5077 ο

2237 5126 2483 5181 Patribus
2516 5129 2707 5197 ejectus
2732 5137 2825 5191 est,
2858 5129 3078 5183 maxime
3118 5130 3273 5199 hujus
3313 5130 3579 5202 magister,
3601 5125 3680 5198 qui
3708 5132 3802 5189 ρατο

2235 5231 2337 5275 tem
2370 5220 2611 5275 Ecclesia:
2635 5220 2850 5274 abscidit
2876 5236 2895 5275 :
2923 5222 3000 5274 sic
3025 5231 3117 5275 aut
3148 5221 3434 5277 Paulinum
3455 5264 3469 5288 ,
3507 5229 3596 5275 aut
3641 5211 3805 5287 Apolli-

2237 5316 2441 5370 narium
2506 5314 2797 5387 designant.
2865 5316 3333 5383 Montfaumnius,
3386 5318 3543 5387 cujus
3601 5311 3803 5369 editione

2236 5418 2360 5465 utor
2381 5452 2394 5476 ,
2426 5409 2511 5464 his
2540 5409 2778 5465 recitatis
2817 5409 2894 5465 ait
2922 5428 2935 5463 :
2972 5408 3101 5466 Ηιεο
3127 5421 3180 5465 ut
3207 5413 3375 5483 primo
3409 5411 3584 5466 statim
3626 5410 3802 5475 aspectu

2307 5569 2382 5644 (e_)
2410 5569 2531 5644 Lib.
2563 5586 2656 5644 υς,
2690 5587 2809 5644 cap.
2846 5573 2933 5628 l7.

2303 5640 2371 5711 tr)
2398 5641 2530 5711 Cap.
2570 5642 2656 5697 ta.

2305 5711 2382 5783 (g)
2407 5711 2595 5785 Opera,
2628 5724 2761 5771 tom.
2794 5714 2815 5771 ι
2843 5758 2857 5782 ,
2889 5731 2944 5788 p.
2975 5716 3112 5786 692,
3142 5717 3275 5776 edit.
3304 5714 3411 5776 BB.
