3878 6346
92 292 199 351 545

1476 284 2017 345 PROLEGOMENA.

3262 289 3373 347 346

89 427 196 467 sese
225 406 447 475 oﬂerunt
470 445 484 470 ,
530 400 814 457 Paulinum
858 402 1099 458 viventem
1151 401 1513 474 docentemque
1543 404 1680 457 indi-
1708 407 1759 467 Α
1783 405 1867 473 qui
1900 404 2217 476 Apollinaris
2259 405 2446 479 dogma
2484 407 2724 462 inducere
2748 403 3098 479 :conabantur.
3131 405 3381 463 Beatissi—

87 514 204 561 cant
237 520 257 557 :
282 516 401 555 nam
442 498 530 553 ille
563 498 649 565 qui
681 497 903 561 loquitur
942 504 1118 551 contra
1161 494 1329 550 Deum
1360 497 1637 566 nequitiam
1657 539 1672 563 ,

89 608 135 652 et
157 595 345 649 mullos
368 593 699 662 abducit,est,
732 590 1022 653 utvidetur,
1040 587 1330 644 Paulinus:
1358 606 1517 660 neque
1538 590 1675 643 enim

88 690 141 745 in
161 687 325 741 alium
343 684 449 739 hac
476 684 697 754 conferri
725 699 873 753 posse
894 692 1133 752 putamus
1158 699 1175 737 :
1207 685 1316 753 ejus
1346 699 1462 736 vero
1485 682 1675 753 magis-

89 792 179 848 ter,
212 781 301 850 qui
327 796 358 831 a
387 777 628 832 Patribus
658 778 844 847 ejectus
866 786 997 842 eral,
1024 786 1097 832 est
1124 776 1475 849 Apollinarius
1495 793 1678 831 secun-

87 877 151 929 do
182 881 487 927 memoratus
512 913 524 935 ,
555 871 643 940 qui
670 880 935 944 postquam
963 870 1015 923 in
1042 869 1238 941 synodo
1267 869 1335 923 ad
1363 870 1678 924 communio-

87 987 197 1026 nent
223 969 478 1023 admissus
520 971 691 1034 fuerat
735 965 1081 1021 subscribente
1110 964 1364 1032 Paulino,
1398 964 1585 1018 deinde
1612 964 1675 1018 ab
1720 1000 1727 1005 ι

86 1064 387 1128 Athanasio,
415 1062 632 1132 aliisque
660 1059 934 1125 Patribus,
968 1076 1083 1113 cum
1114 1062 1225 1132 ejus
1256 1060 1489 1113 haresim
1539 1073 1677 1112 com-

86 1158 367 1229 perissent,
398 1156 588 1227 ejectus
639 1153 754 1223 fuit.
800 1151 943 1208 Sane
986 1153 1094 1207 hac
1138 1151 1485 1205 multitudinis
1536 1150 1675 1204 dicta

88 1250 208 1304 duos
221 1246 856 1315 tantumimpetuntviros,
884 1261 1084 1314 nempe,
1107 1254 1159 1297 ut
1187 1245 1411 1314 explicat
1426 1242 1677 1314 Chrysos—

88 1354 279 1410 tomus,
313 1340 594 1395 Paulinum
638 1350 686 1394 et
720 1340 1118 1410 Apollinarium.
1152 1337 1295 1394 Nam
1336 1339 1379 1393 si
1424 1347 1536 1407 post
1582 1337 1676 1391 de-

87 1442 312 1509 functum
358 1433 643 1488 Paulinum
687 1433 839 1488 verba
880 1433 1176 1503 hujusmodi
1220 1432 1420 1505 prolata
1477 1439 1669 1497 essent,

89 1530 360 1602 Evagrium
385 1531 493 1601 ejus
524 1543 865 1582 successorem
896 1527 1035 1581 haud
1063 1526 1215 1580 dubie
1238 1526 1553 1596 impeterent,
1588 1540 1677 1577 cu-

78 1627 162 1697 jus
200 1633 367 1676 tamen
398 1618 542 1673 nulla
569 1620 651 1673 hic
679 1620 888 1674 mentio.
923 1618 1033 1689 Ego
1072 1634 1201 1673 vero
1242 1619 1342 1673 sub
1384 1616 1588 1671 Paulini
1620 1624 1675 1671 et

86 1714 395 1785 Apollinarii
445 1712 662 1767 nomine
696 1712 976 1781 Evagrium
1015 1720 1070 1766 et
1101 1711 1327 1766 Vitalem
1360 1710 1673 1781 designatos

1781 514 1865 552 mo
1908 499 2206 569 imperatori
2255 508 2302 553 et
2349 500 2741 555 clementissimo
2781 500 3005 569 principi
3052 499 3373 568 Theodosio,

1780 588 2082 645 Ambrosius
2109 601 2157 646 et
2184 592 2353 646 cateri
2381 594 2610 664 episcopi
2638 592 2665 646 Ι
2675 593 2836 648 talia.

1851 684 2006 739 Fidei
2036 696 2137 740 tua
2161 683 2357 752 diffusa
2379 696 2483 740 toto
2509 688 2630 741 orbe
2658 687 2883 759 cognitio
2924 686 3162 742 intimum
3190 695 3379 743 nostra

1778 779 1964 832 mentis
1994 778 2233 833 demulsit
2261 778 2523 844 affectum.
2557 779 2733 850 quue
2757 789 2812 835 ut
2841 780 2949 836 hac
2978 798 3175 853 quoque
3209 780 3379 852 gloria

1776 871 1989 941 imperio
2021 883 2106 927 tuo
2136 881 2424 937 crearetur,
2456 872 2593 942 quod
2622 875 2870 928 unitatem
2894 875 3180 930 reddidisse
3219 873 3370 929 Occi-

1780 965 2057 1018 dentalium
2079 969 2236 1038 juxta
2266 974 2416 1031 atque
2460 965 2801 1019 Orientalium
2832 966 3078 1021 Ecclesiis
3109 966 3374 1033 videreris,

1779 1057 2099 1113 clementiam
2130 1068 2271 1111 tuam
2313 1056 2684 1112 obsecrandam
2724 1059 2915 1127 pariter
2944 1076 3005 1113 ac
3038 1074 3193 1129 super
3219 1057 3379 1112 eccle-

1778 1151 2000 1205 siasticis
2030 1150 2247 1220 negotiis
2276 1149 2629 1204 instruendam
2666 1150 2857 1204 nostris
2887 1151 3075 1206 litteris
3104 1150 3378 1205 astimavi-

1781 1260 1894 1299 mus
1916 1286 1929 1310 ,
1958 1245 2239 1316 imperator
2281 1243 2703 1312 tranquillissime
2748 1260 2809 1297 ac
2852 1244 3166 1314 ﬁdelissime.
3199 1242 3379 1297 Dolori

1779 1342 1913 1394 enim
1956 1349 2097 1403 erat,
2123 1339 2257 1394 inter
2304 1336 2593 1392 Orientales
2623 1348 2772 1408 atque
2820 1335 3174 1392 Occidentales
3212 1338 3376 1391 inter-

1779 1443 1932 1501 rupta
1956 1447 2118 1486 sacra
2148 1431 2515 1485 communionis
2555 1448 2661 1486 esse
2698 1430 2975 1487 consortia.
3008 1430 3236 1487 Silemus
3255 1434 3374 1505 jam

1778 1539 2002 1595 quorum
2029 1540 2222 1589 errore,
2249 1539 2529 1593 quorumve
2555 1523 2765 1589 delicto,
2796 1539 2859 1577 ne
2882 1538 3049 1577 serere
3075 1522 3307 1594 fabulas,
3332 1531 3383 1578 et

1778 1618 2009 1689 alloquio
2052 1634 2199 1671 cassa
2244 1618 2527 1672 videamur.
2581 1616 2695 1671 Nec
2742 1632 2837 1671 nos
2876 1625 3098 1671 tentasse
3137 1618 3377 1690 panitet,

1778 1712 1917 1782 quod
1962 1713 2272 1766 intentatum
2319 1713 2521 1768 caderet
2567 1713 2622 1766 in
2668 1712 2894 1782 culpam.
2929 1710 3038 1766 Isto
3065 1712 3199 1765 enim
3243 1726 3382 1782 sape

86 1821 237 1882 puto,
272 1808 618 1877 habitamque
646 1806 850 1862 idcirco
880 1806 1158 1860 homiliam
1204 1805 1340 1859 hanc
1362 1846 1374 1867 ,
1409 1805 1632 1858 Paulino
1652 1845 1669 1872 ,
1702 1807 1749 1867 B
1776 1806 2140 1878 arguebamur,
2173 1806 2310 1876 quod
2339 1806 2641 1879 posthubere
2675 1804 3019 1859 Orientalium
3046 1804 3338 1859 societatem
3362 1846 3376 1870 ,

86 1905 169 1975 qui
197 1918 317 1958 eum
346 1901 450 1956 sibi
496 1914 872 1955 successorem
920 1899 1197 1969 elegerat,
1223 1899 1332 1967 jam
1379 1896 1669 1962 defuncto,

86 2010 218 2050 anno
248 1994 457 2049 scilicet
482 1993 588 2049 588
609 1993 720 2063 jam
753 1993 961 2062 elapso,
995 2008 1058 2046 ac
1087 2008 1193 2045 non
1222 1991 1378 2062 longe
1406 2006 1432 2042 a
1464 1989 1672 2061 Capua-

88 2104 165 2144 πω
216 2086 405 2159 synodi
457 2094 638 2141 atate.
690 2085 976 2139 Enimvero
1024 2082 1420 2153 Apollinarium
1466 2082 1674 2137 Paulini

89 2182 391 2251 magistrum
439 2188 531 2232 aut
576 2178 746 2233 videri
774 2219 788 2243 ,
818 2188 913 2231 aut
942 2177 1044 2232 dici
1094 2191 1124 2230 a
1155 2174 1544 2248 Chrysostomo
1575 2190 1673 2244 po~

91 2274 242 2329 tuisse
271 2289 431 2328 nemo
460 2287 715 2343 umquam
743 2277 951 2325 asseret
970 2312 984 2335 ,
1015 2271 1104 2340 qui
1139 2271 1306 2340 probe
1336 2268 1672 2337 cognoverit,

89 2377 209 2438 quot
236 2366 484 2421 Paulinus
517 2366 630 2435 ipse
662 2380 784 2419 cum
814 2364 1147 2433 Apollinario
1168 2403 1182 2427 ,
1211 2374 1371 2431 atque
1398 2360 1512 2430 ejus
1561 2359 1675 2414 dis-

90 2460 267 2529 cipulis
338 2474 434 2528 pro
500 2457 767 2513 catholica
818 2456 923 2511 ﬁde
970 2455 1349 2509 contentiones
1412 2462 1674 2523 perpetuo

94 2552 381 2608 exercuerit
410 2551 521 2626 (a),
554 2566 654 2605 nec
693 2550 827 2605 satis
877 2548 1059 2603 mirari
1106 2561 1323 2617 possum
1347 2588 1359 2611 ,
1394 2545 1510 2599 hac
1557 2546 1677 2600 viro

94 2644 390 2698 doctissimo
436 2642 700 2697 adversus
743 2639 1056 2711 episcopum
1089 2639 1303 2708 egregie
1351 2636 1674 2691 catholicum

95 2737 251 2803 dicta,
298 2736 589 2792 excidisse.
625 2734 777 2791 Unus
826 2734 1007 2804 itaque
1034 2731 1224 2787 Vitatis
1256 2732 1321 2786 iis
1365 2730 1678 2799 designatur

99 2831 281 2897 verbis,
314 2831 470 2901 cujus
500 2829 747 2900 profecto
776 2827 1167 2899 Apollinarium
1199 2827 1510 2897 magistrum
1540 2825 1679 2893 tuis-

98 2938 178 2987 se,
208 2923 447 2990 Socrate,
480 2921 808 2986 Sozomeno,
839 2936 899 2975 ac
926 2918 1270 2974 Theodoreto
1300 2928 1467 2983 teste,
1502 2918 1676 2988 palam

98 3016 256 3072 fuerat
301 3018 551 3072 omnibus
573 3061 586 3083 ,
620 3015 895 3085 digitoque
917 3056 932 3080 ,
969 3029 1102 3083 pene
1146 3013 1371 3067 dixerim
1399 3053 1413 3077 ,
1448 3011 1676 3067 Vitalem

100 3109 413 3165 demonstrat
456 3109 878 3180 Chrysostomus
937 3108 1121 3160 multos
1171 3105 1385 3159 subdola
1453 3120 1682 3175 vanaque

1777 1910 1823 1955 et
1876 1904 2105 1970 refutare
2142 1899 2361 1970 gratiam
2409 1898 2719 1952 videremur.
2771 1896 3021 1953 Laborem
3074 1898 3194 1967 quin
3226 1897 3377 1951 etiam

1776 1992 1925 2047 nobis
1974 1990 2306 2046 indicendum
2352 1992 2677 2062 putavimus,
2713 2006 2815 2045 non
2870 2006 2965 2061 pro
3010 1988 3172 2044 Italia
3199 2032 3213 2055 ,
3262 2003 3379 2059 qua

1768 2087 2081 2158 jamdudum
2108 2088 2171 2140 ab
2202 2086 2406 2140 Arianis
2431 2086 2603 2155 quieta
2630 2096 2781 2150 atque
2801 2101 2980 2139 secura
3008 2094 3081 2139 est
3104 2126 3118 2149 ,
3142 2099 3235 2138 nec
3266 2083 3379 2138 ulla

1779 2181 2133 2235 hareticorum
2183 2179 2566 2249 perturbatione
2612 2188 2852 2245 vexatur,
2878 2196 2978 2233 non
3030 2180 3239 2249 inquam
3283 2194 3378 2248 pro

1777 2272 1951 2339 nobis,
1982 2275 2105 2342 quia
2141 2289 2244 2326 non
2284 2274 2559 2342 quarimus
2598 2288 2714 2342 qua
2753 2280 2929 2325 nostra
2957 2280 3106 2337 sunt,
3134 2270 3225 2325 sed
3262 2285 3379 2340 qua

1778 2377 1899 2422 sunt
1931 2369 2157 2421 omnium
2188 2383 2205 2422 .'
2235 2384 2337 2420 non
2377 2383 2469 2439 pro
2499 2364 2673 2420 Gallia
2704 2375 2853 2435 atque
2894 2365 3091 2436 Africa,
3122 2380 3238 2433 qua
3267 2380 3380 2418 om-

1779 2463 1925 2517 nium
1962 2463 2287 2516 sacerdotum
2325 2461 2567 2515 concordi
2599 2460 2838 2513 societate
2862 2460 3146 2524 potiuntur.
3182 2456 3294 2513 Sed
3324 2466 3381 2511 ut

1779 2574 1862 2619 ea,
1895 2573 2010 2623 qua
2040 2555 2450 2610 communionem
2491 2564 2720 2607 nostram
2750 2552 2814 2607 de
2845 2551 3071 2606 Orientis
3095 2560 3242 2622 parte
3272 2561 3383 2604 tur-

1782 2647 2051 2709 baverunt,
2080 2654 2509 2717 cognoscerentur
2537 2648 2589 2698 in
2623 2644 2855 2715 synodo,
2885 2654 2933 2698 et
2960 2644 3123 2698 omnis
3160 2660 3186 2697 e
3212 2643 3384 2697 medio

1779 2744 2053 2812 scrupulus
2084 2743 2370 2795 tolleretur.
2404 2738 2526 2793 Non
2567 2740 2734 2793 solum
2763 2739 2899 2793 enim
2924 2738 2987 2792 de
3008 2737 3110 2803 his,
3142 2753 3255 2809 qua
3277 2738 3382 2792 cle-

1780 2838 1966 2892 mentia
1992 2847 2080 2891 tua
2117 2836 2327 2907 dignata
2356 2845 2427 2888 est
2454 2835 2690 2897 scribere,
2722 2833 2812 2887 sed
2842 2834 2994 2887 etiam
3021 2832 3084 2886 de
3114 2832 3250 2896 illis,
3283 2831 3370 2901 qui

1782 2931 1974 3001 dogma
1997 2930 2169 2985 nescio
2190 2927 2349 2998 quod,
2374 2927 2693 2997 Apollinaris
2724 2926 2992 2990 asseritur,
3017 2926 3069 2978 in
3101 2923 3388 2979 Ecclesiam

1782 3035 2038 3077 conantur
2077 3021 2356 3086 inducere;
2382 3036 2473 3074 nos
2514 3019 2753 3089 pleraque
2779 3027 3072 3081 moverunt,
3104 3031 3219 3086 qua
3259 3031 3388 3087 par-

1783 3117 1912 3170 tibus
1958 3119 2163 3187 fuerant
2206 3111 2486 3167 resecanda
2536 3110 2905 3181 prementibus,
2938 3118 2994 3162 ut
3042 3111 3303 3160 convictus
3333 3107 3387 3160 in

103 3204 294 3272 fallacia
336 3205 387 3258 in
435 3205 756 3275 profundum
812 3201 957 3255 exitii
1003 3201 1358 3253 ubducentem.
1406 3199 1673 3254 Praeterea
1703 3202 1747 3264 C
1781 3207 2018 3278 dogmate
2052 3222 2213 3272 ηουο,
2266 3216 2315 3259 ει
2360 3202 2664 3274 redarguit“
2712 3202 2764 3254 in
2805 3215 3011 3263 errore,
3065 3214 3389 3267 nequaquam

104 3294 264 3363 hujus,
293 3312 448 3366 quem
480 3294 901 3368 Chrysostomus
932 3294 1154 3359 indicat,
1183 3295 1445 3364 magister,
1472 3302 1675 3363 partem

104 3388 343 3446 Ecclesia
384 3391 724 3457 absciderat,
757 3399 810 3445 et
853 3390 1093 3459 abjeclus
1126 3404 1186 3443 ea
1226 3389 1292 3443 de
1322 3404 1483 3443 causa
1514 3405 1545 3444 a
1574 3390 1677 3444 Pa-

105 3484 258 3541 tribus
287 3486 478 3543 fuerat.
512 3488 624 3542 lloc
654 3502 781 3541 vero
809 3496 867 3541 ut
894 3486 961 3540 de
990 3486 1323 3556 Apollinario
1349 3487 1540 3541 merito
1567 3487 1678 3541 dic-

108 3585 204 3633 tum
252 3591 493 3649 constat,
527 3582 616 3651 qui
646 3579 1052 3635 edeatholicis
1094 3580 1448 3634 Antiochenis
1496 3580 1679 3651 plures

108 3671 164 3725 ad
211 3672 427 3729 Vitalem
476 3672 701 3744 profane
773 3673 1077 3729 ordinatum
1130 3687 1158 3724 a
1208 3688 1267 3727 se
1316 3672 1629 3743 episcopum
1660 3715 1675 3739 ,

108 3779 347 3836 suamque
377 3767 628 3822 haresim
667 3765 1000 3829 abduxerat,
1026 3780 1090 3819 ac
1118 3779 1149 3818 a
1192 3764 1439 3820 Patribus
1481 3764 1681 3821 deinde

108 3867 242 3913 extra
273 3859 565 3915 Eccle~iam
596 3859 768 3914 factus
794 3868 896 3920 est.
927 3858 994 3912 ita
1024 3867 1221 3928 prater
1247 3867 1485 3927 apertam
1510 3859 1681 3913 niani-

110 3950 382 4026 festamque
426 3955 752 4011 calumniam
800 3954 867 4009 de
897 3954 1125 4009 Paulino
1179 3968 1246 4007 ne
1298 3953 1519 4023 cogitari
1563 3953 1681 4022 qui-

110 4046 217 4101 dem
245 4060 486 4118 poterat',
522 4065 684 4121 quem
713 4047 975 4103 Catholici
1007 4047 1342 4102 Eustathlani
1372 4055 1564 4117 sponte
1595 4062 1682 4102 se-

112 4141 205 4195 cuti
233 4141 435 4197 fuerant
454 4186 470 4211 ,
500 4143 775 4213 antiquior
804 4149 950 4197 certe
977 4150 1030 4195 et
1062 4142 1246 4210 purior
1276 4138 1535 4195 Ecclesiae
1570 4139 1680 4195 An-

114 4231 353 4289 tiochena
383 4252 530 4306 pars.
572 4233 996 4306 Chrysostomus
1042 4233 1223 4303 itaque
1267 4232 1331 4286 ad
1359 4247 1486 4286 suos
1514 4232 1677 4286 verba

113 4324 313 4396 faciens,
334 4347 399 4386 ne
423 4332 709 4403 Evagrium
736 4341 788 4385 et
811 4329 990 4383 dubiae
1014 4328 1276 4382 hactenus
1300 4326 1422 4380 titlei
1446 4335 1502 4381 et
1528 4341 1680 4381 com-

114 4424 363 4480 munionis
403 4426 627 4481 Vitalem
682 4434 809 4479 tunc
859 4423 1101 4477 viventes
1147 4420 1461 4475 nominatim
1507 4421 1686 4489 expri-

117 4523 232 4579 mat,
262 4526 537 4590 ulrumqne
558 4534 622 4574 ex
652 4517 802 4589 ipsis,
830 4531 1124 4586 eorumque
1149 4514 1385 4569 asscclas
1417 4513 1517 4568 sub
1549 4514 1683 4568 Pau-

1780 3300 1871 3354 sub
1904 3298 2133 3373 generali
2157 3298 2275 3367 ﬁdei
2301 3299 2477 3351 lateret
2506 3295 2712 3348 nomine
2742 3309 2760 3348 :
2792 3293 2878 3346 sed
2904 3292 3047 3345 illico
3068 3333 3081 3357 ,
3108 3291 3247 3359 quod
3268 3290 3391 3344 doc-

1781 3392 1931 3445 trina
1969 3389 2271 3464 magisterio
2301 3404 2400 3441 non
2433 3395 2657 3451 teneret,
2690 3394 2736 3438 et
2763 3383 2981 3455 ofﬁciunt
3007 3383 3311 3454 deponeret,
3343 3390 3390 3435 et

1782 3484 2083 3539 vocabulum
2112 3481 2396 3535 sacerdotis
2431 3495 2448 3533 :
2475 3495 2564 3532 nec
2596 3476 2741 3546 ﬁbra
2767 3478 2957 3545 aliqua
3013 3484 3126 3544 post
3154 3474 3251 3527 hac
3288 3476 3389 3544 ful-

1782 3578 1886 3632 lere
1906 3575 2244 3647 cupientibus,
2267 3584 2313 3627 et
2341 3572 2719 3645 praestigiarum
2741 3578 3025 3624 commenta
3047 3576 3388 3620 remanerent.

1786 3671 1924 3726 Nam
1955 3672 2040 3741 qui
2090 3670 2354 3724 convictus
2404 3684 2503 3721 non
2548 3667 2702 3736 fuerit
2746 3662 3081 3735 prasentibus
3111 3659 3390 3732 partibus;

1782 3765 1919 3835 quod
1950 3780 2062 3818 vere
2100 3770 2315 3834 augusto
2358 3759 2731 3833 principalique
2769 3771 3017 3827 responso
3050 3767 3137 3807 tua
3168 3754 3388 3807 clemen-

1785 3860 1858 3913 tia
1903 3857 2168 3927 deﬁnivit,
2199 3855 2519 3925 referendam
2565 3867 2764 3918 semper
2808 3848 3047 3903 ansulam
3092 3847 3392 3918 quastionis

1787 3951 2026 4020 arripiet.
2052 3949 2132 4003 Eo
2163 3949 2322 4020 igitur
2345 3945 2724 4001 obsecravirnus
2745 3940 3065 3995 sacerdotale
3092 3937 3390 4003 concilium,

1786 4054 1842 4100 ut
1870 4046 2062 4098 nemini
2104 4043 2275 4096 liceret
2313 4039 2638 4094 mendacium
2677 4038 2733 4091 in
2760 4036 3019 4090 absentem
3049 4048 3390 4101 componere,

1786 4151 1831 4193 et
1877 4141 1930 4192 in
1973 4138 2192 4192 concilio
2242 4136 2583 4189 discuteretur
2623 4132 2745 4202 quid
2787 4138 2914 4183 esset
2944 4129 2997 4182 in
3040 4143 3176 4180 vero.
3212 4124 3395 4195 Itaque

1786 4250 1889 4287 non
1921 4231 2060 4286 cadit
2089 4232 2142 4284 in
2171 4245 2253 4283 eos
2279 4226 2579 4281 intentionis
2607 4225 2684 4278 vel
2717 4222 2984 4294 facilitatis
3011 4219 3107 4273 ulli
3133 4217 3389 4287 suspicio,

1792 4326 1879 4395 qui
1909 4324 2081 4378 omnia
2113 4320 2448 4393 prasentibus
2480 4317 2715 4388 partibus
2744 4315 3076 4368 observarunt
3109 4328 3127 4366 :
3159 4327 3282 4365 sane
3308 4309 3393 4363 al-

1789 4419 1959 4490 legata
1988 4416 2285 4479 texuimus,
2324 4428 2424 4466 non
2467 4409 2785 4480 definiendi,
2816 4407 2906 4461 sed
2948 4404 3237 4459 instruendi
3275 4420 3394 4475 gra-

1790 4514 1861 4567 tia
1882 4554 1896 4578 ,
1922 4520 1968 4565 et
2005 4511 2092 4581 qui
2110 4508 2369 4582 judicium
2403 4506 2669 4577 petivimus
2691 4544 2707 4570 ,
2744 4518 2844 4556 non
2884 4502 3165 4574 deferimus
3202 4499 3395 4571 praju-

116 4604 232 4671 lini,
270 4620 321 4663 et
348 4610 661 4678 Apollinarii
686 4650 701 4673 ,
751 4610 839 4678 qui
886 4607 1093 4678 pridem
1132 4606 1422 4673 obierant,
1457 4622 1683 4677 persona
1714 4599 1765 4659 D
1793 4606 1986 4658 dicium
2018 4620 2036 4668 ;
2075 4617 2239 4672 neque
2282 4600 2448 4654 ullum
2488 4614 2660 4652 eorum
2709 4595 3069 4649 astimandum
3116 4593 3393 4648 conuitium

119 4698 372 4760 indicavit.
402 4706 565 4777 Igitur
620 4721 686 4761 ex
736 4704 837 4758 hac
884 4705 996 4773 ipsa
1041 4702 1417 4773 Chrysostomi
1466 4700 1685 4755 homilia

121 4793 277 4865 colligi
326 4798 564 4867 profecto
589 4805 798 4868 potest,
829 4809 1051 4866 magnas
1081 4794 1222 4848 circa
1274 4793 1391 4848 hac
1443 4803 1685 4862 tempora

122 4882 184 4937 ob
212 4885 510 4946 barreticum
536 4891 687 4947 illum
719 4889 905 4944 turbas
956 4888 1009 4942 in
1034 4886 1394 4942 'Antiochena
1446 4885 1686 4940 Ecclesia

125 4979 379 5049 excitatas,
410 5001 640 5056 eumque
664 4993 949 5055 propterea
978 4981 1078 5035 hac
1098 4980 1286 5037 eadem
1318 4980 1544 5047 epistola
1575 4995 1686 5035 me-

124 5068 218 5124 rito
244 5073 565 5147 designatum
609 5094 636 5133 τι
685 5093 773 5133 me
810 5076 977 5131 asseri
1000 5115 1016 5142 ,
1046 5082 1207 5144 atque
1237 5073 1380 5126 illam
1408 5080 1686 5143 postremo

127 5162 183 5216 ad
208 5163 499 5237 Capuauam
529 5171 820 5245 synodum,
849 5178 1007 5239 atque
1039 5168 1157 5239 ejus
1192 5174 1343 5239 gesta
1376 5167 1648 5238 pertinere
1669 5206 1685 5233 ,

128 5267 267 5312 secus
291 5276 351 5317 ac
374 5265 698 5321 eruditorum
730 5264 991 5319 hactenus
1018 5262 1201 5333 opinio
1224 5261 1345 5316 tulit
1377 5277 1393 5316 :
1426 5260 1521 5317 sed
1550 5259 1690 5314 hanc

131 5347 278 5417 ipsam
300 5400 312 5423 ,
346 5367 399 5413 ut
424 5360 642 5418 alteram
669 5361 933 5416 lectorum
965 5358 1165 5424 oculis,
1214 5373 1279 5413 ac
1307 5366 1520 5413 maturo
1551 5353 1689 5409 indi—

133 5442 206 5497 cio
232 5448 412 5507 iterum
442 5454 826 5525 subjiciendam
858 5452 960 5508 hoc
990 5452 1108 5507 loco
1133 5450 1289 5505 duxi.

196 5533 414 5608 Epistola
454 5548 653 5603 concilii
694 5545 871 5601 Italia
917 5545 985 5598 ad
1027 5543 1371 5598 Theodosium
1414 5543 1715 5631 imperato-1

137 5639 248 5683 rem.
278 5630 409 5692 Inter
435 5654 612 5700 catera
652 5647 923 5703 damnatos
949 5645 1123 5703 scribit
1164 5645 1220 5700 in
1267 5641 1466 5714 synodo
1494 5640 1654 5713 fuisse
1672 5680 1688 5708 ,

204 5805 272 5879 (α)
296 5809 408 5874 Vid.
433 5834 550 5895 cap.
579 5826 680 5895 to,
710 5828 797 5883 tt.

1754 4714 1757 4717 ·
1791 4698 1911 4770 fuit,
1944 4712 2061 4749 cum
2085 4701 2394 4765 rogarentur
2421 4690 2490 4744 ttd
2518 4687 2799 4743 concilium
2828 4687 3141 4750 sacerdotes,
3174 4700 3392 4755 quorum

1792 4795 2083 4863 frequenter
2114 4787 2423 4860 prasentior
2447 4783 2675 4838 absentia
2697 4784 2796 4853 fuit
2819 4779 3027 4848 quando
3054 4782 3108 4833 in
3129 4793 3395 4833 commune

1791 4884 2067 4939 consuluit.
2103 4881 2285 4949 Neque
2309 4880 2441 4934 enim
2473 4878 2549 4932 vel
2580 4894 2671 4931 nos
2698 4876 3063 4931 astimavimus
3085 4889 3194 4927 esse
3223 4871 3396 4924 convi-

1794 4979 1954 5043 tium,
1980 4993 2095 5030 cum
2127 4991 2262 5029 unus
2290 4970 2872 5042 Constantinopolitana
2900 4966 3146 5021 Ecclesia
3186 4962 3395 5032 presby-

1794 5081 1891 5137 ter,
1929 5070 2130 5124 Paulus
2158 5069 2383 5131 nomine,
2413 5067 2550 5119 intra
2587 5064 2831 5118 Achaiam
2862 5059 3118 5129 synodum
3150 5056 3389 5109 Orienta-

1797 5166 1926 5221 lium
1960 5166 2116 5237 juxta
2162 5171 2313 5232 atque
2342 5157 2756 5213 Occidentalium
2787 5151 3137 5221 postulaverit.
3168 5148 3395 5201 Advertit

1796 5258 2066 5315 clementia
2108 5265 2233 5321 tua,
2284 5272 2384 5309 non
2426 5254 2589 5324 fuisse
2632 5247 2988 5304 irrationabile
3038 5242 3349 5312 postulatum
3374 5280 3391 5307 ,

1796 5353 1937 5425 quod
1963 5352 2116 5407 etiam
2138 5349 2201 5403 ab
2233 5346 2585 5403 Orientalibus
2615 5351 2687 5397 est
2722 5339 2969 5412 petitum,
3000 5334 3088 5389 sed
3112 5334 3233 5403 quia
3264 5332 3397 5403 Illy-

1796 5451 1889 5504 riis
1917 5456 2155 5516 suspecta
2182 5455 2431 5507 movetur,
2450 5440 2564 5493 ideo
2587 5434 2846 5491 maritinta
2872 5448 2931 5485 ac
2961 5429 3152 5483 tutiora
3180 5427 3399 5497 quasita

1796 5551 1937 5599 sunt.
1981 5540 2164 5607 Neque
2204 5539 2357 5609 plane
2406 5550 2499 5589 nos
2561 5542 2821 5599 tamquam
2866 5540 2931 5579 ea:
2982 5526 3150 5592 forma
3198 5521 3400 5586 aliquid

1797 5634 2151 5692 innovavimus
2195 5648 2216 5688 :
2259 5631 2349 5687 sed
2395 5634 2583 5683 sancta
2636 5616 2897 5675 memoria
2949 5615 3261 5680 Athanasii,
3311 5614 3400 5683 qui
