3950 6330
466 285 572 342 547

1719 278 1964 340 SANC‘I'I
2006 276 2260 338 υΑιιΑθι
2299 277 2501 338 ΡΑΡᾸΞ

3626 285 3710 342 ηε

467 401 615 473 quasi
641 400 876 455 columen
903 398 1036 469 'Iidei
1065 398 1192 470 fuit,
1223 406 1270 450 et
1295 396 1478 451 veteris
1515 395 1808 450 sanctitatis
1849 393 2064 449 Patrum
2090 396 2142 456 Α
2171 395 2266 447 rite
2312 395 2688 450 communionis
2719 395 2849 466 jura
2895 395 3149 450 uiolamus
3169 435 3184 463 ,
3213 395 3302 451 sed
3343 396 3548 452 debitam
3578 411 3712 458 vestro

469 501 763 549 nostrorum
786 492 839 546 in
863 491 1098 547 conciliis
1128 489 1343 560 definita
1365 498 1616 544 servantes
1635 532 1650 552 ,
1677 503 1780 542 non
1803 487 2068 544 mllimus

468 591 712 645 terminos
737 628 751 653 ,
783 603 911 657 quos
941 593 1221 657 posuerunt
1251 595 1422 655 patres
1450 584 1645 651 nostri,
1673 595 1765 639 nec
1794 582 2069 638 heredita-

2173 489 2389 559 imperio
2418 489 2862 560 honoriﬁcentiam
2889 503 3201 547 reservantes
3225 533 3240 560 ,
3272 493 3514 548 studiosos
3540 509 3618 550 nos
3642 515 3716 567 ρι-

2174 581 2248 634 cis
2269 591 2318 635 et
2347 582 2531 650 quietis
2553 581 2889 637 ostendimus.

641 907 738 980 ρ
882 833 1521 969 SANCTI
1595 831 2276 1029 QAMASI
2357 825 3353 960 OPUSCULA.

1376 1084 1383 1090 ’
1695 1067 2563 1177 EPISTOLZE.

1935 1271 2317 1328 .NaD-IO

911 1379 1302 1446 EPISTOLA
1347 1379 1598 1442 PRIMA
1612 1422 1627 1438 .

472 1531 760 1574 ικειηυι
800 1529 985 1572 εῑιηοιιι
1027 1529 1238 1570 ΗΔΒΙΤΑΒ
1289 1528 1445 1569 ΚΟΙΒ
1495 1523 1864 1567 εριεσοιιοιιωι
1910 1523 2078 1579 XCIII,

901 1623 975 1664 Εἰ
1016 1622 1307 1663 ιιιεειιιῐντο
1347 1621 1619 1662 ιιιιιειιιλιι
1629 1646 1640 1658 .

1104 1742 1440 1800 MONITUM.

551 1863 703 1922 Hanc
730 1861 1050 1919 Sarazanius
1085 1877 1116 1914 a
1154 1858 1473 1915 Theodoreto
1499 1865 1763 1926 acceptam
1800 1871 1894 1910 sua
1917 1854 2076 1908 inter-

474 1959 762 2030 pretatione
787 1955 995 2012 donavit
1025 1972 1043 2010 :
1083 1970 1177 2026 ego
1204 1969 1323 2008 vero
1352 1952 1515 2008 latina
1549 1949 1812 2004 Holstenii
1850 1947 2078 2002 editione

473 2062 613 2115 utor,
650 2049 785 2104 velut
821 2047 1124 2120 primigenio
1167 2045 1377 2100 Damasi
1429 2043 1577 2113 fatu,
1607 2050 1660 2096 ut
1712 2039 1819 2094 dixi
1858 2055 1975 2110 cap.
2019 2037 2073 2092 5.

475 2146 580 2202 Cur
622 2161 739 2201 vero
787 2143 928 2213 apud
959 2141 1305 2198 Sozomenum
1338 2148 1383 2194 et
1415 2136 1792 2194 Tlteodoretum
1828 2131 2074 2204 Illyricis,

477 2239 818 2295 Ilolsteniana
858 2252 975 2292 vero
1005 2233 1274 2306 episcopis
1312 2248 1405 2303 per
1436 2231 1711 2288 Orientem
1772 2223 2080 2284 censtitutis

475 2333 726 2402 inscripta
771 2332 873 2398 sit,
915 2329 1028 2384 vide
1060 2346 1174 2401 cap.
1220 2323 1273 2382 7.
1306 2327 1556 2382 Cteterum
1596 2341 1695 2380 ms.
1732 2322 1980 2383 codicem,
2016 2336 2080 2375 ex

416 2425 418 2428 ’
471 2445 574 2500 quo
597 2437 807 2499 sumpta
830 2436 901 2482 est
930 2443 993 2481 ea:
1036 2425 1278 2480 Bobiensi
1304 2425 1356 2478 in
1393 2424 1696 2478 Vaticanam
1724 2416 2080 2474 bibliothecam

475 2523 722 2594 Scipione
764 2520 1021 2575 cardinali
1070 2519 1131 2575 S.
1179 2517 1437 2574 Susanna:
1481 2513 1865 2572 bibliothecario
1911 2521 2080 2564 trans-

472 2615 657 2680 latum,
694 2616 784 2668 diu
806 2624 923 2668 ante
955 2611 1287 2666 Holstenium
1318 2612 1634 2678 inspexerat,
1659 2623 1719 2662 ac
1745 2623 1798 2661 se
1823 2604 2080 2658 editurum

473 2709 778 2780 promiserat
816 2705 908 2761 Fr.
958 2704 1253 2759 Ludovicus
1295 2703 1536 2774 Capellus
1569 2703 1631 2756 de
1667 2717 1864 2755 succes.
1900 2697 2075 2769 Episc.

481 2798 630 2853 Rom.
671 2798 880 2854 dissert.
909 2807 1101 2867 poster.
1134 2811 1250 2866 cap.
1278 2797 1345 2862 5;
1373 2803 1536 2852 exstat
1566 2795 1716 2849 etiam
1743 2793 1796 2846 in
1832 2789 2080 2846 Vullicel—

474 2891 594 2946 lano
621 2889 738 2944 cod.
767 2889 859 2953 25,
888 2907 942 2962 p.
974 2888 1096 2954 107,
1139 2886 1408 2956 exscripta
1441 2902 1504 2941 ex
1531 2884 1702 2941 veteri
1728 2881 2078 2948 Tridentino,

473 2987 542 3037 ad
573 2997 684 3036 eam
724 2982 915 3038 scilicet
960 2981 1133 3036 urbem
1179 2979 1384 3034 concilii
1423 2983 1648 3048 tempore
1685 2977 1876 3042 allato,
1912 2973 2076 3030 libro.

1084 3115 1440 3173 EPISTULA.

476 3239 758 3306 Damasus,
801 3237 1120 3294 Valerianus
1151 3248 1176 3276 α
1196 3281 1211 3304 ,
1237 3238 1541 3294 Vitalianus
1567 3236 1618 3304 ι),
1649 3235 1894 3292 Auﬁdius
1917 3278 1932 3302 ,
1975 3235 2075 3289 Pa-

543 3325 735 3388 c'ianus
757 3372 774 3400 ,
805 3329 994 3387 Victor
1017 3374 1032 3399 ,
1083 3332 1300 3387 Priscus
1321 3373 1333 3394 ,
1369 3331 1732 3396 Innocentius,
1766 3327 2072 3395 Abundius,

545 3423 893 3492 Theodulus,
929 3435 984 3482 et
1032 3426 1215 3482 caeteri
1252 3426 1342 3497 qui
1392 3425 1458 3480 ad
1506 3423 1826 3480 audiendam
1855 3437 2074 3479 causam

550 3519 841 3586 Auxentii,
887 3519 1374 3591 exponendamque
1420 3518 1616 3584 ﬁdem,
1658 3521 1710 3573 in
1744 3517 1874 3573 urbe
1902 3517 2075 3571 Roma

545 3621 954 3678 convenerunt,
992 3613 1271 3683 EpiscOpis
1311 3611 1608 3668 Catltollcis
1653 3627 1750 3685 per
1797 3609 2073 3666 Orientem

551 3708 861 3760 constitutis
893 3707 944 3760 in
977 3707 1202 3762 Domino
1229 3708 1483 3762 salutem.

545 3816 879 3874 Conﬁdimus
906 3821 1124 3892 quidem
1147 3863 1160 3888 ,
1196 3821 1552 3878 Sanctitatem
1581 3827 1814 3878 vestram
1841 3819 2078 3891 Aposto-

547 3970 571 4036 ιξ
612 3959 858 4018 Celebris
901 3963 1107 4018 scilicet
1142 3963 1504 4036 Aquileiensis
1545 3965 1864 4034 episcopus,
1898 3962 2069 4036 cujus

477 4033 874 4090 ordinationem
907 4036 1186 4091 Dandulus
1207 4033 1264 4092 in
1293 4037 1568 4092 Chronico
1585 4033 1822 4091 collocat
1847 4034 1912 4087 ad
1941 4050 2070 4088 ann.

475 4106 609 4172 568;
636 4106 902 4174 siquidem
944 4107 1309 4164 Fortnnianus
1330 4125 1473 4164 anno
1496 4108 1710 4163 labente
1737 4107 1844 4164 366
1871 4117 1963 4161 aut
1987 4106 2037 4160 al
2055 4136 2067 4144 -

478 4181 600 4234 tero
621 4180 828 4251 obierat
843 4177 1157 4250 (Fontanin.
1176 4182 1356 4249 script.
1376 4180 1546 4251 Aquit.
1565 4196 1611 4233 c.
1629 4180 1684 4242 2,
1709 4179 1760 4231 in
1774 4179 1917 4247 βω).
1936 4177 2072 4251 Huic

476 4250 721 4321 rescribit
751 4245 981 4307 Basilius
1013 4253 1254 4321 Magnus,
1281 4245 1443 4321 epist:
1466 4253 1551 4310 9|.
1585 4245 1780 4320 Opem,
1810 4245 1943 4304 tom.
1973 4245 2064 4302 Ill.

546 4319 574 4359 δ
620 4321 942 4377 Vitalianum
995 4338 1057 4378 ac
1103 4319 1374 4379 Victorem
1438 4327 1578 4380 inter
1640 4319 1737 4377 eos
1784 4322 2067 4391 episcopos

474 4391 773 4464 recensitos
809 4395 1032 4463 legimus
1063 4397 1202 4464 apud
1230 4397 1424 4452 Baron.
1458 4412 1584 4450 ann.
1618 4393 1742 4458 155,
1771 4409 1823 4448 n.
1849 4392 1942 4459 2‘2,
1974 4392 2063 4460 qui

477 4465 530 4542 in
564 4462 946 4542 Mediolanensi
997 4462 1294 4542 latrocinali
1343 4468 1551 4542 synodo
1591 4473 1780 4542 contra
1829 4465 2067 4519 Athana-

477 4534 618 4586 sium
649 4535 1083 4605 subscripserunt
1109 4558 1120 4591 :
1155 4550 1210 4592 at
1241 4534 1515 4603 Ecclesiae,
1544 4538 1738 4607 quibus
1772 4543 2062 4605 praeerant,

480 4619 587 4680 non
641 4608 1034 4680 exprimuntur.
1091 4608 1372 4680 Ugbellius
1424 4617 1568 4666 circa
1624 4609 1738 4663 lucc
1787 4617 2066 4674 tempora.

490 4673 744 4730 Victorem
778 4673 1165 4734 Placentinam'
1195 4681 1494 4737 Ecclesiam
1533 4673 1942 4736 administrasse
1963 4680 2070 4742 ait;

490 4746 745 4822 Victorem
808 4761 1071 4816 prielerea
1132 4751 1502 4808 Florentiuum
1555 4750 2070 4822 episc0puminobis

477 4818 678 4893 s_tatui_t
697 4817 887 4874 Petrus
929 4823 1134 4876 Casella
1167 4823 1234 4877 de
1263 4824 1488 4878 Tuscor.
1520 4817 1658 4893 orig.
1687 4817 1806 4890 ca'p.
1844 4821 1954 4893 12,
1984 4821 2068 4873 cui

479 4887 776 4962 Zenobiam
829 4895 1160 4948 successisse
1220 4895 1400 4950 tradit.
1452 4887 1668 4948 Priscus
1711 4887 1851 4962 apud
1898 4891 2066 4946 Hilar.

481 4961 672 5036 fragm.
704 4961 738 5016 8
780 4964 975 5033 legitur
1014 4980 1136 5036 cum
1187 4967 1375 5036 legatis
1419 4965 1777 5021 Ariminensis
1819 4962 2069 5036 concili,

480 5035 568 5106 qui
605 5044 876 5100 postremo
919 5050 949 5090 a
994 5035 1101 5093 ﬁde
1143 5034 1474 5106 praevaricati
1516 5045 1682 5092 sunt:
1729 5034 1846 5092 ﬁeri
1894 5037 2072 5106 itaque

480 5102 649 5176 facile,
691 5116 906 5172 potes1,
969 5118 1024 5161 ut
1077 5102 1198 5163 cuiu
1253 5125 1443 5164 omnes
1498 5111 1892 5176 resipuissent,
1947 5102 2071 5160 huic

481 5175 818 5259 synodosub
846 5179 1076 5234 Damasu
1099 5179 1407 5236 adfuerint:
1438 5180 1504 5235 de
1539 5180 1750 5235 czcteris
1773 5176 1907 5234 nihil
1939 5177 2070 5231 mihi

479 5256 734 5303 occurrit.

511 5327 579 5396 mc
625 5319 907 5396 l1;rc_clar.
933 5322 1118 5396 editor
1147 5324 1499 5390 epistularum
1533 5324 1898 5380 Romanorum
1929 5336 2066 5391 pon-

485 5387 683 5463 tiﬁcum
715 5393 803 5446 vix
838 5394 998 5448 scribi
1044 5387 1282 5462 potuis<e
1311 5405 1497 5452 censet
1534 5412 1598 5450 eo
1639 5387 2069 5463 temporefquo

487 5467 562 5511 tot
601 5459 776 5533 Ariani
817 5459 1057 5533 episc0pi
1098 5467 1149 5520 in
1182 5468 1422 5522 omnium
1467 5467 1634 5521 oculis
1673 5459 2067 5519 versztbantur:

485 5537 644 5605 atque
693 5532 815 5605 hinc
860 5532 1266 5594 IIolstenianum
1311 5540 1590 5605 exemplar
1638 5553 1744 5593 non
1789 5537 1858 5589 de
1905 5535 2072 5590 latino

485 5601 818 5671 authentico,
845 5607 938 5662 sed
963 5624 1028 5663 ex
1056 5626 1234 5678 graico
1262 5611 1329 5664 ab
1367 5601 1614 5675 imperito
1645 5611 1960 5678 interprete.
1984 5607 2067 5678 vel

485 5681 742 5754 90fl'ltplo
769 5675 1081 5754 exemplari
1108 5693 1378 5753 sumptum
1413 5682 1578 5736 fuisse
1617 5675 1895 5754 pulat._At
1925 5675 2068 5730 ludi-

487 5752 594 5823 cra.
628 5745 725 5798 viri
769 5745 911 5800 docti
945 5745 1274 5823 observatio
1309 5766 1392 5810 est
1423 5772 1437 5810 :
1490 5745 1752 5823 siquidem
1804 5750 2070 5823 Damasus

486 5817 692 5868 iamut"
723 5831 841 5876 esse
874 5821 998 5877 mali
1048 5825 1292 5886 haeresim
1323 5817 1631 5895 monet,'ut
1672 5824 1758 5881 vix
1789 5820 1984 5878 cadere
2014 5820 2066 5878 in

2180 1373 2354 1430 lorum
2405 1375 2759 1433 instructione
2805 1375 3114 1444 fundatam,
3163 1393 3284 1434 eam
3345 1387 3523 1436 tenere
3567 1379 3728 1448 ﬁdem,

2179 1486 2407 1541 eamque
2437 1471 2681 1541 plebibus
2713 1471 2986 1538 intimare,
3019 1487 3138 1542 qua:
3161 1486 3192 1526 a
3217 1473 3481 1542 majorum
3511 1472 3731 1530 inStiIutis

2180 1564 2321 1618 nulla
2346 1564 2554 1619 ratione
2573 1563 2881 1619 dissentiat.
2915 1564 3096 1637 Neque
3117 1567 3262 1620 enim
3277 1567 3431 1621 aliter
3453 1567 3542 1622 Dei
3563 1568 3733 1623 sentire

2105 1679 2153 1740 Β
2179 1659 2432 1714 Convenit
2475 1659 2785 1714 sacerdotes
2808 1701 2822 1726 ,
2853 1675 3082 1730 quorum
3118 1676 3244 1730 pars
3288 1672 3371 1717 est
3400 1672 3612 1718 exteros
3637 1678 3735 1720 eruo

2179 1753 2320 1809 dire.
2381 1753 2487 1810 Sed
2544 1753 2825 1810 Gallorum
2877 1763 3039 1825 atque
3095 1753 3478 1810 Venetensium
3545 1754 3734 1812 fratrum

2177 1850 2444 1906 relatione
2471 1852 2855 1921 comperimus,
2879 1852 3170 1908 llOIIllllIIOS
3193 1869 3302 1909 non
3332 1853 3549 1910 δίει-θεῖς
3568 1853 3737 1922 studio,

2178 1959 2354 2013 neque
2396 1943 2539 1998 enim
2571 1954 2592 1982 ο
2641 1943 2742 2000 hoc
2773 1953 2981 2000 tantum
3017 1947 3140 2001 mali
3182 1948 3383 2004 cadere
3428 1949 3480 2004 in
3511 1948 3595 2003 Dei
3623 1950 3736 2003 anti-

2181 2037 2337 2092 stites
2367 2047 2578 2107 potest,
2609 2037 2704 2093 sed
2727 2038 2941 2096 inscitia
2963 2040 3044 2094 vel
3076 2056 3140 2095 ex
3171 2041 3520 2111 simplicitate
3545 2041 3738 2113 quadam

2181 2132 2372 2185 scaevis
2401 2130 2939 2201 interpretationibus
2971 2139 3289 2197 aestuantes,
3321 2147 3426 2188 non
3459 2133 3582 2186 satis
3605 2131 3740 2196 dispi-

2181 2238 2338 2286 cere,
2394 2239 2514 2294 qua:
2569 2223 2739 2293 magis
2800 2231 3008 2293 patrum
3055 2233 3370 2279 nostrorum
3421 2224 3490 2278 sit
3544 2223 3738 2278 tenenda

2181 2317 2476 2381 sententia,
2507 2331 2627 2370 cum
2657 2316 2869 2371 diverSa
2899 2316 3120 2372 consilia
3151 2333 3344 2371 eorum
3381 2316 3592 2372 auribus
3616 2317 3737 2386 inge-

2183 2420 2369 2464 rantur
2395 2406 2443 2462 ά.
2498 2409 2737 2480 Denique
2785 2410 3112 2464 Auxentium
3167 2410 3614 2466 Mediolanensem
3659 2411 3739 2465 hac

2181 2504 2455 2577 prazcipue
2479 2518 2640 2558 causa
2669 2503 3128 2558 damnatum-esse
3156 2504 3533 2575 pra'scribunt.
3564 2503 3653 2558 l'ar
3675 2511 3740 2558 est

2183 2597 2364 2668 igitur,
2397 2597 2679 2652 universos
2713 2606 2736 2634 ε
2767 2597 3050 2668 magistros
3079 2598 3215 2668 legis
3249 2615 3345 2668 per
3371 2599 3548 2655 orbein
3578 2599 3737 2654 Roma-

2184 2707 2311 2746 num
2343 2695 2487 2760 paria
2535 2691 2603 2746 de
2636 2691 2750 2761 lege
2794 2690 3032 2756 sentire,
3066 2707 3164 2746 nec
3192 2691 3427 2748 diversis
3458 2691 3739 2762 magisteriis

2183 2785 2342 2840 ﬁdem
2385 2782 2712 2840 dominicam
2741 2783 2966 2838 violare.
3001 2783 3132 2838 Nam
3164 2799 3290 2838 cum
3330 2784 3526 2838 dudum
3556 2783 3737 2838 haereti-

2183 2893 2368 2932 corum
2400 2878 2578 2940 virus,
2626 2886 2683 2931 ut
2723 2892 2866 2931 nunc
2913 2875 3105 2931 iterum
3155 2877 3328 2948 C(Bpil
3375 2877 3648 2948 obrepere,
3689 2888 3741 2930 ac

2183 2973 2457 3044 praecipue
2485 2970 2806 3026 Arianorum
2840 2970 3174 3040 blasphemia
3209 2972 3475 3040 pullulare
3504 2970 3740 3040 cepisset.

2099 3068 2146 3132 C
2180 3065 2415 3135 majores
2439 3066 2605 3120 nostri
2633 3079 2862 3120 cccxvut
2891 3065 3157 3136 episcopi,
3186 3073 3353 3135 atque
3379 3082 3446 3120 ex
3473 3066 3594 3121 urbe
3614 3078 3743 3119 sanc-

2182 3159 2373 3214 tissimi
2423 3158 2662 3230 episcopi
2692 3159 2841 3214 urbis
2883 3158 3070 3214 Romn
3104 3158 3338 3227 directi,
3370 3159 3508 3231 apud
3545 3158 3743 3213 Nica'atn

2181 3253 2433 3309 confecto
2461 3253 2724 3318 concilio,
2760 3252 2903 3307 hunc
2939 3268 3153 3308 murum
3196 3253 3463 3310 adversus
3489 3267 3626 3307 arma
3653 3249 3746 3304 dia-

2183 3350 2356 3404 bolica
2381 3357 2705 3413 statuerunt,
2733 3356 2894 3418 atque
2917 3346 3019 3404 boc
3047 3348 3296 3404 antidoto
3321 3348 3563 3404 mortalia
3586 3345 3744 3417 pocula

2183 3445 2608 3514 propulsat-unt,
2669 3450 2728 3496 ut
2785 3441 3043 3508 Patrem,
3116 3441 3358 3507 Filium,
3417 3440 3744 3510 Spiritumque

2182 3539 2438 3591 Sanctum
2467 3534 2628 3589 unius
2657 3532 2901 3598 Deitatis,
2932 3534 3090 3587 unius
3122 3532 3344 3608 ligurire,
3376 3536 3530 3587 unius
3554 3528 3744 3586 credere

2184 3637 2461 3697 Oporteret
2503 3627 2851 3692 substantia},
2897 3636 3085 3681 contra
3119 3626 3448 3681 sentientem
3480 3625 3689 3680 alienum
3719 3634 3742 3674 ιι

2185 3731 2372 3780 ttostro
2394 3720 2673 3776 consortio
2691 3720 3021 3790 iudicantes.
3039 3719 3217 3789 Quam
3239 3719 3606 3776 deﬁnitionem
3627 3717 3747 3774 salu-

2187 3827 2355 3874 tarem
2389 3828 2570 3887 pOStea
2609 3815 2730 3871 aliis
2771 3815 3090 3872 tractatibus
3120 3814 3345 3886 quidam
3391 3823 3679 3888 pervertere
3703 3817 3748 3866 et

2179 3961 2272 4016 Dei
2323 3961 2594 4016 antistites
2651 3975 2810 4030 posse
2857 3961 3137 4029 videatur,
3190 3963 3274 4018 sic.
3323 3964 3380 4020 in
3426 3961 3490 4019 iis
3535 3963 3596 4017 ad
3635 3973 3746 4032 quos

2179 4033 2372 4105 scribit
2416 4034 2533 4103 ejus
2582 4032 2863 4089 horrorem
2912 4036 3267 4105 ingenerans,
3323 4045 3384 4091 ut
3431 4035 3496 4090 ad
3545 4034 3744 4090 alliciam

2177 4104 2392 4160 facilius
2417 4105 2662 4169 redeant,
2696 4114 2751 4159 et
2781 4106 2850 4161 ab
2879 4122 2939 4160 ea
2965 4104 3214 4161 caveant.

2247 4171 2275 4213 ἀ
2315 4177 2403 4232 Sic
2424 4177 2583 4230 etiam
2608 4176 2968 4238 Sozomenus,
3001 4188 3055 4233 et
3076 4177 3479 4236 'l‘beodoretus.
3511 4177 3638 4233 Galli
3665 4175 3745 4231 ita-

2173 4263 2315 4318 que,
2358 4262 2422 4302 ac
2468 4245 2801 4320 Venetenses
2833 4249 3070 4320 episcopi
3103 4251 3433 4306 Auxentium
3475 4250 3747 4306 detulerant

2173 4321 2319 4374 velut
2339 4319 2667 4389 praecipuum
2691 4319 2807 4388 ejus
2832 4319 3057 4375 haeresis
3079 4320 3330 4379 fomitem
3351 4365 3367 4391 ,
3401 4339 3464 4378 ac
3487 4322 3744 4382 malornnn

2123 4431 2134 4438 .
2171 4408 2290 4459 qua:
2320 4391 2741 4458 simplicioribus
2768 4393 3034 4462 episcopis
3057 4393 3486 4461 ingerebantur,
3519 4392 3741 4450 consilio-

2171 4479 2288 4518 ruut
2321 4473 2594 4518 auctorem
2621 4479 2636 4528 ;
2667 4480 2896 4532 eumque
2923 4481 2949 4516 ιι
2981 4480 3038 4520 se
3061 4465 3130 4518 ob
3152 4480 3273 4521 eam
3298 4483 3517 4523 causam
3550 4468 3741 4518 danun-

2173 4544 2282 4588 tum
2333 4534 2495 4589 fuisse
2544 4536 2992 4603 perscripseram.
3051 4535 3159 4591 Cur
3187 4535 3358 4592 vero?
3413 4552 3598 4604 nempe
3624 4544 3742 4588 utea

2174 4607 2440 4661 sententia
2461 4608 2530 4660 ab
2554 4608 2846 4672 apostolica
2873 4607 3005 4662 sede
3025 4649 3040 4674 ,
3063 4608 3205 4663 unde
3229 4608 3351 4664 fons
3379 4605 3744 4664 communionis

2173 4681 2378 4739 oritur.
2412 4687 2526 4733 rata
2577 4678 2908 4743 haberetur,
2939 4694 3003 4732 ac
3055 4682 3489 4749 promulgaretur
3538 4680 3742 4742 ubique:

2177 4749 2289 4822 lucc
2316 4749 2460 4822 enim
2490 4752 2636 4817 ejus,
2654 4765 2825 4822 quam
2858 4751 3083 4804 Romani
3111 4752 3398 4822 pontifices
3425 4750 3740 4822 synodalibus

2173 4819 2577 4876 delinitionilms
2604 4819 2953 4890 adjiciebant,
2983 4821 3267 4877 sententias
3302 4825 3386 4878 vis
3407 4818 3542 4888 erat,
3572 4839 3628 4875 ne
3651 4818 3743 4891 quis

2173 4893 2415 4956 scilicet,
2458 4894 2684 4947 veritatis
2723 4893 2961 4947 inimicus
2991 4911 3056 4948 ea:
3081 4911 3270 4948 eorum
3297 4896 3503 4950 silentio
3545 4909 3643 4948 sese
3667 4906 3743 4944 e1:-

2175 4980 2354 5018 cusare
2382 4973 2708 5030 presumeret
2729 4963 2875 5034 .quiu
2908 4977 3157 5034 pareret,
3194 4977 3250 5020 ut
3275 4968 3350 5020 ait
3383 4968 3492 5022 Leo
3519 4967 3584 5020 bl.
3603 4964 3739 5032 epist.

2178 5036 2303 5101 107,
2340 5053 2391 5090 ιι.
2424 5038 2474 5092 1.
2509 5035 2632 5092 Haec
2663 5052 2792 5090 vitro
2819 5038 3113 5104 eontigisse
3151 5039 3446 5095 verisimile
3485 5048 3584 5100 est,
3615 5041 3741 5105 post-

2175 5122 2334 5176 quam
2367 5107 2598 5162 llilarius
2627 5119 2678 5162 et
2705 5107 2968 5162 Eusebius
2999 5107 3364 5164 Vercellensis
3392 5126 3510 5165 cum
3558 5124 3618 5162 eo
3647 5108 3736 5158 luc-

2175 5181 2344 5250 retico
2391 5179 2676 5234 Mediolani
2723 5183 2999 5249 congressi
3042 5190 3208 5244 sunt,
3245 5182 3640 5250 publicatusquc
3673 5181 3742 5230 est

2177 5249 2360 5304 Hilarii
2388 5251 2627 5324 ejusdem
2651 5261 2836 5306 contra
2865 5250 3012 5305 illum
3026 5253 3330 5324 encyclieus
3352 5253 3580 5308 libellus.
3596 5249 3741 5324 Dant-

2172 5334 2357 5378 natum
2405 5322 2638 5380 fatentur
2669 5338 2892 5389 omnes;
2923 5333 2977 5378 at
3034 5317 3145 5378 boc'
3187 5341 3251 5380 cx
3281 5326 3430 5382 hisce
3457 5322 3634 5378 litteris
3659 5317 3741 5373 mi—

2173 5393 2320 5448 nime
2367 5405 2549 5464 aperte
2589 5402 2838 5457 constat,
2888 5395 3030 5463 quod
3084 5397 3296 5463 scriptze
3349 5395 3598 5451 duntaxat
3652 5389 3738 5464 ill_:r.

2173 5474 2300 5518 sunt
2351 5461 2415 5519 ad
2447 5481 2578 5529 eos,
2616 5468 2704 5530 qui
2762 5461 2954 5522 nutare
3006 5461 3323 5522 videbantur
3361 5461 3736 5535 epi~cott05._in

2172 5536 2353 5611 ofﬁcio
2381 5539 2771 5603 continendos;
2806 5547 2922 5592 acta
2950 5554 3081 5596 vero
3110 5539 3335 5611 synodi,
3370 5531 3514 5595 unde
3541 5537 3636 5591 hoc
3658 5531 3736 5585 de-

2157 5609 2462 5680 monstrari
2495 5619 2704 5679 poterat
2729 5652 2742 5674 ,
2770 5611 3064 5680 perierunt.

2247 5690 2270 5716 θ
2307 5677 2599 5748 Episcopus
2627 5677 2833 5737 scilicet
2856 5701 2868 5737 :
2888 5681 2966 5739 sic
2998 5679 3238 5740 Paulus]
3263 5679 3326 5739 ad
3353 5678 3606 5744 Timotb.,
3628 5689 3734 5746 cap.

2173 5765 2285 5817 sui,
2318 5762 2372 5807 et
2402 5752 2467 5806 ad
2497 5752 2628 5818 Tit.,
2663 5768 2780 5828 cap.
2809 5771 2846 5812 ι.
