3950 6330
136 334 228 393 δια)

134 545 268 617 ipsis,
297 545 382 615 qui
408 544 510 599 boc
531 544 670 615 apud
697 545 995 600 Ariminum
1026 556 1319 603 retractare
1346 548 1696 619 cogebantur,

133 638 452 693 emendatum
504 638 766 693 hactenus
814 648 927 706 est,
976 651 1032 694 ut
1078 640 1391 711 subreptum
1442 642 1541 697 sibi
1598 642 1701 698 alia

131 732 470 801 disputatione
507 731 835 799 faterentur,
871 732 1074 788 idcirco
1099 733 1241 804 quod
1272 748 1376 789 non
1406 732 1703 789 intellexis-

130 836 233 882 sent
282 834 493 898 patrum
547 827 871 883 sententiam
928 828 1068 898 apud
1122 829 1353 885 Nicaeam
1417 828 1700 884 formatam

130 932 234 973 esse
260 927 285 955 ι
313 920 670 975 contrarium.
704 916 735 958 δ
779 918 963 993 Neque
1005 921 1149 977 enim
1195 920 1562 992 praajudicium
1606 924 1704 976 ali-

127 1014 248 1084 quod
275 1015 423 1069 nasci
458 1015 631 1085 potuit
658 1031 726 1070 ex
767 1032 997 1072 numero
1026 1031 1248 1083 eorum,
1293 1020 1380 1087 qui
1410 1018 1551 1087 apud
1584 1018 1703 1073 Ari-

126 1106 308 1162 minum
336 1116 746 1163 convenerunt:
776 1123 897 1165 cum
930 1119 1162 1177 constet,
1194 1127 1367 1181 neque
1398 1110 1701 1166 Romanum

125 1200 454 1270 episcopum,
487 1200 644 1269 cuius
688 1210 813 1257 ante
860 1218 1049 1259 omnes
1088 1202 1186 1258 fuit
1233 1203 1532 1275 expetenda
1581 1219 1705 1259 sen-

124 1292 295 1359 tentia,
331 1308 506 1363 neque
540 1292 879 1363 Vicentium,
913 1295 999 1365 qui
1036 1304 1114 1350 tot
1142 1311 1312 1351 annos
1341 1296 1701 1351 sacerdotium

124 1387 307 1443 illibate
331 1390 588 1453 servavit,
620 1404 793 1458 neque
821 1388 956 1445 alios
987 1389 1296 1459 hujusmodi
1326 1389 1545 1445 statutis
1572 1405 1704 1446 con-

123 1494 323 1534 sensum
373 1480 605 1550 aliquem
651 1481 1064 1536 commodasse:
1110 1496 1231 1537 cum
1280 1485 1611 1552 pra-serum,
1646 1492 1704 1540 ut

121 1570 371 1635 diximus,
406 1572 566 1626 iidem
608 1572 742 1642 ipsi,
777 1574 864 1644 qui
910 1589 1002 1644 per
1043 1575 1460 1645 impressionem
1507 1592 1702 1632 succu-

121 1664 288 1719 buisse
312 1664 672 1731 videbantur,
706 1666 870 1723 iidem
902 1669 1132 1724 consilio
1159 1671 1384 1727 meliore
1414 1670 1704 1743 displicere

123 1760 207 1813 sibi
238 1759 440 1815 fuerint
470 1762 776 1831 protestati.

179 1851 331 1908 Unde
362 1852 595 1907 advertit
622 1854 908 1910 sinceritas
930 1867 1107 1910 vestra
1136 1855 1276 1912 banc
1307 1858 1480 1913 solam
1514 1858 1699 1925 fidem,
1734 1859 1780 1919 Β

121 1959 222 2013 qua».
270 1943 414 2014 apud
445 1943 679 2001 Nicatam
724 1946 1105 2021 Apostolorum
1134 1951 1454 2006 auctoritate
1485 1950 1704 2007 fundata

121 2044 207 2098 et,
223 2045 483 2105 perpetua
512 2035 767 2092 ﬁrmitate
785 2053 907 2093 esse
923 2039 1280 2106 retinendam;
1310 2042 1408 2095 bac
1424 2044 1703 2099 nobiscum

125 2126 445 2195 Orientales,
476 2129 565 2198 qui
595 2143 654 2184 se
684 2130 982 2185 catholicos
1006 2145 1422 2204 recognoscunt,
1443 2136 1705 2192 Occiden-

121 2221 350 2293 talesqne
373 2223 593 2293 gloriari
621 2242 633 2277 :
666 2239 772 2279 non
806 2225 963 2295 longe
986 2235 1165 2283 autem
1191 2230 1304 2283 lleri
1335 2245 1492 2299 posse
1522 2230 1701 2286 credi-

121 2333 245 2385 mus,
266 2329 323 2373 ut
338 2318 429 2388 qui
443 2334 601 2373 secus
621 2319 881 2387 sentiunt,
903 2330 924 2357 ο
950 2321 1073 2375 licet
1088 2321 1187 2377 hoc
1210 2323 1324 2392 ipso
1338 2331 1534 2378 conatu
1558 2339 1587 2379 a
1607 2342 1703 2379 no-

120 2416 217 2464 stra
246 2412 632 2467 communione
654 2412 777 2467 exui
804 2413 1006 2481 possint
1025 2455 1039 2480 ,
1081 2414 1373 2485 plebesque
1405 2431 1590 2472 eorum
1620 2433 1705 2473 er-

122 2508 325 2562 roribus
344 2507 581 2562 liberatae
596 2508 883 2577 respirent.
907 2496 1526 2578 Quemadtnodnm‘enim
1556 2521 1705 2582 pote-

120 2612 238 2657 runt
252 2602 522 2672 corrigere
539 2611 717 2657 errata
735 2602 1075 2672 p0pulorum,
1092 2605 1135 2659 si
1151 2606 1297 2673 ipsos
1309 2623 1461 2661 error
1476 2607 1705 2665 οὺευάε-

121 2695 526 2753 ritd?Concinat
550 2712 680 2768 ergo
703 2712 825 2752 cum
854 2699 1104 2753 omnibus
1137 2699 1231 2754 Dei
1251 2699 1623 2755 sacerdotibus
1651 2708 1704 2756 et

121 2801 306 2846 vestra:
335 2792 604 2847 sententia
651 2793 928 2847 cliaritatis
979 2808 993 2851 :
1038 2794 1091 2847 in
1123 2808 1226 2863 qua
1258 2808 1352 2849 vos
1383 2794 1517 2850 ﬁxos
1545 2805 1705 2866 atque

124 2886 354 2940 ilrrnatos
393 2894 452 2940 ut
476 2885 616 2941 bene
660 2880 951 2952 credimus,
985 2884 1059 2940 ita
1095 2886 1256 2942 etiam
1297 2903 1394 2941 nos
1426 2887 1703 2951 vobiscum

123 2988 260 3034 recte
290 2981 491 3035 sentire
523 2978 782 3035 debemus
814 2989 837 3016 ο
860 2980 1155 3050 reciprocis
1184 2981 1483 3037 sanctitatis
1510 2991 1706 3038 vestrae

126 3070 308 3126 litteris
339 3072 663 3142 approbare.
738 3050 743 3056 ⁸

189 3163 297 3234 Ego
323 3163 556 3219 Sabinus
590 3161 609 3200 ί
643 3162 901 3220 diaconus
948 3162 1363 3222 Mediolanensis
1390 3167 1599 3239 legatus
1640 3167 1708 3226 de

128 3255 429 3313 authentico
455 3254 601 3313 dedi.
1734 3250 1781 3325 C

197 3592 221 3620 ει
236 3580 477 3637 Valesius
495 3577 830 3633 contrariam.
867 3576 1248 3633 Vallicellanus
1274 3577 1443 3632 codex
1470 3594 1483 3643 ;
1510 3579 1715 3635 Idcirco

130 3655 256 3724 quod
286 3670 382 3707 non
408 3650 812 3714 intellexissent,
850 3647 1065 3724 Patrum
1112 3651 1414 3704 sententiam
1442 3653 1584 3720 apud
1617 3652 1717 3706 Ni-

134 3721 279 3779 caam
301 3729 705 3795 formatamesse
727 3721 1060 3776 contrariam.

204 3796 227 3834 ιι
266 3792 373 3850 Hoc
395 3794 597 3849 celebri
628 3794 744 3847 loco
761 3804 1007 3847 recanter
1033 3792 1196 3848 etiam
1220 3806 1346 3846 usus
1363 3801 1447 3848 est
1466 3793 1549 3847 vir
1578 3793 1711 3848 clar.

140 3868 215 3923 Jo.
247 3867 479 3936 Baptista
504 3863 751 3936 Bartulus
772 3866 821 3919 in
854 3863 1106 3921 Patavina
1130 3864 1481 3919 universitate
1501 3866 1712 3931 doctus,

141 3940 257 3993 olim
282 3935 557 3993 canonum
588 3935 859 4003 professor
884 3936 1191 4002 primarius,
1226 3936 1522 3991 Feltrensis
1552 3937 1714 3990 modo

143 4012 429 4081 episcopus,
456 4007 702 4081 apologis
734 4022 831 4081 pro
877 4007 1117 4081 Honorio
1143 4023 1311 4081 :Anam
1343 4022 1462 4061 cum
1492 4007 1715 4063 alteram

145 4078 203 4137 ad
246 4080 486 4150 Sergium
542 4078 763 4134 Holiorli
813 4078 1097 4150 epistolam
1158 4078 1441 4143 lnlsatam,
1495 4094 1719 4148 corrup-

148 4149 365 4223 tamqne,
398 4152 623 4223 alteram
662 4164 882 4223 prorsus
906 4149 1190 4204 conﬁctam
1221 4154 1554 4218 argumentis
1598 4166 1721 4218 gra-

148 4222 363 4280 vissimis
390 4222 646 4279 evicisset
667 4261 682 4285 ,
717 4222 817 4276 hoc
869 4222 1082 4276 tandem
1120 4223 1354 4286 Damasi,
1382 4223 1721 4290 aliorumque

149 4297 443 4364 pontiﬁcum
470 4294 779 4351 testimonio
823 4292 1061 4358 coniicit,
1093 4293 1293 4347 nullam
1342 4294 1582 4362 epiStolis
1615 4294 1719 4347 illis

148 4363 389 4423 accedere
416 4367 792 4423 auctoritatem
823 4379 981 4435 posse
1011 4380 1075 4436 ex
1107 4373 1264 4436 senta
1296 4363 1525 4436 synodo,
1553 4364 1718 4430 siqui-

149 4440 260 4495 dem
309 4439 454 4495 aliud
497 4437 710 4493 esseait
754 4434 944 4507 synodi
991 4434 1371 4501 deﬁnitiones,
1401 4434 1544 4489 aliud
1591 4449 1720 4490 vero

150 4514 511 4579 episcoporum
543 4510 596 4565 in
619 4508 826 4580 synodo
852 4516 1296 4577 congregatornm
1342 4507 1637 4580 judicium,
1660 4508 1722 4561 il-

153 4582 232 4637 lnd
254 4583 481 4647 scilicet.
509 4579 659 4651 quod
680 4581 795 4634 sive
822 4589 1034 4645 contra,
1057 4582 1170 4651 sive
1197 4590 1395 4646 praeter
1412 4579 1723 4651 apostolicae

152 4655 285 4709 sedis
315 4649 576 4721 praesuta
603 4651 867 4720 prolatum
907 4661 1007 4707 est.
1051 4650 1161 4706 Sed
1187 4666 1309 4706 sum
1342 4649 1540 4705 vidisse
1585 4665 1724 4720 prmo

154 4726 302 4781 stabit
329 4741 450 4795 cap.
482 4724 555 4781 23
575 4731 631 4779 et
649 4734 799 4795 seqq.
1315 4791 1326 4795 _
1362 4792 1373 4795 _
1572 4746 1597 4795 τ

222 4810 241 4835 ε
282 4791 651 4854 Tlteotlorelus
681 4792 807 4852 ἄλλα
842 4801 1119 4857 νοσοῦντας
1145 4834 1160 4860 ν
1189 4791 1329 4863 ("md
1362 4792 1520 4862 ιοηῧθ
1552 4792 1663 4847 ab“
1692 4809 1720 4845 ³

155 4868 309 4924 latino
333 4885 514 4934 scnsu,
548 4882 869 4937 quamquam
915 4872 1015 4921 hoc
1043 4862 1368 4937 etianilerri
1396 4864 1559 4932 possit
1584 4882 1597 4918 :
1649 4865 1726 4920 sic

156 4938 365 4996 Photius
395 4940 499 4996 ΒΒ.
551 4954 604 5009 p.
630 4934 746 5011 559:
790 4938 918 4992 edit.
971 4935 1219 4992 lleschcl.
1250 4939 1315 5011 ’ζά
1348 4934 1727 5011 Ἀπολλιναρίου

156 5021 434 5074 νοσοῦντας.
456 5007 719 5066 (La-terum
735 5008 912 5064 locum
936 5020 1246 5077 corruptum
1262 5007 1495 5062 fatentur
1514 5007 1724 5075 omnes,

158 5095 205 5135 et
238 5100 497 5139 maneam.
527 5080 767 5135 Valesius
796 5082 973 5149 itaque
998 5080 1065 5137 ad
1088 5079 1357 5135 Tlieodor.
1385 5080 1478 5134 lib.
1506 5095 1542 5135 it
1564 5120 1579 5145 ,
1608 5094 1727 5150 cap.

158 5152 223 5207 2?.
246 5197 260 5219 ,
290 5155 361 5210 sic
389 5156 533 5210 illatn
567 5153 813 5222 supplet,
844 5163 897 5206 ut
923 5151 1009 5222 qui
1043 5168 1187 5206 secus
1209 5150 1431 5204 sentiunt
1452 5192 1467 5217 ,
1502 5152 1616 5205 licet
1638 5152 1732 5205 hoc

158 5226 262 5296 ipso
282 5238 459 5281 conatu
487 5244 518 5280 a
552 5235 725 5280 nostra
754 5222 1105 5296 communione
1120 5222 1274 5277 alieni
1304 5224 1404 5276 sint
1430 5264 1445 5289 ,
1470 5225 1733 5293 episcopo—

160 5293 266 5349 rum
298 5300 492 5352 nomine
514 5296 629 5351 exui
658 5296 869 5365 possint,
905 5293 1185 5365 plebesque,
1220 5305 1324 5349 etc.

226 5364 274 5440 δὴ
297 5369 647 5440 Hieronymus
661 5363 789 5421 adv.
821 5363 992 5422 LuCif.
1028 5363 1166 5440 Nam
1188 5382 1303 5418 cum
1331 5364 1445 5419 ideo
1466 5364 1737 5440 episcopus

164 5438 211 5490 in
236 5437 455 5496 Ecclesia
478 5436 839 5503 constituatur,
866 5448 918 5510 ut
934 5436 1177 5510 papulum
1200 5446 1429 5510 coerceat
1456 5436 1735 5510 aberrare,

163 5522 369 5592 quantus
394 5529 533 5592 error
562 5509 944 5592 qitiupopulo
967 5550 982 5573 ,
1004 5507 1126 5592 cum
1148 5516 1281 5592 errat
1307 5509 1423 5592 ille,
1458 5508 1545 5577 qui
1570 5507 1735 5591 docet.

236 5592 257 5619 ε
283 5580 413 5656 Lege
433 5583 641 5649 debetis,
664 5576 872 5656 Valesio
902 5587 1120 5635 auctore
1156 5576 1441 5656 Synodicac
1469 5593 1541 5656 eo
1563 5580 1742 5637 consi-

168 5651 236 5706 lio
280 5648 641 5719 iniitebantnr,
676 5662 733 5707 ut
762 5652 1085 5721 reliquorum
1120 5648 1212 5722 per
1239 5648 1425 5722 orbem
1456 5648 1741 5719 epiSCOpo—

169 5738 279 5801 rum
311 5740 626 5801 consensus
643 5725 1022 5801 esqnireretur
1042 5765 1057 5788 ,
1083 5721 1222 5801 _quo
1252 5721 1475 5801 deﬁnito
1502 5722 1738 5801 dogmati

170 5795 248 5853 vis
293 5798 567 5861 accederet
612 5792 1029 5857 indeclinabilis.
1076 5792 1383 5857 consensus
1411 5793 1500 5847 ille
1536 5792 1739 5864 apertis

175 5864 471 5944 plerumque
501 5868 681 5927 verbis
709 5867 820 5944 peti
848 5874 1233 5927 consueverat:
1265 5875 1321 5922 at
1340 5865 1557 5941 petendi
1578 5865 1737 5938 ratio,

1578 334 1957 399 EPISTOLZE.

137 453 318 507 vinhire
343 458 705 506 tentaverunt.
738 451 845 509 Sed
869 461 922 508 ct
944 451 997 507 in
1027 454 1143 523 ipso
1167 453 1391 510 exordio
1419 454 1486 510 ab
1513 454 1701 510 iisdem
1729 450 1783 517 Α

3299 341 3406 400 330

2063 454 2474 520 EPISTOLIE
2524 459 2575 520 II
2621 458 3144 521 FRAGMENTA.

1803 574 1899 614 SEU
1949 575 2227 617 EXPOSITIO
2264 579 2405 619 FIDE!
2459 578 2510 619 ιη
2561 579 2759 619 εῑΝουο
2800 578 3015 620 ROIANA
3057 578 3152 618 SUB
3197 575 3405 621 DAHASO

2006 671 2137 713 ΡΑΡΛ
2168 672 2327 715 EDITA
2375 673 2444 714 ΕΤ
2473 673 2794 715 TRANSIISSA
2826 674 2877 715 ΙΝ
2906 674 3198 717 οιιιεατωι.

2436 773 2770 832 ΜΟΝΠἪΜ.

1880 882 2011 939 licet:
2054 886 2158 941 duo
2186 886 2474 960 fragmenta
2516 889 2586 943 ad
2621 888 2754 944 alias
2797 890 2888 945 sub
2915 888 3136 945 Damaso
3180 888 3408 961 synodos

1806 978 2059 1047 pertinent
2077 1020 2091 1044 ,
2128 990 2182 1033 ut
2197 984 2313 1053 jam
2342 982 2473 1036 dixi.
2500 981 2571 1036 Id
2591 984 2719 1038 vidit
2746 985 2899 1040 etiam
2928 983 3292 1048 Constantius,
3347 997 3409 1036 ac

1805 1074 1872 1129 cl.
1901 1074 1966 1129 P.
1995 1075 2257 1146 Josephus
2287 1077 2457 1133 Mansi
2496 1080 2747 1151 supplem.
2791 1097 2933 1133 conc.
2964 1090 3087 1134 tom.
3118 1079 3160 1146 1,
3191 1098 3245 1151 p.
3275 1077 3404 1144 2'54;

1806 1168 1896 1222 sed
1918 1185 2020 1222 una
2043 1169 2188 1224 nobis
2218 1187 2320 1225 non
2347 1181 2422 1225 est
2462 1188 2637 1227 eorum
2663 1175 2978 1245 synodorum
3034 1185 3252 1246 tempus,
3286 1189 3411 1242 sup-

1807 1264 2023 1333 putandi
2049 1265 2203 1319 ratio.
2257 1264 2362 1320 Ille
2390 1266 2524 1322 enim
2549 1309 2564 1331 ,
2598 1284 2753 1340 quam
2793 1284 2884 1338 ego
2934 1269 3157 1321 omnium
3189 1268 3406 1335 primam

1806 1371 1985 1410 censeo
2008 1395 2024 1424 ,
2055 1373 2115 1410 ac
2146 1372 2281 1411 anno
2311 1358 2418 1415 569
2440 1370 2800 1431 congregatum
2829 1369 2949 1432 puto
2968 1402 2982 1423 ,
3007 1376 3141 1413 anno
3172 1360 3277 1414 372
3304 1356 3412 1413 col-

1807 1450 1990 1505 lectam
2058 1451 2334 1505 arbitratur
2381 1468 2498 1505 cum
2556 1451 2741 1524 Pugio.
2786 1449 3023 1519 Deinde,
3107 1468 3259 1522 quant
3312 1466 3406 1521 ego

1807 1542 2068 1613 duplicem
2086 1588 2099 1611 ,
2136 1553 2287 1616 atque
2306 1544 2524 1600 alteram
2550 1562 2685 1599 anno
2721 1545 2826 1602 574
2844 1590 2859 1613 ,
2886 1545 3100 1599 alteram
3145 1560 3279 1599 anno
3300 1544 3407 1598 ’576

1807 1646 1893 1691 aut
1925 1639 2192 1708 sequenti,
2243 1655 2305 1694 ea:
2361 1640 2561 1710 duplici
2611 1643 2705 1694 hoc
2737 1644 3024 1712 fragmento
3054 1648 3258 1702 statuo.
3320 1639 3409 1694 ille

1806 1730 2012 1784 unicam
2037 1732 2315 1794 existimat,
2360 1742 2405 1787 et
2432 1732 2541 1787 ha’c
2571 1735 2684 1801 ipsa
2714 1734 2999 1804 fragmenta
3028 1731 3095 1785 ad
3123 1748 3232 1786 eam
3262 1746 3406 1802 spec-

1809 1831 1917 1877 tare
1938 1825 2011 1878 ait
2040 1841 2175 1878 anno
2201 1825 2306 1880 3'17
2335 1837 2717 1898 congregatum.
2766 1826 2871 1881 Sed
2896 1842 3202 1898 quamquam
3231 1825 3403 1879 maxi-

1810 1933 1893 1970 ma
1918 1916 2060 1983 apud
2100 1932 2179 1969 me
2203 1918 2300 1977 sit,
2353 1926 2409 1970 ut
2436 1932 2545 1971 esse
2573 1918 2751 1984 debet,
2781 1919 2878 1972 uiri
2924 1912 3201 1971 doctissimi
3228 1928 3407 1971 aucto-

1805 2009 1931 2062 ritas
1952 2050 1966 2072 ,
1996 2007 2126 2062 nihil
2154 2016 2320 2063 tamen
2343 2024 2407 2063 ea:
2450 2010 2512 2062 iis
2534 2051 2547 2075 ,
2572 2026 2688 2079 qua:
2726 2011 2839 2079 jam
2874 2011 3176 2082 scripseram
3212 2009 3402 2063 innua-

1806 2100 2020 2155 tandum
2049 2102 2242 2153 censui.
2282 2099 2419 2154 Nam
2450 2116 2566 2155 cum
2600 2101 2885 2157 Orientales
2907 2146 2921 2168 ,
2954 2103 3020 2155 ad
3041 2117 3167 2171 quos
3194 2103 3402 2169 scripta?

1804 2210 1835 2246 a
1869 2190 2112 2246 Romanis
2150 2192 2255 2246 illis
2284 2194 2519 2247 conciliis
2562 2195 2745 2249 litterw
2774 2195 2948 2248 allata:
2988 2195 3104 2264 jam
3156 2194 3355 2264 fuerant
3384 2234 3397 2257 ,

1805 2285 1933 2340 diris
1953 2285 2059 2341 illis
2088 2301 2149 2339 ac
2181 2285 2486 2340 turbulentis
2532 2286 2624 2339 sub
2672 2286 2889 2341 Valente
2917 2286 3229 2353 temporibus
3252 2328 3267 2349 ,
3318 2302 3404 2354 sy-

1804 2378 1969 2432 nodos
1996 2395 2117 2434 suas
2138 2394 2320 2449 cogere
2350 2394 2451 2432 non
2485 2380 2783 2448 potuissent,
2820 2381 2991 2433 statim
3017 2395 3078 2432 ac
3103 2395 3159 2432 eo
3189 2378 3405 2447 defunc-

1805 2480 1856 2526 to
1880 2472 2044 2538 licuit,
2078 2472 2387 2543 collegerunt
2424 2488 2534 2525 sese
2564 2488 2700 2525 anno
2724 2472 2917 2526 scilicet
2943 2472 3046 2527 579
3073 2485 3257 2539 easque
3277 2485 3371 2539 syn
3389 2497 3404 2507 -

1806 2565 1984 2619 odicas
2028 2580 2204 2619 omnes
2252 2567 2486 2635 legerunt
2514 2565 2565 2618 in
2590 2565 2841 2635 frequenti
2887 2579 3162 2627 consessu,
3191 2561 3406 2631 deﬁnita

1807 2657 1860 2711 in
1886 2658 1948 2711 iis
1976 2657 2217 2729 dogmata
2259 2656 2517 2727 complexi
2544 2666 2680 2720 sunt,
2714 2666 2864 2723 atque
2893 2672 2952 2709 ea
2972 2698 2986 2722 ,
3029 2671 3143 2725 qua:
3168 2670 3405 2710 necessa-

1806 2750 1887 2804 ria
1916 2750 2023 2804 visa
2050 2760 2189 2815 sunt,
2236 2766 2297 2803 ea:
2323 2750 2389 2803 iis
2431 2757 2670 2818 excerpta
2709 2749 2822 2818 ejus
2853 2747 3059 2803 concilii
3101 2749 3229 2801 actis
3270 2746 3406 2800 inse.

1807 2852 2023 2898 ruerunt
2045 2842 2173 2913 (uid.
2202 2859 2318 2911 cap.
2354 2841 2440 2913 14)
2468 2860 2485 2909 ;
2517 2852 2667 2913 atque
2683 2842 2791 2897 hcce
2811 2852 2885 2895 est
2909 2842 3039 2896 ratio
3058 2882 3072 2906 ,
3108 2856 3199 2894 cur
3227 2840 3407 2893 eadem

1809 2940 2130 3007 fragmenta,
2179 2936 2275 2991 etsi
2304 2935 2505 2989 diuersa
2553 2944 2775 3007 tempore
2803 2937 2997 3002 scripta
3040 2943 3201 2999 sunt,
3245 2945 3408 3000 neque

1810 3052 1901 3107 ego
1930 3036 2219 3107 separanda
2242 3035 2498 3089 duxerim.

2184 3148 2663 3206 FRAGMENTUM
2738 3147 3019 3206 PRIMUM.

2264 3258 2390 3297 ITEI
2417 3258 2485 3298 ΒΧ
2508 3257 2679 3298 PARTE
2706 3258 2952 3299 DECRETI.

1885 3353 1926 3408 Ι.
1955 3353 2027 3409 Ea
2055 3356 2223 3425 gratia
2252 3396 2265 3419 ,
2297 3353 2492 3409 fratres
2512 3397 2525 3420 ,
2555 3354 2773 3411 Jericbo
2801 3355 2887 3410 illa
2922 3365 2969 3421 tt,
2994 3370 3114 3425 qua!
3139 3353 3303 3424 figura
3329 3362 3415 3407 est

1809 3444 2152 3506 saecularium
2184 3447 2556 3517 voluptatum,
2611 3449 2948 3504 conclamata
2980 3446 3257 3510 concidit,
3310 3460 3410 3501 nec

1820 3598 1921 3653 qua
1956 3581 2215 3637 Damasus
2238 3582 2340 3637 hoc
2368 3583 2488 3639 loco
2521 3582 2725 3645 utitur,
2758 3581 2823 3636 ad
2854 3579 3214 3653 Christianam
3239 3578 3413 3635 Immi-

1824 3652 2024 3727 litatcm
2072 3655 2242 3721 magis
2283 3653 2509 3709 acestlit.
2542 3654 2634 3710 Sic
2682 3652 2965 3727 Ant-yrana‘
3007 3652 3244 3723 synodus
3275 3666 3416 3727 anno

1821 3726 1923 3781 55.3
1957 3732 2310 3796 congregata,
2365 3727 2642 3796 quocirca,
2692 3728 2763 3779 ait
2789 3724 2818 3791 ,⁷
2858 3727 3008 3779 etitun
3059 3734 3207 3794 atque
3251 3724 3417 3796 etiam

1822 3794 2112 3865 precamur,
2146 3794 2256 3850 ven.
2292 3794 2485 3851 domini
2525 3808 2567 3850 et
2602 3796 2839 3868 collegis,
2864 3808 2917 3850 ut
2950 3796 3091 3850 lectis
3117 3796 3195 3847 his
3240 3794 3422 3848 litteris

1822 3878 1928 3922 tum
1961 3869 2105 3922 nobis
2133 3870 2373 3922 traditam
2398 3888 2429 3923 a
2460 3871 2739 3938 majoribus
2767 3869 2920 3939 ﬁdem
2947 3868 3085 3921 cordi
3109 3882 3269 3939 esse,
3313 3877 3416 3917 tum

1821 3957 1915 3994 nos
1965 3942 2141 3994 eadem
2196 3941 2449 3994 vobiscum
2499 3937 2687 3997 sentire
2730 3937 2776 3995 et
2832 3940 3058 4010 proﬁteri
3100 3937 3418 4008 signi/iretis.

1822 4012 2124 4081 Constantii
2176 4012 2353 4081 itaque
2398 4013 2743 4077 emendatio,
2799 4024 2848 4067 et
2895 4010 3264 4081 iltlt‘l‘prt:i:tii0
3315 4023 3418 4061 non

1823 4083 2021 4155 placet.
2058 4076 2306 4155 Nuperus
2365 4083 2499 4139 Vitm
2549 4084 2858 4149 Hieronymi
2901 4076 3131 4155 scrip—tor
3178 4078 3416 4155 Anconae

1824 4150 2161 4224 impressus,
2182 4155 2342 4208 liasce
2364 4156 2427 4208 ad
2452 4155 2695 4226 Illyricos
2720 4155 2927 4226 litteras
2959 4154 3149 4226 missas
3168 4167 3197 4202 a
3227 4150 3383 4202 Dama
3412 4182 3415 4187 -

1825 4241 1886 4280 so
1907 4222 2114 4281 asserit
2144 4242 2288 4280 anno
2315 4228 2420 4282 582
2450 4222 2554 4279 non
2580 4228 2737 4281 aliam
2771 4225 3011 4296 profecto
3042 4222 3110 4275 ob
3158 4234 3373 4274 causam
3403 4260 3419 4287 ,

1826 4313 1987 4368 quam
2022 4307 2077 4352 ut
2104 4312 2197 4353 eas
2226 4299 2555 4369 Hieronymo
2578 4313 2676 4351 suo
2703 4297 2981 4351 attribuat.

1904 4389 1923 4428 ί
1964 4388 2096 4446 Cum
2130 4390 2359 4447 Sabinus
2394 4391 2529 4444 banc
2568 4390 2829 4447 dumtaxat
2875 4384 3157 4457 epistolam
3184 4383 3318 4457 alias
3356 4381 3420 4437 ad

1828 4462 2070 4531 Illyricos
2098 4464 2316 4517 missam
2346 4505 2359 4524 ,
2394 4460 2760 4517 Orientalibus
2782 4453 3018 4516 attulerit
3040 4500 3057 4531 ._
3082 4453 3421 4531 maniis-slum

1828 4526 1911 4588 esi
1958 4544 2044 4599 ea,
2074 4550 2190 4602 qua:
2214 4548 2534 4603 sequuntur,
2564 4534 2860 4605 fragmenta
2892 4534 2989 4585 hac
3014 4529 3131 4599 ejus
3156 4526 3425 4597 legatione

1828 4606 2125 4677 posteriora
2159 4619 2300 4659 esse.

1905 4695 2304 4751 Mediolanensis
2320 4694 2565 4752 Ecclesia:
2584 4695 2872 4752 Diaconos.
2888 4694 3214 4762 Quesuellus
3240 4693 3423 4746 adnnt.

1829 4767 1897 4823 ad
1925 4768 2091 4823 Leon.
2118 4767 2278 4835 epist.
2332 4767 2396 4821 ii
2428 4785 2441 4823 :
2473 4768 2921 4823 Solemnissimum
2949 4785 3057 4823 esse
3085 4770 3198 4827 ait,
3233 4778 3284 4818 ttl
3315 4781 3429 4815 cunt

1833 4837 2053 4894 Romani
2109 4839 2373 4909 pontiﬁces
2424 4840 2491 4895 ad
2522 4843 2771 4911 synodum
2793 4882 2805 4905 ,
2831 4842 2909 4895 vel
2938 4842 3002 4892 ml
3032 4841 3298 4908 episcopos
3330 4836 3429 4911 ali-

1832 4928 1956 4984 quos
1989 4927 2081 4980 pro
2101 4906 2324 4987 alicujus
2350 4906 2591 4987 ntomenii
2621 4916 2819 4987 negotio
2838 4906 3123 4987 scribebant
3152 4950 3164 4972 ,
3193 4922 3283 4976 per
3328 4906 3428 4959 ali-

1833 4982 2058 5056 qucntex
2085 4982 2194 5056 suis
2221 4984 2288 5035 ad
2303 4984 2661 5056 hofimprimis
2678 4982 2985 5039 destinatum
3001 4984 3052 5036 id
3068 4982 3313 5047 facerent,
3330 4994 3429 5030 non

1836 5050 1949 5178 oclro
1977 5055 2317 5178 pquqlicnum
2347 5050 2622 5110 Clericum.
2656 5056 2766 5110 lloc
2797 5058 2955 5126 igitur
3001 5056 3193 5108 saltem
3239 5064 3423 5103 exciti-

1837 5141 1871 5178 ι)
1898 5144 1927 5178 υ
1962 5141 2019 5178 re
2047 5145 2073 5174 ι·
2124 5136 2248 5178 illll'.

1837 5127 1927 5197 pio
1962 5126 2248 5180 refellitur.

1910 5229 1934 5265 ὅ
1976 5216 2101 5272 Haec
2139 5215 2379 5270 imitatur
2411 5217 2723 5272 Ambrosius
2753 5219 2845 5272 lib.
2878 5234 2908 5272 v
2934 5218 3002 5272 dc
3026 5215 3171 5278 Fid.,
3200 5225 3321 5280 cap.
3356 5209 3388 5262 6
3416 5228 3428 5263 :

1841 5289 1961 5345 Non
1981 5298 2167 5343 tl‘rattts
2194 5289 2327 5340 acies
2359 5289 2408 5339 in
2441 5288 2572 5341 bella
2605 5289 2845 5357 produxit
2872 5332 2885 5352 ,
2938 5305 3027 5342 nec
3065 5286 3255 5347 ariete,
3286 5292 3425 5335 cwte~

1838 5363 2007 5434 risque
2032 5368 2396 5434 tormentorum
2428 5362 2698 5424 machinis,
2730 5361 2820 5415 sed
2846 5364 3107 5434 tubarum
3133 5365 3322 5434 septem
3347 5370 3432 5434 sn-

1841 5427 2175 5489 cerdotalium
2206 5446 2329 5483 sono
2352 5448 2669 5503 ,[murorum
2698 5433 2959 5487 hostilium
2997 5427 3428 5503 septa‘deposuit.

1843 5508 1933 5561 Sic
1959 5504 2117 5577 etiam
2148 5502 2332 5557 Sixtus
2374 5501 2438 5557 Ill
2468 5504 2834 5577 Nestoriauaut
2861 5504 3122 5577 ΔΙιιιϊσξειὶηι
3156 5498 3433 5577 Epliesitno

1847 5576 2079 5633 Cotnilio
2107 5590 2348 5629 eversam
2376 5616 2389 5636 ,
2424 5583 2481 5629 ut
2506 5577 2689 5630 urbem
2728 5573 3148 5630 ilieiicuntinam
3179 5584 3301 5623 arca
3331 5573 3437 5621 eir-

1846 5648 2130 5707 cmnducta
2158 5689 2168 5703 .
2204 5657 2257 5699 et
2287 5645 2428 5701 tubis
2473 5647 2897 5703 sacerdotalibus
2921 5642 3297 5712 claugeutibus
3323 5640 3436 5692 col-

1848 5719 2076 5788 lapsam,
2111 5718 2356 5788 picturis,
2386 5733 2505 5787 (pne
2538 5734 2676 5775 nunc
2704 5719 2866 5788 etiam
2899 5725 3442 5788 superantit,_rcpra:~

1846 5782 2081 5863 scutarii
2105 5782 2156 5863 iu
2188 5782 2481 5863 Liberiana
2497 5789 2723 5863 basilica
2750 5782 3017 5863 Ciampin.
3044 5787 3164 5847 ναι.
3196 5784 3433 5843 Monum.

1846 5808 1905 5847 88
1950 5808 2081 5849 11W“
2106 5808 2156 5851 Ill
2188 5808 2471 5849 unauana
2505 5808 2545 5847 ul

1845 5808 2023 5940 alia,
2056 5861 2281 5929 nam,
2320 5874 2375 5932 ιι.
2419 5860 2545 5919 ass.
