3950 6330
166 274 257 331 553

1563 272 1945 335 EPISTOLIE.

3308 300 3417 359 554

163 397 233 443 est
268 394 393 439 lotus
422 383 575 439 homo
601 383 864 439 salvatus.
918 384 988 441 Et
1031 384 1120 442 ubi
1171 389 1275 443 erit
1330 388 1457 445 illud
1508 390 1710 448 dictum
1740 394 1793 456 Α
1888 393 2139 466 Pelagius
2168 395 2457 469 episcopus
2479 399 2825 459 Laudicenus
2855 408 3141 466 consentio
3161 414 3415 472 omnibus

162 477 365 541 Domini,
404 475 538 530 Venit
566 476 706 544 ﬁlius
728 478 950 532 hominis
988 479 1190 535 salvere
1218 484 1356 562 quod
1378 485 1596 551 perierat
1635 495 1711 540 to-

158 580 249 624 tum
269 570 293 623 .’
314 566 360 622 id
389 576 487 633 est,
519 568 571 622 in
603 570 784 625 anima
820 581 874 626 et
916 571 969 626 in
997 587 1251 644 corpore,
1276 576 1329 629 in
1353 591 1518 632 sensu
1547 587 1711 649 atque

156 662 317 717 intota
346 659 634 715 substantia
676 677 789 717 sua:
822 672 1047 719 naturm.
1082 665 1138 721 Si
1178 681 1308 737 ergo
1353 676 1498 725 totus
1547 668 1711 727 homo

156 756 375 827 perierat.
401 770 623 812 necesse
647 755 749 812 fuit
776 766 834 811 ut
855 757 906 812 id
934 759 1077 829 quod
1109 762 1362 831 perierat,
1386 763 1704 820 salvaretur.

152 858 198 915 Si
224 867 385 913 autem
417 855 531 911 sine
562 871 725 912 sensu
754 858 994 914 salvatus
1022 867 1127 926 est,
1157 860 1266 929 jam
1299 871 1489 918 contra
1539 862 1710 919 Evan-

148 949 250 1019 gelii
279 948 426 1002 tidem
469 947 773 1004 invenietur
802 965 906 1004 non
941 958 1114 1005 totum
1142 952 1284 1022 quod
1318 954 1556 1025 perierat
1587 969 1708 1013 esse

148 1043 375 1098 salvatum
410 1059 423 1095 :
451 1056 572 1096 cum
601 1042 710 1097 alio
737 1042 856 1099 loco
878 1043 997 1114 ipse
1026 1044 1275 1101 Salvator
1303 1046 1481 1103 dicat:
1511 1047 1707 1103 Irasci-

147 1137 251 1189 mini
272 1134 408 1199 mihi,
437 1136 556 1203 quia
584 1145 745 1190 totum
773 1135 1034 1193 hominem
1060 1140 1259 1194 salvum
1310 1142 1407 1211 feci
1460 1150 1507 1196 α.
1566 1142 1705 1211 Quid

143 1227 259 1299 quod
287 1228 445 1298 ipsius
476 1230 791 1299 principalis
832 1229 1013 1286 delicti
1058 1242 1113 1288 et
1166 1232 1333 1288 totius
1384 1234 1704 1304 perditionis

143 1336 317 1376 summa
348 1323 396 1377 in
422 1322 658 1378 hominis
685 1339 850 1379 sensu
874 1327 1125 1381 consistit
1151 1324 1179 1363 ι)
1206 1343 1220 1392 ;
1274 1327 1504 1395 primum
1558 1330 1700 1384 enim

142 1430 305 1471 sensus
330 1415 565 1471 hominis
596 1417 831 1489 eligendi
861 1418 987 1474 boni
1031 1419 1266 1492 malique
1297 1421 1341 1477 si
1374 1437 1477 1476 non
1531 1424 1705 1493 peris-

141 1519 223 1573 set,
256 1527 352 1564 non
383 1522 713 1567 moreretur.
764 1514 1050 1582 Quomodo
1098 1531 1230 1585 ergo
1280 1529 1702 1587 prarsumeretur

140 1604 179 1659 in
200 1606 339 1660 linem
368 1604 572 1661 salvari
601 1608 827 1664 minime
857 1609 1133 1675 debuisse,
1168 1611 1309 1681 quod
1351 1618 1477 1667 ante
1510 1626 1701 1670 omnes

136 1714 356 1771 peccasse
383 1702 784 1770 cognoscitur;
832 1717 930 1759 nos
977 1714 1181 1771 autem,
1229 1706 1318 1775 qui
1367 1704 1606 1777 integros
1636 1721 1699 1762 ac

136 1792 367 1862 perfectos
397 1794 638 1850 salvatos
667 1811 766 1851 nos
805 1798 1038 1863 scimus,
1078 1798 1376 1854 secundum
1416 1800 1697 1856 catholicae
1726 1798 1776 1862 B

134 1888 354 1943 Ecclesire
377 1889 799 1959 professionem,
836 1890 1136 1962 perfectum
1182 1893 1351 1948 Deum
1399 1894 1695 1965 perfectum

131 1982 395 2050 suscepisse
444 1982 728 2038 hominem
783 1983 1117 2054 profitemur.
1169 1986 1516 2057 Quapropter
1570 1988 1695 2045 date

132 2089 334 2142 Operam,
359 2085 417 2130 ut
439 2077 804 2149 intelligentia
834 2094 982 2135 sanae
1009 2079 1275 2136 doctrina:
1306 2083 1471 2137 etiam
1502 2098 1694 2140 eorum

130 2184 287 2227 sensus
311 2173 615 2238 salventur,
646 2174 739 2247 qui
770 2174 947 2231 adhuc
989 2190 1208 2233 sensum
1261 2176 1526 2233 salvatum
1573 2193 1695 2236 esse

128 2278 212 2319 non
238 2266 479 2322 credunt.

533 2440 665 2481 ιτειι
700 2441 766 2481 EX
798 2442 969 2482 PARTE
999 2442 1248 2484 DECRETI.

180 2579 277 2636 Non
306 2580 459 2637 nobis
497 2583 791 2655 quidquam
833 2594 1123 2655 suppetere
1172 2586 1464 2652 facultatis,
1498 2596 1689 2657 quate-

125 2687 205 2725 nus
230 2673 374 2728 vobis
404 2684 596 2731 nostra
636 2690 800 2745 Opera
829 2677 914 2732 vel
946 2693 1175 2746 parvum
1205 2678 1544 2748 refrigerium
1566 2696 1692 2751 pos-

123 2764 206 2817 sint
230 2764 450 2821 allerre:
506 2766 631 2822 licet
660 2783 913 2837 magnum
944 2784 1012 2824 ex
1048 2770 1172 2836 hoc,
1233 2768 1556 2838 beatissimi,
1598 2788 1689 2827 so-

123 2854 272 2910 latium
294 2858 553 2927 capiatis,
571 2858 617 2914 si
656 2858 1019 2930 integritatem
1056 2861 1180 2917 ﬁdei
1212 2872 1411 2918 nostrae
1458 2880 1689 2920 noscen-

123 2958 201 3012 tes.
230 2950 277 3005 in
306 2966 465 3006 unum
520 2966 743 3007 sensum
772 2968 867 3007 vos
893 2970 1196 3025 congruere
1260 2956 1605 3026 gloriemini;
1635 2969 1691 3014 et

120 3042 225 3095 satis
248 3054 397 3113 atque
427 3044 697 3110 abunde,
757 3054 817 3100 ut
860 3048 1138 3113 convenit,
1195 3051 1536 3118 praesumatis
1592 3068 1688 3121 pro

121 3136 338 3192 membris
369 3152 466 3193 nos
506 3153 630 3193 esse
668 3139 950 3196 sollicitos.
999 3140 1063 3198 Ut
1112 3143 1259 3197 enim
1310 3143 1514 3199 Niewni
1552 3160 1685 3201 con-

1816 500 1978 557 supra
2018 487 2238 558 scriptis
2263 532 2279 557 ,
2330 492 2404 546 ita
2439 496 2680 551 sentiens
2727 506 2783 553 et
2810 499 3087 559 credens:
3120 514 3175 561 et
3222 506 3267 562 si
3294 508 3415 579 quis

1814 594 2011 651 praeter
2041 583 2156 640 haec
2183 586 2368 653 sentit,
2393 589 2681 646 anathema
2709 592 2800 648 sit.

1887 695 2073 752 Zenon
2091 699 2376 770 episcopus
2408 701 2534 774 Tyri
2558 714 2617 759 ut
2647 721 2808 777 supra
2825 708 2990 765 credo
3012 718 3067 767 et
3091 711 3409 785 subscripsi.

1883 788 2145 860 Eulogius
2188 796 2472 866 episcopus
2521 794 2833 856 Edessenus
2876 802 3127 860 similiter
3165 806 3329 865 credo
3357 817 3414 866 et

1811 880 2131 952 subscripsi.

1880 996 2157 1056 Bemalius
2187 998 2257 1057 de
2278 1001 2446 1060 Mallo
2466 1005 2685 1064 civitate
2709 1007 2961 1069 similiter
3004 1013 3169 1071 credo
3198 1025 3254 1074 et
3276 1018 3409 1077 sub-

1809 1105 2023 1162 SCl‘lpSl.

1878 1206 2445 1284 Diodorus’episeopus
2463 1214 2532 1272 de
2546 1215 2718 1273 Tarso
2736 1227 2796 1274 ut
2810 1234 2973 1291 supra
3002 1231 3057 1279 et
3082 1223 3403 1299 subscripsi.

1880 1321 2143 1410 Similiter
2187 1335 2243 1381 et
2288 1328 2380 1383 alii
2426 1332 2945 1410 cxnvnOrientales
2983 1338 3219 1410 episcopi
3279 1342 3409 1399 sub-

1805 1393 2148 1473 scripserunt
2170 1438 2192 1473 ._
2220 1414 2469 1473 quorum
2537 1403 2866 1473 subscriptio
2935 1408 2986 1461 in
3018 1393 3404 1471 'authenticuin

1806 1464 1967 1520 hodie
1998 1467 2049 1521 in
2084 1464 2317 1524 archivis
2349 1471 2611 1528 Romanu:
2647 1464 2907 1532 Ecclesia:
2951 1464 3183 1537 tenetur.

1876 1537 2110 1608 Explicit
2136 1541 2375 1612 synodus
2404 1544 2649 1601 Romana
2670 1559 2723 1603 et
2750 1548 3159 1610 Antiochensis.

2323 1679 2719 1746 EPISTOLA
2761 1685 2874 1747 ΙΙΙ.

1876 1832 2069 1874 DAMAS!
2098 1836 2246 1877 PAPE
2276 1837 2426 1879 URBIS
2455 1840 2613 1881 1&0qu
2638 1844 2706 1883 AD
2732 1845 3005 1887 PAULINUM
3035 1848 3330 1894 EPISCOPUX

2263 1932 2614 1976 ΔΝΤΙΟΕΗΕΝΕ
2654 1937 2936 1981 αινιτΑτιε.

2425 2077 2763 2137 MONITUM.

1871 2185 1974 2240 Cur
2000 2186 2134 2242 hanc
2170 2189 2233 2243 ab
2262 2190 2428 2246 altera
2453 2191 2673 2249 Dantasi
2709 2195 2779 2249 ad
2827 2194 3112 2254 Paulinum
3143 2204 3359 2274 epistola
3384 2247 3400 2273 ,

1797 2293 1941 2331 secus
1983 2296 2043 2334 ac
2073 2278 2382 2338 Holstenius
2404 2324 2420 2351 ,
2455 2284 2761 2351 Quesnellus
2791 2306 2853 2342 ac
2881 2290 3213 2349 Constantius
3267 2299 3402 2368 fece-

1796 2381 1938 2438 runt,
1966 2388 2057 2444 ego
2084 2374 2462 2446 disiunxerim,
2494 2395 2609 2433 cum
2626 2383 2743 2453 jam
2765 2384 2985 2438 dixerim
3008 2427 3024 2453 ,
3049 2387 3232 2442 iterum
3256 2387 3401 2444 haud

1796 2465 1987 2520 dicam.
2048 2466 2351 2525 llolstenius
2398 2481 2567 2528 tamen
2614 2474 2743 2531 niltil
2770 2494 2829 2531 ea
2858 2480 2920 2533 de
2948 2496 3003 2534 re
3049 2484 3265 2550 statuit,
3308 2484 3400 2540 sed

1794 2559 1867 2613 ita
1908 2560 2108 2627 edidit,
2160 2573 2214 2616 ut
2253 2564 2398 2618 illam
2424 2566 2477 2620 in
2526 2570 2806 2640 exemplari
2841 2589 2933 2626 suo
2962 2573 3273 2647 descriptam
3324 2580 3400 2633 vi-

1795 2652 1870 2707 dit
1900 2669 1919 2707 :
1954 2654 2255 2720 Quesnellus
2279 2667 2448 2712 autem
2484 2658 2878 2718 Ilolstenianum
2898 2667 3183 2739 exemplar,
3215 2687 3398 2742 quam-

1793 2763 1948 2816 quam
1997 2747 2351 2815 perturbatum
2400 2761 2448 2805 et
2505 2757 2816 2824 confusum,
2876 2774 2970 2829 pro
3020 2760 3129 2830 lege
3176 2761 3397 2834 habuit,

1794 2848 1945 2907 atque
1974 2840 2202 2894 omnium
2240 2843 2439 2912 primus
2472 2885 2486 2909 ,
2536 2855 2806 2918 utramque
2848 2850 3007 2905 simul
3046 2852 3184 2907 velut
3239 2871 3397 2910 unant

1794 2929 1947 2984 alteri
1994 2933 2323 2998 coniunctam
2349 2936 2745 3007 imprimendam
2774 2944 2994 2999 censuit.
3054 2944 3210 3001 Hanc
3237 2962 3351 3002 vero
3377 2990 3394 3017 ,

1793 3034 1981 3092 praeter
2010 3023 2338 3080 Holsteniani
2365 3038 2410 3080 et
2437 3029 2517 3082 sui
2544 3031 2736 3085 codicis
2765 3036 3123 3091 auctoritatem
3147 3081 3161 3101 ,
3193 3041 3399 3110 potissi-

1793 3132 1927 3170 mam
1956 3119 2205 3172 rationem
2254 3110 2447 3189 affert,
2476 3123 2614 3192 quod
2644 3142 2758 3179 cunt
2784 3124 3047 3184 Damasus
3092 3130 3253 3188 ﬁdem
3283 3152 3315 3187 a
3342 3151 3397 3189 se

120 3225 205 3281 cilii
231 3228 379 3284 ﬁdem
412 3230 788 3286 inviolabilem
822 3249 919 3303 per
962 3235 1146 3288 omnia
1194 3236 1513 3303 retinentes,
1567 3236 1686 3294 sine
1712 3224 1758 3288 C
1793 3224 2003 3303 "uisam
2033 3208 2259 3264 Paulum
2288 3212 2494 3279 smbu’
2542 3214 2699 3269 "Imm
2753 3234 2966 3287 prorsus
3002 3238 3154 3291 quam
3183 3240 3299 3293 qum
3342 3242 3395 3279 m

118 3320 419 3382 simulatione
484 3326 784 3382 verborum
836 3336 930 3383 aut
978 3344 1141 3397 sensu
1180 3338 1478 3400 corrupto,
1537 3333 1687 3386 nullo

118 3416 247 3470 modo
274 3419 538 3486 Spiritum
566 3429 813 3475 sanctum
845 3434 1202 3490 separamus;
1246 3423 1341 3476 sed
1389 3423 1687 3493 perfectum

118 3505 157 3561 in
179 3510 406 3567 omnibus
438 3512 670 3580 virtute,
704 3512 934 3580 honore,
968 3514 1280 3583 majestate,
1310 3514 1533 3583 deitate,
1564 3531 1686 3572 cum

117 3601 243 3661 Patre
262 3623 695 3665 conveneramur
724 3619 778 3664 et
808 3609 947 3665 Filio
980 3628 993 3663 :
1025 3612 1208 3681 itaque
1238 3614 1400 3669 etiam
1457 3615 1689 3682 plenitu-

116 3696 259 3754 dinem
285 3702 372 3757 Dei
406 3701 603 3768 Verbi,
629 3717 733 3757 non
767 3705 1014 3771 prolativi
1049 3746 1064 3770 ,
1114 3711 1208 3761 sed
1264 3708 1397 3773 nati,
1424 3724 1602 3778 neque
1632 3708 1685 3764 itt

117 3788 243 3848 Patre
263 3795 624 3863 remanentis,
660 3805 846 3851 utnon
868 3798 960 3863 sit,
994 3798 1087 3853 sed
1118 3814 1182 3854 ex
1213 3808 1419 3855 aeterno
1448 3802 1499 3856 in
1526 3811 1687 3857 aeter-

116 3897 215 3938 nunt
241 3888 652 3955 subsistentem,
686 3888 1007 3957 perfectum,
1043 3891 1093 3945 id
1143 3902 1225 3947 est
1274 3892 1544 3965 integrum
1591 3896 1691 3951 ho-

115 3976 277 4032 minem
304 3981 675 4051 assumpsisse
696 3993 751 4036 et
774 3982 1013 4038 salvasse
1042 3984 1388 4041 confidimus.

170 4093 376 4172 Eyplicit
406 4097 534 4172 haec
554 4098 812 4172 epistola,
843 4100 927 4155 vel
957 4100 1230 4170 expositio
1258 4101 1452 4172 synodi
1483 4101 1688 4159 Roma-

113 4177 176 4217 na:
204 4165 385 4224 habita:
414 4171 523 4224 sub
552 4165 780 4225 Damaso
804 4187 961 4239 papa,
985 4165 1374 4228 et'trausmissa
1396 4176 1461 4229 ad
1495 4176 1687 4230 Orien-

115 4242 228 4319 tem;
253 4241 299 4293 itt
330 4241 648 4319 qua-omnis
674 4242 1278 4319 0rientali_s_Ecelt-s_ia,
1306 4244 1444 4300 facta
1474 4250 1686 4319 synodo

112 4310 223 4381 apud
250 4313 592 4367 Antiochiam
618 4354 633 4379 ,
662 4330 898 4368 consona
931 4314 1035 4370 ﬁde
1064 4316 1373 4381 credentes,
1402 4329 1454 4372 et
1495 4310 1686 4374 omnes

112 4377 166 4429 ita
193 4388 590 4440 consentientes
619 4377 796 4462 eidem
825 4387 1255 4457 superexposita:
1289 4377 1414 4445 ﬁdei
1440 4431 1456 4456 ,
1486 4391 1685 4462 singuli

111 4463 184 4504 sua
209 4456 610 4526 subscriptione
643 4460 990 4514 conlirmaut.

167 4577 183 4603 τ
215 4567 450 4627 Meletius
496 4573 794 4644 episcopus
850 4573 1223 4630 Antiochenus
1257 4577 1542 4632 consentio
1565 4593 1682 4633 om-

110 4657 236 4715 nibus
262 4678 422 4735 supra
448 4665 675 4735 scriptis
700 4708 716 4734 ,
769 4667 841 4721 ita
871 4668 1100 4725 credens
1132 4679 1188 4725 et
1233 4672 1475 4728 sentiens
1504 4690 1517 4727 :
1542 4682 1599 4729 et
1635 4675 1679 4729 si

111 4752 203 4817 uuis
225 4766 414 4823 ντειτῑυι·
436 4758 559 4815 haec
586 4762 785 4828 sentit,
811 4762 1101 4818 anathema
1124 4763 1216 4819 sit.

164 4867 410 4930 Eusebius
446 4876 741 4948 episcopus
775 4875 1165 4934 Samosatenus
1193 4880 1479 4936 consentio
1506 4884 1682 4939 omni-

109 4954 185 5014 bus
215 4978 366 5035 supra
396 4969 621 5039 scriptis
650 5010 664 5037 ,
722 4970 798 5026 ita
841 4971 1072 5028 credens
1125 4979 1181 5027 et
1224 4974 1468 5032 sentiens
1496 4992 1510 5030 :
1536 4985 1591 5033 et
1632 4978 1679 5034 si

109 5052 201 5120 quis
237 5068 430 5128 prater
460 5061 583 5118 lucc
620 5063 784 5120 sentit
803 5104 819 5133 ,
843 5064 1129 5122 anathema
1149 5068 1240 5123 sit.

107 5234 142 5323 si
152 5238 539 5323 eaintaliquidei
553 5248 738 5323 defuit,
768 5266 871 5305 non
891 5260 1055 5307 totum
1081 5255 1316 5323 redemit;
1331 5258 1375 5311 si
1395 5274 1497 5312 non
1514 5268 1678 5313 totum

108 5312 305 5393 redemit,
338 5312 527 5389 fefellit
574 5312 751 5392 igitur,
780 5324 867 5392 qui
887 5324 1037 5389 dixit,
1070 5326 1186 5381 ideo
1232 5312 1524 5385 se'venisse
1551 5312 1579 5393 ,ν
1619 5341 1676 5385 ut

108 5384 526 5468 totumhhpminem
552 5384 750 5468 salvum
775 5384 983 5465 faceret.
1010 5384 1182 5468 Epist.
1213 5398 1285 5455 46
1311 5417 1378 5456 ex
1401 5401 1506 5455 BB.
1539 5384 1669 5458 edit.

164 5464 183 5534 ς’
214 5452 373 5534 _Vide_._
393 5474 513 5515 not.
546 5452 910 5534 superioiem.

160 5520 184 5603 ξ’
211 5520 944 5612 ilpolliuaristm'pritnoloco
963 5540 1198 5597 animam
1227 5553 1494 5612 negarunt
1522 5546 1667 5602 Deo:

106 5585 274 5685 deinde
320 5585 710 5685 concessertint
743 5611 981 5685 animam
1008 5654 1021 5675 ,
1061 5614 1157 5669 sed
1210 5585 1331 5685 qut;
1384 5615 1665 5672 brutorum

105 5674 188 5756 35',
212 5687 489 5756 finenem
514 5674 1083 5756 scilicet_rationis,et
1122 5674 1317 5742 mentis
1350 5706 1363 5742 :
1395 5698 1671 5756 postremo

106 5745 309 5818 trientem
342 5748 507 5801 etiam
536 5752 835 5809 concedere
859 5756 955 5807 visi
984 5745 1132 5818 sunt.
1157 5759 1250 5813 sed
1279 5774 1341 5813 ea
1368 5745 1496 5814 vbce
1521 5760 1666 5815 aliud

106 5807 217 5865 nihil
240 5814 627 5895 intelligebant,
661 5807 828 5897 quam"
864 5807 1667 5903 divinitateiti‘nien‘tis

1790 3301 1967 3353 eadem
1994 3302 2212 3371 epistola
2241 3306 2527 3360 continetur
2554 3349 2568 3373 ,
2599 3309 2829 3365 indicare
2862 3310 3070 3378 debuit,
3104 3314 3165 3368 ab
3214 3316 3395 3371 cadent

1789 3393 1984 3447 scilicet
2013 3394 2233 3464 epistola
2262 3409 2555 3466 separatam
2577 3417 2596 3454 .'
2630 3418 2782 3471 quam
2808 3419 2926 3459 vero
2953 3406 3115 3461 ﬁdem
3154 3409 3250 3463 hoc
3279 3410 3394 3466 loco

1789 3487 1947 3541 aliam
1971 3488 2254 3561 intelligere
2299 3508 2571 3561 possumus
2596 3536 2610 3560 ,
2649 3508 2835 3566 prwter
2862 3499 3039 3568 illaut,
3083 3519 3200 3573 qua:
3226 3505 3395 3562 eidem

1788 3580 2018 3650 epistolw
2047 3580 2337 3637 immediate
2359 3584 2587 3640 subnexa
2605 3588 2720 3642 est?
2740 3591 2804 3644 At
2818 3607 2972 3660 quant
2999 3594 3122 3650 levis
3133 3595 3244 3652 haec
3260 3600 3394 3655 ratio

1789 3674 1853 3725 sit
1879 3715 1893 3739 ,
1924 3673 2037 3744 ipsa
2063 3675 2295 3745 epistola:
2322 3676 2469 3732 lectio
2510 3690 2686 3752 aperte
2714 3688 2893 3754 probat
2919 3703 2937 3739 :
2982 3687 3091 3742 haec
3116 3692 3253 3745 enim
3276 3708 3396 3748 cum

1790 3781 1850 3820 ea
1871 3771 2112 3838 dogmata
2143 3771 2396 3840 exprimat
2421 3813 2436 3837 ,
2469 3774 2657 3842 quibus
2683 3792 2715 3829 a
2755 3775 2913 3833 Vitali
2938 3821 2954 3847 ,
2984 3783 3197 3853 ejusque
3246 3803 3399 3859 grege

1790 3862 2043 3916 subscribi
2059 3863 2231 3935 jubet,
2265 3880 2326 3917 ac
2356 3867 2574 3935 proinde
2597 3885 2711 3923 cum
2752 3873 2881 3927 nihil
2906 3874 2986 3929 illi
3016 3879 3245 3949 profecto
3268 3882 3397 3938 desit

1788 3954 1859 4007 ad
1885 3955 2089 4023 plenam
2116 3956 2154 4008 Α
2161 3956 2521 4025 pollinariana:
2541 3960 2771 4031 lueresis,
2797 3964 2861 4019 de
2881 3984 2982 4036 qua
3005 3978 3127 4024 tunc
3147 3973 3395 4044 agebatur

1789 4046 2059 4110 duntaxat,
2089 4048 2400 4103 eversionem
2423 4092 2438 4117 ,
2466 4052 2600 4107 nihil
2628 4055 2785 4110 etiam
2826 4074 2959 4127 opus
2999 4072 3104 4129 est,
3148 4074 3204 4118 ut
3233 4067 3391 4121 aliam

1784 4140 1869 4193 illi
1892 4141 2171 4211 formulam
2199 4142 2501 4215 adjunctam
2546 4147 2807 4217 dicamus,
2840 4168 2956 4221 qum
2978 4156 3185 4211 minime
3225 4175 3395 4214 neces-

1787 4234 1928 4288 saria
1958 4244 2091 4301 erat,
2133 4251 2194 4290 ac
2217 4244 2469 4308 prwterea
2495 4239 2559 4293 ab
2585 4257 2643 4294 ea
2668 4259 2826 4299 causa
2851 4247 3058 4302 omnino
3086 4250 3259 4305 aliena
3286 4269 3396 4309 esse

1787 4324 2073 4379 uidebatur.
2118 4326 2293 4381 Alium
2337 4343 2455 4382 vero
2500 4346 2603 4385 non
2652 4349 2883 4402 quanam
2919 4337 3080 4411 hujus
3128 4345 3395 4400 sententia:

1788 4427 1965 4472 testem
1991 4460 2006 4485 ,
2041 4435 2194 4489 quam
2239 4420 2413 4491 ipsum
2461 4420 2780 4494 Damasum,
2823 4430 2913 4499 qui
2964 4441 3080 4502 post
3122 4450 3394 4503 expressas

1786 4510 1965 4564 eadem
1990 4511 2105 4580 ipsa
2127 4512 2344 4581 epistola
2374 4515 2693 4572 conditiones
2724 4536 2920 4587 omnes,
2951 4524 3136 4594 quibus
3170 4525 3352 4585 Vitatis
3376 4571 3394 4599 ,

1709 4617 1771 4680 Ῑ)
1788 4603 1978 4672 aliique
2005 4603 2164 4674 recipi
2183 4604 2253 4657 ad
2283 4607 2694 4663 communionem
2719 4622 2973 4684 poterant,
3008 4629 3267 4689 postremo
3296 4624 3393 4692 ait,

1790 4705 1843 4750 ut
1900 4697 1989 4766 qui
2041 4696 2166 4752 huic
2222 4699 2470 4767 epistolae
2524 4702 2934 4762 subscriberent
2963 4711 3172 4783 absque
3212 4714 3394 4787 aliqua

1790 4788 2173 4859 ambiguitate,
2207 4791 2618 4860 susciperentur
2647 4813 2660 4849 :
2696 4798 2815 4851 hinc
2842 4801 2978 4856 enim
3007 4814 3207 4862 constat
3240 4825 3395 4878 aper-

1789 4882 1981 4937 tissime
2005 4924 2019 4945 ,
2054 4884 2108 4937 ni
2136 4883 2296 4953 fallor
2328 4926 2343 4949 ,
2374 4884 2509 4941 alias
2536 4888 2705 4943 nullas
2729 4931 2745 4959 ,
2779 4903 2867 4948 aut
2913 4896 2978 4950 ab
3005 4914 3064 4952 eo
3092 4901 3389 4971 adjunctus.

1788 4984 1877 5030 aut
1897 4975 2210 5031 desideratas
2235 5017 2251 5043 ,
2287 4986 2475 5048 praeter
2502 4980 2623 5036 illas
2650 5023 2668 5050 ,
2696 5000 2823 5055 quas
2851 4987 2907 5041 in
2953 4992 3132 5046 eadem
3175 4995 3390 5065 epistola

1786 5070 2160 5127 enuntiaverat.

1783 5256 2098 5344 implen_tem
2128 5256 2721 5344 vicegLnDamasianum
2770 5265 2934 5337 igitur
2962 5268 3066 5327 hoc
3114 5272 3384 5344 fragmen-

1780 5339 1893 5409 tum
1915 5331 1992 5409 _ad
2015 5346 2214 5409 annum
2243 5330 2348 5387 576
2388 5336 2574 5409 autad
2600 5330 2919 5408 sequen'tem
2951 5330 3226 5409 pertinet:
3258 5330 3379 5404 nam

1779 5402 2026 5488 putidum
2061 5402 2165 5488 hoc
2193 5417 2256 5488 ac
2292 5406 2648 5488 novissimum
2677 5402 2994 5488 Apollinarii
3042 5402 3378 5488 ﬁgmentum,

1774 5474 1920 5544 quod
1946 5474 2048 5563 huc
2077 5475 2198 5558 loco
2215 5475 2655 5563 ilestrulturmvi}
2682 5474 2826 5563 anno
2841 5482 2954 5563 ξ’)Ἱὸ
2980 5474 3171 5563 audiri
3198 5474 3383 5563 caepe-'-

1772 5557 1858 5600 rat
1880 5562 1943 5624 ac
1962 5547 2188 5615 vulgari.
2215 5545 2351 5601 Vide
2379 5566 2497 5619 qua:
2519 5551 2628 5606 dixi
2651 5567 2770 5624 cap.
2799 5555 2868 5611 10
2886 5566 2941 5611 et
2973 5558 3062 5612 ll.
3211 5545 3219 5563 ἦ

1848 5629 1870 5657 ο
1900 5616 2013 5672 Cur
2064 5632 2242 5713 ivero”,
2278 5616 2482 5713 ttcp'pt
2515 5624 2637 5707 ﬁeri
2659 5616 2734 5679 in"
2763 5627 3009 5713 conciliis
3044 5631 3224 5713 _solet_,
3268 5635 3379 5713 ὁρί-

1777 5712 1962 5766 σαντες
1998 5690 2387 5766 Sttbscrihunt?
2417 5695 2522 5766 An;
2549 5697 2671 5763 quia
2713 5698 2972 5766 agebatur
3023 5701 3093 5758 de
3137 5690 3305 5762 rebus.
3336 5690 3376 5765 7a

1781 5765 1911 5841 sede
1940 5762 2235 5835 apostolica
2271 5765 2380 5833 jam
2424 5762 2700 5822 deﬁnitis?
2739 5762 2814 5824 ita
2862 5786 3086 5841 prorsus
3116 5776 3249 5834 mihi
3294 5762 3377 5839 vi;

1781 5833 1957 5890 detur.
