3878 6346
51 262 155 318 557

1508 266 1883 329 EPISTOLJ.

3246 287 3351 345 558

46 388 256 430 necnon
292 384 318 412 ³·
347 380 405 431 et
431 389 524 432 eos
548 414 563 440 ,
600 375 689 447 qui
725 376 861 432 duos
890 376 944 431 in
976 371 1259 433 Salvatore
1297 377 1435 435 ﬁlios
1479 381 1646 436 conli-
1674 388 1719 445 Α
1751 385 1863 439 licet
1893 395 1941 441 et
1987 386 2174 459 Vigilio
2194 429 2209 456 ,
2258 391 2554 461 Ambrosio,
2600 396 2814 465 antiquo
2863 404 3071 456 auctore
3102 399 3341 458 Sermon.

48 473 249 532 tentur,
284 469 337 522 id
367 478 449 525 ρει
475 508 489 534 ,
520 468 682 523 alium
712 478 835 524 ante
866 468 1293 525 lncarnationcm
1320 511 1336 538 ,
1376 483 1427 527 et
1475 472 1636 526 alium

46 569 165 628 post
190 566 615 632 assumptionem
643 562 825 618 carnis
860 578 926 618 ex
959 562 1178 634 Virgine
1201 602 1216 632 ,
1258 573 1314 619 et
1349 581 1454 620 non
1483 580 1638 621 eun»

45 653 165 709 dem
203 654 299 710 Dei
351 654 515 711 ﬁlium
555 664 612 712 et
654 665 777 712 ante
806 665 863 712 et
892 667 1076 725 postea
1114 658 1460 713 conﬁtentur.
1502 659 1638 726 Qui-

44 764 270 818 cumque
308 749 434 805 huic
480 751 721 821 epistolae
760 752 1104 807 subscribere
1136 754 1407 819 voluerit,
1440 752 1512 807 ita
1559 761 1639 808 ta-

44 856 162 896 men
215 852 274 896 ut
326 843 378 897 in
426 843 807 899 ecclesiasticis
852 845 1191 913 canonibus,
1246 861 1383 916 quos
1428 846 1636 916 optime

43 934 218 996 nosti,
266 948 321 989 et
363 935 412 988 in
460 935 671 990 Nicaena
718 934 822 990 ﬁde
866 945 992 991 ante
1034 937 1453 1003 subscripserit,
1492 936 1634 993 hunc

41 1025 261 1081 debebis
303 1027 507 1098 absque
546 1027 727 1097 aliqua
771 1027 1124 1097 ambiguitate
1168 1031 1470 1099 suscipere.
1515 1029 1631 1085 Non

39 1119 177 1189 quod
218 1119 336 1175 haec
378 1121 490 1189 ipsa
514 1160 529 1185 ,
562 1135 685 1191 quze
732 1135 833 1176 nos
872 1122 1159 1176 scribimus
1186 1162 1201 1187 ,
1239 1138 1347 1177 non
1391 1122 1633 1193 potueris

38 1216 464 1268 convertentium
494 1213 826 1283 susceptioni
856 1230 1202 1286 proponere;
1236 1216 1330 1272 sed
1358 1217 1500 1287 qttod
1534 1215 1631 1273 tibi

38 1319 328 1359 consensus
400 1314 586 1362 noster
635 1306 864 1362 liberum
917 1308 969 1363 in
1025 1309 1371 1380 suscipiendo
1430 1310 1634 1367 tribuat

37 1397 338 1469 exetiiplusn
370 1396 419 1454 ι).

546 1514 941 1578 EPISTOLA
986 1514 1097 1580 IV.

34 1652 304 1695 CONFESSIO
345 1653 489 1694 FIDEI
530 1653 853 1697 CATHOLICE
891 1654 1035 1703 QUAI
1085 1655 1219 1695 ΡΔΡΑ
1257 1655 1497 1696 ΒΔΙΙΔΒΙΙΒ
1540 1654 1627 1696 ll‘

186 1747 267 1788 επ
308 1750 377 1788 ΑΙ)
414 1749 682 1790 Ριυιιιωι
721 1748 1102 1789 ANTIOCBINUI
1141 1746 1453 1790 EPISCOI’UI.

1742 480 1807 532 de
1844 479 2084 552 Tempor.
2124 484 2246 548 129,
2274 487 2398 541 olim
2439 491 2837 561 Augustiniano,
2884 495 3101 549 nuncin
3146 514 3344 568 appen-

1742 572 1905 627 dicem
1938 578 2145 647 rejecto,
2204 588 2327 632 tom.
2363 580 2425 647 V,
2460 582 2628 637 Serm.
2671 585 2806 649 23:5,
2844 586 2928 640 ubi
2967 602 3032 642 ea:
3059 592 3168 660 ejus
3218 607 3346 645 ana-

1740 666 2076 723 thematismis
2107 670 2278 739 plures
2317 675 2624 744 recitantur,
2670 678 2899 733 Arnobio
2938 681 3157 736 Juniore
3183 725 3197 749 ,
3239 682 3343 738 lsi-

1738 761 1866 815 doro
1898 762 1952 816 in
1983 762 2170 819 Codice
2206 781 2459 821 canonum
2490 770 2735 826 Ecclesia:
2765 771 3019 844 Ilispanw
3040 816 3058 841 ,
3109 774 3334 831 Paulino

1736 853 2049 924 Aquileicnsi
2071 897 2087 922 ,
2116 856 2411 914 Tricassina
2437 864 2659 917 concilio
2679 906 2692 927 ,
2722 874 2874 935 atque
2902 869 3021 921 aliis
3047 868 3289 938 deinceps
3313 886 3335 925 :

1738 964 1801 1001 ex
1853 948 2047 1004 ercis
2103 967 2221 1005 vero
2245 995 2259 1018 ,
2309 965 2363 1007 ut
2411 957 2720 1012 recentiores
2764 970 3097 1030 praeteream,
3156 976 3342 1035 prwtcr

1740 1038 2156 1111 Theodoretum,
2200 1046 2421 1100 concilio
2470 1046 3042 1121 Constantinopolitano
3071 1097 3085 1120 ,
3136 1067 3193 1110 ut
3242 1075 3339 1129 ego

1734 1135 1940 1203 quidem
1967 1146 2091 1206 puto
2110 1176 2127 1204 ,
2157 1147 2208 1193 ct
2242 1137 2601 1196 Nazianscno.
2633 1140 2764 1196 Cum
2791 1146 2950 1215 igitur
2983 1150 3047 1202 ob
3070 1165 3182 1204 eam
3209 1167 3335 1206 cau-

1732 1247 1839 1283 sam
1872 1247 2008 1300 saepe
2036 1233 2454 1289 transcriberetur
2476 1277 2489 1299 ,
2522 1235 2637 1305 ﬁeri
2664 1254 2763 1291 non
2804 1242 2967 1309 potuit
2988 1281 3003 1308 ,
3036 1244 3159 1313 quin
3190 1246 3336 1299 varia

1732 1339 1867 1377 nunc
1894 1325 1959 1378 sit
2003 1338 2123 1380 mss.
2154 1328 2385 1382 codicum
2426 1328 2612 1396 lectio,
2649 1332 2756 1386 sive
2783 1349 2906 1387 casu
2932 1374 2947 1397 ,
2980 1336 3082 1389 sive
3110 1346 3292 1390 temere
3317 1378 3332 1404 ,

1730 1431 1791 1468 ac
1839 1432 1934 1487 pro
1985 1419 2231 1488 cujusque
2272 1421 2519 1491 ingenio;
2566 1427 2714 1496 cujus
2758 1427 2836 1480 vel
2887 1438 3073 1495 prieter
3118 1447 3180 1484 ea
3219 1446 3336 1501 quat

1728 1523 1821 1576 ego
1861 1506 2156 1577 observavi,
2207 1528 2309 1565 non
2360 1529 2518 1567 unum
2572 1515 2864 1586 exemplum
2918 1520 3087 1572 attulit
3149 1520 3335 1577 Petrus

1729 1596 2058 1655 Constantius
2098 1620 2161 1657 ex
2188 1605 2474 1666 codicibus,
2508 1623 2635 1676 quos
2674 1607 2763 1661 ille
2793 1626 2886 1677 pro
2934 1612 3186 1679 exquisita
3236 1630 3332 1667 sua

1728 1691 1995 1765 diligentia
2023 1697 2262 1766 inspexit.
2298 1692 2431 1773 Ejus
2472 1700 2646 1771 itaque
2689 1704 2955 1773 exemplar
2994 1704 3046 1757 in
3078 1703 3175 1758 hac
3222 1706 3331 1784 edi-

1650 1804 1697 1870 Β
1728 1784 1865 1841 tione
1894 1804 1986 1861 ego
2013 1800 2216 1855 secutus
2242 1808 2354 1846 sunt
2380 1831 2398 1858 ,
2438 1802 2548 1846 tum
2590 1792 2725 1864 quod
2753 1795 2883 1849 illud
2921 1796 2990 1849 ad
3033 1792 3271 1851 Grazcum
3298 1813 3334 1852 a

644 1870 979 1928 MONITUM.

98 1963 223 2019 Haec
250 1965 419 2019 altera
446 1972 523 2018 est
572 1964 784 2019 Damasi
813 1965 1031 2035 epistola
1058 1980 1119 2021 ex
1141 1966 1205 2019 iis
1239 1980 1353 2033 qua:
1377 1966 1447 2019 ad
1479 1963 1623 2019 Pan-

33 2056 182 2109 linum
203 2054 577 2110 Antiochenam
600 2065 835 2121 exstant,
868 2059 1016 2127 cujus
1044 2058 1106 2111 ab
1130 2058 1292 2126 priori
1321 2058 1621 2128 disjungen-

31 2150 104 2201 die
142 2149 354 2201 rationes
387 2150 509 2219 jam
548 2149 723 2203 attuli.
777 2147 891 2203 lloc
929 2158 1097 2203 tamen
1144 2149 1395 2204 adnotare
1436 2150 1622 2204 iterum

31 2242 199 2308 placet.
230 2239 610 2296 Theodoretum
631 2241 828 2297 scilicet
847 2256 963 2297 eam
992 2240 1174 2296 Grece
1200 2242 1456 2295 redditam
1490 2242 1618 2297 His-

28 2333 159 2386 toria:
178 2349 287 2387 sua:
312 2332 595 2389 attexaisse
614 2375 629 2401 ,
654 2351 715 2388 ac
739 2332 802 2388 ab
835 2335 999 2404 priori
1034 2333 1351 2407 disjunctam
1379 2334 1619 2388 retulisse

26 2424 106 2480 lib.
134 2443 194 2492 v,
226 2443 341 2499 cap.
396 2427 485 2483 Il.
518 2422 626 2481 Cur
660 2444 777 2482 vero
823 2443 923 2480 non
964 2428 1218 2498 integrant
1256 2427 1530 2491 recitavit,
1572 2426 1618 2481 si

26 2532 269 2588 utramque
301 2518 564 2574 Damasus
598 2524 674 2574 sic
705 2522 956 2592 junxerat
977 2560 992 2584 ,
1023 2527 1080 2571 ut
1122 2535 1227 2572 una
1255 2519 1465 2571 alterius
1494 2535 1617 2588 pars

25 2622 135 2665 esset
171 2609 573 2682 inseparabilis?
600 2610 681 2664 An
721 2610 853 2679 forte
894 2609 1024 2663 nihil
1061 2611 1127 2662 ad
1173 2608 1416 2663 Ecclesia:
1458 2609 1617 2662 histo-

25 2702 139 2755 riam
176 2704 424 2774 pertinere
464 2716 618 2775 posse
660 2702 893 2768 censuit,
935 2717 1048 2772 qua:
1085 2702 1148 2757 de
1182 2698 1367 2756 Vitulis
1412 2701 1617 2756 nomine

22 2798 195 2869 scripta
231 2799 436 2867 {uerunt
462 2798 492 2851 ?
523 2796 651 2864 Quis
693 2797 788 2851 hoc
818 2813 882 2851 ne
919 2798 1209 2866 suspicetur
1241 2795 1496 2868 quidem?
1533 2796 1619 2851 An

25 2892 178 2959 potius
207 2893 326 2945 ltuic
350 2890 674 2963 parcendum
711 2905 820 2945 esse
857 2889 1052 2944 duxit?
1078 2889 1143 2942 Αι
1182 2890 1328 2943 illius
1376 2888 1614 2943 haresim

21 2982 97 3037 lib.
134 2998 193 3049 ν,
237 3002 353 3055 cap.
398 2983 434 3039 4
460 3028 476 3053 ,
528 2984 741 3039 minime
784 2983 1093 3038 dissimulat.
1136 2982 1410 3054 Reliquum
1457 2984 1613 3056 igitur

22 3087 82 3128 est
122 3086 169 3129 ut
208 3087 444 3132 truncata
496 3076 613 3145 jam
655 3087 703 3130 et
747 3077 967 3130 dissecta
993 3072 1061 3130 ad
1111 3092 1225 3129 eum
1289 3078 1498 3129 venerit.
1548 3076 1613 3129 At

1725 1877 2050 1935 Tlteodoreto
2073 1882 2142 1935 ad
2179 1900 2272 1938 nos
2317 1886 2717 1951 transmissum,
2753 1898 2859 1940 tum
2902 1905 3019 1942 vero
3066 1889 3135 1942 ad
3166 1890 3330 1955 Ques-

1724 1972 2007 2028 rtelliannm
2036 1976 2202 2049 magis
2242 1977 2489 2044 accedat,
2522 1980 2609 2049 qui
2645 1982 2751 2034 duo
2798 1981 2890 2034 rivi
2933 1990 3052 2035 sunt
3075 1984 3325 2050 omnium,

1712 2068 1918 2141 judicio
1949 2084 2090 2135 meo,
2123 2072 2258 2143 fonti
2290 2073 2653 2141 proximiores,
2687 2092 2748 2127 ac
2779 2075 2932 2145 facile
2971 2076 3033 2129 ob
3063 2092 3173 2129 eam
3204 2092 3329 2130 cau-

1720 2177 1830 2214 sam
1859 2163 2093 2230 puriores
2117 2179 2135 2218 :
2167 2164 2211 2216 si
2235 2166 2351 2234 quis
2379 2166 2514 2219 enim
2543 2182 2664 2219 mss.
2696 2167 2895 2221 codices
2923 2171 3189 2224 consulere
3217 2186 3329 2224 om-

1722 2270 1810 2310 nes
1840 2257 1954 2309 relit
1984 2272 2043 2310 ne
2087 2262 2283 2330 referre
2302 2300 2317 2325 ,
2350 2272 2465 2312 cum
2511 2259 2689 2330 ingens
2719 2275 2896 2313 eorum
2924 2262 3074 2332 copia
3100 2263 3167 2315 sit
3189 2304 3203 2323 ,
3249 2264 3329 2317 vel

1719 2349 2011 2418 improbum
2057 2361 2103 2405 et
2134 2368 2238 2405 non
2294 2353 2638 2407 necessarium
2670 2354 2898 2408 laborem
2940 2355 3186 2409 sustineat
3238 2370 3327 2410 ne-

1720 2457 1859 2496 cesse
1885 2452 1959 2497 est
1986 2484 2001 2506 ,
2033 2444 2111 2498 vel
2140 2444 2364 2499 incertus
2380 2446 2574 2517 judicti
2599 2447 2665 2499 sit
2690 2486 2704 2509 ,
2738 2458 2911 2500 utrum
2954 2464 3017 2502 ex
3046 2448 3107 2501 iis
3136 2446 3326 2517 eligat,

1720 2549 2031 2603 quamquam
2066 2534 2409 2590 Vallicellano
2458 2539 2635 2592 codice
2678 2539 2961 2609 aliquando
3016 2556 3139 2595 usus
3185 2542 3284 2596 sint
3309 2580 3327 2610 ,

1720 2628 1861 2697 quod
1887 2627 1977 2682 ille
2005 2626 2075 2681 ad
2101 2644 2282 2683 manus
2315 2630 2508 2700 luerat.

1954 2760 2331 2823 CONI’ESSIO
2372 2765 2554 2822 FIDE!
2593 2766 3008 2825 CATIIOLICA!
3041 2782 3085 2824 ο.

1794 2877 1921 2932 Post
1949 2879 2236 2934 concilium
2267 2879 2581 2947 Nicmnum,
2613 2879 2637 2917 ιι
2681 2882 2823 2952 quod
2870 2883 2924 2938 in
2970 2884 3106 2941 urbe
3156 2885 3324 2942 Roma

1720 2973 2441 3046 concilium’congregatum
2491 2989 2574 3031 est
2620 2995 2645 3030 ει
2689 2980 2974 3037 catholicis
3011 2983 3319 3054 episc0pis,

1719 3067 2043 3123 addiderunt
2068 3067 2135 3125 de
2163 3070 2367 3139 Spiritu
2396 3080 2604 3128 sancto.
2638 3071 2702 3127 Et
2732 3075 2856 3144 quia
2887 3084 3068 3143 postea
3103 3075 3148 3130 is
3170 3090 3325 3130 error

22 3169 94 3219 cui
120 3169 242 3223 bono
266 3169 373 3223 nec
417 3170 641 3239 integra:
681 3169 916 3235 epistola
943 3169 1189 3223 laceratio
1219 3177 1265 3222 et
1306 3168 1612 3237 corruptio?
1638 3201 1682 3265 Ο
1721 3164 1978 3231 inolevit,
2026 3175 2085 3220 ut
2131 3167 2349 3237 quidam
2378 3183 2475 3223 ore
2527 3170 2793 3240 sacrilego
2837 3170 3102 3226 auderent
3139 3171 3323 3227 dicere

22 3260 66 3312 in
91 3268 220 3315 tanta
247 3264 535 3333 praeerant
564 3260 823 3315 vicinitate
850 3260 1122 3330 temporis,
1152 3269 1201 3314 et
1230 3260 1607 3330 exemplarium
1648 3258 1681 3265 ’
1717 3258 1974 3327 Spiritum
2008 3259 2268 3315 Sanctum
2298 3261 2493 3315 factum
2518 3277 2639 3315 esse
2668 3277 2761 3330 per
2786 3260 2983 3316 Filium
3021 3272 3068 3317 ο.

24 3354 185 3423 copia?
218 3354 406 3409 Ratum
451 3356 616 3427 igitur
643 3397 659 3423 ,
706 3365 996 3426 certumque
1044 3356 1146 3423 sit,
1191 3373 1295 3411 non
1344 3373 1502 3410 unum
1550 3356 1608 3411 in

24 3448 138 3502 duas
162 3460 342 3504 sectam
382 3460 559 3521 partes
579 3491 594 3516 ,
622 3450 713 3504 sed
744 3452 873 3505 duas
907 3451 1039 3504 inter
1081 3466 1135 3504 se
1178 3452 1469 3524 disjunctas
1500 3450 1609 3507 Da-

27 3542 134 3593 masi
160 3545 308 3612 fuisse
335 3544 403 3596 ad
436 3543 725 3597 Paulinum
767 3542 1030 3614 epistolas.
1062 3542 1317 3598 Caeterum
1347 3546 1482 3598 hanc
1511 3560 1606 3616 po-

25 3632 277 3705 tissimum,
309 3634 372 3691 de
415 3653 520 3708 qua
550 3637 780 3708 agimus,
830 3639 1076 3691 celebrem
1123 3650 1372 3709 perpetuo
1415 3636 1605 3707 fuisse,

26 3743 77 3780 ac
100 3745 280 3785 sumam
306 3730 496 3801 plausu
520 3742 785 3804 exceptam
811 3734 1103 3806 colligimus
1124 3751 1190 3789 ea:
1217 3735 1573 3804 Scriptoribus
1588 3775 1604 3800 ,

26 3823 98 3888 qui
124 3838 226 3877 eam
249 3836 566 3891 memorant,
596 3840 658 3879 ac
685 3842 780 3898 pro
820 3826 929 3898 lege
958 3825 1180 3894 habent,
1211 3826 1485 3884 διειδειὶηο
1507 3830 1607 3885 sci-

26 3986 486 4062 tribusifnmiliaris
540 3999 645 4045 est.
701 3988 824 4047 Vid.
873 3990 1122 4047 Damasc.
1168 4007 1325 4062 Oper.
1376 4001 1507 4048 tom.
1549 3991 1602 4058 I,

28 4070 71 4125 ρ.
110 4060 206 4115 2ἓ8
234 4070 286 4115 et
312 4081 363 4130 ιι.
395 4060 527 4119 240.

91 4137 111 4163 λ
146 4130 259 4186 Haec
292 4129 574 4207 Arnobius
618 4149 681 4188 ea:
725 4133 883 4203 priori
934 4132 1000 4187 ad
1047 4129 1329 4189 Paulinum
1376 4136 1604 4207 epistola

26 4212 217 4276 accepta
258 4205 335 4259 sic
364 4206 599 4259 recitat:
638 4207 1139 4276 Anathematizantus
1182 4224 1265 4260 eos
1289 4250 1303 4273 ,
1335 4205 1423 4276 qui
1469 4208 1600 4262 duos

26 4270 70 4321 in
100 4272 349 4330 Saluatore
374 4277 511 4344 ﬁlios
543 4275 853 4347 conﬁtentur
875 4319 887 4341 ,
927 4293 1084 4330 unum
1123 4286 1241 4331 ante
1283 4270 1601 4333 incarnatio-

28 4356 153 4407 nem,
184 4357 226 4400 et
264 4347 482 4421 alterum
514 4356 632 4421 post
660 4361 980 4421 assumptum
1009 4365 1216 4403 carnem
1252 4367 1314 4405 ex
1352 4350 1598 4421 Virgine;

29 4426 193 4471 etnon
228 4419 453 4473 eamdem
496 4419 593 4473 Dei
640 4420 839 4490 filium,
888 4430 934 4474 et
990 4432 1139 4474 antea
1193 4426 1241 4474 et
1289 4419 1462 4488 postea
1517 4423 1601 4490 ip-

30 4500 265 4563 sunr___esse
303 4491 563 4545 Christum
604 4504 774 4546 verum
807 4488 900 4547 Dei
932 4491 1125 4545 Filiam
1154 4494 1298 4563 .ani
1345 4502 1495 4548 natus
1528 4488 1599 4548 est

30 4571 81 4632 ea:
120 4557 342 4632 l’irgine,
374 4564 702 4626 conﬁtentur.
735 4563 835 4618 hnc
866 4564 1025 4618 etiam
1053 4557 1300 4630 respicit,
1335 4568 1384 4618 ni
1421 4564 1597 4630 fallor,

28 4624 422 4707 umbrosum-de
464 4624 833 4707 lineam-cap.
880 4636 956 4689 6:
994 4633 1056 4686 Et
1090 4624 1209 4689 illas
1256 4624 1597 4707 condemnare

30 4697 265 4773 debemus.
306 4705 394 4773 qui
436 4720 539 4759 non
584 4720 742 4759 unum
772 4697 1103 4772 eamdemque
1133 4722 1239 4760 esse
1274 4706 1319 4760 Ρ
1323 4708 1471 4761 ilium
1507 4706 1602 4761 Dei

32 4770 211 4848 dicunt,
241 4784 287 4828 et
316 4770 492 4830 alium
546 4792 652 4848 esse
678 4819 691 4842 ,
720 4778 807 4848 qui
854 4793 917 4832 ex
961 4770 1067 4831 Deo
1107 4788 1259 4833 natus
1298 4780 1403 4845 sit,
1437 4779 1596 4833 alium

30 4841 102 4918 qui
124 4844 182 4896 sit
218 4859 481 4918 generatus
510 4863 574 4901 ea:
614 4841 841 4918 Virgine.
876 4849 1003 4903 Hmc
1026 4848 1278 4905 conferas
1309 4841 1429 4907 cum
1463 4866 1594 4903 aun-

32 4910 343 4973 thematismo
380 4916 413 4974 ϐ
444 4921 671 4974 ulterius
702 4910 958 4991 "cpistola!
1006 4922 1069 4975 ad
1115 4924 1369 4977 eumdem
1413 4920 1596 4976 Pauli-

33 4997 174 5050 num;
217 5002 276 5044 ac
307 5002 482 5045 tecum
518 5002 709 5063 reputa
735 5034 748 5057 ,
800 5008 863 5045 an
892 4992 1013 5063 ﬁeri
1056 4995 1263 5063 possit,
1318 5006 1372 5048 ut
1409 4996 1601 5048 Dama-

31 5066 107 5106 sus
135 5073 231 5112 uno
251 5063 439 5137 eodem
470 5062 676 5131 scripto
697 5105 711 5127 ,
744 5076 856 5119 rem
887 5062 1063 5137 ipsum
1098 5064 1396 5137 iisdemque
1425 5066 1600 5137 verbis

32 5138 251 5207 repetat,
296 5133 437 5207 quod
472 5142 665 5207 tamen
716 5136 1021 5190 concedant
1065 5148 1291 5192 necesse
1309 5133 1460 5207 ’rest,
1508 5134 1601 5207 qui

32 5197 214 5276 unicam
254 5197 327 5258 ad
358 5205 634 5276 Paulinum
665 5207 949 5275 episwlam
989 5216 1254 5262 statuunt.
1290 5206 1423 5264 Hinc
1446 5197 1598 5263 ’ϐότ-

34 5264 236 5326 beiensis
290 5276 453 5330 cmlex
483 5319 497 5341 ,
528 5264 847 5332 Constantio
896 5288 1035 5333 teste
1058 5322 1072 5343 ,
1108 5287 1165 5333 ut
1200 5295 1318 5333 eam
1353 5280 1601 5335 vitioswn

36 5346 377 5417 repetitionem
406 5357 596 5401 caveat
618 5390 631 5409 .
663 5352 892 5404 alterum
921 5350 1433 5407 anathematisinum
1467 5352 1605 5407 umi-

35 5418 91 5462 sn
112 5427 253 5470 secus
274 5430 334 5472 ac
365 5418 756 5475 llolsteuianus
779 5463 794 5487 ,
828 5436 891 5477 ac
916 5421 1357 5489 Quesnelliaous.

94 5502 117 5542 ί)
144 5502 395 5586 Υαηῖοᾳξὶ.
421 5514 543 5572 cod.
576 5520 901 5586 facultatem.

89 5581 283 5660 inane
320 5581 651 5644 Tritbemius
696 5590 764 5644 de
809 5589 869 5646 ὃ.
898 5588 962 5645 E.
1003 5605 1123 5660 cap.
1157 5590 1261 5658 75.
1304 5591 1499 5647 librum
1540 5593 1605 5648 de

42 5642 162 5725 Fide;
176 5668 324 5725 uocat
342 5697 359 5725 ,
389 5642 577 5714 contra

98 5714 121 5802 f‘
151 5723 253 5802 Hoc
279 5714 413 5798 apud
443 5714 1343 5802 Tritheiniumbujusidogmaticaa
1392 5735 1601 5791 initium

44 5796 149 5859 est,
190 5795 434 5864 Quoniam
482 5812 595 5873 post
647 5795 922 5859 concilium
970 5795 1271 5872 Melinum,
1320 5815 1482 5876 atque
1533 5809 1606 5863 ita

1626 4741 1681 4803 D

1786 3348 1825 3403 1.
1869 3348 2404 3408 Anatltematizamus
2435 3368 2569 3418 eos,
2609 3354 2700 3421 qui
2750 3366 2856 3408 non
2907 3363 3014 3408 tota
3065 3355 3315 3411 libertate

1716 3446 2088 3514 proclamant,
2116 3460 2239 3500 eum
2270 3446 2428 3502 Patre
2448 3456 2503 3502 et
2530 3447 2665 3502 Filio
2696 3447 2851 3503 unius
2880 3452 3166 3518 potestatis
3194 3466 3320 3509 esse

1715 3547 1876 3607 atque
1901 3539 2239 3594 substantiae.

1787 3637 1853 3693 II.
1898 3637 2434 3695 Anathematizamus
2463 3653 2677 3710 quoque
2708 3650 2802 3693 eos
2823 3679 2838 3706 ,
2874 3640 2963 3710 qui
2990 3634 3209 3695 Sabellii
3237 3654 3323 3695 sc-

1714 3744 1954 3805 quuntur
1988 3750 2228 3792 errorem
2268 3734 2318 3801 τ,
2351 3736 2604 3792 enuidens
2634 3734 2876 3791 dicentes
2911 3728 3125 3791 Patrem
3156 3750 3280 3792 esse
3302 3778 3317 3805 ,

1713 3842 1874 3901 quem
1913 3829 2133 3885 Filium.

1713 3992 1875 4049 etiam
1903 3992 2043 4065 apud
2070 3992 2475 4050 Theodoretnm
2510 3993 2768 4065 legimus:
2799 4004 2970 4066 eaque
2997 3992 3157 4048 lectio
3187 3991 3319 4048 mihi

1712 4066 1893 4121 verior
1943 4066 2154 4121 videtur
2188 4084 2199 4119 :
2232 4083 2293 4121 ea
2337 4067 2481 4122 enim
2530 4082 2647 4134 quae
2681 4068 2729 4119 in
2779 4065 2898 4120 aliis
2946 4065 3224 4134 impressis
3255 4079 3319 4119 ac

1712 4153 1845 4192 mss.
1890 4138 2166 4193 codicibus
2198 4139 2631 4207 praunittuntur,
2675 4138 2955 4192 exordium
3005 4138 3178 4207 patins
3225 4150 3315 4207 sm

1712 4212 1865 4277 piunt
1896 4209 1961 4263 ab
1990 4205 2419 4277 exscrip'toribus
2446 4209 2716 4278 adjectum
2744 4227 2757 4276 ;
2795 4208 3060 4276 siquidem
3097 4205 3199 4260 hoc
3230 4206 3313 4274 ip-

1710 4294 1828 4334 sum
1861 4282 2161 4335 linmanum
2205 4280 2494 4334 COIH'IIIUIII
2523 4322 2536 4343 ,
2569 4282 2709 4348 quod
2742 4295 2883 4333 anno
2908 4278 3017 4333 580
3045 4291 3307 4331 convoca-

1711 4362 1821 4405 tum
1848 4348 1997 4417 dixi,
2029 4351 2160 4406 illud
2188 4351 2364 4420 ipsum
2394 4358 2477 4407 est
2510 4350 2699 4420 Vigilio
2726 4360 2863 4405 teste
2889 4392 2902 4416 ,
2930 4349 3069 4420 quod
3094 4348 3314 4402 Memno

1710 4422 1944 4477 caucilio
1971 4416 2172 4478 addidit
2201 4416 2261 4492 ea
2295 4464 2308 4487 ,
2339 4438 2458 4492 qmc
2501 4416 2678 4476 minus
2710 4423 2868 4492 plene
2889 4464 2903 4487 ,
2933 4416 2991 4475 ut
3020 4416 3313 4475 Nazianze-

1711 4508 1810 4547 nns
1840 4496 1913 4548 ait
1956 4498 2006 4547 in
2036 4496 2069 4547 2
2110 4492 2175 4549 ad
2208 4490 2467 4561 meum,
2503 4494 2645 4548 dicta
2678 4490 2891 4548 fuerant
2913 4536 2925 4554 ,
2952 4501 3007 4548 et
3046 4493 3111 4545 ad
3144 4493 3314 4562 Spiri‘

1711 4574 1821 4619 tum
1875 4580 2118 4620 sanetum
2165 4568 2439 4621 attinent:
2476 4564 2525 4619 ln
2559 4569 2823 4620 anteactis
2866 4566 3009 4620 enim
3061 4564 3161 4618 sub
3213 4565 3315 4617 Da-

1710 4652 1861 4692 ntaso
1916 4636 2200 4703 conciliis,
2248 4653 2311 4693 ea
2354 4654 2471 4708 qua:
2516 4636 2585 4692 de
2635 4650 2820 4693 sancto
2864 4636 3051 4690 eodem
3108 4634 3313 4708 Spiritu

1708 4711 1984 4763 enuntiata
2016 4720 2173 4773 sunt,
2206 4724 2305 4764 nec
2331 4707 2467 4765 adeo
2500 4708 2724 4780 prarcisa
2748 4750 2761 4773 ,
2795 4714 2848 4763 ct
2878 4708 3034 4779 plena
3062 4749 3077 4773 ,
3113 4719 3169 4761 ut
3197 4707 3312 4762 haec

1704 4788 1830 4835 sunt
1852 4823 1866 4847 ,
1899 4794 2000 4837 nec
2028 4781 2515 4836 anathematismos
2555 4782 2815 4836 adversus
2855 4781 3095 4851 singulas
3122 4792 3313 4834 omnes

1702 4852 2323 4908 Pneumatmnacbornm
2360 4853 2721 4921 blasphemias
2749 4852 2989 4923 adjecws
3018 4851 3237 4905 habent.

1781 4957 1804 4983 θ
1838 4946 1961 5001 llaec
2022 4946 2270 5001 Eunomii
2319 4946 2372 4999 in
2423 4946 2776 5016 Apolngetico
2823 4961 2852 5000 a
2906 4942 3154 5016 Fabricio
3204 4936 3313 5016 BB.

1705 5016 1881 5075 Graec.
1933 5028 2065 5072 tom.
2104 5017 2211 5072 VIII
2236 5058 2249 5077 .
2281 5032 2402 5088 pag.
2434 5014 2537 5073 297
2563 5057 2580 5079 ,
2613 5014 2860 5087 primum
2910 5014 3057 5088 edito
3100 5015 3260 5066 verba
3296 5029 3309 5065 :

1703 5089 1866 5145 Jussu
1896 5091 2101 5158 quidem
2137 5086 2673 5159 PatrisJoperatione
2712 5100 2883 5141 autem
2934 5086 3058 5159 Filii
3091 5089 3306 5159 factum.

1708 5161 1823 5238 [lue
1854 5155 2063 5230 spectat
2104 5161 2255 5238 locus
2283 5155 2520 5216 Simonis
2556 5155 3313 5238 constantinoiiolitanihapud

1709 5222 2079 5288 Allatfcontr.
2113 5232 2414 5302 Hottinger.
2448 5248 2564 5302 pag.
2611 5232 2718 5302 50.3
2745 5249 2757 5283 :
2792 5222 3002 5285 Litteris
3030 5222 3319 5302 ad__l_’auli-

1711 5322 1834 5359 nam
1876 5303 2255 5361 Antiochenam
2294 5297 2648 5359 datis’scribit
2702 5300 2957 5355 Damasus
2995 5297 3312 5352 additionem

1711 5376 1955 5452 synodali
2002 5376 2201 5452 decreto
2254 5380 2444 5452 {actam
2486 5376 2540 5452 in
2587 5376 2649 5452 S_.
2686 5372 2900 5452 Niceno
2955 5369 3200 5452 Sytttbolo
3226 5369 3317 5452 λιιι

1715 5438 2101 5502 εόαυιαεηάαιη
2135 5438 2308 5500 eorum
2357 5445 2725 5517 blasphemiam
2768 5444 2854 5513 qui
2894 5438 3183 5495 asserebant
3217 5438 3315 5494 Fi-

1715 5520 1846 5574 lium
1872 5534 2073 5589 quoque
2105 5518 2311 5572 Patrem
2340 5535 2467 5574 esse.

1789 5589 1809 5628 ε
1841 5582 2033 5645 Nullos
2076 5593 2250 5657 reipsa
2291 5601 2419 5646 tunc
2464 5586 2724 5656 temporis
2763 5582 3088 5641 Sabellianos
3147 5582 3316 5642 fuisse

1713 5663 1986 5732 legimus,
2048 5663 2248 5717 nniltos
2295 5674 2476 5717 autem
2522 5657 2793 5713 calumnia
2826 5665 2895 5732 _ct
2941 5657 3197 5732 opinione
3250 5658 3319 5711 ab

1713 5726 2080 5812 Qrientalibns
2106 5734 2189 5812 sic
2211 5733 2387 5812 dictos
2411 5734 2613 5812 scimus
2636 5744 2652 5791 ;
2676 5742 2783 5812 ﬁuit
2808 5726 2874 5807 de
2903 5742 2960 5780 rc
2986 5728 3319 5812 querebatur

1717 5803 2008 5863 Faustinus
2052 5804 2333 5874 presbyter
2364 5804 2420 5859 in
2453 5801 2634 5856 libello
2676 5797 2868 5863 Fidei,
2906 5812 3064 5868 quem
3114 5800 3170 5855 in
3215 5799 3318 5857 Co—
