3950 6330
480 275 575 330 Elii

1716 275 1960 332 SANCTI
1999 275 2255 334 DAMABI
2295 276 2497 334 PAPAS

3624 294 3712 351 δτι

479 392 714 455 traditis.
747 400 858 446 tum
886 390 1040 460 hujus
1085 391 1166 446 vel
1209 390 1443 446 maxime
1491 407 1614 462 quae
1656 401 1740 448 est
1792 410 1819 448 ιι
1875 393 2076 448 sanctis

2201 397 2490 469 ίπομιίνατε
2513 400 2716 454 ἀκούειν
2731 407 2853 464 τοῦς
2874 403 3141 479 κληρικούς
3176 405 3206 465 ἦ
3245 407 3364 467 τοὺς
3385 409 3564 474 λαίκούς
3581 394 3708 487 ripa»:

482 483 733 543 Patrihus
759 484 813 542 in
843 483 1075 540 concilio
1116 483 1334 542 Nicseno
1381 486 1599 553 scriptis
1640 486 1846 556 prodita
1873 504 1886 541 :
1913 486 2076 557 inque

481 593 542 633 ea
569 577 794 648 gradum
824 580 976 632 lirme
1019 577 1337 648 deligentes,
1367 579 1670 636 imnmbules
1705 593 1981 650 perstate:
2023 591 2077 636 et

482 686 552 728 ne
607 674 830 740 posthac
863 671 1147 738 sustinete,
1178 681 1234 727 ut
1257 672 1339 728 vel
1376 674 1558 730 clerici
1615 673 1798 740 vestri,
1841 674 1924 730 vel
1956 674 2074 730 laici

482 763 672 818 inanes
701 777 1005 831 sermones,
1048 763 1485 834 quazstionesque
1529 765 1787 821 obscuras
1833 767 2072 822 audiant.

480 855 600 912 Jain
654 873 762 914 non
783 857 952 912 semel
984 856 1267 916 formulam
1297 857 1592 928 edidimus,
1625 868 1686 916 ut
1708 861 1800 932 qui
1831 876 1891 918 se
1929 861 2076 918 chri-

480 950 717 1006 stianum
750 950 1092 1021 proﬁteatur,
1137 949 1268 1008 illud
1298 961 1507 1015 teneat.
1529 954 1670 1024 quod
1711 955 1780 1010 ab
1817 955 2076 1025 apostolis

479 1042 736 1096 traditum
767 1052 870 1107 est;
907 1044 1106 1113 quippe
1146 1043 1404 1102 divinitus
1431 1045 1628 1103 Paulus
1681 1047 1760 1102 sic
1797 1044 2074 1116 loquitur:

487 1136 546 1193 Si
597 1137 718 1207 quis
748 1137 902 1193 vobis
926 1137 1374 1210 erangelizarerit
1408 1147 1606 1208 praeter
1650 1138 1703 1194 id
1744 1138 1885 1210 quod
1923 1152 2080 1194 aeceq

479 1233 658 1302 pistis,
683 1232 972 1288 anathema
995 1233 1085 1290 sit.
1116 1233 1248 1290 Nam
1275 1231 1528 1290 Christus
1555 1231 1725 1290 Filius
1757 1233 1872 1297 Dei,
1901 1229 2082 1288 Domi-

479 1344 582 1384 nus
610 1337 816 1395 noster,
844 1328 1032 1400 generi
1066 1331 1303 1384 humano
1327 1345 1421 1400 per
1451 1328 1756 1400 passionem
1787 1342 1936 1382 suam
1969 1328 2082 1398 ple-

480 1420 760 1476 nissimam
791 1422 1018 1476 salutem
1057 1421 1311 1488 reddidit,
1345 1431 1402 1476 ut
1434 1430 1604 1478 totum
1648 1421 1924 1478 hominem
1953 1435 2075 1491 pec-

483 1517 619 1570 catis
648 1515 978 1585 implicatmn
1009 1515 1078 1570 ab
1114 1514 1260 1571 omni
1292 1525 1514 1585 peccato
1543 1515 1820 1572 liberaret.
1853 1514 2005 1570 llunc
2035 1514 2080 1568 si

481 1609 606 1679 quis
634 1617 726 1663 aut
747 1608 1116 1679 imperfectam
1150 1607 1566 1673 humanitatem,
1599 1618 1690 1662 aut
1708 1605 2081 1677 imperfectam

485 1701 820 1758 divinitatem
847 1704 1100 1758 habuisse
1125 1702 1357 1771 dixerit,
1389 1702 1580 1773 spiritu
1609 1702 1808 1758 diaboli
1837 1702 2077 1772 comple-

2179 487 2276 548 ἤδη
2328 491 2426 567 γὰρ
2464 490 2606 557 ἅπαξ
2641 493 2804 549 τύπον
2842 492 3114 567 δδὼγαμεν,
3144 497 3226 553 ἶνα
3256 496 3282 554 ὁ
3307 504 3546 570 γινῶσκων
3568 505 3713 563 ἑαυτὸν

2183 586 2486 658 χριστιανὸν
2513 585 2672 640 ἐκεῖνο
2711 587 2957 661 φυλάττοι
2996 587 3123 662 ὅπερ
3162 593 3310 668 παρά
3337 599 3432 648 τῶν
3471 597 3714 656 ἀποστόλων

2177 675 2458 753 παρεδόθη.
2507 678 2741 752 λέγοντος
2789 687 2880 736 τοῦ
2940 681 3088 756 ἁγίου
3143 685 3359 748 Παύλου.
3403 685 3462 742 Εἴ
3491 712 3561 750 τις
3605 693 3716 764 ὑμᾶς

2169 769 2564 842 ηιύαγγιλίζεται
2585 772 2713 848 παρ’
2737 769 2763 826 ὃ
2791 774 3134 850 παρελάϐετε.
3159 779 3382 850 ἀνάθεμα
3406 778 3545 856 ἴστῳσ
3565 784 3615 839 Ὀ
3638 789 3715 863 γὰρ

2185 863 2408 939 Χριστὸς
2439 863 2464 918 ὁ
2492 864 2600 925 υίὸς
2632 872 2722 920 τοῦ
2743 873 2893 936 Θεοῦ,
2927 868 2954 924 ὁ
2989 871 3172 947 Κύριος
3200 873 3358 944 ἡμῶν,
3385 883 3456 949 τῷ
3493 879 3608 950 γένει
3640 888 3720 937 τῶν

2187 954 2461 1029 ἀνθρώπων
2500 953 2584 1010 διὰ
2624 963 2718 1028 τοῦ
2748 956 2876 1018 ἰδίου
2921 961 3122 1026 πάθους
3149 963 3494 1040 πληρεστάτην
3529 968 3719 1026 ἀπέδωκε

2181 1053 2274 1106 τήν
2317 1052 2598 1126 σωτηρίαν,
2637 1050 2719 1106 ἶνα
2760 1049 2872 1106 ὅλον
2910 1054 2998 1108 τόν
3038 1051 3300 1132 ἄνθρωπον
3345 1066 3455 1120 ταῖς
3489 1059 3724 1138 ἁμαρτίαις

2191 1137 2512 1209 ἐνεχόμενον,
2548 1141 2719 1201 πάσης
2759 1139 3016 1223 ἁμαρτίας
3055 1146 3385 1222 ἐλευθερώσῃ.
3416 1137 3650 1207 Τοῦτονγεῖ
3664 1175 3726 1216 τις

2185 1229 2300 1288 ἤτοι
2327 1231 2721 1307 ἁνθρωπὸτητος
2752 1233 2782 1292 ὅ
2824 1235 3056 1299 θεότητος
3086 1235 3300 1294 ἔλαττον
3327 1241 3587 1313 ἐσχηκέναι
3603 1241 3728 1312 εἴποι,

2183 1329 2474 1398 πνεύματος
2516 1326 2755 1384 διαϐόλου
2804 1332 3231 1410 πεπληρωμένος,
3286 1344 3379 1398 τῆς
3433 1339 3611 1411 γεέννης
3646 1341 3731 1396 υἱόν

2183 1419 2365 1474 ἐαυτὸν
2407 1417 2754 1476 ἀποδείκνυσι.
2791 1423 2851 1476 Τί
2888 1425 3058 1479 τοίνυν
3095 1426 3244 1480 πάλιν
3271 1425 3536 1506 παρ’ἐμοῦ
3572 1433 3733 1494 ζητεῖτε

2185 1517 2277 1572 τήν
2302 1513 2591 1592 καθαίρεσιν
2617 1516 2880 1588 Τιμοθέου,
2906 1513 2960 1578 ὃς
2981 1521 3066 1574 καί
3083 1522 3302 1575 ὶνταῦθα
3329 1521 3492 1598 κρίσει
3517 1521 3736 1583 τῆςἋπο-

2194 1607 2432 1668 στολικῆς
2456 1605 2728 1684 καθέδρας.
2752 1609 3007 1688 παρόντος
3027 1615 3112 1666 καί
3131 1614 3322 1688 Πίτρου
3353 1621 3444 1669 τοῦ
3469 1612 3738 1671 Ἐπισκόπον

2189 1713 2282 1761 τίς
2310 1695 2664 1776 ’Δλιξανδρόων
2706 1701 2902 1764 πόλεως
2946 1703 3212 1779 καθῃρέθη,
3261 1703 3372 1778 ἅμα
3397 1712 3469 1779 τῷ
3493 1703 3742 1778 διδασκάλῳ

484 1806 592 1859 tus,
616 1812 674 1849 se
693 1794 859 1850 lilium
891 1799 1156 1867 gehennae
1184 1797 1441 1852 ostendit.
1477 1795 1661 1867 Itaque
1686 1794 1816 1867 quid
1853 1803 1962 1863 est,
1983 1809 2082 1851 cur

2201 1795 2342 1849 κὺτοῦ
2358 1791 2741 1872 ’Δπολλιναρίῳ,
2764 1799 2849 1852 καί
2869 1797 2918 1852 ἐν
2939 1798 3106 1872 ἡμέρᾳ
3135 1806 3226 1859 τῆς
3249 1801 3466 1875 κρίσεως
3483 1800 3570 1860 τὰς
3588 1799 3745 1874 59.no-

486 1889 881 1945 abdicationem
915 1889 1185 1945 Timothei
1213 1906 1243 1945 a
1271 1907 1356 1946 me
1405 1907 1592 1946 rursus
1633 1891 1942 1960 t'equiratis,
1993 1891 2083 1962 qui
2112 1945 2113 1948 η

429 1973 432 1976 ’
485 1983 650 2034 etiam
700 1983 786 2036 hic
823 1981 1028 2052 judicio
1077 1983 1222 2038 sedis
1261 1984 1595 2054 apostolicae,
1659 1985 1817 2038 l’etro
1873 1999 2087 2053 quoque

489 2074 746 2144 episcopo
799 2075 1148 2131 Alexandriae
1194 2087 1482 2146 praiseute,
1536 2077 1814 2134 abdicatus
1868 2087 1952 2132 est
1984 2094 2086 2132 una

489 2183 611 2223 cum
660 2169 915 2239 magistro
957 2185 1056 2226 suo
1111 2172 1450 2241 Apollinare,
1481 2174 1570 2243 qui
1601 2174 1726 2228 item
1753 2173 1805 2228 in
1831 2173 1919 2230 die
1944 2173 2090 2244 judi-

487 2263 554 2318 cii
603 2262 816 2320 debitas
856 2279 1043 2336 pinnas
1073 2277 1129 2322 et
1177 2267 1440 2337 supplicia
1489 2267 1782 2338 persolvet.
1836 2268 1989 2338 Quod
2042 2268 2088 2324 si

488 2355 602 2417 ille,
644 2357 732 2426 qui
789 2371 969 2412 veram
1020 2371 1170 2428 spem
1223 2359 1277 2414 in
1324 2359 1602 2416 Christum
1653 2377 1756 2416 una
1784 2376 1906 2417 cum
1964 2360 2089 2418 Iidei

489 2446 835 2504 confessione
865 2453 1119 2517 mutarit,
1149 2451 1321 2508 velut
1371 2467 1522 2522 spem
1570 2454 1858 2523 quamdam
1899 2455 2091 2512 salutis

490 2544 758 2614 retinens,
782 2547 917 2604 alios
937 2547 1222 2620 quosdam,
1253 2548 1345 2622 qui
1377 2559 1506 2606 sunt
1545 2549 1801 2619 leviores,
1843 2552 1912 2608 ad
1938 2568 2091 2612 suam

2189 1888 2344 1960 μένας
2363 1890 2614 1964 τιμωρίας
2631 1891 2714 1942 καί
2736 1889 2999 1961 βασάνους
3019 1891 3280 1962 ὑπομένει.
3311 1895 3368 1946 Εἰ
3389 1891 3443 1947 δὲ
3461 1915 3592 1954 τινας
3603 1914 3747 1965 κουφο-

2191 1979 2371 2054 τέρους
2419 1979 2580 2034 πείθει
2618 1980 2798 2040 ἐκεῖνος
2837 1982 2906 2041 ὧς
2951 2002 3065 2036 τινα
3118 1981 3298 2038 ἐλπίδα
3335 1981 3497 2055 ἔχων,
3535 1981 3749 2044 ὄστιςττόν

2193 2073 2348 2132 ἀληθῆ
2387 2071 2568 2128 ξλπίδα
2607 2079 2699 2133 τήν
2743 2079 2814 2136 εἰς
2851 2078 3071 2152 Χριστὸν
3113 2085 3177 2152 τῇ
3229 2076 3472 2152 ὁμολογία
3512 2077 3750 2148 μετέϐαλι,

2203 2170 2336 2244 μετὰ
2378 2169 2564 2226 τούτου
2607 2167 2792 2240 ὁμοίως
2829 2170 3093 2227 ἀπολεῖται
3137 2168 3280 2234 ὅστις
3319 2169 3506 2232 δήποτε
3548 2171 3752 2244 βούληται

2197 2270 2272 2338 τῷ
2300 2262 2468 2320 κανόνι
2504 2270 2597 2324 τῆς
2639 2260 2931 2323 Ἐκκλησίας
2979 2262 3370 2322 ἁντιπαλαῐσαι.
3401 2262 3459 2320 Ὀ
3495 2263 3611 2324 Θιός
3646 2263 3756 2336 opus

2197 2355 2518 2428 ὑγιαίνοντας
2539 2353 2888 2429 διαφυλάττοι,
2913 2355 3016 2412 υίοὶ
3034 2358 3354 2429 τιμιώτατοι.

494 2637 758 2706 perducat
786 2639 1151 2707 sententiam;
1203 2640 1379 2695 sciant
1427 2641 1526 2708 illi,
1581 2655 1642 2697 se
1671 2655 1956 2715 propterea
2000 2661 2122 2702 cum
2178 2663 2245 2704 eo
2301 2647 2556 2706 similiter
2593 2646 2889 2718 perituros,
2919 2643 3361 2722 quodlanimum
3399 2639 3669 2716 aliquando
3695 2639 3762 2694 itt-

496 2729 749 2791 duxerint
777 2733 1033 2792 Ecclesia:
1059 2736 1253 2792 cationi
1303 2751 1629 2808 repugnare.
1661 2738 1803 2794 Deus
1834 2755 1929 2796 vos
1953 2781 1969 2808 ,
1999 2739 2096 2798 lilii
2137 2741 2566 2810 honoratissimi,
2597 2753 2774 2798 servet
2794 2740 3118 2800 incolumes.

978 2871 1373 2937 EPISTOLA
1433 2874 1603 2937 VIII.

862 2989 1055 3029 DAIASI
1083 2991 1232 3030 ΡΔΡΕ
1264 2992 1331 3031 ΑΙ)
1360 2991 1722 3034 ΗΙΕΒΟΝῩΙΙΗΙ.

501 3083 642 3152 Quid
667 3086 808 3158 apud
838 3083 1083 3146 Hebrazos
1105 3101 1247 3146 sonet
1281 3091 1552 3160 llosanna,
1589 3092 1854 3164 perspicue
1883 3096 1980 3150 sibi
2007 3113 2095 3152 ea:-

1104 3185 1288 3256 plicari
1316 3198 1484 3261 rogat.

500 3275 857 3332 Dilectissimo
907 3277 1020 3333 lilio
1055 3278 1386 3352 Hieronymo
1429 3281 1685 3338 Damasus
1721 3282 2014 3356 episc0pns
2046 3285 2097 3340 in
2125 3307 2172 3372 ρ

1048 3370 1278 3426 Domino
1294 3373 1546 3428 salutem.

569 3462 973 3518 Commentaria
1011 3480 1133 3520 cum
1171 3463 1404 3534 legerem
1436 3465 1628 3523 Graeco
1653 3469 1954 3541 Latinoque
1984 3487 2100 3528 ser-

499 3567 662 3608 mone
694 3554 745 3608 in
781 3554 1199 3626 Evangeliorum
1229 3553 1675 3628 interpretatione
1711 3577 1737 3614 a
1771 3562 1969 3617 nostris
1992 3605 2005 3630 ,
2047 3564 2098 3620 id

497 3656 581 3701 est
609 3656 636 3683 α
677 3647 997 3703 orthodoxis
1040 3651 1192 3717 viris,
1223 3651 1350 3704 olim
1382 3666 1446 3706 ac
1474 3667 1646 3722 nuper
1683 3655 1884 3727 scripta
1927 3659 1994 3710 de
2035 3673 2100 3712 eo

499 3741 642 3812 quod
675 3742 904 3814 legitur:
945 3741 1190 3798 "osanna
1232 3744 1344 3816 ﬁlio
1384 3743 1596 3813 David;
1649 3765 1753 3802 non
1798 3749 1977 3804 solum
2018 3749 2101 3804 di-

502 3850 696 3902 versa,
737 3835 832 3890 sed
877 3837 1037 3891 etiam
1070 3839 1340 3892 contraria
1375 3839 1593 3895 sibimet
1620 3840 1921 3910 proferunt.
1960 3841 2101 3898 Dile—

495 3931 694 3986 ctiunis
723 3939 827 3985 tuae
855 3939 972 3998 est,
1003 3938 1062 3985 ut
1096 3931 1308 3988 ardenti
1351 3933 1438 3988 illo
1477 3934 1815 3989 strenuitatis
1844 3935 2062 4004 ingenio
2083 3976 2099 4003 ,

497 4022 724 4078 abscisis
759 4021 1107 4092 Opinionibus
1130 4065 1148 4091 ,
1195 4024 1744 4096 ambiguitatibusque
1784 4026 2056 4096 Sllpplosls
2082 4067 2098 4093 ,

499 4115 628 4187 quid
659 4131 717 4172 se
745 4115 939 4171 habeat
969 4115 1110 4187 apud
1138 4115 1395 4172 Hebraeos
1416 4159 1430 4185 ,
1464 4119 1587 4172 viro
1615 4134 1780 4174 sensu
1808 4119 2016 4175 scribas
2042 4129 2102 4176 ut

501 4221 555 4264 et
591 4209 660 4266 de
708 4209 811 4266 hoc
850 4210 991 4265 sicut
1033 4219 1088 4264 et
1131 4210 1199 4265 de
1241 4209 1446 4278 multis,
1493 4211 1589 4268 tibi
1629 4227 1775 4270 cura:
1805 4225 2004 4272 nostrae
2047 4215 2100 4270 in

499 4299 720 4358 Christo
745 4301 873 4362 Jesu
900 4304 1103 4374 gratias
1128 4301 1388 4360 referant.

1023 4423 1418 4487 EPISTOLA
1463 4425 1578 4489 IX.

873 4554 1066 4594 DAIASI
1098 4554 1244 4594 PAPE
1272 4555 1340 4594 ΔΙ)
1364 4553 1733 4597 ειιιιιοιιῖιιυιι.

507 4651 716 4718 Quanta
743 4649 986 4706 aviditate
1030 4650 1333 4724 Hieronymi
1365 4653 1560 4717 scripta
1601 4653 1807 4710 lectitet.
1857 4652 1962 4712 Cur
1999 4673 2102 4712 non

574 4742 693 4816 pari
737 4743 907 4798 studio
949 4742 1082 4814 legat
1124 4739 1152 4782 ι’
1205 4742 1461 4798 Lactantii
1507 4746 1682 4800 libras.
1733 4745 1800 4802 Ut
1843 4750 2102 4819 subjectae

574 4838 880 4916 quaestiones
905 4835 1000 4888 sibi
1029 4833 1374 4905 Hieronymus
1402 4839 1582 4908 paucis
1609 4837 1794 4894 solvat.

709 4929 1074 4990 Dilectissimo
1103 4929 1214 4983 lilio
1245 4929 1571 5004 llierottymo
1602 4931 1886 4990 Damasus.

576 5025 943 5086 Dortnientem
982 5029 1056 5088 te,
1097 5029 1153 5077 et
1195 5021 1355 5093 longo
1393 5022 1506 5094 jam
1549 5036 1791 5096 tempore
1826 5029 2098 5102 legentem

578 5177 607 5206 κ
645 5164 764 5224 Non
785 5159 1009 5216 deerant
1046 5157 1255 5230 Damasi
1292 5159 1632 5230 temporibus
1655 5161 1858 5230 scripta
1889 5164 2105 5230 haereti-

507 5255 723 5303 corum,
750 5227 1512 5306 rqui_doctrina_ingenioque
1556 5234 1709 5290 abusi
1755 5227 1999 5306 fuerant;
2047 5227 2105 5294 at

509 5301 817 5368 maluit—ille
843 5304 910 5360 ab
934 5318 1120 5357 eorum
1158 5301 1389 5357 lectione
1425 5319 1615 5360 cavere
1637 5349 1650 5370 ,
1681 5321 1838 5361 secus
1867 5323 1932 5364 ac
1965 5301 2062 5365 nos
2084 5352 2098 5375 ,

505 5384 598 5457 qui
620 5393 738 5457 tam
765 5379 923 5457 longe
947 5375 1017 5457 ab
1046 5375 1162 5442 ejus
1182 5383 1468 5457 sanctitate
1497 5375 1758 5432 distamus
1776 5421 1791 5443 ,
1815 5394 1879 5435 ac
1905 5381 2100 5457 quibus

509 5443 736 5511 iitirilice
777 5443 994 5515 sapiunt
1033 5461 1140 5499 non
1187 5443 1564 5501 haereticorum
1608 5458 1836 5516 “mlum,
1885 5443 1978 5508 séd
2033 5469 2096 5509 ea

510 5529 622 5596 ipsa
663 5517 1414 5596 itllpllsallllorltlll.Imllllllltlll
1456 5526 1652 5596 scripta
1678 5561 1694 5585 ,
1719 5525 1936 5596 quibus
1960 5525 2098 5580 chri-

508 5588 680 5653 s'uana
718 5588 908 5660 religio
931 5588 1506 5663 ludibrioe‘t,atque
1537 5588 1588 5644 in
1619 5591 1684 5644 iis
1719 5588 1992 5663 lt’griulit,
2034 5611 2098 5652 ac

512 5666 796 5724 laudandis
810 5659 1130 5737 eruditionis
1149 5661 1432 5737 gloriolam
1451 5671 1750 5737 captamus,
1770 5659 2098 5737 Quamquam

513 5753 634 5796 cum
664 5742 880 5806 pietatis
894 5746 965 5806 ac
994 5727 1119 5806 lidei
1143 5727 1350 5802 jactura
1375 5727 1738 5804 conjunctam.

585 5807 613 5854 δ
657 5803 730 5874 De
763 5806 863 5874 hoc
894 5803 1109 5860 Damasi
1161 5806 1282 5866 loco
1322 5803 1699 5893 exspeCtatnus
1715 5829 1834 5893 qua;
1869 5816 2103 5885 disseret

2199 2882 2400 2951 potius,
2431 2896 2588 2950 quam
2621 2879 2949 2936 scribentem
2969 2921 2982 2944 ,
3018 2879 3435 2950 quaestiunculis
3464 2877 3527 2933 ad
3551 2888 3599 2932 te
3619 2873 3766 2929 missis

2201 2976 2437 3030 excitare
2457 2973 2694 3046 disposui
2718 2992 2730 3028 :
2770 2990 2878 3029 non
2897 2990 3004 3045 quo
3024 2985 3075 3028 et
3105 2974 3283 3044 legere
3312 2989 3424 3028 non
3446 2971 3662 3029 debeas:
3687 2965 3770 3020 hoc

2203 3068 2348 3122 enim
2380 3067 2544 3122 veluti
2578 3066 2896 3137 quotidiano
2924 3067 3046 3121 cibo
3074 3067 3236 3121 alitur
3263 3075 3316 3120 et
3366 3063 3658 3138 pinguescit
3679 3073 3772 3113 era-

2205 3161 2315 3216 tio:
2361 3163 2454 3215 sed
2497 3161 2639 3232 quod
2681 3161 2930 3215 lectionis
2959 3161 3166 3215 fructus
3203 3161 3272 3212 sit
3315 3159 3448 3221 iste.
3493 3159 3537 3212 si
3576 3154 3771 3210 scribas.

2209 3253 2393 3324 Itaque
2423 3254 2678 3326 quoniam
2711 3261 2766 3308 et
2795 3266 2817 3293 ε
2851 3236 2963 3308 heri
2998 3251 3280 3308 tabellario
3310 3252 3385 3308 ad
3427 3265 3515 3308 me
3547 3247 3772 3308 remissrt.

2207 3349 2382 3404 nullas
2415 3359 2466 3403 te
2491 3349 2600 3418 jam
2634 3347 2896 3420 epistolas
2925 3346 3128 3402 habere
3157 3345 3384 3409 dixisti,
3416 3341 3649 3414 exceptis
3675 3337 3775 3400 Itis.

2205 3459 2341 3514 quas
2371 3438 2666 3512 aliquando
2700 3441 2752 3494 in
2794 3439 3022 3495 heremo
3055 3439 3366 3494 dictarem:
3386 3482 3402 3504 ,
3433 3448 3666 3510 quasque
3687 3437 3774 3485 tota

2205 3535 2462 3592 aviditate
2508 3535 2611 3606 legi
2643 3544 2804 3606 atque
2835 3534 3096 3604 descripsi
3125 3551 3140 3598 ;
3185 3543 3243 3588 et
3280 3534 3430 3589 ultro
3457 3529 3711 3603 pollicitus
3730 3539 3778 3579 es

2205 3641 2256 3686 te
2283 3629 2492 3685 furtivis
2521 3629 2755 3683 noctium
2798 3629 2980 3697 operis
3021 3628 3259 3697 aliquas,
3294 3628 3339 3682 si
3378 3627 3607 3686 vellem,
3645 3631 3779 3691 posse

2204 3721 2445 3786 dictare;
2482 3720 2716 3776 libenter
2750 3719 2954 3790 accipio
2978 3720 3046 3774 ab
3077 3720 3380 3786 olferente,
3444 3716 3585 3790 quod
3616 3723 3780 3784 rogate

2205 3815 2504 3878 volueram,
2530 3815 2694 3868 etiam
2723 3813 2770 3867 si
2803 3827 3078 3882 negasses.
3105 3811 3293 3882 Neque
3325 3826 3464 3866 vero
3491 3810 3645 3864 ullam
3673 3813 3778 3875 pulo

2203 3907 2502 3979 digniorem
2522 3905 2902 3976 disputationis
2921 3914 3122 3960 nostrae
3138 3919 3238 3960 con
3249 3904 3644 3960 tabulationem
3663 3901 3780 3958 lure.

2203 4015 2365 4070 quam
2410 3999 2456 4054 si
2497 4000 2567 4054 de
2602 3999 2900 4068 Scripturis
2942 3998 3380 4053 sermocinemur
3413 3997 3558 4051 Inter
3585 4005 3710 4053 nos;
3738 3984 3782 4040 id

2205 4101 2308 4159 est,
2337 4101 2392 4146 ut
2414 4107 2514 4162 ego
2539 4093 2893 4162 interrogem,
2927 4099 2982 4144 tu
3010 4089 3373 4158 respondeas.
3403 4089 3521 4156 Qua
3546 4086 3649 4140 vita
3673 4078 3782 4136 nihil

2205 4195 2335 4255 puto
2361 4187 2412 4240 in
2443 4186 2543 4240 hac
2565 4185 2678 4252 luce
2695 4183 2988 4255 jucundius
3013 4199 3028 4246 ;
3059 4199 3165 4251 quo
3185 4181 3392 4236 animae
3415 4182 3610 4252 pabulo
3629 4192 3689 4230 ou
3713 4172 3784 4226 nia

2206 4280 2364 4336 mella
2403 4289 2746 4350 superantur.
2801 4277 2972 4344 Quam
3015 4277 3228 4341 dulcia,
3274 4278 3459 4350 ittquit
3505 4269 3783 4343 Propheta.

2204 4375 2524 4448 gutturimeo
2549 4375 2749 4444 eloquia
2779 4384 2888 4442 tua,
2919 4388 3076 4441 super
3111 4371 3210 4426 mel
3251 4372 3333 4425 ori
3368 4387 3504 4425 meo.
3531 4367 3658 4424 Nam
3683 4375 3784 4418 cum

2206 4469 2408 4525 idcirco
2429 4509 2443 4533 .
2493 4479 2551 4523 ut
2590 4469 2666 4522 ait
2687 4469 2997 4538 praecipuus
3021 4477 3234 4528 orator.
3273 4467 3538 4522 homines
3565 4479 3594 4517 a
3623 4456 3787 4518 bestiis

2206 4562 2548 4626 dilIeramus,
2586 4561 2728 4631 quod
2761 4561 2907 4632 loqui
2938 4575 3264 4632 possumus:
3290 4576 3401 4630 qua
3438 4559 3597 4614 laude
3622 4557 3788 4624 dignus

2130 4695 2179 4757 Β
2206 4666 2308 4723 est,
2355 4656 2444 4724 qui
2483 4655 2538 4710 in
2579 4671 2640 4710 ea
2683 4671 2741 4710 re
2779 4664 3006 4711 ca-teros
3035 4661 3290 4724 supcrat,
3327 4654 3386 4710 in
3425 4669 3534 4724 qua
3570 4647 3788 4707 homines

2206 4748 2408 4804 bestias
2435 4748 2797 4804 antecellunt?

2280 4844 2577 4915 Accingere
2623 4845 2806 4914 igitur,
2845 4853 2898 4899 et
2942 4843 3074 4897 mihi
3113 4858 3231 4911 qua:
3260 4843 3515 4913 subjecta
3549 4848 3672 4896 sunt
3699 4833 3791 4892 dis-

2209 4955 2364 5006 sere,
2404 4954 2629 4994 servans
2659 4939 2944 5009 utrobique
2973 4938 3322 4995 moderamen
3345 4981 3361 5004 ,
3390 4945 3456 4994 ut
3488 4953 3588 4994 nec
3615 4947 3792 5020 prope;

2207 5034 2310 5088 sita
2340 5032 2669 5088 solutionem
2703 5030 3038 5099 desiderent,
3073 5046 3174 5087 nec
3203 5030 3445 5100 epistola
3471 5030 3792 5086 brevitatem.

2211 5167 2296 5223 vir
2319 5169 2390 5224 cl.
2422 5168 2480 5222 P.
2512 5167 2827 5244 Edovartlus
2862 5181 2891 5221 τι
3011 5165 3301 5244 Francisco
3327 5165 3577 5221 Xaverio
3597 5205 3612 5229 ,
3648 5178 3675 5216 a
3703 5173 3794 5244 qtio

2211 5257 2403 5296 novam
2429 5281 2443 5305 ,
2475 5249 2633 5309 atque
2664 5239 2904 5294 omnium
2935 5239 3195 5294 Lactantii
3225 5253 3462 5308 operum
3524 5239 3796 5309 socrualis-

2209 5312 2400 5368 simam
2436 5305 2730 5366 editionem
2775 5311 3091 5364 adornatam
3119 5305 3275 5380 jam,
3311 5323 3382 5364 ac
3423 5307 3658 5364 mli-ilice
3686 5305 3795 5359 illu-

2207 5397 2429 5438 stratum
2461 5388 2672 5436 scimus.

2279 5455 2304 5488 ⁸
2349 5456 2610 5510 Βοτυιιίιιδ
2645 5469 2768 5508 cum
2811 5453 2863 5508 in
2895 5453 3132 5507 animant
3171 5467 3328 5507 suum
3367 5451 3672 5507 induxisset
3698 5444 3796 5515 cpi.

2205 5527 2398 5581 stolam
2443 5527 2691 5600 haneab
2721 5526 3055 5600 Hieronymo
3090 5524 3494 5600 Hierosolymis
3536 5527 3792 5600 acceptam

2207 5599 2398 5663 fuisse,
2434 5597 2556 5651 hinc
2587 5596 2870 5673 legendum
2901 5591 3257 5673 exhibuerit.
3290 5591 3564 5673 quoniam
3600 5591 3794 5673 Etherio

2211 5669 2525 5734 Tabellario,
2558 5670 2701 5738 quod
2734 5678 2787 5722 et
2806 5666 3077 5721 Marianas
3103 5669 3354 5736 arripuit.
3386 5667 3594 5722 Veram
3627 5666 3796 5718 lectio-

2209 5757 2331 5796 nem
2364 5752 2603 5796 veterum
2645 5740 2890 5796 codicmn
2927 5754 3196 5798 consensu
3229 5748 3519 5809 acceptam
3561 5753 3666 5792 non
3691 5748 3796 5789 mtt-

2209 5813 2426 5887 tandani
2452 5827 2592 5898 esse,
2617 5823 2672 5870 et
2691 5830 2813 5908 quae
2842 5815 2892 5870 in
2919 5812 3186 5900 superiori
3211 5813 3428 5887 monito
3449 5810 3795 5924 asseruimul'
