3950 6330
217 272 301 329 5ῗὸ

1602 266 1980 331 Εριετοιᾱι.

3357 284 3460 339 δτι

215 391 383 448 Fateor
396 386 577 461 quippe
596 385 707 459 tibi,
732 401 827 443 eos
848 402 981 463 quos
999 388 1131 453 mihi
1151 388 1260 458 jam
1277 388 1486 459 pridem
1503 388 1765 451 Lactantii
1794 393 1839 465 Α
1875 406 2068 460 agnus,
2103 393 2224 464 quia
2250 409 2476 469 passus;
2508 394 2645 468 lapis
2670 398 2962 467 sagulatis,
2996 400 3120 471 quia
3150 402 3466 469 instructio;

211 480 406 538 dederas
430 478 603 546 libros,
625 477 746 535 ideo
770 496 873 541 non
900 481 1284 554 libenterlego,
1310 481 1433 553 quia
1450 491 1505 539 et
1521 481 1763 555 plurimm

211 572 419 643 epistolae
440 569 588 640 hujus
615 586 782 640 usque
799 572 864 628 ad
889 573 1038 628 mille
1059 574 1230 644 spatia
1250 589 1504 635 versuum
1534 576 1765 630 tendun-

212 675 300 733 tur,
324 672 373 720 et
400 680 512 719 raro
536 664 603 719 de
631 674 814 721 nostro
844 665 1094 741 dogmate
1121 666 1427 738 disputant:
1460 682 1565 739 quo
1597 666 1674 733 fit,
1706 672 1767 721 ut

210 769 251 817 et
279 760 452 831 legenti
476 758 741 816 fastidium
763 771 985 832 generet
1016 760 1331 833 longitudo;
1362 773 1415 816 et
1448 761 1491 815 si
1515 777 1614 833 qua
1644 760 1767 818 bre-

212 854 276 905 via
304 861 436 918 sunt,
459 851 788 908 scholasticis
813 855 982 923 magis
1004 855 1114 908 sint
1135 864 1279 924 apta,
1304 870 1463 925 quam
1490 853 1665 924 nobis,
1698 854 1765 911 de

209 946 386 1011 metris,
409 956 455 1001 et
479 945 751 1017 regionum
778 948 883 1001 situ
905 958 959 1002 et
984 948 1320 1019 philosophis
1343 949 1689 1017 disputantia.

267 1040 303 1094 Ι.
341 1039 467 1105 Quid
520 1039 621 1094 sibi
667 1040 777 1095 vult
820 1041 963 1106 quod
1008 1043 1058 1096 in
1106 1041 1305 1098 Genesi
1352 1044 1611 1113 scriptum
1649 1053 1761 1097 est:

213 1132 364 1187 Omnis
384 1134 465 1201 qui
494 1132 732 1186 occiderit
757 1131 909 1199 Cain,
941 1143 1131 1203 septem
1160 1133 1408 1188 vindictas
1434 1134 1695 1189 exsolvet?

262 1226 316 1281 ll.
355 1225 408 1281 Si
434 1227 607 1280 omnia
637 1226 778 1283 Deus
811 1229 936 1283 fecit
966 1229 1102 1283 bona
1139 1229 1295 1283 valde
1319 1272 1333 1296 ,
1366 1244 1533 1301 quare
1564 1228 1674 1283 Noe
1697 1228 1765 1283 de

207 1320 388 1376 mundis
413 1330 464 1375 et
492 1321 780 1376 immundis
811 1322 1135 1378 animalibus
1174 1324 1461 1393 prtrcepit,
1496 1337 1622 1377 cum
1655 1323 1760 1375 im-

206 1414 429 1469 mundum
458 1414 586 1468 nihil
619 1416 815 1471 bonum
839 1431 962 1472 esse
992 1419 1162 1487 possit
1184 1416 1207 1471 ?
1228 1428 1281 1473 et
1313 1416 1365 1472 in
1395 1416 1545 1472 Novo
1570 1416 1761 1472 Testa-

205 1514 393 1569 mento,
442 1513 559 1575 post
606 1507 906 1573 visionem,
958 1524 1078 1577 qutc
1122 1510 1282 1565 Petro
1324 1509 1496 1565 fuerat
1542 1520 1761 1569 ostensa

201 1595 401 1650 dicenti:
451 1597 593 1651 Absit
640 1597 859 1655 Domine
901 1618 932 1655 α
962 1618 1080 1667 me,
1123 1602 1366 1673 quoniam
1409 1618 1676 1656 commune
1713 1611 1763 1657 et

200 1690 482 1745 immundum
526 1709 809 1764 numquam
854 1696 1083 1752 introivit
1121 1698 1176 1750 in
1216 1714 1271 1751 os
1308 1713 1495 1760 meum.
1545 1712 1644 1753 vox
1688 1697 1755 1754 de

1869 486 2143 557 magister,
2179 488 2303 557 quia
2333 498 2585 549 catensor
2608 490 2762 557 vitae;
2803 489 2905 558 sol,
2938 493 3062 564 quia
3100 494 3465 565 illuminator;

1872 593 2058 645 verus,
2094 580 2215 649 quia
2246 595 2272 633 a
2309 578 2506 647 Patre;
2540 582 2675 652 vita,
2710 583 2832 651 quia
2870 594 3114 654 creator;
3142 587 3313 667 panis,
3344 590 3467 658 quia

1870 685 2030 735 caro;
2065 670 2466 739 Samaritanus,
2494 675 2618 743 quia
2651 684 2834 735 custos
2864 684 2918 737 et
2949 676 3289 747 misericors;
3315 679 3473 739 Chri-
3540 700 3541 703 η

1871 775 2020 831 stus,
2053 766 2179 836 quia
2204 776 2427 834 auctus;
2458 766 2643 833 Jesus,
2675 770 2796 836 quia
2828 771 3099 839 salvator;
3135 772 3304 843 Deus,
3341 775 3465 849 quia

1869 872 1932 912 ex
1964 858 2102 925 Deo;
2127 858 2371 929 angelus,
2400 861 2522 932 quia
2559 864 2810 929 nuntius;
2841 878 3096 934 Sponws,
3121 864 3242 937 quia
3269 867 3471 927 mediae

1872 961 1989 1017 tor;
2018 952 2170 1017 vitis,
2207 951 2326 1021 quia
2359 954 2620 1021 sanguine
2649 955 2767 1022 ejus
2796 956 3061 1018 redempti
3089 972 3306 1023 sumus;
3349 959 3431 1013 leo
3451 999 3465 1023 ,

1869 1043 1992 1111 quia
2028 1058 2152 1107 rex;
2189 1044 2502 1113 petra,quia
2533 1043 2966 1111 ﬁrmamentum;
2998 1046 3099 1103 ﬂos
3119 1090 3132 1114 ,
3171 1051 3299 1119 quia
3325 1050 3469 1105 elec—

1870 1142 1985 1200 tus;
2033 1135 2336 1207 propheta,
2385 1138 2508 1205 quia
2555 1138 2732 1193 futura
2781 1140 3001 1199 revelat.
3038 1141 3270 1211 Spiritus
3322 1142 3467 1197 enim

1869 1238 2085 1284 sanctus
2109 1246 2216 1284 non
2242 1240 2323 1284 est
2347 1230 2519 1285 Patris
2550 1233 2945 1300 tantumtnmlo,
2974 1243 3065 1287 aut
3087 1233 3208 1291 Filii
3237 1244 3469 1289 tantum.

1870 1325 2033 1379 modo
2062 1324 2330 1393 Spiritus;
2363 1326 2456 1379 sed
2481 1325 2658 1380 Patris
2684 1336 2733 1379 et
2761 1325 2881 1380 Filii
2908 1327 3172 1397 Spiritus:
3203 1329 3464 1397 scriptum

1864 1427 1951 1473 est
1975 1420 2118 1472 enim
2146 1436 2157 1471 :
2194 1419 2255 1472 Si
2294 1419 2407 1489 quis
2430 1418 2670 1472 dilexerit
2698 1420 2949 1472 mundum
2971 1460 2986 1486 ,
3020 1436 3120 1474 non
3147 1431 3222 1475 est
3256 1421 3489 1491 spiritus,

1868 1508 2043 1567 Patris
2073 1510 2123 1563 in
2155 1508 2266 1563 ilio.
2303 1510 2434 1564 ltem
2477 1509 2882 1591 Scriptumfst:
2912 1509 2998 1580 qui
3034 1520 3200 1564 autem
3232 1512 3467 1583 spiritum

1864 1603 2057 1656 Christi
2096 1619 2197 1656 non
2237 1601 2422 1667 habet,
2452 1601 2537 1659 hic
2573 1618 2677 1657 non
2702 1613 2776 1659 est
2808 1604 2936 1673 ejus.
2969 1602 3257 1657 Nominato
3288 1604 3470 1671 itaque

1862 1694 2021 1750 Patre
2060 1703 2112 1749 et
2143 1694 2300 1761 Filio,
2338 1692 2655 1765 intelligitur
2698 1694 2932 1762 Spiritus
2961 1692 3212 1749 sanctus:
3258 1693 3324 1749 de
3362 1710 3468 1765 quo

199 1784 313 1839 caelo
340 1784 707 1854 responderit:
743 1785 894 1853 Quod
926 1788 1066 1843 Deus
1088 1790 1374 1858 mandavit,
1404 1799 1457 1843 tu
1492 1807 1759 1846 commune
1789 1788 1835 1848 B
1868 1790 1979 1859 ipse
2010 1788 2176 1843 Filius
2200 1789 2249 1841 in
2277 1789 2569 1860 Evangelio
2590 1787 2756 1869 dicit:
2780 1789 2905 1861 quia
2937 1788 3171 1858 Spiritus
3197 1800 3403 1843 sanctus
3433 1807 3466 1845 a

198 1895 248 1933 ne
272 1879 483 1932 dixeris?

253 1970 328 2027 ΙΙΙ.
366 1971 467 2026 Cur
490 1973 635 2028 Deus
662 1973 898 2046 loquitur
938 1975 1005 2032 ad
1050 1975 1321 2032 Abraham
1348 2019 1363 2044 ,
1397 1977 1539 2047 quod
1568 1989 1758 2048 quarta

198 2067 415 2136 progenie
447 2067 534 2121 lilii
562 2068 731 2123 lsracl
767 2078 951 2125 essent
984 2070 1051 2126 de
1081 2069 1316 2143 Egypto
1361 2073 1665 2139 reversuri,
1705 2083 1760 2129 et

199 2172 351 2231 postea
370 2161 573 2234 Moyses
597 2164 819 2219 scribit:
848 2165 1040 2232 Quinta
1068 2175 1238 2219 autem
1256 2166 1497 2237 progenie
1522 2167 1759 2222 exierunt

196 2255 273 2322 ﬁlii
306 2252 457 2309 Israel
486 2255 548 2309 de
588 2266 729 2310 terra
757 2255 1027 2331 ﬁgypti?
1055 2259 1197 2329 quod
1242 2260 1425 2330 utique
1455 2260 1556 2315 nisi
1588 2276 1758 2332 expo-

198 2358 346 2413 natur,
377 2348 585 2403 videtur
617 2364 741 2405 esse
764 2353 1118 2407 contrarium.

253 2439 330 2493 IV.
366 2441 470 2495 Cur
508 2439 787 2497 Abraham
832 2443 956 2499 tidei
994 2458 1105 2498 suae
1137 2443 1345 2515 signum
1386 2442 1439 2499 in
1479 2443 1763 2500 circumci~

198 2532 323 2586 sione
343 2536 619 2604 suscepit?

256 2625 421 2681 \'.Cur
451 2626 627 2695 Isaac,
654 2630 738 2685 vir
762 2629 941 2701 justus
969 2639 1023 2685 et
1055 2631 1163 2687 Deo
1189 2631 1408 2697 charus,
1434 2646 1540 2686 non
1576 2631 1651 2686 illi
1675 2632 1760 2687 cui

198 2720 356 2785 voluit,
385 2723 474 2777 sed
503 2723 591 2778 cui
615 2724 785 2778 noluit
808 2723 1070 2795 deceptus
1093 2740 1278 2779 errore
1307 2722 1618 2779 benedixit?

494 2860 583 2921 DE
627 2860 1164 2919 EXPLANATIONE
1205 2861 1408 2919 FIDEI.
1449 2871 1474 2901 ἰ

332 2975 411 3031 Ex
434 2977 659 3033 concilio
686 2977 827 3033 urbis
858 2977 1037 3033 Roma:
1062 2978 1157 3032 sub
1194 2978 1417 3032 Damaso
1440 2994 1600 3050 papa.

257 3087 445 3144 Dictum
479 3099 601 3146 est:
646 3090 805 3146 Prius
833 3082 1099 3161 agendum
1140 3102 1219 3146 est
1248 3092 1331 3158 .de
1355 3092 1559 3161 Spiritu
1593 3094 1761 3164 septi-

1862 1880 2022 1935 Patre
2079 1882 2343 1952 procedit;
2393 1889 2449 1936 et
2508 1880 2571 1934 de
2632 1882 2743 1936 ineo
2787 1882 2999 1951 accipiet
3044 1891 3090 1936 et
3138 1881 3467 1935 annuntiabit

1860 1978 2001 2030 vobis
2020 1974 2072 2031 ι).

2150 2109 2236 2167 Ea:
2262 2109 2492 2167 Baronio
2519 2111 2588 2167 ad
2613 2128 2738 2171 anu.
2769 2110 2899 2177 582,
2929 2128 3071 2167 num.
3097 2112 3186 2169 i9.

1935 2245 2065 2300 Post
2104 2245 2201 2301 has
2243 2260 2433 2300 omnes
2477 2244 2858 2315 propheticus,
2898 2253 2952 2300 et
2988 2245 3364 2317 evangelicas,
3412 2256 3469 2303 et

1863 2341 2211 2411 apostolicas,
2240 2354 2373 2411 quas
2400 2342 2650 2410 superius
2674 2339 3111 2410 deprompsimtts
3136 2336 3466 2411 Scripturas,

1863 2435 2057 2502 quibus
2102 2432 2342 2488 Ecclesia
2383 2431 2651 2487 catholica
2701 2448 2797 2503 per
2835 2433 3063 2504 gratiam
3108 2431 3203 2487 Dei
3249 2431 3467 2487 fundata

1866 2536 1970 2593 est,
1998 2528 2164 2581 etiam
2196 2525 2556 2579 intimandum
2583 2525 2909 2595 putavimus,
2935 2523 3079 2595 quod
3110 2524 3352 2594 quamvis
3374 2540 3470 2594 per

1865 2621 2052 2676 orbem
2078 2621 2363 2676 catholicae
2390 2620 2597 2675 diffusae
2625 2620 2881 2675 Ecclesia:
2906 2661 2920 2685 ,
2951 2619 3103 2690 quasi
3134 2635 3270 2674 unus
3300 2619 3470 2674 thala-

1867 2730 1986 2769 mus
2013 2715 2210 2769 Christi
2239 2714 2338 2779 sit,
2369 2724 2554 2768 sancta
2580 2720 2757 2767 tamen
2784 2713 3024 2767 Romana
3051 2712 3299 2768 Ecclesia
3334 2726 3469 2767 non-

1868 2807 2026 2861 nullis
2063 2817 2084 2845 ο
2115 2807 2386 2878 synodicis
2414 2805 2724 2861 constitutis
2750 2847 2764 2873 ,
2794 2809 3006 2861 cat-teris
3039 2805 3299 2861 Eccleslis
3325 2820 3467 2875 prte-

1870 2902 1974 2956 lata
2018 2912 2133 2956 est:
2178 2900 2271 2956 sed
2317 2910 2369 2955 et
2412 2899 2721 2971 evangelica
2755 2914 2887 2955 voce
2927 2899 3141 2955 Domini
3173 2898 3472 2954 Salvatoris

1836 2978 2040 3051 'nostri
2072 2998 2359 3066 primatum
2392 2994 2624 3049 obtinuit
2663 2991 2724 3046 ἀι
2772 2991 2848 3046 Tu
2890 3010 2941 3047 es
2988 2991 3201 3057 Petrus,
3233 3000 3281 3047 et
3318 3006 3472 3063 super

1870 3093 2002 3144 hanc
2035 3099 2230 3153 petram
2260 3086 2529 3155 aediﬁcabo
2563 3085 2846 3140 Ecclesiam
2882 3101 3048 3139 meam
3073 3128 3085 3149 ,
3116 3094 3167 3139 et
3203 3094 3363 3155 porta:
3390 3085 3478 3138 in-

201 3176 352 3245 formi,
385 3182 467 3251 qui
499 3183 548 3234 in
576 3182 800 3237 tlltristo
830 3183 1141 3252 requiescit.
1177 3183 1413 3252 Spiritus
1442 3184 1724 3253 sapientiae
1749 3203 1761 3237 :
1793 3178 1835 3238 C
1872 3185 1967 3256 feri
1998 3200 2097 3236 non
2124 3182 2471 3254 prtevalebunt
2499 3180 2743 3233 adversus
2770 3196 2879 3232 eam
2905 3194 2925 3243 ;
2952 3186 2999 3231 et
3028 3177 3119 3231 tibi
3147 3177 3279 3230 dabo
3301 3177 3471 3230 claves

200 3271 403 3330 Christus
443 3276 537 3331 Dei
576 3278 743 3332 virtus
774 3289 821 3332 et
862 3278 957 3333 Dei
992 3280 1262 3349 sapientia.
1299 3279 1533 3349 Spiritus
1558 3281 1769 3337 intelle-

198 3373 324 3419 ctus:
355 3367 681 3425 Intellectum
711 3370 843 3424 dabo
866 3371 979 3437 tibi,
1013 3381 1058 3425 et
1087 3372 1342 3425 instruant
1378 3382 1427 3425 te
1452 3374 1507 3426 in
1532 3373 1631 3436 via,
1666 3390 1767 3441 qua

198 3457 484 3529 ingredieris.
519 3463 760 3535 Spiritus
787 3463 1031 3520 consilii:
1065 3476 1113 3520 et
1153 3466 1415 3521 vocabitur
1446 3482 1630 3521 nomen
1658 3471 1771 3540 ejus

199 3557 345 3627 magni
364 3559 560 3613 consilii
591 3558 832 3629 angelus.
872 3559 1104 3629 Spiritus
1132 3560 1347 3615 virtutis
1367 3602 1381 3625 ,
1416 3568 1476 3615 ut
1497 3576 1656 3630 supra
1682 3561 1768 3615 di~

199 3661 317 3705 ctum
345 3666 421 3709 est
444 3672 456 3706 :
486 3653 728 3709 Christus
756 3654 852 3709 Dei
871 3656 1030 3709 uirtus
1051 3665 1097 3708 et
1114 3652 1212 3708 Dei
1240 3657 1512 3725 sapientia.
1534 3653 1770 3724 Spiritus

200 3746 405 3801 scientim
426 3788 442 3815 ,
478 3755 705 3819 propter
736 3746 1085 3802 eminentiam
1114 3747 1362 3802 scientiae
1392 3747 1521 3803 .lesu
1544 3747 1767 3814 Christi,

201 3851 247 3895 ut
270 3842 337 3896 ait
368 3843 682 3913 Apostolus.
724 3839 957 3912 Spiritus
1001 3841 1273 3899 veritatis:
1309 3840 1421 3913 Ego
1444 3843 1575 3907 vita,
1607 3852 1654 3895 et
1690 3857 1773 3896 ve-

199 3933 321 3987 ritas.
356 3934 588 4005 Spiritus
616 3934 859 3989 timoris:
912 3932 1127 3987 Initium
1171 3933 1441 4003 sapientia:
1479 3934 1635 3988 timor
1664 3930 1773 3987 Do-

203 4041 325 4078 num.
500 4082 505 4085 _

260 4117 585 4179 Multilormis
604 4127 787 4175 autem
806 4117 1085 4181 nominum
1105 4118 1303 4175 Christi
1319 4118 1651 4190 dispensatio
1667 4126 1771 4173 est.

206 4208 451 4280 Dominus,
490 4214 620 4284 quia
658 4211 944 4277 Christus;
990 4211 1248 4273 Verbum,
1280 4211 1403 4281 quia
1444 4210 1537 4267 Dei
1575 4209 1770 4279 Filius,

202 4304 303 4372 quia
332 4307 640 4376 unigenitus
668 4321 731 4360 ex
760 4305 950 4370 Patre;
982 4311 1175 4370 homo,
1206 4302 1329 4374 quia
1361 4312 1519 4358 natus
1549 4319 1614 4358 ex
1649 4302 1773 4357 Vir-

204 4397 332 4467 gine;
361 4402 645 4465 sacerdos,
670 4400 793 4471 quia
827 4414 884 4455 se
914 4399 1109 4454 obtulit
1147 4397 1555 4465 holocaustum;
1594 4406 1777 4467 pastor

205 4492 307 4559 quia
352 4504 562 4560 custos;
608 4494 841 4559 vermis,
878 4493 1003 4562 quia
1045 4489 1378 4554 resurrexit;
1415 4504 1605 4556 mons,
1646 4489 1770 4559 quia

1871 3276 2016 3346 regni
2038 3274 2281 3328 caelorum
2307 3291 2325 3339 ;
2354 3281 2400 3327 et
2425 3287 2751 3343 quaecumque
2789 3270 3028 3340 ligaveris
3066 3284 3223 3341 super
3247 3278 3468 3335 terram,

1872 3378 2018 3423 erant
2060 3368 2218 3433 ligata
2260 3376 2306 3419 et
2344 3366 2397 3419 in
2425 3364 2589 3419 caelo:
2625 3376 2672 3417 et
2707 3379 3039 3433 quotcumque
3075 3362 3286 3421 solveris
3316 3377 3474 3431 super

1873 3470 2083 3525 terram,
2116 3466 2263 3512 erant
2293 3458 2465 3510 soluta
2494 3466 2540 3509 et
2561 3457 2612 3509 in
2634 3456 2779 3509 caelo.
2810 3453 3002 3510 Addita
3039 3464 3063 3493 ο
3092 3452 3255 3509 etiam
3276 3462 3361 3509 est
3383 3468 3472 3525 so-

1872 3552 2040 3607 t'ietas
2067 3546 2365 3602 beatiSsinti
2392 3546 2545 3601 Pauli
2575 3545 2838 3619 apostoli,
2868 3545 3011 3601 vasis
3033 3545 3349 3612 electionis,
3378 3549 3470 3617 qui

1877 3660 1982 3701 non
2016 3643 2236 3699 diverso
2268 3639 2487 3709 ‘,sicuti
2513 3640 2754 3697 haeretici
2785 3639 3051 3712 garriunt.
3078 3639 3175 3697 sed
3204 3654 3314 3699 uno
3339 3649 3474 3706 tem-

1874 3755 2028 3811 pore,
2061 3754 2192 3803 uno,
2224 3737 2529 3807 eodemque
2554 3736 2665 3802 die,
2693 3736 2927 3805 gloriosa
2956 3748 3133 3790 morte
3159 3750 3280 3789 cum
3315 3736 3474 3790 Petro

1877 3837 1927 3890 in
1963 3834 2092 3889 urbe
2129 3833 2295 3888 Roma
2326 3833 2427 3887 sub
2454 3833 2669 3889 Caesare
2703 3830 2917 3885 Nerone
2952 3831 3280 3900 agonizans,
3317 3844 3475 3883 corn-

1877 3939 2033 3985 natus
2066 3936 2184 3983 est:
2222 3935 2278 3981 et
2319 3925 2519 3994 pariter
2546 3924 2915 3995 supradictam
2957 3922 3251 3979 Romanam
3285 3923 3475 3979 Eccle-

1875 4023 2009 4078 siam
2032 4019 2249 4075 Christo
2271 4018 2502 4073 Dutuino
2529 4025 2940 4080 consecrarunt,
2970 4016 3199 4086 aliisque
3224 4015 3477 4070 omnibus

1878 4126 1903 4163 Β
1962 4116 2213 4169 universo
2265 4110 2465 4165 mundo
2518 4124 2613 4164 sua
2677 4108 3000 4180 praesentia,
3062 4114 3117 4162 et
3168 4105 3477 4167 venerando

1876 4205 2152 4275 triumpho
2187 4202 2558 4275 praetulerunt.

1951 4298 2046 4353 Est
2095 4311 2225 4367 ergo
2276 4292 2303 4331 ιι
2352 4295 2521 4363 prima
2565 4292 2712 4346 Petri
2759 4290 2991 4362 ap0stoli
3038 4289 3195 4346 sedes
3233 4287 3478 4343 Romana

1880 4391 2144 4457 Ecclesia,
2170 4404 2276 4443 non
2309 4385 2516 4443 habens
2545 4384 2832 4453 maculant,
2864 4400 3038 4456 neque
3070 4398 3280 4454 rugam,
3305 4397 3481 4454 neque

1879 4485 2020 4540 aliud
2064 4480 2388 4554 huiusmodi.

209 4578 367 4652 tortis;
391 4585 494 4654 via,
520 4585 651 4658 quia
675 4593 855 4642 rectus
879 4600 973 4661 per
998 4585 1170 4656 ipsum
1200 4582 1475 4653 ingressus
1500 4581 1777 4653 invitam;
1810 4574 1861 4634 D
1958 4576 2206 4635 Secunda
2254 4583 2430 4631 autem
2475 4572 2634 4629 sedes
2677 4572 2819 4645 apud
2872 4569 3254 4639 Alexandriam
3283 4614 3296 4641 ,
3341 4568 3486 4627 beati

209 4782 253 4847 et
279 4775 382 4847 ipsa
415 4774 736 4847 Hieronymi
754 4774 805 4827 in
833 4772 1079 4847 epistolae
1104 4771 1379 4847 sequentis
1404 4770 1634 4847 exordio
1658 4785 1781 4847 ver—

213 4843 264 4928 ba
285 4839 963 4928 demonstr_an:t'(goustant.
992 4846 1171 4899 adnot.
1187 4839 1260 4896 ad
1281 4843 1484 4928 epistol.
1510 4841 1578 4898 16
1596 4854 1640 4895 et
1667 4839 1778 4913 Π).

212 4915 286 4971 Sic
319 4920 472 4975 etiam
516 4919 589 4975 cl.
622 4917 953 4984 Vallarsius,
1000 4931 1132 4973 mss.
1178 4915 1416 4973 omnium
1456 4928 1782 4970 consensum

214 4987 714 5132 ἒΨεεῖῃῖἶξῖἷὶί«ιριιειηιιει
746 5061 868 5115 cod.
900 5058 1039 5117 AN.
1066 5076 1190 5132 pas-
1215 5058 1356 5115 254³
1387 5057 1584 5132 ¹²²⁶ίι²ί⁸
1614 5058 1790 5132 ⁶⁰ν⁷²⁶ί“

350 5135 486 5188 urbis
516 5134 701 5189 Roma:
728 5132 820 5188 sub
848 5130 1078 5187 Damaso
1106 5149 1275 5204 papa,
1308 5131 1375 5187 de
1408 5131 1792 5200 explanatione

234 5219 244 5254 ι
281 5220 343 5258 et.

278 5272 461 5357 bPost
504 5275 621 5331 haec
666 5274 805 5330 idem
858 5273 1236 5330 Vallicellanus
1276 5274 1444 5329 codex
1484 5274 1561 5328 sic
1609 5287 1794 5343 prose-

219 5356 398 5412 quitur.

288 5439 404 5493 item
447 5440 648 5495 dictum
688 5449 802 5497 est:
865 5438 1020 5494 Nunc
1052 5457 1163 5496 rere
1197 5440 1259 5494 de
1290 5439 1574 5503 Scripturis
1615 5437 1801 5491 dirinis

228 5512 459 5584 agendum
484 5523 581 5574 est,
605 5511 729 5583 quid
758 5512 1060 5567 universalis
1086 5512 1339 5567 catholica
1374 5512 1593 5584 recipiat
1622 5509 1668 5563 Ε
1675 5510 1807 5565 cclc-

228 5582 315 5647 sia,
337 5592 380 5635 et
404 5584 526 5653 quid
550 5582 709 5637 vitare
741 5585 936 5639 debeat.

297 5672 477 5746 Incipit
506 5675 634 5731 ordo
662 5676 864 5732 Veteris
885 5676 1202 5731 Testamenti
1223 5693 1241 5731 :
1267 5676 1477 5733 Genesis
1500 5677 1808 5739 libertinus;

236 5740 543 5820 Exodi'liber
580 5766 707 5802 unus
728 5791 742 5815 ,
771 5757 875 5803 etc.
916 5748 1067 5803 Hunc
1098 5749 1218 5803 cod.
1252 5764 1383 5820 cum
1406 5748 1808 5820 Scripturarum

239 5817 438 5874 constit.
467 5832 588 5885 can.
618 5828 882 5887 memorat
912 5820 1107 5877 Baron.
1140 5819 1206 5875 ad
1239 5835 1325 5879 an.
1361 5819 1449 5879 69.

1968 4778 1989 4805 ο
2030 4762 2448 4830 Quosnellianus
2488 4761 2657 4821 codex
2699 4761 2751 4819 in
2783 4759 3103 4833 prmfatioue
3144 4757 3302 4819 uallis
3328 4775 3487 4833 syno-

1893 4840 2023 4893 dicis
2038 4838 2274 4898 decretis,
2298 4834 2388 4893 sed
2410 4834 2704 4903 evangelica
2725 4830 2844 4888 voce
2905 4833 3083 4887 rwlata
3104 4830 3352 4899 est.quod
3378 4844 3495 4885 ma-

1896 4912 1979 4959 ais
2010 4911 2221 4959 placet:
2247 4908 2322 4959 sic
2355 4907 2516 4959 etiam
2540 4905 2594 4959 in
2616 4906 2834 4959 decreto
2853 4850 3053 4959 gelasii
3077 4904 3144 4958 de
3170 4900 3495 4959 apocrvnhis

1896 4912 1979 4979 gis
2010 4911 2221 4991 placet;
2247 4908 2322 4962 sic
2355 4907 2516 4962 etiam
2540 4900 2594 4959 in
2616 4900 3053 4959 decretoGelasii
3077 4904 3144 4958 de
3170 4900 3496 4973 apocryphis

1896 4983 2310 5118 δοῗιδῖἶῖξπίειι.
2348 5050 2461 5102 lucc.
2486 5047 2631 5102 addit
2672 5064 2684 5100 :
2721 5047 2806 5102 ubi
2836 5047 2965 5101 dixit
2996 5047 3138 5101 beato
3170 5042 3344 5099 Petro.

1973 5135 1996 5161 θ
2036 5122 2311 5191 QneSuell.
2338 5120 2591 5175 adhibita.

1978 5220 1998 5257 τ
2043 5218 2169 5294 [huc
2197 5216 2397 5272 omittit
2426 5215 2840 5294 Quosnellianus
2873 5213 3067 5277 codex,
3092 5210 3383 5294 scribitque
3412 5210 3501 5294 qui

1904 5308 2005 5345 uno
2036 5292 2136 5349 die,
2169 5304 2365 5359 unoque
2400 5280 2623 5359 tempore
2649 5287 2874 5359 gloriosa
2902 5296 3082 5351 morte,
3115 5295 3220 5339 etc.
3252 5280 3507 5339 Gelasius

1906 5379 2036 5419 vero
2064 5377 2123 5416 ea
2152 5360 2341 5431 Itultel,
2377 5371 2425 5411 ttl
2452 5358 2570 5431 hic.

1984 5444 2008 5481 ει
2048 5424 2337 5501 ρυθεηειι.’
2357 5430 2539 5485 addit:
2569 5428 2810 5494 urbibus,
2842 5427 2981 5499 quod
3007 5424 3228 5483 minimc
3259 5438 3507 5485 necessa-

1906 5507 2065 5567 riunt.

1990 5598 2017 5641 ιι
2056 5597 2468 5666 Quesnellianus
2491 5595 2691 5651 codex:
2728 5594 2909 5649 Prima
2939 5609 3057 5664 ergo
3083 5592 3236 5666 sedes
3270 5602 3347 5666 est
3371 5590 3515 5649 cale-

1918 5672 1981 5724 sli
2024 5663 2265 5740 beneﬁcio
2309 5668 2548 5740 Romana
2590 5666 2840 5740 Ecclesia,
2886 5663 3038 5735 quam
3074 5663 3349 5740 beatissimi
3388 5678 3516 5735 apo-

1920 5744 2037 5797 stoli
2082 5736 2269 5796 Petrus
2323 5753 2482 5810 atque
2510 5737 2709 5791 Paulus
2748 5753 2841 5791 suo
2890 5737 3135 5807 martyrio
3191 5736 3519 5792 dedicarunt.

1921 5814 2170 5871 Gelasius
2192 5828 2352 5879 vero,
2384 5809 2442 5866 ut
2471 5809 2575 5864 hic.
