3950 6330
462 255 571 312 575

1719 248 1968 308 SANCTI
2008 250 2050 306 D

2175 248 2266 310 iSl
2304 249 2510 308 ΡΑΡΑΞ
3603 260 3689 317 5⁸16

462 373 608 430 Petri
649 370 869 428 nomine
911 384 941 425 a
979 369 1158 427 Marco
1195 369 1314 442 ejus
1341 368 1608 442 discipulo
1642 379 1806 442 alque
1832 385 2065 443 evange-
2091 383 2143 446 Α
2168 371 2312 443 quod
2343 371 2489 428 illam
2518 372 2788 445 primitus,
2817 387 2976 446 quam
3001 373 3230 430 Romam
3252 376 3490 448 venisset,
3517 377 3690 441 habita.

460 466 588 523 lista
617 472 930 522 consecrata
960 473 1043 520 est
1067 472 1126 516 tl:
1158 463 1383 536 ipseque
1418 463 1472 519 in
1504 462 1797 537 Egyptum
1825 463 2063 521 directus

463 575 496 614 a
535 559 695 616 Petro
735 558 1018 630 apostolo,
1066 557 1292 613 verbum
1331 559 1578 629 veritatis
1616 557 1962 630 praedicavit,
2009 569 2064 615 et

461 655 758 727 gloriosum
781 653 1185 710 consummavit
1207 654 1548 726 martyrium.

539 750 721 806 Tertia
749 760 928 805 autem
959 749 1118 805 sedes
1143 756 1228 804 est
1254 747 1395 818 apud
1428 747 1773 802 Antiochiam
1801 745 1829 786 δ
1859 746 2061 803 beatis-

462 844 589 902 simi
619 845 702 901 sui
725 844 956 916 apostoli
981 843 1165 913 Petri,
1190 858 1311 916 qua:
1335 842 1566 899 habetur
1593 842 1964 910 honorabilis,
1996 857 2063 899 eo

535 1001 561 1027 ιι
599 988 880 1058 Quesnell.
914 987 1093 1056 :Quia
1127 989 1239 1060 ipse
1274 987 1330 1041 in
1358 985 1596 1060 Egypto
1635 986 1834 1057 primus
1857 984 2064 1040 verbum

464 1063 696 1116 veritatis
719 1078 751 1116 a
786 1060 940 1114 Petro
969 1060 1193 1114 directus
1217 1059 1532 1121 medicauit.

533 1133 561 1171 ι)
599 1134 955 1204 Quesnellus:
981 1131 1112 1188 Item
1135 1131 1270 1186 beati
1299 1129 1446 1186 Petri
1474 1129 1788 1186 habitatione
1807 1129 2066 1186 venerabi-

478 1240 3597 1266 Mm

2168 467 2344 532 verit,
2373 477 2429 522 et
2456 465 2564 522 illic
2587 467 2817 539 primum
2842 482 3040 523 nomen
3065 465 3477 529 Christianorum
3501 475 3688 534 novella:

2164 562 2343 633 gentis
2365 561 2671 618 exorditum
2694 571 2778 617 est
2809 572 2856 616 ο.

2238 654 2354 711 Huc
2403 671 2571 728 usque
2607 657 2768 712 etiam
2808 654 3092 714 Gelasius:
3137 655 3527 724 Quesnellianus
3560 661 3695 721 codex

2165 751 2386 823 aliquod
2414 753 2578 810 habet
2599 761 2858 825 praeterea
2881 752 2950 809 de
2984 751 3460 825 Hicrosolymitana
3485 764 3534 812 et
3551 757 3696 831 Ephe-

2166 846 2284 903 sina
2317 846 2468 902 sede.

2174 986 2257 1041 lis.
2291 986 2540 1044 Gelasius
2571 1000 2700 1042 vero
2735 1004 2747 1040 :
2779 985 2920 1041 Petri
2953 953 3158 1040 nomine
3186 985 3391 1040 habetur
3418 986 3700 1047 honorabilis.

2249 1070 2270 1097 ο
2313 1063 2352 1116 Α
2362 1059 2468 1131 pud
2496 1058 2849 1128 Quesnellum
2873 1057 3071 1115 rectius
3095 1068 3346 1113 exortum.

1718 1327 2473 1422 CARMINA'.

950 1560 1232 1619 CARMEN
1271 1557 1558 1618 PRIMUM.

961 1680 976 1708 ¹
1001 1675 1069 1731 1η
1094 1675 1296 1732 laudent
1326 1673 1562 1731 Dauidis.

538 1795 691 1852 Nunc
719 1793 936 1850 Damasi
963 1792 1186 1848 monitis
1213 1805 1376 1846 aures
1404 1789 1642 1862 prmbete
1671 1789 1955 1862 benignas,

468 1889 740 1947 Sordibus
765 1886 1032 1958 depositis
1066 1893 1299 1957 purgant
1326 1883 1625 1954 penetralia
1647 1881 1852 1952 cordis,

465 1983 631 2041 Curia
654 1998 778 2038 cum
812 1990 1078 2038 renovant
1099 1979 1318 2034 Christo
1344 1979 1552 2034 servire
1574 1977 1768 2050 parati.

471 2077 799 2149 Prophetam
829 2085 854 2113 ⁸
873 2074 1078 2132 Christi
1108 2084 1356 2130 sanctum
1385 2087 1722 2145 cognoscere
1744 2072 1915 2130 debes
1948 2091 1962 2129 :

469 2176 751 2232 Pastorem
785 2187 1012 2244 puerum
1041 2168 1227 2226 multis
1254 2186 1284 2225 e
1310 2167 1565 2225 fratribus
1593 2185 1782 2234 unum,

470 2269 709 2339 Angelus
739 2283 803 2323 ex
835 2266 1028 2322 ovibus
1049 2264 1253 2337 rapuit,
1284 2278 1576 2336 regemque
1603 2263 1824 2330 dicavit,

468 2363 681 2434 Organa
713 2363 802 2434 qui
835 2364 1004 2418 sciret
1025 2360 1276 2416 manibus
1298 2374 1630 2431 componere
1655 2360 1825 2425 solus,

468 2455 754 2511 1'l‘5allere
781 2471 876 2526 per
905 2455 1169 2510 citharam
1198 2452 1401 2524 populo
1431 2451 1672 2508 cwlestia
1703 2467 1890 2524 regna.

468 2549 771 2620 Ingentem,
806 2548 1109 2621 clypeoque
1136 2547 1310 2618 gravi,
1341 2545 1648 2617 frustraque
1677 2545 1996 2616 minantem,

476 2653 498 2680 (τ
521 2642 774 2713 lmpium,
811 2641 1157 2707 maledicum,
1191 2639 1443 2711 phaleras
1469 2653 1532 2694 ac
1565 2638 1665 2694 tela
1698 2646 2000 2710 gerentem,

471 2735 774 2797 Surdorum
801 2736 1023 2793 demens
1051 2736 1257 2793 coleret
1284 2734 1375 2805 qui
1406 2735 1607 2806 templa
1639 2733 1890 2801 deorum,

472 2830 730 2904 Mactavit
755 2847 888 2887 saxo
911 2832 1090 2895 tereti,
1119 2840 1478 2900 truncumque
1505 2827 1743 2899 reliquit,

471 2923 796 2997 Iudicioque
826 2925 922 2981 Dei
947 2925 1148 2997 ingenti
1182 2941 1304 2980 mox
1331 2924 1481 2980 caede
1513 2932 1755 2995 peracta,

471 3017 794 3075 Monstravit
816 3019 1050 3092 populis,
1085 3019 1285 3075 tulerat
1309 3034 1428 3090 quae
1452 3031 1520 3073 ex
1542 3016 1700 3072 hoste
1724 3016 1997 3086 tmphtea:

2092 1670 2140 1730 B

2781 1553 3064 1613 CARMEN
3103 1553 3165 1609 Il.

2794 1671 2873 1729 De
2901 1671 3120 1729 Christo.

2246 1793 2460 1850 Christe
2492 1801 2687 1864 potens
2716 1807 2920 1857 rerum,
2952 1790 3238 1847 redeuntis
3269 1789 3507 1846 conditor
3530 1787 3638 1852 :evi,

2178 1887 2291 1943 Vox
2323 1886 2520 1943 summi
2547 1900 2851 1957 sensusque
2879 1885 2996 1951 Dei,
3025 1900 3185 1956 quem
3212 1883 3388 1940 fundit
3425 1881 3490 1937 ab
3515 1879 3611 1936 alta

2174 1983 2351 2040 Mente
2379 1982 2556 2050 Pater,
2589 1980 2832 2052 tantique
2862 1979 3011 2036 dedit
3037 1978 3316 2035 consortia
3352 1977 3519 2049 regni,

2175 2075 2343 2147 Impia
2373 2088 2426 2131 ιιι
2460 2086 2659 2132 nostra:
2686 2075 2944 2130 domuisti
2976 2074 3203 2130 crimina
3239 2073 3386 2142 vitm,

2176 2174 2377 2231 Passus
2402 2188 2668 2245 corporea
2699 2172 2955 2228 mundum
2980 2172 3180 2228 vestire
3211 2172 3406 2242 ﬁgura,

2177 2267 2452 2338 All'arique
2484 2267 2655 2338 palam
2685 2266 2934 2337 populos.
2969 2264 3358 2336 hominemque
3388 2261 3558 2318 fateri.

2176 2360 2349 2430 Quem
2379 2359 2562 2416 Verbo
2593 2359 2860 2415 inclusum
2892 2358 3075 2414 Mariae
3107 2373 3233 2412 mox
3268 2358 3485 2412 numine
3511 2352 3620 2408 viso

2177 2455 2418 2526 Virginei
2450 2464 2698 2510 tumuere
2725 2453 2895 2519 sinus,
2930 2454 3267 2524 innuptaque
3291 2451 3460 2508 Mater

2177 2550 2395 2606 Arcano
2421 2547 2701 2618 obstupuit
2724 2547 2985 2617 compleri
3015 2548 3224 2602 viscera
3261 2553 3441 2618 partu,

2179 2649 2469 2700 Auctorem
2499 2643 2732 2714 paritura
2762 2658 2942 2709 suum,
2973 2642 3220 2697 mortalia
3259 2640 3424 2697 corda

2180 2738 2456 2796 Artificem
2491 2745 2681 2793 texere
2712 2737 2824 2808 poli
2851 2737 3165 2808 mundique,
3196 2736 3304 2791 sub
3333 2735 3440 2789 imo

2181 2837 2432 2902 Pectore,
2462 2849 2569 2905 quo
2591 2841 2764 2890 totum
2799 2833 2903 2888 late
2934 2833 3323 2903 complectitur
3344 2829 3560 2886 Orbem.

2181 2928 2249 2984 Et
2269 2929 2358 3000 qui
2391 2943 2496 2983 non
2522 2929 2711 2998 Spatiis
2749 2937 2929 2993 terrae,
2961 2941 3068 2982 non
3099 2925 3344 2997 aequoris
3371 2923 3546 2988 undis,

2177 3022 2289 3080 Nec
2317 3024 2528 3094 capitur
2566 3021 2728 3089 ctelo,
2760 3036 2956 3092 parvos
2975 3022 2994 3052 ²
3017 3019 3284 3076 conﬂuxit
3313 3021 3368 3076 in
3394 3028 3560 3085 artus,

467 3113 604 3171 Nam
651 3112 958 3172 Damasusd
992 3116 1123 3180 scit,
1150 3114 1372 3182 Sancte,
1394 3123 1515 3170 tuos
1545 3113 1709 3179 Deus,
1737 3112 1851 3184 ipse
1879 3112 2071 3168 trinm-
2102 3083 2148 3149 C
2178 3115 2318 3185 Quin
2347 3083 2403 3172 ei
2435 3115 2686 3187 supplicii
2713 3083 2912 3170 nomen
2942 3129 3223 3185 nexusque
3253 3112 3454 3169 subisti
3479 3131 3493 3167 :

1885 3205 2067 3279 [phos.

545 3325 560 3356 ¹
593 3324 856 3380 Baronius
880 3324 996 3381 haec
1045 3324 1303 3394 praefatur
1344 3332 1471 3381 ante
1509 3323 1610 3379 hos
1636 3337 1870 3394 versus:
1907 3323 2066 3377 Acce-

467 3398 568 3470 ptis
612 3398 691 3470 Itis
737 3398 800 3470 ξ.
855 3393 1160 3470 Hieronymi
1188 3397 1625 3452 lucubrationibus
1655 3395 1708 3449 in
1755 3393 2068 3470 Psalterium

467 3464 704 3532 Davidis,
749 3468 1012 3523 Damasus
1051 3464 1256 3523 laudern
1305 3470 1435 3524 tanti
1463 3471 1596 3540 regis
1618 3479 1768 3540 atque
1806 3464 2068 3540 propheta:

468 3540 550 3614 his
589 3541 774 3614 cecinit
801 3542 1060 3614 uersibus,
1087 3558 1215 3614 quos
1243 3537 1534 3614 reperimus
1565 3540 1617 3614 in
1630 3538 1948 3614 bibliotheca
1977 3537 2068 3614 ba-_

463 3611 628 3665 silicae
671 3611 852 3666 Sancti
903 3612 1067 3675 Petri,
1100 3609 1294 3667 'codice
1341 3613 1364 3666 1
1416 3613 1580 3664 sancti
1621 3609 1948 3680 Hieronymi.
1978 3611 2066 3680 qni

467 3684 702 3736 concinet
740 3686 1110 3752 expositionem
1160 3686 1272 3751 ejus
1299 3685 1351 3737 in
1387 3681 1658 3746 Psalmos,
1694 3679 1839 3735 habet
1861 3679 2066 3752 eosdem

465 3754 626 3808 eodem
677 3752 943 3810 Vaticana:
979 3755 1321 3820 bibliothecw,
1353 3755 1469 3808 licet
1496 3754 1762 3824 utrobique
1786 3751 2069 3824 admodum

466 3824 733 3899 deprauati
775 3828 1029 3899 legantur.
1074 3829 1197 3883 llmc
1240 3828 1348 3882 ille.
1381 3826 1512 3892 Qum
1554 3823 1734 3899 autem
1767 3823 1835 3899 d_e
1869 3824 2068 3899 l)avid_e

466 3896 614 3952 canit
645 3894 938 3963 Damasus,
987 3899 1251 3953 habentur
1289 3899 1340 3951 in
1369 3899 1540 3951 sacris
1563 3897 1755 3951 litteris
1785 3894 1988 3964 Regum
2022 3895 2064 3959 Ι,

465 3966 612 4041 l_deu_t
664 3970 927 4025 Baronius
962 3989 976 4025 :
1027 3969 1330 4041 Hieronymi
1353 3984 1547 4032 versus,
1574 3984 1712 4041 quos
1739 3983 1971 4041 recnens
1997 3967 2067 4041 att

468 4037 532 4122 β.
576 4039 861 4122 Damasum
897 4042 1064 4112 misit,
1093 4037 1276 4097 habent
1303 4041 1459 4097 iidem
1484 4039 1640 4094 codd.
1675 4055 1789 4094 cum
1809 4037 2066 4110 ejusmodi

460 4113 814 4185 inscriptione.

721 4223 924 4264 VERSUS
949 4222 1111 4264 DOINI
1140 4222 1430 4264 IIERONYII
1459 4220 1800 4262 PBESBYTBRI.

557 4297 780 4363 Esailere
801 4302 884 4363 qui
908 4299 1075 4351 docuit
1097 4300 1227 4351 dulci
1253 4301 1800 4363 modulaminesanctos

557 4359 775 4428 ifoverat
799 4359 917 4428 i'ste,
935 4365 1111 4428 decem
1135 4363 1262 4428 legis
1283 4365 1369 4426 qui
1396 4363 1545 4428 verba
1565 4361 1808 4428 dedisset,

561 4423 690 4488 Quot
708 4426 878 4488 digitis
896 4423 1083 4476 cithara
1103 4423 1316 4486 chordis,
1342 4426 1647 4488 totidemque
1666 4423 1846 4474 dicavit

554 4483 864 4550 Ijoutiua'vel
886 4490 1079 4550 signum
1105 4483 1361 4539 numerum
1385 4490 1514 4540 Crux
1541 4483 1642 4550 ipsa
1662 4490 1873 4550 notaret.

555 4505 761 4534 “Ollllua
786 4505 864 4536 VB!
886 4505 941 4537 SI'
966 4505 1079 4537 num
1105 4505 1361 4539 numerum
1385 4505 1514 4540 Crux
1541 4505 1642 4550 ψεει
1663 4505 1873 4535 ΙΙυιὶΙΓυι,

555 4545 776 4622 Credere
800 4551 915 4622 quid
930 4505 1128 4622 dubites
1143 4551 1168 4602 τ
1186 4553 1344 4622 virtus
1359 4553 1670 4622 regitgmnia
1695 4547 1902 4608 Christi,

556 4607 654 4674 Qui
673 4607 830 4674 varias
846 4613 1011 4674 junxit
1036 4627 1131 4662 uno
1151 4613 1244 4664 sub
1269 4607 1484 4663 carmine
1500 4613 1694 4674 linguas
1713 4626 1726 4673 ;

557 4669 622 4740 Et
640 4669 876 4738 pecudes,
901 4675 1224 4740 volucresque
1249 4676 1408 4726 Deum
1432 4669 1736 4740 cognoscere
1757 4674 1944 4735 possint
1971 4685 1982 4720 :

552 4731 650 4802 [iis
665 4747 816 4784 sonus
839 4731 916 4786 est
941 4737 1079 4800 fides,
1109 4731 1303 4802 trientes
1320 4741 1402 4802 qui
1425 4731 1611 4788 mu'lcet
1628 4731 1844 4802 amaras;

552 4797 634 4846 Sic
655 4805 884 4848 creatura
903 4802 1034 4863 prior
1053 4797 1188 4850 tanto
1203 4801 1268 4851 de
1291 4797 1497 4852 munere
1515 4799 1719 4863 gaudet,

517 4913 552 4990 ,ει
576 4905 713 4989 ῌὶηο
741 4908 989 4990 suspicor
1016 4911 1336 4990 sumendum
1359 4925 1484 4990 esse
1511 4909 1725 4990 initium
1749 4905 1908 4990 hujus
1929 4920 2048 4962 car-

456 4979 641 5041 minis.
672 4994 735 5034 ac
771 4982 975 5048 priores
1005 4992 1115 5036 tres
1142 4982 1440 5037 versiculos
1477 4996 1584 5037 nan
1617 4981 1722 5036 huc
1754 4980 2045 5048 pertinere,

453 5049 552 5122 sed
580 5053 757 5119 potius
785 5051 851 5106 ad
882 5067 998 5116 eos,
1022 5052 1114 5122 qui
1153 5054 1203 5108 in
1233 5053 1398 5108 variis
1420 5054 1543 5108 cod.
1574 5067 1705 5107 mss.
1741 5051 1992 5122 leguntur
2019 5065 2048 5101 a

457 5119 792 5194 Hieronymo
819 5123 886 5179 ad
919 5119 1204 5180 Damasum
1235 5140 1358 5182 cum
1387 5125 1499 5179 suis
1537 5125 1588 5178 in
1623 5119 1935 5193 psalterium
1969 5121 2052 5176 lu-

456 5193 868 5266 culirattotrtbtts
894 5213 907 5249 :
940 5211 1064 5250 nam
1094 5199 1268 5266 primo
1297 5198 1430 5250 citra
1477 5194 1696 5264 aliquod
1747 5196 2048 5266 incommo-

455 5263 585 5338 dum
615 5267 855 5332 separari
891 5281 922 5322 a
949 5263 1163 5323 caeteris
1196 5276 1442 5338 possunt,
1481 5263 1654 5338 quiin
1689 5266 1901 5338 laudem
1946 5265 2051 5318 Da-

453 5336 596 5411 vidis
622 5338 808 5411 scripti
832 5351 997 5406 sunt;
1023 5341 1151 5411 quin
1177 5336 1355 5411 potius
1387 5336 1530 5411 uitur
1555 5337 1818 5411 oratiouis
1849 5336 1899 5391 id
1928 5351 2052 5411 pos-

454 5408 633 5463 tulare
662 5410 875 5466 videtur
905 5408 1140 5466 :deinde
1167 5408 1220 5466 in
1252 5410 1372 5466 Vat.
1402 5409 1527 5465 cod.
1558 5408 1724 5476 4226,
1755 5417 1876 5477 post
1907 5409 2050 5477 prio-

453 5493 570 5532 rem
598 5481 748 5535 illum
775 5483 1097 5538 versiculum
1136 5527 1149 5540 .
1170 5481 1324 5536 Nunc
1350 5478 1566 5536 Damasi
1584 5481 1811 5543 monitis,
1832 5491 1965 5546 etc.,
1991 5478 2051 5534 hi

451 5558 756 5625 sequuntur
787 5569 892 5608 uno
922 5555 1103 5609 statim
1132 5561 1411 5620 contextu,
1450 5553 1542 5625 qui
1587 5568 1659 5609 ex
1688 5551 1893 5625 ‘iisdem
1923 5551 2049 5608 Hie-

423 5621 671 5691 -ronytui
703 5625 948 5680 versibus
975 5628 1173 5697 sumpti
1205 5634 1360 5681 sunt:

2090 4494 2143 4555 D
2171 4515 2297 4570 repc

2177 3208 2245 3267 Ut
2275 3223 2375 3265 nos
2411 3209 2716 3278 surriperes
2747 3207 2918 3274 letho,
2957 3216 3303 3277 mortemque
3331 3205 3544 3276 fugares

2267 3323 2459 3375 Olferat
2475 3331 2529 3374 ut
2550 3323 2758 3375 Domino
2780 3323 2937 3374 salvet
2957 3335 3080 3386 quos
3102 3323 3265 3384 gratia
3301 3322 3471 3383 vocis;

2267 3387 2486 3450 Quisque
2511 3388 2616 3450 sitit
2640 3388 2808 3436 veniat
2829 3389 3035 3450 cupiens
3056 3386 3263 3450 haurire
3283 3386 3501 3450 ﬂuenta:

2268 3446 2498 3499 Inveniet
2520 3449 2694 3500 latices
2715 3446 2920 3501 servant
2943 3449 3026 3511 qui
3045 3447 3206 3497 dulcia
3232 3446 3409 3511 mella.

2359 3513 2482 3562 Oret
2506 3525 2595 3577 pro
2614 3513 2755 3562 nobis
2777 3507 3038 3561 Beatittido
3061 3519 3161 3571 tua,
3189 3510 3482 3560 beatissime
3507 3507 3647 3572 Papa.

2172 3595 2538 3652 Penultimum
2563 3611 2781 3652 versum
2813 3613 2826 3649 :
2863 3595 3086 3663 Quisque
3124 3595 3256 3659 sitit,
3286 3604 3389 3649 etc.
3423 3594 3642 3649 incisum
3661 3587 3748 3663 vidi

2171 3667 2224 3723 in
2272 3668 2492 3738 antiquo
2543 3669 2694 3722 labro
2742 3660 3067 3722 marmoreo.
3101 3681 3200 3736 pro
3230 3667 3496 3738 fontibus,
3524 3672 3640 3719 ante
3665 3660 3746 3738 Ec-

2175 3732 2416 3795 clesium"
2446 3739 2504 3795 8.
2558 3739 2936 3794 Bartholommi
2970 3741 3021 3792 in
3054 3732 3234 3795 Insula
3257 3781 3273 3804 ,
3303 3737 3614 3792 charactere
3637 3732 3753 3788 anti-

2175 3827 2312 3882 quo.
2347 3825 2402 3866 ut
2446 3812 2656 3866 Damasi
2704 3821 2945 3878 tempore
2982 3823 3218 3882 scriptus
3258 3811 3528 3864 videatur.
3555 3806 3751 3882 Exstant

2175 3877 2336 3938 etiam
2390 3884 2570 3954 plures
2605 3884 2664 3938 S.
2691 3884 2900 3937 Damasi
2930 3882 2994 3936 ad
3025 3877 3593 3954 Sineronymumct
3620 3877 3753 3954 huius

2176 3955 2242 4009 ad
2293 3947 2439 4010 illum
2471 3956 2710 4024 epistola:
2756 3970 2892 4025 quas
2919 3955 2971 4009 in
2997 3957 3096 4008 hac
3123 3964 3314 4008 nostra
3329 3947 3675 4024 'cpistolarnm
3701 3947 3749 4000 8.

2175 4026 2389 4082 Damasi
2420 4028 2739 4082 collectione
2764 4027 2846 4080 nic
2881 4027 3065 4080 babes.

2247 4100 2267 4130 ³
2281 4105 2448 4153 Antea
2476 4099 2750 4168 legebatur
2769 4097 3040 4168 conﬂuxit:
3059 4095 3196 4151 forte
3213 4095 3474 4162 confulsit
3499 4090 3752 4168 legendum

2171 4185 2202 4226 a
2230 4172 2486 4239 confulct'o
2505 4163 2595 4234 ,ἐι
2624 4185 2752 4236 non,
2785 4177 2840 4224 et
2863 4163 3114 4240 con/lusit
3147 4183 3179 4222 a
3205 4169 3442 4239 con/luo,
3497 4163 3753 4221 ut’Lucre-

2171 4246 2274 4298 tius
2303 4244 2395 4298 lib.
2431 4257 2445 4297 t
2473 4259 2487 4297 :

2222 4369 2241 4384 .
2265 4334 2491 4398 Undique
2513 4333 2813 4399 ponderibus
2826 4331 2993 4384 solidis
3015 4332 3258 4383 conﬂuxit
3277 4333 3341 4383 ad
3367 4333 3539 4382 imum.

2168 4427 2416 4482 Carmina
2448 4436 2626 4482 tamen
2648 4427 2758 4496 ipsa
2783 4424 2966 4496 haberi
2986 4441 3107 4480 cum
3125 4424 3420 4480 Claudiani
3449 4417 3755 4496 poematibus

2304 4499 2350 4554 ri
2393 4501 2492 4554 hoc
2526 4493 2682 4552 mqu
2713 4514 2726 4551 :
2759 4497 2833 4552 De
2869 4495 3075 4551 Christo
3110 4507 3400 4564 servatura,
3437 4493 3578 4565 apud
3615 4502 3755 4565 quem

2171 4563 2392 4626 verbum
2423 4570 2554 4625 illud
2583 4571 2836 4640 confuxit,
2871 4568 3104 4640 confiixit
3147 4563 3393 4639 legitur,
3425 4563 3486 4621 et
3509 4563 3758 4640 COIIjeClII-

2168 4658 2282 4698 ram
2324 4657 2499 4697 meam
2551 4631 2911 4696 conﬁrmavit.
2951 4631 3058 4697 Sed
3103 4641 3146 4694 si
3190 4631 3490 4696 lbrte'non
3529 4631 3650 4691 sunt
3677 4631 3760 4685 Da-

2170 4715 2306 4770 masi
2337 4728 2532 4768 versus
2567 4716 2688 4778 toti,
2723 4728 2895 4784 neque
2925 4711 3204 4768 Claudiaui
3243 4722 3404 4784 certe
3437 4718 3626 4772 crunt,
3651 4715 3755 4784 eum

2170 4802 2199 4840 a
2229 4785 2431 4842 Cht‘iSli
2461 4785 2679 4840 nomine
2722 4778 2880 4839 fuerit
2911 4785 3150 4850 alienus,
3185 4792 3331 4839 teste
3359 4783 3422 4840 S.
3455 4778 3753 4852 Augustino.

2284 4902 2505 4966 Quisque
2527 4902 2650 4966 sitit.
2675 4900 2844 4950 veniat
2866 4902 3072 4966 cupiens
3093 4899 3302 4966 haurire
3330 4899 3546 4966 fluenta,

2281 4961 2510 5016 Inveniet
2527 4963 2718 5021 latiCPs,
2743 4961 2944 5012 servant
2964 4963 3050 5026 qui
3075 4963 3238 5011 dulcia
3254 4961 3446 5026 Amella,

2280 5027 2522 5077 Sordibus
2540 5026 2778 5088 expositis
2797 5023 3009 5089 purgant
3022 5024 3322 5089 penetralia
3349 5023 3522 5074 cordis

2282 5090 2378 5141 Cor
2397 5101 2598 5154 quoque
2611 5086 2725 5138 cum
2750 5086 2990 5138 renovant
3011 5086 3205 5139 Christo
3227 5089 3435 5138 servire
3462 5086 3636 5150 parati.

2159 5202 2523 5272 Quamobrem
2557 5215 2724 5256 unum
2766 5215 2958 5255 omnes
2988 5208 3146 5255 antea
3180 5200 3562 5270 eumdemque
3599 5196 3758 5253 locum

2159 5285 2508 5346 occupantes,
2537 5271 2744 5329 confusi
2775 5272 2996 5338 deinde,
3027 5286 3091 5327 ac
3120 5273 3370 5342 separati
3393 5282 3544 5328 sunt.

2227 5370 2255 5410 ³³
2278 5370 2426 5454 bis!"
2449 5368 2573 5454 90d:
2608 5381 2701 5454 re:
2727 5365 2995 5454 σξηυῖανξιηι
3017 5367 3219 5449 repuli-

2235 5454 2256 5481 ο
2277 5443 2411 5498 Ibid.
2445 5437 2627 5510 impia.
2659 5437 3027 5495 Scribendum‘
3052 5437 3244 5511 impiu.

2227 5513 2252 5550 ἀ
2274 5514 2417 5570 ldcm
2443 5513 2564 5570 cod.

2288 5629 2513 5692 .....Scit,
2539 5626 2741 5689 Sancte,
2767 5633 2877 5678 tuos
2898 5633 3175 5678 monstrare
3191 5625 3505 5690 triumphos.

515 5760 529 5774 '
565 5757 660 5826 Hic
679 5760 801 5826 sient
821 5758 1008 5826 dupla;
1033 5765 1401 5826 annotationum
1424 5763 1603 5824 series,
1647 5764 1713 5814 ita
1737 5767 1789 5814 et
1831 5759 2019 5826 duplex
2043 5758 2194 5812 adeas
2217 5757 2457 5811 lectorem
2481 5759 2768 5812 remittendi
2791 5757 2964 5815 modus
2989 5771 3004 5809 :
3049 5757 3310 5813 Sararanli
3333 5767 3485 5815 notas
3505 5757 3726 5812 numeris
3746 5793 3760 5818 ,

443 5819 697 5875 Merendae
722 5819 958 5874 litterulis
978 5823 1368 5886 designantibtts.
