3878 6346
1468 233 1804 295 CARMINA.

1611 359 1665 419 Α
1695 350 1968 423 Sanguine
2006 353 2215 408 mutavit
2238 354 2459 425 patriam
2482 395 2496 420 ,
2531 354 2551 385 ³
2575 354 2824 420 vitamque
2844 397 2859 423 ,
2890 370 3147 427 genusque

1687 442 1985 498 Romanum
2009 445 2163 498 civem
2189 444 2498 501 Sanctorum
2524 448 2641 518 fecit
2670 448 2831 518 origo.

1691 536 1830 592 Mira
1858 537 1987 609 ﬁdes
2013 554 2182 592 rerum
2213 539 2385 593 docuit
2411 549 2525 610 post
2546 542 2713 596 exitus
2737 542 2938 614 ingens.

1691 628 1819 683 Cum
1852 630 2043 684 lacerat
2068 631 2155 701 pia
2183 631 2411 686 membra
2437 673 2451 699 ,
2485 635 2655 704 fremit
2681 633 2965 690 Gratianus
3005 646 3061 692 ut
3082 637 3244 693 hostis
3270 681 3284 705 ,

1692 719 2040 792 Posteaquam
2056 723 2192 793 fellis
2214 726 2405 780 vomuit
2426 737 2672 798 concepta
2702 730 2925 797 venena,

1693 811 1886 886 Cogere
1906 832 2007 871 non
2034 817 2199 888 potuit
2219 816 2483 873 Christum
2504 829 2574 887 te,
2606 834 2802 891 sancte,
2836 840 3023 896 negare
3046 870 3060 896 ,

1691 906 1720 961 Ι
1729 924 1820 979 pse
1848 912 1946 964 tuis
1974 910 2206 983 precibus
2233 913 2419 967 meruit
2446 917 2715 985 confessus
2734 918 2895 975 abire.

1696 1000 1967 1073 Supplicis
1996 1004 2106 1059 Itazc
2134 1003 2351 1061 Damasi
2380 1024 2480 1063 voa:
2500 1019 2572 1064 est
2602 1026 2839 1067 venerare
2879 1016 3169 1085 sepulcrum
3199 1060 3213 1086 ,

1698 1094 1911 1152 Solvere
1935 1108 2050 1152 vota
2080 1099 2214 1165 licet,
2245 1111 2513 1171 cauasque
2538 1100 2804 1169 effundere
2833 1123 3005 1177 preces
3024 1152 3038 1176 ,

1699 1191 1881 1248 Sancti
1910 1192 2144 1248 Saturini
2171 1203 2195 1241 8
2226 1195 2452 1249 tumulus
2478 1196 2599 1268 quia
2619 1202 2861 1270 martyris
2882 1202 2966 1256 hic
2988 1215 3081 1260 est.

24 238 116 296 ’595
1468 238 1778 295 CARMINA
1793 274 1804 287 .
2924 264 2927 271 ν
3184 240 3288 299 594

548 346 827 405 CARMEN
882 347 1024 404 XIX.

431 442 444 473 ¹
487 439 564 497 De
601 453 775 498 sancto
803 441 1063 514 Gorgonio
1088 452 1136 493 τι.

20 533 244 608 Martyris
270 531 354 589 hic
385 534 619 590 tumulus
641 548 834 607 magno
859 536 957 590 sub
984 535 1185 591 vertice
1217 536 1416 592 mentis

20 627 318 700 Gargonium
349 627 545 683 retinet
573 626 624 695 δ,
656 636 839 684 servat
859 628 949 698 qui
973 628 1160 684 altaria
1182 627 1404 685 Christi.

19 728 102 785 Hic
120 727 429 798 quicumque
454 726 629 794 venit,
662 736 970 785 sanctorum
1013 727 1198 784 limina
1226 736 1467 800 quaerat,

20 824 236 881 Inveniet
265 823 433 879 vicina
465 822 519 877 in
548 822 676 879 sede
707 823 948 879 habitare
978 823 1196 889 beatos,

19 921 83 978 Ad
102 920 290 977 coelum
322 918 518 990 pariter
547 919 719 989 pietas
746 934 882 990 quos
898 919 1056 975 vexit
1080 930 1101 958 ο
1131 926 1346 975 euntes.

553 1010 687 1066 (ΖΑΒ
698 1011 839 1068 ΜΕΝ
878 1011 994 1067 XX.

353 1116 373 1146 ι
399 1104 476 1160 De
502 1105 563 1161 S.
602 1105 886 1162 Saturnino
915 1114 1141 1177 martyre
1179 1103 1228 1158 δ.

20 1199 241 1272 Tempore
262 1214 359 1266 quo
386 1198 593 1272 gladius
620 1208 642 1235 ι’
674 1200 831 1254 secuit
852 1200 938 1269 pia
959 1198 1151 1253 viscera
1182 1198 1368 1253 Matris
1401 1198 1417 1236 τ

1691 1330 1745 1404 in
1776 1329 1980 1404 Gallias
2028 1333 2379 1404 postmodum
2432 1338 2693 1392 translata
2743 1339 2827 1395 his
2871 1343 3053 1399 verbis
3101 1348 3291 1403 scribit

1692 1402 2009 1475 Sigebertus
2032 1402 2081 1459 in
2104 1403 2378 1461 Chronico
2392 1408 2492 1463 sub
2517 1424 2661 1465 anno
2680 1411 2889 1468 Domini
2911 1416 3035 1471 764:
3062 1436 3083 1469 ‹
3117 1402 3291 1475 Chro-

1689 1473 1997 1558 d'egundus“
2022 1478 2313 1558 episcopus
2365 1494 2945 1558 corporammartyrum
2992 1473 3286 1557 Gorgonii,

1689 1545 1939 1624 Naboris,
1963 1545 2391 1624 Nazarii,‘Roma
2417 1545 2485 1606 ad
2506 1552 2709 1609 Gallias
2738 1545 3043 1624 transtulit,
3070 1545 3290 1617 e't'Gor:

1689 1618 1908 1691 genium
1940 1619 2158 1690 quidem
2204 1622 2258 1675 in
2301 1622 2514 1679 Gorzia:
2546 1626 2897 1691 Monasterio.
2932 1618 3202 1687 Naborem
3236 1635 3290 1689 in

1688 1689 2003 1770 ﬂilliariaco
2045 1693 2307 1770 reposuit,
2338 1705 2513 1770 etc.;ys
2549 1706 2605 1751 et
2634 1699 2775 1754 Beda
2800 1716 2865 1755 ex
2887 1689 2996 1770 quo
3019 1712 3073 1758 et
3112 1703 3297 1759 Raba-

1614 1754 1662 1816 B
1690 1777 1795 1839 nus
1836 1754 2319 1839 in_Martyrologiis
2357 1754 2603 1823 scribunt
2635 1788 2648 1825 :
2695 1786 2732 1824 tt
2764 1754 2882 1826 idus
2898 1754 3081 1839 ilunii,
3112 1754 3294 1830 Nasa-

1688 1834 1825 1912 riunt
1863 1835 2017 1912 simul
2039 1834 2163 1912 cum
2195 1834 2459 1912 Gorgonio
2491 1851 2727 1912 martyre
2763 1846 3024 1898 transtulit
3054 1834 3087 1900 ἁ
3125 1846 3293 1901 Roma

1688 1906 1741 1959 in
1774 1903 2001 1959 Galliam
2029 1903 2440 1978 Chrodegundus
2466 1903 2744 1975 (Rabaims
2774 1926 2955 1969 autem
2990 1916 3153 1971 habet
3182 1919 3292 1973 Hu-

1690 1977 2082 2055 t'umgaugus),
2117 1977 2371 2055 Meteusis
2406 1986 2709 2055 episcopus,
2760 1989 3083 2055 permittente
3124 1988 3292 2044 Paulo

1690 2065 1828 2119 papa
1858 2049 2098 2128 liomano
2118 2092 2133 2114 ,
2162 2068 2297 2128 anno
2338 2049 2626 2110 ﬂaminica:
2653 2049 3036 2114 Incarnationis
3062 2076 3289 2128 nccuv,

1690 2129 1736 2173 et
1788 2120 2060 2203 collocavit
2114 2122 2389 2203 prtzdictus
2440 2128 2827 2203 episcopus__S._
2862 2128 3187 2203 Gorgoneum
3236 2120 3292 2188 ni

1691 2144 1736 2173 et
1788 2144 2059 2175 συιιυσιιυιι
2114 2144 2389 2193 prwatcms
2440 2144 2707 2251 egwmpus
2755 2144 2819 2184 δ.
2862 2144 3187 2203 Gorgoneum
3236 2144 3290 2188 tu

1691 2192 2205 2276 titanasterionquod“
2229 2194 2423 2276 dicitur
2482 2196 2661 2276 'orsia.
2706 2198 2979 2276 Notkerus
3010 2205 3060 2257 in
3092 2204 3290 2276 Marty-

1690 2263 1933 2338 rologio,
1976 2264 2123 2338 dicta
2154 2264 2274 2331 die,
2321 2267 2514 2322 iisdem
2563 2270 2677 2324 fere
2724 2274 2939 2338 verbis;
2988 2290 3050 2328 ac
3099 2263 3294 2333 Petrus

1691 2334 1853 2389 etiam
1884 2335 2221 2417 in_(_3atalo_go
2251 2338 2328 2391 sic
2353 2356 2364 2391 :
2399 2339 2751 2417 Aurio‘autemr
2770 2334 2979 2417 Domini
3006 2344 3109 2400 764
3129 2386 3145 2414 ,
3180 2351 3294 2417 epi-

1690 2421 1877 2486 scopus
1930 2404 2211 2486 M_etensis,
2245 2409 2611 2486 neposAPipini
2644 2416 2801 2486 regis,
2830 2415 3000 2482 ipsum
3030 2404 3299 2473 transtulit

1691 2477 1745 2531 in
1768 2475 2105 2559 Goryotiense
2138 2475 2532 2559 monasterium.
2561 2475 2807 2559 I‘ntcltvige
2840 2475 3019 2559 tamen
3047 2488 3115 2543 de
3144 2500 3297 2559 parte

1693 2551 1940 2621 corporis
1959 2553 2331 2621 reliquiarum,
2356 2569 2478 2607 nam
2500 2564 2554 2610 et
2577 2556 2627 2609 in
2652 2551 2871 2613 basilica
2893 2551 3300 2618 Vaticanasunt

1693 2620 2286 2698 adhuc_huj_us’saucti
2330 2626 2604 2695 reliquiae,
2638 2644 2759 2698 qua!
2805 2629 2860 2684 in
2900 2633 3130 2685 solemni
3163 2633 3294 2689 feria

1692 2693 2294 2776 secundanl’ascbatis-
2325 2693 2524 2776 pqpulo
2569 2693 2925 2776 exhibentur;
2977 2701 3299 2776 ibidemque

1694 2778 1896 2834 corpus
1918 2766 2066 2821 illius
2089 2768 2295 2821 servari
2320 2768 2645 2824 affirmatur.
2682 2771 2787 2826 Sed
2820 2784 2872 2827 et
2897 2776 2947 2826 in
2974 2766 3297 2831 Ecclesia’s.

1695 2835 1943 2892 Silvestri
1973 2838 2038 2891 ad
2083 2853 2333 2906 campum
2376 2839 2625 2895 Martium
2650 2884 2663 2904 ,
2697 2845 2748 2896 in
2781 2859 3082 2900 marmorea
3116 2848 3300 2903 tabula

1695 2910 2066 2987 natalitiorum
2095 2920 2417 2987 sanctorum
2435 2913 3052 2987 ibidemﬁiquiescentium
3080 2919 3297 2987 legitur:

1698 2977 1878 3033 Mense
1906 2980 2231 3058 Septembrio
2258 2982 2342 3058 die
2367 2985 2451 3051 IO,
2478 2995 2586 3038 nat.
2620 2977 2957 3058 SIGorgonii
2980 2999 3027 3043 et
3048 2977 3295 3055 aliorum,

19 1342 89 1394 hic
110 1337 319 1394 titulus:
349 1336 404 1407 -ἲ,
430 1334 499 1389 1η
528 1333 822 1391 n.'Domini
843 1337 952 1393 haec
979 1349 1051 1393 est
1084 1338 1275 1392 noticia
1310 1336 1583 1392 natalicia-

20 1428 115 1465 rum
139 1411 442 1465 Sanctorum
470 1407 555 1463 hic
580 1410 1002 1479 requiescentium
1026 1425 1044 1473 ;
1068 1409 1265 1465 deinde
1294 1410 1544 1480 sequitur
1569 1427 1581 1463 :

20 1483 173 1536 Mense
189 1480 328 1534 Iulio
350 1479 435 1535 die
460 1482 601 1535 xxvi.
628 1478 680 1535 ἡ.
714 1481 869 1537 Scor.
893 1482 1123 1551 Zeferini
1149 1480 1334 1550 Papae,
1358 1478 1410 1536 et
1454 1478 1587 1535 Tar-

20 1556 109 1609 ticii
138 1552 401 1623 Martyris.
437 1551 683 1623 varietas
705 1562 788 1608 est
809 1548 1365 1610 dieruinifestivitatis
1392 1553 1538 1608 illius
1567 1570 1581 1619 ;

20 1643 120 1680 nam
146 1622 580 1696 Martyrologium
616 1624 705 1679 die
734 1624 798 1680 I5
829 1625 1076 1696 Augusti.
1136 1624 1190 1679 In
1236 1626 1497 1696 martyrio
1522 1624 1583 1678 S.

19 1695 249 1766 Stephani
279 1710 431 1764 papae
456 1695 492 1749 2
512 1696 870 1767 dieAugusti,
896 1695 948 1751 in
976 1712 1283 1753 marmoreo
1310 1695 1583 1751 Kalenda-

19 1770 84 1825 rio
110 1771 163 1824 S.
195 1767 471 1840 silvestri,
495 1767 565 1823 26
590 1766 758 1824 Julii:
789 1771 937 1824 nasci
970 1772 1145 1840 potuit
1167 1769 1310 1840 adie
1342 1768 1582 1840 martyrii

20 1851 57 1895 et
97 1838 497 1895 translationum
557 1841 906 1907 reliquiarum
972 1838 1143 1896 illius.
1186 1839 1285 1895 Est
1331 1850 1386 1895 et
1447 1838 1585 1896 alius

20 1913 47 1965 Γ
53 1910 285 1983 arsicius
312 1921 517 1983 martyr
537 1911 881 1967 Alexandriae
906 1927 1117 1983 passus,
1166 1928 1290 1967 cum
1312 1912 1500 1967 Zotico
1531 1921 1586 1967 et

19 1984 246 2055 Gyriaco,
276 1982 326 2055 in
350 1981 748 2055 Martyrologiis
777 1984 842 2039 51
872 1981 1136 2039 Januarii.

83 2058 95 2085 ¹
130 2055 201 2109 Ex
244 2053 539 2127 alia_etiam
569 2071 878 2111 marmorea
910 2056 1087 2111 tabula
1115 2056 1244 2110 olim
1276 2071 1374 2127 pro
1404 2055 1587 2125 sepul-

20 2142 101 2182 cro
126 2124 287 2180 sancti
327 2124 585 2196 Gargonii
635 2132 894 2198 martyris
932 2143 1090 2183 muro
1131 2124 1481 2182 nunc’afiixa
1516 2127 1583 2181 ad

20 2202 211 2261 ianuam
243 2200 502 2265 majorem
546 2201 786 2255 basilica:
807 2242 823 2268 ,
854 2201 931 2255 uti
957 2209 1012 2254 et
1042 2216 1109 2254 ex
1138 2201 1307 2254 altera
1337 2198 1587 2268 superius

20 2269 546 2343 exscriplnulﬂdidet'e
567 2271 834 2343 Baronius
852 2280 986 2327 tom.
1006 2270 1071 2329 IV
1093 2271 1293 2327 Annal.
1320 2272 1424 2327 sub
1444 2284 1589 2343 anno

19 2343 211 2416 homini
240 2340 366 2416 38},
395 2350 451 2396 et
480 2351 610 2397 tom.
647 2342 763 2416 VIII
801 2343 854 2399 in
898 2342 1290 2416 appendicibus
1312 2386 1326 2410 ,
1361 2341 1586 2416 etrGru-

20 2424 146 2468 {erus
199 2414 252 2468 in
309 2412 674 2485 Romanarum
726 2412 1146 2485 Inscriptionum
1208 2415 1585 2484 appendicula.

20 2485 303 2558 Gorgonius
330 2484 377 2540 is
401 2501 524 2542 esse
552 2486 792 2551 videtur.
824 2484 917 2558 qui
944 2503 1066 2543 cum
1098 2488 1370 2543 Dorotheo
1398 2500 1591 2558 passus

20 2570 83 2630 Est
123 2556 453 2630 Nicomediae
500 2560 603 2615 sub
648 2556 986 2615 Diocletiano
1027 2560 1359 2629 imperatore
1381 2556 1415 2626 ,ί
1448 2559 1589 2630 apud

19 2627 291 2683 Eusebium
338 2629 435 2685 lib.
464 2646 584 2695 vttl,
613 2645 733 2700 cap.
774 2632 830 2695 6,
873 2631 1076 2687 Hister.
1109 2627 1588 2697 Ecclesiastq'Ni-

20 2702 273 2773 gephorus
297 2702 391 2756 lib.
428 2717 521 2765 vtt.
545 2704 753 2772 Capi;
784 2703 1215 2771 Breviarium,et
1238 2703 1587 2773 Martyrolog.

20 2770 322 2837 Romanum,
350 2783 406 2828 et
431 2770 626 2841 Betim.
655 2773 913 2842 Usuardi,
942 2770 1183 2841 Adonis,
1218 2770 1472 2840 Notkéri,
1503 2770 1593 2830 die

20 2843 432 2917 l_Septembris;
478 2860 541 2901 ac
570 2846 788 2901 Petrum
831 2848 897 2902 de
925 2849 1207 2903 Natalibus
1239 2848 1290 2902 in
1330 2845 1594 2917 Catalogo

20 2915 90 2970 ib.
110 2932 223 2990 vm,
251 2932 376 2986 cap.
402 2918 492 2973 55.
524 2917 692 2988 Cujus
726 2934 926 2989 corpus
978 2932 1163 2990 postea
1190 2919 1417 2990 Romam
1444 2915 1594 2974 dela-

29 3003 108 3040 unt
137 2985 441 3063 affirmant;
476 2985 809 3063 Brev'iarium
830 2985 1180 3056 Romanum,
1223 3003 1278 3048 et
1308 2985 1589 3063 Martyrol.

22 3067 59 3113 it
81 3068 133 3114 et
156 3059 344 3132 Bcdte,
371 3059 625 3129 Usnardi,
648 3064 874 3130 Adonis,
908 3080 971 3120 ac
1002 3064 1193 3119 Petrus
1221 3064 1274 3119 in
1298 3059 1592 3132 Catal'ogo:

1698 3054 2160 3128 quorumnomiua
2186 3053 2436 3128 Dominus
2463 3058 2594 3123 scit;
2622 3069 2673 3112 et
2704 3057 2758 3111 in
2783 3053 2933 3114 Actis
2966 3060 3207 3128 eiusdem
3236 3053 3294 3117 S.

20 3122 688 3208 daque-LatinaPagina),
721 3136 787 3190 Et
814 3122 936 3191 in'de
959 3136 1150 3192 scribi;
1178 3122 1597 3208 Mal-ynjjugfum
1624 3144 1670 3208 ρ
1704 3122 2140 3208 θοι-εοιιίίηχιιιξιξ
2171 3127 2537 3208 manuscripta
2565 3122 3301 3208 servanturjnbibliotheca

20 3203 63 3278 id
96 3203 379 3278 basilicam
413 3203 471 3278 S.
503 3205 648 3261 Petri
681 3210 1004 3263 translatum
1042 3203 1310 3278 Gregorio
1340 3205 1403 3278 IV
1438 3203 1594 3261 Pent.

20 3273 337 3350 lreyiarium
361 3285 417 3332 et
438 3276 758 3333 Anastasius
784 3280 836 3335 in
858 3280 976 3349 ipsi»
999 3273 1287 3350 Gregorio.
1312 3277 1430 3333 Ado
1451 3278 1600 3333 addit

20 3347 79 3398 tia
105 3344 297 3401 Latina
320 3348 455 3403 inter
479 3351 608 3404 duas
636 3351 828 3415 lauros,
860 3344 1001 3406 unde
1023 3344 1422 3407 emcndandum
1448 3360 1603 3418 puta-

20 3432 119 3472 tam
159 3419 214 3473 in
260 3420 695 3493 Martyrologiis,
748 3434 800 3476 et
829 3440 923 3491 pro
968 3424 1049 3478 via
1091 3422 1281 3477 Latina
1338 3422 1599 3493 Lauicana

20 3491 417 3559 'eponeudum,
440 3491 529 3546 ubi
558 3503 667 3547 erat
696 3494 838 3548 locus
878 3495 1011 3550 inter
1043 3495 1172 3549 duas
1200 3495 1374 3549 lauros
1417 3495 1479 3549 S.
1511 3492 1599 3548 Ti-

20 3563 176 3624 mrtii,
200 3581 265 3619 ac
289 3563 399 3619 SS.
429 3564 746 3629 Marcellini,
778 3577 822 3620 et
848 3564 1016 3630 Petri,
1046 3584 1108 3621 ac
1138 3565 1369 3633 Helena,
1395 3566 1599 3627 templis

20 3649 57 3686 tc
85 3634 327 3705 reliquiis
354 3637 478 3690 olim
503 3636 820 3691 clarissimus
841 3681 854 3704 ,
885 3655 945 3692 ac
969 3637 1284 3694 Sanctorum
1317 3654 1420 3692 xxx
1456 3635 1601 3691 Mar-

20 3721 168 3775 yrum
216 3706 386 3763 natali
428 3708 500 3762 22
528 3707 845 3763 Decembris.
894 3710 1264 3765 Coulirmabat
1304 3709 1443 3764 hanc
1488 3725 1601 3762 uo—

20 3787 163 3832 tram
221 3779 555 3835 sententiam
612 3781 777 3835 lectio
820 3782 1052 3837 Romani
1100 3782 1382 3845 Breviarii,
1442 3780 1520 3835 Pii
1553 3780 1597 3836 V

19 3850 988 3925 auctoritateAediti,deS._G0rgunio,
1023 3855 1112 3925 qui
1142 3855 1286 3909 inter
1314 3853 1451 3907 duas
1483 3854 1598 3907 lau-

19 3935 88 3975 ‘os
114 3922 201 3996 via
226 3922 502 3996 Lavicana
528 3923 802 3992 sepultum
838 3922 1056 3996 legitur;
1081 3941 1181 3981 nec
1209 3925 1335 3980 alibi
1360 3924 1599 3994 reperie-

20 4008 119 4068 tam
151 3994 303 4068 viam
335 3994 582 4050 Latinam
612 3996 755 4068 inter
782 3994 915 4052 duas
944 3998 1165 4053 lauros:
1208 4012 1514 4068 quanquam
1547 3998 1599 4050 in

20 4064 307 4139 ircviariis
331 4067 727 4139 recentioribus
758 4069 845 4123 via
874 4068 1061 4123 Latina
1088 4064 1387 4139 repositum
1417 4067 1600 4124 fuerit.

19 4135 137 4193 fide
173 4154 305 4210 quae
331 4138 406 4210 de,
439 4137 522 4193 via
555 4138 819 4195 Lavicana
850 4140 915 4195 ad
946 4140 1082 4196 duas
1106 4135 1291 4195 lauros
1316 4155 1479 4210 supra
1508 4154 1603 4194 an—

19 4209 341 4267 iotaviinus.
374 4209 636 4283 Gorgonii
676 4220 733 4268 et
770 4213 997 4269 aliorum
1041 4227 1271 4283 corpora
1301 4209 1600 4283 martyrum

70 4360 93 4386 θ
135 4348 401 4422 Ουίδίιιίο
427 4349 765 4422 Gorgonius?
790 4349 912 4408 Vid.
942 4350 1013 4408 de
1044 4351 1258 4407 Damas.
1278 4348 1609 4405 carminibus

20 4437 116 4533 ap.
152 4423 254 4491 25,
285 4421 317 4494 ᾗ
346 4422 403 4485 ‘2,
436 4438 492 4478 n.
520 4421 607 4513 tl:
1053 4496 1066 4508 .
1292 4493 1306 4511 η

137 4495 219 4549 Ita
250 4509 444 4550 rursus
469 4495 537 4551 de
564 4495 817 4565 bepulcro
838 4514 931 4553 suo
955 4497 1019 4552 de
1047 4505 1240 4551 incerto
1264 4494 1442 4550 Graeco
1467 4491 1612 4548 Mar—

1704 3194 2141 3270 congregationis
2179 3194 2461 3270 _Oratorii,
2510 3199 2633 3254 cod.
2668 3218 2719 3254 ιι.
2751 3203 2803 3256 7.
2850 3201 3125 3270 Reliquias
3158 3204 3304 3259 illius

1705 3264 1759 3319 in
1786 3266 1993 3321 Gallias
2022 3267 2314 3323 translatas
2344 3264 2512 3325 fuisse
2545 3271 2795 3337 habetur,
2829 3288 2951 3327 cum
2984 3264 3036 3327 in
3069 3280 3303 3330 transla-

1706 3338 1855 3392 tione
1879 3338 2015 3393 facta
2044 3337 2357 3414 Nicomedia
2389 3339 2637 3414 Romam,
2668 3359 2866 3413 corpus
2894 3344 3082 3399 fuisset
3109 3360 3303 3414 aSpnr-

1706 3418 1909 3476 talum,
1954 3426 2017 3465 ac
2053 3411 2121 3465 de
2170 3412 2327 3467 dictis
2369 3413 2648 3480 reliquiis,
2696 3411 3081 3470 in’Saxouiam
3136 3411 3305 3475 etiam

1703 3480 1906 3549 aliquid
1942 3482 2314 3538 transmiSsum
2345 3493 2531 3551 postea
2566 3485 2748 3543 fuerit.

1778 3554 1798 3584 ’
1834 3553 1942 3631 Sed
1987 3564 2034 3607 et
2065 3558 2117 3607 in
2148 3556 2346 3631 tumqu
2464 3555 2751 3631 Saturnini
2765 3560 3010 3631 martyris
3039 3560 3121 3614 via
3150 3561 3305 3616 Sala-

1706 3623 1805 3690 ria,
1835 3625 1927 3679 Itos
1944 3626 2442 3699 versusincidendos
2464 3630 2682 3685 curavit.
2718 3630 2889 3686 Verba
2902 3623 3039 3687 'sunt
3063 3632 3302 3699 Barouii,

1702 3709 1897 3774 versus
1922 3713 1993 3774 ex
2022 3711 2089 3751 eo
2132 3696 2273 3774 libro
2314 3699 2677 3774 exscribentis
2716 3711 2841 3773 post
2885 3710 3214 3774 superiores.
3246 3696 3305 3760 In

1701 3768 1826 3895 cod].
1862 3771 2028 3851 Palat.
2063 3776 2118 3823 et
2144 3769 2276 3823 edit.
2304 3769 2461 3826 Grut.
2494 3768 2822 3845 principium
2858 3768 3016 3846 hujus
3042 3777 3310 3832 carminis

1702 3848 1778 3894 ita
1829 3853 2047 3895 cantur:

1702 3848 1778 3894 ita
1807 3848 2009 3909 legitur
2036 3857 2047 3893 :

1800 3918 1988 3989 Horum
2013 3921 2458 3989 martyrumcultor
2476 3921 2714 3975 Damasus
2738 3927 2998 3989 episcopus
3021 3939 3196 3977 servus
3214 3912 3312 3977 Dei

1860 3982 1950 4033 Ola
1974 3995 2103 4033 nunc
2123 3982 2300 4035 Christi
2323 3983 2473 4036 fuerit
2494 3997 2753 4038 crarta.....
2771 3982 2997 4039 'cinis'an.
3025 3996 3106 4040 t...
3134 3989 3272 4052 (sic).

1778 4068 1797 4099 ⁸
1864 4067 1921 4147 In
1971 4071 2159 4127 codice
2210 4073 2406 4147 legitur
2457 4092 2675 4145 namque
2719 4092 3008 4147 genusque;
3060 4091 3157 4146 pro
3201 4091 3312 4146 quo

1706 4144 2046 4218 reposuimus
2075 4158 2197 4218 cum
2228 4144 2484 4218 Baronio,
2518 4144 2771 4218 vitamque
2798 4144 3082 4218 genusque.
3112 4144 3307 4201 Satur-

1706 4213 1823 4268 nini
1850 4223 2030 4270 autem
2054 4216 2171 4271 dies
2197 4227 2281 4272 est
2309 4217 2505 4273 natalis
2520 4217 2591 4273 29
2613 4213 2937 4275 Novembris
2960 4213 3015 4274 in
3037 4218 3305 4285 Romano,

1713 4347 1895 4404 dicto?
1930 4349 2023 4423 Ita
2061 4350 2320 4423 creditur.
2368 4350 2537 4423 Hujus
2578 4353 2721 4409 enim
2759 4352 3039 4410 Saturnini
3083 4354 3317 4411 celebris

1713 4422 1971 4493 memoria
2001 4422 2260 4493 agebatur
2287 4438 2353 4479 eo
2380 4422 2500 4478 loCo
2526 4466 2540 4487 ,
2572 4438 2628 4479 ut
2656 4435 2869 4480 constat
2887 4442 2955 4480 ex
2978 4426 3315 4483 Bucheriauo

1712 4491 2073 4566 Kalendario',
2112 4495 2342 4566 aliisque
2372 4497 2643 4552 veteribus
2667 4499 3033 4553 monumentis
3056 4498 3123 4553 ad
3166 4498 3310 4555 diem

20 4582 135 4637 yre,
164 4577 342 4648 atque
368 4566 494 4621 alibi
527 4562 805 4624 Damasus.
838 4569 974 4626 Ilinc
1016 4568 1340 4648 Muralorius
1382 4566 1612 4648 plurain
1640 4572 1694 4633 1)
1718 4562 1791 4648 ξε)
1807 4563 2130 4648 Novembris
2155 4581 2170 4632 ;
2200 4562 2346 4648 quod
2374 4582 2475 4638 ego
2500 4569 2842 4624 verissimum
2876 4579 3006 4639 puto
3032 4612 3047 4635 ,
3076 4586 3198 4626 cum
3234 4572 3316 4648 v_i-

20 4638 389 4714 :oemeteriis,
418 4653 482 4714 ac
522 4654 686 4714 super
711 4652 1007 4714 martyrum
1040 4642 1210 4714 posita
1252 4638 1442 4694 altaria
1467 4646 1618 4709 putat

20 4720 56 4763 ll
88 4712 264 4783 etiam
297 4708 604 4783 Aringhusi
628 4710 748 4767 Vid.
794 4708 910 4768 not.
940 4715 1006 4769 ad
1035 4708 1247 4769 Paulin.
1279 4708 1614 4783 poemata,

20 4797 115 4838 'er.
152 4781 291 4847 598,
326 4778 521 4837 Veron.
557 4783 688 4840 edit.

72 4864 95 4891 ο
137 4852 514 4910 Einsildensis
546 4856 842 4911 monachus
863 4865 1088 4913 ovantes.

70 4936 96 4976 ἀ
143 4939 541 4996 Tillemoutius
588 4942 713 5012 jure
755 4944 1000 5013 queritur
1039 4941 1433 5012 exscriptorum
1483 4938 1616 5013 vitio

20 5014 210 5085 actum
241 5052 260 5077 ,
292 5019 355 5085 ut
374 5013 475 5067 hoc
503 5011 724 5085 carmen
752 5011 958 5085 {atque
996 5016 1101 5070 alia
1131 5011 1294 5068 etiam
1336 5025 1480 5081 saepe
1526 5011 1614 5066 vix

20 5099 152 5139 tunc
180 5083 540 5154 intelligimus
562 5126 576 5150 ,
602 5083 907 5155 frustraque
929 5085 1435 5143 l'ueruntindustria:
1459 5097 1614 5155 mere,

20 5165 57 5210 ιι
89 5155 236 5211 illud
282 5155 577 5227 integritati
607 5172 720 5213 sua:
748 5154 1114 5215 restituerem.
1147 5157 1283 5215 Vide
1310 5157 1472 5213 etiam
1514 5154 1617 5211 Sa-

19 5243 169 5281 ’azan
182 5267 196 5278 ο
224 5236 345 5281 ηοι.

74 5330 98 5357 ο
110 5319 474 5394 “Versiculum
493 5321 634 5379 hunc
649 5323 814 5381 habes
829 5324 1023 5380 iterum
1038 5322 1331 5394 repetitum
1352 5321 1408 5377 in
1428 5318 1610 5375 Carm.

20 5392 65 5447 lc
97 5391 159 5447 S.
195 5390 475 5462 Stephano
497 5435 511 5457 .
540 5403 595 5449 et
625 5395 675 5449 in
703 5398 934 5467 appeud.
970 5390 1117 5452 num:
1148 5396 1206 5450 2.

79 5482 101 5521 f
152 5483 355 5559 Romae
372 5485 613 5555 scilicet:
642 5488 989 5545 Saturninum
1006 5487 1302 5559 siquidem:
1331 5485 1493 5557 Origo
1512 5482 1618 5559 Βρ-

20 5570 232 5631 nanum
255 5556 420 5609 civem
445 5598 460 5622 ,
487 5553 622 5611 mira
644 5570 821 5617 autem
847 5561 975 5631 fides
1007 5553 1318 5617 Sanctorum
1339 5553 1498 5612 civem
1539 5553 1619 5609 fc-

20 5630 97 5683 :it.
135 5629 359 5684 Sensus
390 5638 570 5685 tamen
598 5629 996 5689 subobscurior.

81 5731 107 5769 ε
154 5721 251 5777 An
279 5719 375 5790 qui
402 5734 526 5795 cum
544 5722 794 5795 _Sisinnio
815 5726 1046 5781 diacono
1074 5735 1264 5795 passus
1285 5728 1402 5795 est,_
1421 5733 1483 5774 ac
1517 5732 1623 5795 no-

20 5810 137 5853 uen
165 5791 505 5851 mmeterio
524 5793 671 5850 dedit
693 5797 743 5851 in
766 5798 849 5853 via
876 5790 1125 5866 Salaria,
1141 5790 1438 5850 Thrasonis
1458 5790 1622 5849 etiam

464 5885 730 5950 ΡΑτιιοι..
778 5889 953 5952 XIII.

1718 4635 1823 4693 deo
1851 4636 2041 4713 eodem
2076 4638 2194 4692 loco
2224 4635 2397 4708 posita
2413 4635 2751 4696 'caeterorutn
2787 4635 3082 4713 martyrum
3126 4643 3310 4713 sepul-

1720 4722 1813 4762 cra
1846 4723 1874 4762 a
1905 4708 2139 4763 Damaso
2167 4723 2443 4779 reparata,
2472 4720 2525 4765 et
2553 4714 2805 4769 versibus
2827 4708 3105 4780 exornata,
3136 4708 3319 4768 Clitis-

1720 4780 1862 4834 antltt'
1901 4781 2143 4849 scilicet,
2180 4791 2234 4835 et
2288 4781 2499 4848 Dart'te,
2549 4798 2602 4839 et
2652 4784 2859 4850 Mauri,
2904 4796 2958 4841 et
2994 4785 3182 4840 Hilarii
3207 4826 3221 4845 .
3251 4800 3317 4840 ac

1720 4851 1860 4907 forte
1885 4852 2135 4906 aliorum.
2174 4852 2320 4907 Ordo
2356 4862 2504 4909 certe
2535 4854 2858 4912 Gelasiauus
2901 4857 3116 4911 Missam
3153 4855 3319 4910 habet

1720 4940 1818 4997 pro
1842 4923 2159 4989 Saturnino,
2216 4922 2547 4991 Chrissanto,
2591 4926 2818 4993 Mauro,
2859 4936 2912 4981 et
2958 4928 3120 4982 Dario
3145 4969 3159 4990 ,
3208 4941 3318 4981 uno

1719 4995 2022 5068 eodemque
2045 4998 2161 5068 loco
2184 5036 2200 5068 ,
2230 5005 2287 5051 et
2312 4997 2418 5052 die.
2459 4997 2580 5053 Vid.
2611 5002 2681 5054 cl.
2712 4999 3066 5055 Blancbinum
3088 5041 3103 5066 ,
3148 4997 3314 5068 Oper.

1720 5066 1975 5141 Thomas.
2008 5084 2062 5141 ρ.
2102 5066 2225 5123 tto.

1790 5136 1897 5194 Cur
1924 5136 2118 5209 igit'ur,
2150 5155 2270 5210 qua:
2295 5140 2436 5196 idem
2472 5141 2732 5197 Damasus
2778 5142 2881 5197 hoc
2908 5142 3153 5196 carmine
3182 5138 3318 5195 scri-

1721 5211 1800 5267 bit
1831 5228 1937 5265 nnn
1963 5212 2185 5267 omnino
2226 5215 2557 5269 c0nveuiunt
2594 5229 2718 5270 cum
2764 5216 2859 5280 iis,
2892 5229 3014 5282 qum
3062 5213 3113 5266 in
3164 5211 3316 5267 Actis

1721 5283 1959 5338 Marcelli
1983 5283 2052 5339 de
2089 5293 2277 5340 sancto
2306 5284 2596 5341 Saturnino
2632 5285 2900 5355 legimus?
2934 5287 2987 5339 In
3036 5284 3099 5355 iis
3128 5299 3273 5337 enim
3302 5324 3318 5349 ,

1721 5361 1812 5424 qui
1838 5366 2129 5428 martyrem
2162 5358 2458 5428 e_xcruciari
2478 5398 2495 5423 ,
2517 5368 2571 5411 et
2613 5353 2795 5412 necari
2820 5357 3009 5425 jussit,
3038 5353 3320 5409 Laodicius

1721 5435 1838 5489 est.
1869 5428 1954 5481 hic
1982 5425 2125 5482 'vero
2173 5425 2453 5484 Gratianus
2493 5429 2709 5483 dicitur.
2764 5428 2917 5482 Nulla
2949 5434 3216 5496 praetcrea
3265 5428 3321 5480 in

1724 5498 1872 5554 Actis
1903 5498 2093 5554 iisdem
2122 5499 2189 5553 de
2218 5499 2422 5553 Iudicis
2448 5498 2691 5568 ejusdem
2720 5538 2736 5565 ,
2786 5498 3031 5569 quisquis
3062 5496 3154 5549 ille
3207 5496 3277 5550 sit
3301 5536 3318 5562 ,

1724 5570 2031 5625 christiana:
2046 5570 2169 5625 fidei
2201 5570 2516 5637 confessione
2532 5611 2547 5633 ,
2567 5586 2726 5638 quam
2750 5569 3016 5623 Damasus
3034 5576 3322 5638 memorat,

1726 5643 1932 5697 mentio
1978 5652 2081 5697 est.
2118 5636 2345 5704 Verum,
2379 5652 2432 5696 ut
2462 5636 2761 5701 Bardnius.
2794 5657 2859 5696 ac
2887 5637 3181 5695 Bollandus
3228 5636 3329 5691 ad-

1727 5722 1940 5770 vertunt
1968 5754 1983 5782 ,
2014 5713 2147 5769 Acta
2178 5713 2263 5768 illa
2290 5726 2396 5768 non
2421 5712 2565 5767 οιιηιὶ
2592 5725 2658 5765 ex
2711 5723 2866 5780 parte
2892 5707 3212 5768 difﬁcultate
3239 5723 3337 5763 ca~

1726 5786 1871 5845 rent.

2869 5882 2944 5947 13
