3950 6330
511 249 623 312 599

515 367 806 427 Candidulo'
829 367 1028 424 occulte
1048 373 1316 439 postquam
1326 365 1569 437 jacuistis
1594 367 1648 421 in
1674 377 1823 424 antro
1842 411 1858 436 ,

516 463 709 518 Postea
729 461 1087 516 commonitam
1115 470 1282 514 vestra
1307 460 1494 532 pietate
1517 458 1774 516 Lucillant
1794 504 1807 526 ,

519 558 624 614 Hic
643 557 900 630 placuisse
922 555 1085 627 magis
1113 555 1442 610 sanctissima
1463 555 1682 610 condere
1703 556 1951 611 membra.

1060 672 1348 729 CARMEN
1379 673 1572 729 XXIV.

725 770 740 798 ¹
786 765 863 820 De.
885 766 994 823 SS.
1026 766 1344 838 martyribus
1374 749 1550 822 Felice
1585 778 1631 823 et
1658 767 1911 823 Adducto.

514 863 536 894 ³
562 861 608 915 0
631 861 788 915 semel
815 868 966 928 atque
1009 859 1192 913 iterum
1221 875 1340 913 vero
1364 859 1426 913 de
1451 860 1658 914 nomine
1685 858 1843 916 Felix
1871 869 1896 897 ει

518 955 620 1021 Qui
645 956 950 1008 intemerata
973 953 1077 1022 [ide
1097 995 1111 1019 ,
1143 960 1437 1015 contempto
1469 952 1711 1021 Principe
1734 953 1914 1008 mundi
1942 952 1971 992 δ

514 1047 800 1117 Confessus
830 1046 1096 1101 Christum
1132 1057 1154 1084 ο
1186 1047 1417 1101 cazlestia
1439 1063 1598 1118 regno
1621 1048 1815 1118 petisti.

513 1141 558 1198 Ο
587 1157 710 1196 vere
736 1141 972 1212 pretiosa
997 1139 1160 1196 ﬁdes!
1186 1141 1518 1212 cognoscite,
1544 1140 1760 1209 fratres,

513 1235 617 1303 Qui
646 1241 712 1290 ad
739 1235 934 1290 coelum
967 1235 1140 1289 victor
1167 1235 1372 1304 pariter
1403 1235 1715 1304 properavit
1740 1233 2017 1290 Adauctus
2037 1231 2065 1271 ἀ

512 1328 805 1402 Presbyter
830 1328 915 1384 his
943 1343 1136 1394 verus,
1171 1329 1399 1383 Damaso
1426 1337 1640 1384 rectore
1663 1338 1687 1367 °
1717 1329 1942 1399 jubente
1960 1371 1975 1396 ,

513 1423 835 1494 Composuit
864 1422 1128 1478 tumulum
1160 1421 1483 1477 Sanctorum
1519 1420 1537 1458 ί
1571 1422 1780 1477 Limina
1810 1421 2065 1478 adorans.

1076 1515 1364 1572 CARMEN
1394 1515 1564 1572 XXV.

695 1614 717 1645 ³
758 1612 838 1667 De
867 1611 952 1668 SS
989 1610 1303 1681 martyribus
1333 1609 1506 1666 Nereo
1531 1621 1577 1665 et
1604 1610 1837 1666 Achilleo
1867 1621 1915 1667 ε.

515 1706 718 1765 Militiae
747 1720 947 1761 nomen
981 1702 1268 1768 dederant,
1300 1699 1328 1738 ιι
1360 1703 1672 1775 almumque
1693 1704 1956 1775 gerebant

514 1800 764 1858 Ofﬁcium
792 1798 999 1870 pariter
1019 1805 1331 1867 spectantes
1343 1795 1495 1867 jussa
1517 1797 1757 1869 tyranni,

515 1895 811 1966 Praeceptis
842 1892 1090 1963 pulsante
1122 1901 1267 1948 metu
1294 1892 1503 1946 servire
1527 1893 1725 1963 parati.

590 2021 605 2049 ³
641 2016 866 2081 Insuper
907 2022 954 2068 et
979 2013 1042 2066 de
1086 2012 1194 2084 SS.
1234 2010 1543 2084 martyribus
1583 2009 1763 2066 Felice
1798 2020 1846 2066 et
1868 2010 2103 2084 Adaucto

511 2090 746 2166 ejusdem
775 2085 988 2166 Damasi
1018 2082 1730 2166 ibidem.nRelet-t_Baro_nius
1777 2098 1897 2166 pag:
1953 2083 2060 2166 912
2085 2125 2100 2150 ,

513 2154 745 2231 quorum
787 2158 962 2212 natale
990 2173 1047 2231 tu
1090 2154 1200 2210 kal.
1228 2155 1561 2222 Septembris
1602 2155 1801 2210 habent
1845 2155 2110 2231 Martyro-

513 2227 677 2300 Iogia.
730 2233 965 2300 Eratque
997 2229 1186 2282 horum
1231 2236 1552 2300 sanctorum
1582 2231 1957 2300 ctenteteriurn
1987 2227 2106 2300 arS.

513 2297 724 2362 Joanne
777 2297 906 2372 papa
950 2307 1307 2372 renovatum,
1352 2297 1874 2372 apudmAnastasiurn
1908 2299 2110 2372 Biblio-

515 2368 858 2438 thecariom,
905 2373 997 2440 qui
1044 2373 1111 2424 ile
1157 2372 1214 2424 ὃ.
1255 2371 1435 2426 Lemne
1461 2371 1528 2426 Ill
1555 2371 1742 2425 scribit
1777 2387 1790 2423 :
1832 2368 2114 2424 Renooaoit

513 2458 657 2504 sarta
698 2458 830 2501 tecta
860 2445 989 2499 beati
1023 2442 1211 2497 Felicis
1242 2453 1288 2495 et
1315 2443 1534 2495 Adaucti
1567 2454 1853 2512 martyrum
1866 2445 2022 2513 juxta
2051 2440 2112 2497 S.

518 2520 752 2574 Paulum
802 2516 1122 2590 Apostolum.
1169 2513 1398 2590 Adaueti
1451 2522 1885 2590 autem_nomen
1945 2514 2118 2590 sancti

519 2593 797 2660 proprium
831 2583 934 2641 non
963 2597 1045 2641 est
1069 2604 1082 2640 :
1115 2601 1235 2638 nam
1263 2586 1421 2660 hujus
1449 2601 1633 2638 nomen
1652 2586 1948 2660 ignorantes
1967 2583 2120 2660 Citri-

517 2654 675 2718 stiani
698 2662 989 2716 Adductum
1018 2674 1132 2711 eum
1169 2654 1558 2725 appellaverunt
1581 2698 1596 2722 ,
1631 2654 1841 2725 etquod
1898 2655 1959 2710 S.
2020 2654 2121 2709 Fe-

521 2735 611 2788 lici
636 2743 816 2787 auctus
841 2731 906 2783 sit
949 2731 1017 2783 ad
1055 2744 1293 2781 coronam
1327 2745 1345 2781 :
1376 2738 1432 2782 ut
1461 2727 1716 2782 scribitur
1762 2727 1814 2782 in
1860 2727 2121 2798 Martyroo

515 2806 672 2877 logiis
703 2806 947 2877 Romano
972 2843 987 2866 ,
1033 2799 1196 2877 Beda:
1216 2841 1230 2865 ,
1267 2798 1497 2877 Usuardi
1529 2841 1544 2862 ,
1576 2799 1781 2877 Adonis
1806 2797 2074 2877 ,_N0ikeri
2102 2840 2116 2861 ,

518 2869 640 2947 qlia:
690 2881 776 2930 via
813 2875 1046 2928 Ostiensi
1063 2886 1268 2947 passos
1311 2869 1570 2947 referunt.
1602 2870 1740 2938 Quin
1768 2871 1929 2924 etiam
1961 2885 2118 2947 sanc—

519 2939 630 3004 tam
681 2948 904 3016 Dignam
953 2955 1019 3016 et
1063 2942 1397 3016 Emeritam,
1438 2945 1489 3016 in
1526 2939 2121 3016 [)AersecuttoneAVale-

520 3022 658 3075 riani
714 3011 1094 3090 imperatoris,
1150 3014 1284 3090 s_ub_
1298 3011 1428 3090 Gaio
1449 3013 1635 3090 iudice
1665 3029 1850 3082 passas
1877 3013 1988 3090 ,_in_
2009 3028 2122 3068 cus-

520 3092 749 3147 meterio
792 3084 1104 3144 ilouIe-lillm
1134 3085 1224 3158 via
1249 3084 1484 3140 Ostiensi
1523 3085 1588 3138 ad
1631 3095 1848 3139 sanctos
1878 3084 2118 3158 Felicem

517 3177 572 3219 et
600 3163 905 3218 Adauctnm
937 3156 1224 3227 sepultas;
1245 3173 1433 3212 eorum
1462 3166 1576 3211 acta
1609 3158 1790 3211 testari
1821 3156 1988 3212 refert
2021 3156 2122 3210 Ba-

520 3238 709 3290 ronius
741 3237 792 3288 in
830 3229 1266 3296 Martyrologium
1299 3229 1600 3283 Romanum
1641 3228 1714 3282 22
1759 3227 2117 3296 Septembris.

521 3307 642 3374 Quo
669 3306 947 3362 exstitisse
969 3298 1091 3374 loco
1137 3302 1240 3357 hoc
1265 3300 1602 3374 epigramma
1628 3298 1779 3355 credi
1813 3308 2008 3368 potest.
2061 3300 2119 3354 S.

522 3371 815 3449 Gregorius
857 3373 1219 3444 Antiphonam
1264 3371 1429 3428 habet
1465 3371 1535 3427 de
1581 3371 1772 3427 horum
1805 3380 2121 3427 sanctorum

525 3451 715 3507 natali.

597 3525 616 3554 ²
657 3520 860 3576 Eodem
907 3517 1068 3572 modo
1097 3533 1260 3587 supra
1318 3515 1386 3570 de
1436 3514 1491 3570 S.
1540 3514 1721 3570 Felice
1765 3516 2128 3586 presbytero:

648 3601 881 3664 Corpore,
908 3607 1095 3657 mente,
1123 3598 1283 3646 animo
1309 3597 1494 3658 pariter
1515 3595 1579 3645 dc
1603 3595 1801 3644 nomine
1827 3594 1990 3644 Felix.

598 3687 619 3718 ³
659 3686 924 3739 Baronius
963 3697 1082 3750 pag.
1154 3680 1260 3735 909
1305 3678 1610 3733 exstimavit
1658 3680 1760 3732 hoc
1799 3680 2130 3750 epigramma

526 3756 891 3824 compo~ilum
920 3749 1105 3814 fuisse,
1135 3766 1257 3805 cum
1304 3752 1486 3804 furens
1515 3750 1694 3820 populi
1729 3749 1954 3824 Romani
1986 3763 2130 3817 pars,

529 3819 726 3884 relicto
756 3825 1005 3881 Ursicino
1032 3831 1266 3886 armato,
1286 3837 1548 3876 conversa
1589 3819 1676 3874 est
1704 3820 1771 3873 ad
1804 3819 2091 3874 Damasum
2113 3861 2130 3887 ,

531 3911 802 3970 tamquam
855 3898 1152 3970 legitimum
1203 3895 1534 3970 pontificem.
1574 3893 1697 3970 ligo
1735 3891 2134 3970 tamencrede-

525 3961 674 4032 rem:
697 3970 874 4038 potius
900 3968 1002 4024 SS.
1044 3964 1391 4038 martyribus,
1411 3974 1469 4038 et
1496 3964 1719 4038 quidem
1754 3961 2010 4038 militibus
2041 3978 2134 4033 ap-

530 4046 632 4099 tari
667 4036 848 4113 posse,
877 4042 966 4110 qui
1001 4036 1312 4113 contempta
1337 4036 1530 4113 bellica
1563 4036 1915 4113 Ethnicorum
1943 4037 2135 4113 trium-

526 4106 1218 4186 phaligloria,'nomenque
1238 4107 1604 4186 Christianum
1632 4107 1881 4186 professi,
1907 4106 2135 4186 alijectis

528 4177 866 4244 inani-ilibus
909 4183 1094 4248 armis,
1131 4177 1498 4251 'gloriosiores
1545 4177 1747 4233 Christi
1803 4178 2130 4248 triumphos,

525 4261 799 4315 Christum
833 4257 1217 4328 imperatorem
1243 4251 1531 4328 sequendo
1545 4251 1767 4328 duxere.

603 4331 622 4361 ‘
662 4322 926 4385 Baronius
953 4343 1069 4398 pag.
1113 4325 1242 4390 915,
1273 4322 1337 4388 ι).
1373 4322 1703 4395 Appendicis
1736 4322 1846 4377 :Et
1870 4323 1933 4378 de
1967 4322 2132 4379 Proto

608 4475 631 4502 α
675 4464 844 4532 Hujus
871 4461 1065 4518 Felicis
1092 4475 1250 4528 quem
1278 4457 1565 4532 Marbodurs
1591 4500 1605 4522 ,
1638 4456 1816 4532 Romae
1843 4467 2046 4532 ortum,
2079 4465 2138 4532 et

538 4529 818 4626 null-Vitam,
838 4542 898 4626 'et
917 4532 1228 4626 sacerdotem
1248 4533 1324 4626 alit
1345 4573 1358 4595 ,
1393 4531 1668 4626 basilicam
1700 4531 1866 4626 irrovia
1894 4529 2132 4586 O~tiensi
2161 4566 2216 4626 D

534 4608 600 4662 ad
629 4608 690 4664 S.
724 4607 970 4668 Paulum,
999 4604 1128 4657 olim
1151 4604 1204 4657 in
1259 4601 1436 4655 Piuris
1474 4602 1675 4656 dictam
1709 4601 1874 4656 fuisse
1921 4611 2135 4656 constat

536 4696 602 4733 cx
636 4676 971 4748 Papebroch.
1005 4675 1332 4748 Paralipom.
1365 4675 1430 4727 ad
1458 4674 1734 4748 _Conat._p
1786 4672 1989 4748 41E):
2026 4687 2136 4748 quo

539 4751 680 4804 forte
705 4743 900 4803 factum
929 4789 944 4810 ,
979 4758 1036 4799 ut
1065 4747 1197 4800 clar.
1228 4746 1538 4800 Mazochius
1571 4748 1622 4797 in
1663 4743 1841 4798 Pincis
1899 4745 2132 4814 legerit,

535 4839 602 4877 ac
631 4821 865 4876 Felicem
893 4821 1064 4882 hunc,
1098 4817 1319 4870 minime
1350 4831 1480 4871 vero
1505 4815 1795 4871 Nolensem
1818 4856 1833 4884 ,
1864 4817 1916 4869 in
1959 4816 2137 4870 Pincis

537 4893 742 4949 dictum
771 4891 936 4946 fuisse
963 4888 1256 4958 coniecerit
1286 4888 1352 4942 ad
1377 4889 1444 4944 Μ
1473 4887 1737 4943 Januarii.

601 4965 636 5044 ξ)
679 4965 738 5020 In
777 4961 1010 5033 appeud.
1046 4961 1194 5014 11.2:

727 5078 970 5140 Superato
987 5074 1216 5135 Principe
1242 5071 1425 5122 mundi.

614 5194 858 5269 "Carm:
891 5189 959 5244 de
988 5187 1158 5269 Ill-creo
1185 5196 1229 5240 et
1258 5185 1487 5269 Achilleo
1525 5187 1745 5269 confessi
1772 5187 1995 5269 gaudent
2022 5201 2039 5239 :
2071 5187 2136 5269 de

539 5269 602 5324 S.
635 5264 918 5324 Saturnino
937 5277 955 5314 :
988 5258 1180 5313 Meruit
1209 5260 1474 5328 confessus
1496 5259 1672 5324 obire;
1703 5257 1854 5312 et‘iu
1881 5257 2164 5326 Append..

534 5357 591 5395 ti.
617 5341 672 5400 εὶ,
707 5332 956 5392 Conlessi
980 5342 1023 5387 Χ
1047 5344 1080 5386 Ρ
1099 5344 1188 5392 Μ..
1219 5339 1271 5381 et
1303 5346 1450 5381 IIIIIII.
1481 5329 1537 5390 '5,
1566 5331 1811 5384 confessa
1834 5341 1876 5384 Χ
1901 5341 1935 5382 Ρ
1962 5342 2026 5385 Μ.

607 5417 637 5458 d
678 5410 882 5467 Nomen
921 5416 1005 5459 est
1045 5404 1183 5458 beati
1226 5400 1386 5468 hujus
1416 5402 1665 5471 martyris
1697 5404 1974 5470 proprium
1996 5442 2010 5463 ,
2041 5414 2134 5454 se-

535 5498 632 5538 CIIS
671 5497 734 5535 ac
775 5479 867 5532 alii
906 5479 1032 5529 olim
1063 5481 1408 5530 censuerunt.
1448 5472 1674 5524 Exstant
1705 5476 1895 5544 borum
1931 5481 2132 5544 marty-

535 5569 654 5608 rum
685 5555 815 5607 Acta
849 5549 1031 5603 italico
1058 5561 1308 5602 sermone
1345 5544 1566 5608 scripta,
1591 5555 1643 5598 et
1683 5545 1822 5598 notis
1866 5543 2131 5599 illustrata

1797 249 2041 310 SANCTI
2079 247 2336 311 DAMAS!
2377 247 2583 310 PAPE

2137 379 2189 440 Α
2218 369 2346 425 Mira
2379 369 2516 426 ﬁdes
2545 369 2558 407 ί
2590 368 2799 426 rerum!
2835 367 3012 425 subito
3040 380 3266 439 posuere
3291 370 3532 441 furorem,

2152 1776 2200 1836 B

3639 268 3719 326 IOIl

2222 462 2485 518 Conversi
2517 463 2756 535 fugiunt,
2786 463 2938 518 ducis
2966 462 3127 533 impia
3157 474 3322 520 castra
3353 467 3651 540 relinquunt;

2223 554 2520 626 Projiciunt
2546 557 2787 628 clypeos,
2821 555 3070 627 phaleras
3096 557 3109 607 i
3143 567 3196 612 et
3227 559 3325 613 tela
3354 571 3584 630 cruenta;

2223 649 2472 706 Confessi
2499 651 2736 722 gaudent
2759 650 2965 707 Christi
2997 661 3210 722 portare
3231 654 3531 724 triumphos.

2223 742 2443 800 Credite
2475 760 2570 814 per
2601 744 2888 800 Damasum
2922 746 3092 815 possit
3112 745 3234 816 quid
3256 746 3414 818 gloria
3433 746 3622 806 Christi.

2665 855 2686 874 ’
2763 859 3048 915 CARMEN
3077 859 3266 915 XXVI.

2398 951 2419 982 ‘
2446 951 2523 1008 De
2555 952 2662 1009 SS.
2696 953 3002 1024 martyribus
3046 952 3206 1008 Prolo
3235 965 3280 1010 et
3311 955 3593 1028 Hyacintlto.

2228 1044 2491 1100 Extremo
2524 1047 2760 1102 tumulus
2791 1047 2947 1102 latuit
2975 1047 3074 1102 sub
3095 1064 3288 1120 aggere
3319 1049 3516 1116 Montis;

2229 1135 2386 1192 IIunc
2405 1139 2662 1194 Damasus
2677 1149 2965 1206 monstrat,
2982 1141 3311 1211 servatquod
3326 1143 3547 1200 membra
3562 1145 3742 1215 piorum.

2229 1231 2308 1288 'I‘e
2337 1232 2558 1288 Protum
2588 1235 2784 1290 retinet
2804 1235 3000 1291 melior
3027 1236 3130 1292 sibi
3160 1234 3322 1306 Regia
3345 1237 3478 1294 celi.

2229 1323 2505 1396 Sanguine
2535 1344 2808 1398 purpureo
2835 1329 3114 1402 sequeris,
3151 1329 3461 1404 Hyacinthe,
3490 1333 3720 1404 probatus.

2229 1417 2485 1474 Germani
2513 1419 2709 1478 fratres
2735 1422 2934 1478 animis
2959 1424 3267 1496 ingentibus
3289 1424 3461 1480 ambo:

2145 1552 2148 1555 -
2231 1509 2256 1548 ι
2288 1513 2382 1571 llic
2413 1515 2585 1572 victor
2613 1517 2812 1574 meruit
2831 1517 3088 1589 palmam,
3115 1518 3262 1590 prior
3288 1519 3374 1575 ille
3401 1534 3647 1575 coronam.

2757 1631 3064 1695 CARMEN.
3087 1633 3300 1689 XXVII.

2860 1728 2881 1759 ⁸
2908 1727 2987 1784 De
3026 1731 3224 1785 eodem.

2227 1816 2423 1888 Aspice
2444 1818 2785 1889 descensum,
2816 1837 3014 1880 cernes
3040 1824 3289 1880 mirabile
3309 1823 3524 1892 factum,

2225 1907 2546 1993 Sanctogum
2578 1924 2927 1971 monumenta
2952 1915 3103 1972 vides
3131 1916 3395 1987 patefacta
3422 1917 3689 1987 sepulcris:

2214 2029 2600 2106 et-Hyacintlto
2641 2035 2949 2106 martyribus
2989 2037 3128 2092 idem
3168 2036 3438 2103 Damasus,
3485 2047 3582 2093 etc.
3613 2035 3762 2092 Exstat

2215 2100 2372 2178 aliud
2403 2106 2733 2176 epigramma
2773 2100 2848 2163 'de
2913 2109 3104 2164 iisdem
3150 2115 3352 2165 sanctis
3389 2100 3451 2164 ei:
3498 2125 3602 2178 pag.
3644 2109 3762 2172 1175,

2219 2190 2275 2228 n.
2297 2175 2323 2227 1
2341 2175 2553 2251 I,_qnod
2587 2181 2720 2234 infra
2746 2182 3324 2251 reponemus,qnaudo
3350 2195 3400 2234 ot
3429 2175 3663 2235 Duronius
3677 2197 3766 2234 cum

2221 2249 2485 2322 superiori
2515 2253 2797 2316 conjunxit
2824 2269 2836 2303 :
2875 2250 3101 2322 Eratque
3126 2249 3314 2307 Roma:
3345 2253 3551 2307 illustris
3575 2253 3768 2304 memoria

2224 2317 2408 2373 horum
2469 2334 2793 2393 martyrum,
2851 2317 3027 2396 cujus'
3055 2327 3429 2394 confessionem
3486 2322 3768 2394 Symmachus

2225 2409 2362 2463 popa
2399 2398 2684 2469 exornaoit,
2717 2397 2864 2469 apud,
2889 2397 3221 2469 Anastasium
3262 2397 3493 2469 legimus.
3545 2396 3772 2469 Exstitisse

2224 2478 2354 2517 vero
2385 2466 2645 2521 credibile
2690 2478 2772 2521 est
2819 2467 2900 2521 via
2944 2468 3151 2524 Salaria
3194 2466 3388 2530 veteri.
3420 2471 3470 2522 in
3515 2468 3772 2523 cmmeterio

2225 2533 2460 2610 Dasium,
2509 2538 2599 2593 ubi
2633 2540 2820 2592 horum
2853 2550 3165 2594 sanctorum
3207 2541 3386 2596 natale
3433 2549 3621 2610 ponunt
3646 2537 3717 2592 dte
3747 2535 3775 2591 2

2225 2606 2582 2678 Septembris.
2609 2611 3050 2678 Martyrologium
3086 2612 3416 2678 Romanum,
3435 2606 3498 2666 'et
3527 2610 3716 2672 Adonis,
3737 2616 3777 2662 et

2227 2676 2444 2733 Notkeri
2483 2699 2494 2732 :
2543 2681 2636 2735 Via
2659 2676 2870 2737 Salaria
2895 2676 2946 2736 in
2967 2686 3256 2739 caemeterio
3297 2676 3522 2738 Basillaz.
3552 2679 3774 2738 Usuardus

2226 2762 2430 2814 autem,
2471 2752 2564 2806 Via
2594 2754 2826 2819 Salaria,
2861 2756 3205 2822 simpliciter.
3243 2756 3442 2811 Eorum
3490 2769 3643 2809 sacrm
3679 2751 3775 2807 reli-

2229 2823 2368 2892 quize
2399 2824 2499 2877 sub
2536 2825 2819 2881 Clemente
2848 2828 2982 2895 Papa
3011 2827 3161 2894 VIII,
3204 2830 3273 2881 ab
3308 2826 3530 2882 ecclesia
3552 2828 3602 2879 S.
3632 2823 3779 2895 Salva:

2230 2895 2365 2949 toris
2381 2911 2546 2966 prope
2577 2911 2792 2964 pontem
2827 2898 2884 2954 S.
2915 2892 3095 2954 Marha
3118 2892 3271 2954 trans
3294 2898 3528 2955 Tiberim
3543 2898 3708 2967 posita,
3730 2892 3781 2967 ad

2228 2969 2512 3041 ecclesiam
2551 2970 2610 3024 S.
2659 2969 2885 3041 Joannis
2916 2971 3172 3041 Baptista:
3216 2966 3780 3041 It‘loreutinmnationis,

2228 3039 2462 3110 solemni
2500 3056 2690 3110 pompa
2737 3040 2887 3097 fuere
2932 3036 3212 3098 translata:
3242 3059 3390 3098 anno
3435 3042 3629 3097 Domini
3660 3036 3782 3101 1592,

2228 3109 2606 3188 die_2f.luuii,
2632 3109 2808 3169 refert
2850 3115 3114 3169 Barouius
3147 3119 3198 3170 in
3235 3114 3627 3188 Martyrologio.
3651 3117 3695 3166 et
3711 3122 3785 3162 nos

2146 3181 2191 3246 C
2225 3182 2422 3257 oculati
2451 3193 2614 3238 testes
2645 3200 2851 3246 sumus.
2882 3195 3108 3257 eratque
3142 3189 3194 3242 in
3236 3181 3395 3242 dicta'
3425 3181 3671 3246 ecclesia,
3695 3194 3785 3250 Quae

2226 3253 2294 3327 S.
2335 3253 2632 3327 Salvatoris
2679 3258 2731 3312 in
2779 3258 2914 3325 pede
2965 3253 3143 3327 pontis
3195 3259 3378 3320 dicta,
3436 3263 3785 3312 monumentum

2228 3326 2382 3400 tale:
2416 3326 2522 3400 Sub
2567 3325 2663 3382 hoc
2709 3331 2884 3400 lapide
2923 3325 3252 3400 requiescunt
3294 3341 3581 3386 sanctorum
3617 3337 3789 3400 corpora

2229 3347 2334 3380 tate
2369 3347 2382 3378 :
2416 3347 2522 3380 ouo
2567 3347 2663 3382 noc
2709 3347 2760 3384 ta
2802 3347 2884 3383 tae
2923 3347 3252 3400 requiescunt
3294 3347 3581 3386 sanetorum
3617 3347 3789 3393 corpora

2229 3397 2721 3474 gloriosissimorum
2750 3347 2921 3464 grati,
2956 3411 3003 3455 et
3039 3402 3349 3474 lliacyntlti.
3378 3399 3666 3471 Superioris
3689 3408 3789 3449 Vero

2234 3471 2608 3538 IllSCl'Ip'iOttis
2640 3472 2875 3539 Damasi,
2908 3488 2971 3528 ac
3002 3471 3299 3536 marmoris
3331 3475 3570 3529 anterior
3597 3483 3704 3539 pars
3722 3481 3791 3518 cx-

2241 3551 2349 3594 stat
2379 3541 2553 3596 ailhuc
2587 3545 2636 3596 in
2676 3546 2901 3600 ecclesia
2932 3557 3250 3602 Sanctorum
3276 3547 3523 3615 Quatuor
3543 3544 3792 3615 Coronato-

2241 3628 2382 3675 rum,
2419 3617 2626 3680 reliqua
2651 3625 2804 3685 parte
2834 3628 3083 3672 recenter
3108 3614 3384 3687 suppleta.
3416 3619 3515 3672 hoc
3540 3614 3676 3668 titulo
3695 3623 3796 3678 puc-

2241 3688 2417 3754 posito
2451 3705 2462 3740 :
2503 3687 2871 3757 Fragmentum
2901 3687 3207 3744 Carminum
3241 3690 3305 3747 S.
3349 3688 3562 3743 Damasi
3587 3693 3798 3761 νίψει-(κ

2239 3752 2415 3827 templi
2437 3752 2746 3833 pavimento.
2780 3763 2861 3815 llic
2887 3763 3168 3833 repositum
3200 3772 3256 3816 et
3313 3752 3621 3831 suppletum.
3735 3752 3797 3806 his

2239 3830 2494 3886 nimirum
2563 3832 2820 3889 Palatinis
2881 3830 3238 3888 membranis.
3301 3830 3390 3890 De?
3431 3833 3592 3900 gestis
3644 3830 3796 3900 horutn

2238 3915 2550 3975 sanctorum
2583 3915 2876 3972 martyrum
2909 3907 3062 3975 plura
3096 3907 3379 3962 habentur
3422 3894 3477 3960 in
3512 3901 3735 3975 Martyrio
3756 3894 3799 3950 5ο

2239 3974 2498 4044 Eugeniae
2518 3977 2659 4048 apud
2684 3974 3126 4046 Metaphrastem.
3163 3995 3293 4048 qua:
3323 3989 3378 4032 et
3409 3976 3546 4046 apud
3574 3974 3802 4048 hippoma-

2240 4062 2367 4101 num
2397 4057 2528 4102 tom.
2571 4047 2636 4111 V,
2666 4044 2879 4102 Suriuiu
2906 4055 3042 4102 tom.
3071 4048 3140 4104 Vl
3175 4044 3235 4105 et
3265 4049 3326 4106 S.
3361 4044 3524 4105 etiam
3563 4044 3802 4113 Gregorius

2240 4119 2293 4174 in
2327 4118 2739 4189 Antiphonario,
2765 4130 2819 4175 et
2846 4120 2980 4175 libro
3011 4119 3532 4184 Sacramentorum,
3564 4122 3636 4189 de!
3653 4111 3802 4168 iisdem

2237 4194 2440 4248 sanctis
2462 4187 2794 4262 martyribus
2824 4192 3179 4261 antiphonam
3216 4204 3273 4250 et
3307 4193 3528 4249 Missam
3560 4187 3720 4243 habet.

2309 4318 2329 4348 ⁸
2370 4317 2448 4372 Ex
2492 4330 2611 4387 pag.
2647 4316 2809 4385 ιω,
2841 4329 2989 4372 num.
3021 4314 3075 4381 9,
3110 4323 3244 4386 post
3299 4313 3451 4370 aliud
3493 4310 3718 4384 superius
3738 4315 3805 4358 re-

2317 4453 2335 4491 ί
2370 4451 2728 4509 Einsildensis
2762 4449 3060 4507 monachus
3102 4451 3330 4507 videtur
3355 4452 3556 4522 legisse
3572 4445 3808 4522 adornant!

2239 4508 2382 4598 quod
2417 4541 2522 4580 non
2550 4524 2818 4598 disciplet.
2849 4523 3120 4598 Caeterum
3161 4523 3278 4598 alia
3309 4508 3478 4598 etian
3509 4518 3672 4598 lectio
3707 4508 3810 4598 nihil

2243 4583 2404 4654 liabet
2443 4597 2587 4667 quod
2636 4595 2902 4661 offendat,
2954 4596 2998 4649 si
3045 4610 3182 4652 Sane
3237 4595 3602 4665 intelligatur,
3638 4583 3806 4642 Paullo.

2240 4687 2423 4742 poeni.
2450 4685 2561 4729 χιχ.
2588 4683 2732 4723 vers.
2763 4668 2888 4732 305,
2923 4667 3124 4721 Veron.
3150 4669 3320 4721 edit.:

2430 4747 2492 4798 Et
2516 4748 2676 4811 magni
2700 4746 2878 4798 solium
2902 4745 3210 4798 Confessoris
3230 4747 3428 4798 adorat.

2315 4832 2339 4869 ε
2368 4821 2570 4876 Eorum
2603 4831 2898 4894 martyrum
2927 4821 3179 4889 sepulcro
3204 4822 3550 4894 inscriptum
3562 4813 3712 4894 fuisse
3729 4819 3813 4894 tes:

2244 4904 2386 4950 tatur
2418 4888 2774 4948 Einsildensis
2803 4888 3120 4954 Monachus,
3153 4895 3244 4947 cui
3279 4888 3484 4962 praeter
3512 4888 3813 4962 Ciampittttyl

2242 4967 2529 5023 subscribit
2547 4981 2671 5019 ven.
2687 4964 2834 5018 card.
2855 4951 3201 5031 'l‘homasi'us,
3222 4951 3385 5035 oper.
3414 4974 3547 5017 tom.
3565 4958 3626 5026 ν,
3649 4951 3694 5028 p.
3712 4951 3812 5009 465-

2243 5038 2363 5094 Vitl.
2389 5038 2457 5093 de
2491 5039 2702 5091 Damas.
2726 5035 2966 5090 Carolin.

2315 5110 2340 5147 ιι
2369 5109 2644 5164 Mabillon.
2677 5107 2796 5162 Vel.
2827 5107 2987 5162 Anal.
3018 5122 3071 5176 p.
3105 5107 3241 5174 563,
3277 5108 3611 5176 Serumque.

2321 5183 2340 5230 i.
2367 5181 2500 5237 Cod.
2540 5181 2764 5235 Palatio.
2795 5180 2934 5250 apud
2961 5179 3144 5244 Grut.,
3168 5178 3407 5236 Eorum.

2316 5255 2328 5303 i
2377 5253 2528 5321 Apud
2554 5253 2849 5313 llIabillon.,
2878 5253 3076 5322 telaque
3103 5264 3349 5306 cruenta.

2312 5323 2335 5362 ’ί
2376 5318 2573 5379 Vidi-as
2615 5323 2906 5395 aliquando
2956 5318 3009 5378 in
3057 5324 3424 5396 sarcophagis
3479 5322 3644 5396 alter_a
3693 5318 3818 5396 pall}

2237 5396 2559 5466 insculptum
2592 5381 2858 5467 palmam,
2883 5396 3053 5450 altera
3093 5381 3236 5450 vero.
3276 5381 3570 5451 cili-unam.
3599 5381 3822 5467 Eretum

2241 5459 2572 5538 habes-apud
2595 5459 2909 5523 Boldettum
2944 5469 3032 5522 lib.
3070 5483 3102 5522 ll
3123 5509 3137 5531 ,
3160 5479 3294 5535 cap.
3323 5469 3382 5532 9,
3420 5478 3477 5521 et
3504 5463 3639 5538 apud
3669 5459 3822 5538 Maras

2239 5542 2436 5596 torium
2467 5534 2615 5594 itum.
2654 5539 2718 5594 IV
2759 5539 3004 5607 Inscript.
3037 5542 3116 5594 An
3164 5534 3368 5611 igitur,
3396 5553 3508 5611 quo
3536 5534 3748 5611 Quisque
3768 5536 3822 5611 οξ

3887 1077 3896 1200 ἐ

2235 5613 2439 5669 sanctis
2488 5612 2745 5668 fratribus
2797 5602 2942 5666 loco'
2965 5612 3169 5680 positus
3191 5602 3432 5676 writer-it,
3459 5602 3712 5680 Damasus
3737 5602 3824 5677 ltot;

2234 5683 2504 5740 versiculo
2532 5685 2773 5740 iudicare
2803 5679 3009 5750 voluit?
3041 5683 3115 5738 Ita
3151 5681 3407 5738 videtur.
3447 5679 3584 5737 Huic
3607 5681 3822 5750 icarmml

2233 5755 2593 5813 Einsildensis
2635 5757 2930 5813 Monachus
2973 5755 3089 5812 haec
3119 5752 3282 5811 addit
3325 5772 3340 5808 :
3373 5749 3675 5826 Leopardus
3701 5755 3826 5816 pres-

2235 5829 2377 5902 byter
2407 5831 2625 5884 ornavit.

535 5625 717 5677 studio
747 5623 891 5677 docti
921 5634 977 5676 et
1001 5619 1240 5689 religiosi
1269 5616 1368 5671 viri
1391 5613 1667 5670 Francisci
1699 5615 1894 5670 Valesii
1930 5616 2128 5686 elapsis

535 5696 693 5750 annis
718 5695 978 5750 defuncti.

613 5776 636 5802 ο
677 5768 778 5833 Qui
829 5763 1060 5836 proinde
1085 5763 1306 5836 minime
1333 5759 1555 5836 dubito,
1607 5759 1735 5836 quin
1778 5757 2126 5836 Epitaphium

539 5835 644 5894 hoc
668 5831 786 5895 a'se
809 5831 1169 5907 compositum
1196 5831 1601 5892 inscribendum
1630 5831 1858 5890 dederit.
