3950 6330
248 206 352 263 401

244 323 505 398 Martyris
541 325 628 381 hic
655 326 804 385 Proti
838 330 1075 386 tumulus
1094 332 1239 403 jacet
1264 340 1424 406 atque
1446 334 1733 408 Hyacinthi
1757 382 1772 408 ,

244 421 431 505 Quem_
451 438 573 479 cum
598 424 918 496 jamdudum
952 437 1160 499 legeret
1182 446 1358 499 mons,
1391 441 1556 499 terra,
1578 433 1777 505 caligo,

247 528 276 557 δ
300 494 762 577 Ποδτιιεοάοι-υε
795 539 933 594 opus
962 528 1266 582 conStruxit
1294 529 1579 601 presbyter
1607 529 1816 587 instans

243 611 319 669 Ut
346 613 549 670 domini
574 616 788 686 plebem
818 631 981 687 Opera
1005 619 1211 690 majora
1243 630 1509 678 tenerem.

769 757 1054 816 CARMEN
1082 760 1322 817 XXVIII.

389 894 403 924 ¹
438 890 517 947 De
548 891 658 950 SS.
690 894 1004 966 martyribus
1035 894 1364 967 Chrysantho
1391 904 1437 949 et
1464 894 1629 949 Dario
1658 894 1707 948 ι).

232 1003 343 1061 llic
373 1006 511 1061 votis
541 1007 760 1077 paribus
787 1008 1051 1063 tumulum
1080 1008 1188 1063 duo
1219 1008 1435 1064 nomina
1459 1016 1678 1063 servant

307 1100 677 1174 Chrysanthi,
710 1105 904 1171 Darim,
938 1120 1082 1161 nunc
1113 1104 1453 1160 venerandus
1478 1103 1673 1158 honor.

228 1217 575 1301 ponendum,
605 1234 724 1301 cum
754 1228 807 1274 et
848 1219 1111 1301 Daronius
1151 1228 1419 1301 tamquam
1462 1219 1678 1273 Damasi
1719 1230 1841 1301 cum

225 1289 334 1361 illo
364 1290 728 1358 conjunxerit;
758 1292 918 1346 ambo
950 1307 1181 1361 namque
1210 1294 1594 1361 epigrammata
1626 1297 1751 1343 sunt
1776 1289 1845 1345 de

223 1360 334 1418 SS.
356 1362 521 1435 Proto
532 1374 583 1417 et
595 1362 920 1435 Hyacintho,
935 1379 998 1419 ac
1012 1360 1298 1419 Damasum
1320 1364 1419 1435 hoc
1435 1362 1596 1417 etiam
1612 1362 1838 1435 redolet.

304 1436 322 1465 ³
369 1433 509 1506 Sunt
552 1433 763 1490 Damasi
803 1450 1012 1497 versus.
1072 1436 1317 1506 Gregorii
1357 1434 1560 1489 Turou.
1603 1434 1843 1488 testimo-

220 1506 323 1580 nio
360 1506 418 1580 in_
449 1505 587 1562 libro
617 1506 705 1580 de_
726 1506 997 1563 MiraCulis
1028 1508 1079 1561 in
1122 1508 1362 1580 gloriam
1391 1516 1686 1580 martyrum
1719 1520 1837 1573 cap.

218 1578 322 1639 58.
354 1577 421 1631 ad
456 1580 641 1645 linem,
674 1577 803 1633 dum
856 1579 1094 1648 loquitur
1128 1577 1206 1633 'de
1251 1578 1473 1633 basilica
1528 1588 1839 1632 sanctorum

216 1649 567 1722 Chrysanthi
618 1660 670 1705 et
720 1651 917 1714 Dariae,
960 1651 1047 1706 his
1088 1651 1305 1706 verbis:
1341 1649 1599 1703 Damasus
1627 1650 1841 1722 antistes

220 1720 432 1776 sancta:
460 1722 594 1778 sedis
622 1724 919 1789 apostolica:
939 1724 1097 1795 jussit
1124 1722 1424 1794 diligentius
1450 1722 1648 1795 operire
1673 1720 1843 1789 fenes-

218 1804 371 1848 tram
403 1796 491 1847 ubi
517 1804 566 1849 et
592 1796 819 1849 versr'bus
868 1792 1124 1849 decoravit
1170 1792 1375 1855 locum,
1429 1792 1533 1847 etc.
1584 1792 1700 1846 Non
1753 1809 1841 1846 cx-

220 1866 454 1933 scripsit
504 1866 768 1922 Baronius
805 1876 863 1920 ut
892 1868 1063 1931 alios;
1107 1867 1354 1922 meminit
1397 1874 1572 1919 tamen
1622 1866 1672 1918 in
1705 1864 1838 1918 Mar-

222 1939 508 2009 tyrologio
534 1954 597 1992 ex
627 1938 892 2009 Gregorio
923 1940 1048 1991 dum
1094 1940 1168 1992 ait
1202 1955 1217 1994 2
1254 1936 1331 1991 De
1360 1953 1535 1991 eorum
1565 1952 1843 2009 corporum

233 2006 549 2074 inventione,
576 2020 622 2063 et
650 2010 712 2063 de
732 2006 993 2078 epitaphio
1028 2010 1091 2065 S.
1140 2009 1355 2063 Damasi
1389 2024 1539 2077 papa:
1564 2007 1632 2059 ad
1670 2006 1844 2073 sepul-

230 2097 387 2133 crum
407 2098 577 2135 eorum
601 2083 914 2149 conscripto,
935 2091 1035 2137 etc.
1056 2082 1379 2152 Colligimus
1404 2080 1678 2135 exstitisse
1707 2079 1845 2134 hanc

232 2152 517 2207 basilicam
568 2153 655 2208 vel
702 2164 943 2225 cryptam
978 2155 1058 2206 via
1103 2154 1308 2208 Salaria
1340 2168 1510 2225 ;n:im
1558 2152 1844 2225 legiturex

235 2225 472 2279 vetustis
496 2222 878 2295 manuscriptis
912 2226 1190 2280 codicibus
1237 2224 1376 2294 apud
1413 2223 1629 2279 Surinm
1665 2222 1728 2277 I7
1758 2222 1848 2295 Ja-

230 2296 419 2350 nuarii
447 2298 514 2351 de
546 2294 856 2352 inventioiie
886 2299 1056 2351 sancti
1106 2297 1357 2359 Diodori,
1406 2305 1461 2350 et
1489 2295 1718 2349 aliorum
1765 2294 1846 2347 his

235 2366 426 2443 verbis
461 2389 472 2425 :
500 2366 692 2443 Beatus
722 2370 877 2443 igitur
903 2366 1256 2441 Chrysanthus
1283 2378 1331 2443 et
1360 2365 1524 2420 Daria
1562 2368 1844 2443 virgo,ete.

242 2438 581 2513 Imperatoris
630 2436 771 2512 [aria
816 2451 958 2496 extra
1008 2436 1213 2513 portam
1284 2436 1848 2513 Romanteurbisvia

249 2508 464 2567 Salaria
488 2513 540 2566 in
562 2508 803 2567 arenario
846 2508 1096 2583 depositi,
1141 2523 1295 2576 terra,
1341 2520 1389 2565 et
1421 2510 1678 2583 lapidibus
1700 2508 1849 2583 gbrai

228 2585 380 2655 jussi
410 2593 521 2637 sunt
549 2586 666 2638 vivi.
702 2588 763 2639 Et
813 2580 973 2639 lectio
1006 2583 1232 2638 Romani
1280 2583 1536 2638 Bre\iarii
1578 2581 1648 2635 25
1682 2580 1851 2655 Octo-

240 2656 360 2709 bris
392 2654 501 2710 lucc
529 2658 692 2712 habet
725 2673 739 2711 :
784 2656 984 2710 Deinde
1012 2658 1063 2709 in
1096 2656 1382 2710 arenariarn
1408 2669 1523 2722 qua:
1549 2662 1623 2705 est
1645 2653 1726 2705 via
1751 2652 1853 2706 Sa-

241 2726 385 2780 laria
434 2739 639 2798 uterque
699 2728 907 2794 ductus,
956 2729 1148 2796 e/fossa
1198 2741 1335 2780 terra
1376 2725 1637 2798 lapidibus
1658 2723 1849 2798 obruti,

242 2744 385 2780 (arta
434 2744 639 2798 uterque
699 2744 907 2794 auctus,
956 2744 1148 2796 eﬂossa
1198 2744 1335 2780 terra
1376 2744 1637 2780 tanawus
1658 2744 1849 2787 oorutt,

242 2815 448 2872 parem!
469 2801 703 2872 martyrii
746 2817 988 2855 coronam
1028 2799 1201 2872 adepti
1248 2809 1387 2853 sunt.
1426 2744 1491 2851 Et
1537 2796 1853 2872 Martyrolo-

239 2871 396 2938 gium
430 2867 726 2927 Romanum
756 2872 896 2926 dicta
940 2873 1013 2927 ‘25
1049 2892 1076 2936 ε,
1106 2868 1251 2925 .Iussi
1297 2879 1415 2923 sunt
1456 2886 1487 2921 a
1529 2867 1853 2921 Numeriano

238 2943 559 3011 imperatore
580 2947 663 2998 via
694 2943 905 2999 Salaria
934 2945 989 2997 in
1018 2943 1256 2998 arenario
1308 2942 1515 3009 deponi,
1554 2950 1703 3009 atque
1745 2938 1855 2992 illic

241 3015 469 3068 viventes
497 3029 632 3070 terra
656 3026 703 3070 et
732 3015 989 3084 lapidibus
1026 3014 1190 3069 obrui.
1226 3014 1424 3068 Eadem
1458 3012 1729 3084 Usuarilus
1759 3026 1853 3084 ea-

242 3084 485 3156 demque
512 3088 619 3143 die.
653 3087 794 3143 Beda
837 3102 1000 3152 vero,
1044 3097 1097 3141 et
1144 3085 1259 3138 Ado

244 3154 428 3229 Gneo":
450 3160 612 3214 etiam
640 3162 691 3213 in
717 3159 1039 3229 Menologio,
1065 3159 1118 3212 in
1137 3158 1241 3209 vita
1266 3154 1404 3224 apud
1436 3154 1849 3229 Metaphrasteni

248 3228 322 3282 19
377 3231 581 3297 Martii;
634 3248 754 3300 qua:
802 3224 1033 3284 dierum
1067 3229 1372 3283 festivitatis
1427 3228 1660 3280 varietas
1705 3224 1854 3300 adie

250 3303 495 3374 martyrii
539 3296 1025 3365 aut—inventionis,
1061 3312 1150 3355 aut
1184 3300 1550 3374 trans_l:itionis
1581 3296 1725 3351 nasci
1758 3311 1854 3365 po-

254 3374 379 3426 tuit.
402 3370 478 3428 'Et
498 3374 793 3445 Gregorius
831 3375 1033 3429 Turon.
1067 3374 1276 3443 inquit:
1311 3370 1480 3423 Etiam
1510 3380 1741 3437 cryptam
1768 3386 1855 3421 su-

256 3461 348 3511 per
375 3446 446 3499 eis
472 3448 601 3500 miro
634 3462 788 3518 opere
818 3446 1154 3518 fabricatam,
1192 3459 1306 3518 qua:
1352 3446 1403 3496 in
1454 3458 1642 3518 arcani
1680 3450 1854 3518 postea

260 3519 627 3573 transvolutum
669 3512 990 3585 "firmissima
1057 3515 1333 3570 stabilitate
1409 3515 1731 3567 subsistebat.
1786 3512 1853 3585 Et

262 3591 571 3643 Anastasius
616 3593 667 3644 in
698 3584 976 3644 Hadriano
1003 3589 1185 3643 scribit
1212 3605 1224 3639 :
1258 3586 1383 3648 Sed,
1416 3596 1461 3639 et
1493 3585 1759 3638 basilicam
1787 3584 1849 3638 S.

265 3657 530 3715 Saturnini
554 3663 606 3716 in
632 3662 879 3727 prwdicta
910 3662 987 3715 via
1012 3659 1220 3715 Salaria
1242 3659 1461 3729 positam
1490 3674 1590 3709 una
1618 3672 1733 3709 cum
1757 3671 1856 3708 ca:-

264 3734 467 3803 ineterio
520 3745 817 3788 sanctorum
864 3730 1173 3803 Chrysanthi
1232 3728 1275 3803 et
1347 3728 1525 3783 Duriae
1557 3729 1853 3803 renovavit.

269 3802 382 3874 Alio
405 3815 579 3860 autem
611 3807 802 3860 ordine
840 3799 1035 3874 scripta
1067 3804 1233 3857 habes
1258 3802 1374 3855 haec
1401 3800 1640 3854 carmina
1663 3799 1853 3854 eodem

270 3873 400 3930 libro
430 3893 544 3947 pag.
594 3879 753 3943 1171,
782 3878 876 3932 sed
902 3873 970 3932 de
992 3886 1115 3929 octo
1144 3876 1390 3929 versibus
1416 3882 1649 3943 quatuor
1672 3879 1856 3941 poste-

275 3949 436 4002 riores
468 3950 864 4016 tantummodo,
906 3964 969 4003 ac
1000 3948 1194 4017 legitur
1220 3964 1233 4000 ε

302 4054 311 4061 ·
390 4046 581 4111 Pauper
608 4068 619 4096 t
641 4060 814 4098 xcrssu
840 4047 1017 4097 melius
1043 4055 1169 4093 nunc
1195 4044 1285 4092 ista
1310 4046 1595 4101 resurgunt.

284 4124 549 4199 Propterea
594 4147 661 4186 ex
691 4130 791 4185 hoc
845 4130 981 4184 libro
1010 4127 1258 4182 addimus
1314 4125 1532 4179 verbum
1568 4123 1716 4191 illud,
1754 4141 1858 4179 ine-

348 4252 369 4278 “
401 4243 507 4298 lloc
550 4246 713 4300 etiam
756 4258 974 4297 carmen
1016 4240 1226 4295 Damasi
1257 4255 1379 4295 esse
1418 4238 1590 4308 stylus
1621 4237 1854 4306 prohat:

289 4313 495 4371 alterum
538 4318 717 4385 itaque
760 4315 1074 4371 earumdem
1103 4321 1741 4385 SﬂthlOfUﬂl_lllﬂrlyrllm
1769 4319 1855 4363 tit-

292 4389 437 4448 mulo,
459 4382 685 4443 alterum
718 4405 844 4442 vero
871 4402 1057 4442 eorum
1080 4386 1392 4439 caemeterio
1414 4382 1682 4437 Theodori
1708 4398 1857 4449 pres-

294 4456 443 4527 byteri
466 4475 589 4514 cura
621 4462 877 4529 ampliato
916 4455 1429 4529 inscriptumfuisse
1462 4466 1610 4529 puto.
1642 4453 1857 4509 Creme—

300 4525 395 4601 terii
426 4534 592 4586 locum
625 4525 913 4601 descripsit
942 4528 1286 4583 Boldett.lib.
1317 4543 1371 4583 II.
1403 4525 1635 4601 cap._i8.

356 4600 378 4639 δ
406 4603 516 4658 Vid.
554 4605 621 4659 de
662 4597 875 4658 Danias.
920 4604 1147 4657 carmiu.
1191 4614 1257 4653 ne
1285 4614 1406 4669 quae
1435 4614 1500 4653 eo
1531 4598 1651 4653 Ioco
1672 4597 1857 4653 obser-

300 4682 394 4727 vata
421 4691 447 4728 a
476 4692 561 4731 me
592 4689 738 4740 sum,
766 4677 960 4729 iterum
984 4682 1247 4741 repetam.

360 4760 375 4779 τ
405 4747 472 4800 Ita
504 4763 647 4803 nunc
672 4749 863 4818 legitur
895 4740 1125 4818 lapidari
1147 4784 1172 4818 ,7
1195 4752 1285 4796 aut
1317 4740 1676 4818 exscriptoris
1703 4740 1857 4810 vitio,

304 4830 399 4871 cum
420 4818 555 4875 ferte
581 4813 748 4874 scribi
775 4813 1047 4873 debuisset
1084 4815 1258 4881 E/fera
1284 4830 1395 4885 qtae
1417 4813 1623 4867 rabies!

356 4886 377 4924 δ
404 4890 540 4953 Lege
592 4891 841 4945 tumulus.
886 4888 944 4944 In
990 4888 1255 4958 lapidibus
1287 4883 1429 4940 enim
1463 4902 1491 4938 ο
1527 4900 1622 4951 pro
1653 4901 1685 4937 ει
1717 4883 1859 4939 haud

304 4976 402 5016 raro
423 4983 433 5017 :
456 4964 542 5020 Sic
562 4964 709 5017 οπονὶ
741 4978 838 5033 pro
865 4961 1036 5023 uxori,
1054 4959 1267 5013 avonclo
1290 4974 1387 5028 pro
1415 4958 1691 5021 avunculo,
1720 4972 1863 5011 seeos

332 5050 379 5087 Π)
401 5052 558 5090 secus.
812 5082 813 5087 η

332 5050 379 5087 ro
546 5076 558 5088 .
812 5082 813 5087 η

303 5047 328 5103 p
359 5118 379 5143 ε
401 5052 613 5163 Deftmsasi
656 5107 863 5161 scilicet
908 5102 1173 5172 pecunia;
1207 5102 1475 5172 siquidem
1510 5100 1655 5172 illum
1686 5098 1865 5152 Mauri

303 5181 537 5235 tumulum
563 5180 842 5232 oruavisse
864 5171 1108 5248 legimus.
1134 5174 1324 5248 eodem
1341 5189 1468 5248 rqqu
1487 5171 1864 5248 Chrysanthus

303 5259 344 5303 ct
371 5252 537 5312 Daria,
569 5251 687 5305 loco
719 5242 971 5319 positum.
1004 5242 1501 5319 Maluiesburiensis
1526 5242 1673 5319 apud
1701 5242 1863 5296 Blan-

304 5324 423 5377 cliin.
466 5323 532 5376 ad
584 5315 833 5375 Anastas.
877 5335 1064 5390 opusc.
1101 5316 1169 5373 M
1195 5360 1209 5381 ,
1234 5317 1337 5390 Χία
1365 5315 1657 5390 Salaria'in
1690 5318 1856 5390 altera

305 5396 503 5450 ecclesia
529 5403 693 5449 sunt:
724 5386 1111 5464 Chrysanthus,
1144 5402 1189 5442 et
1223 5387 1392 5464 Daria
1408 5430 1421 5451 ,
1454 5386 1862 5464 etSaturlrinus,

302 5478 338 5519 et
358 5466 602 5532 Maurus,
631 5476 676 5519 et
706 5457 899 5519 Iason.
932 5476 978 5517 et
1023 5462 1189 5516 Mater
1220 5459 1445 5515 Ililaria.
1477 5459 1638 5532 Card.
1664 5457 1861 5532 Thom.

298 5554 427 5607 oper.
482 5528 614 5593 tum.
664 5535 737 5600 Il,
787 5556 836 5605 p.
872 5535 1110 5607 518ίςιιι
1153 5529 1631 5607 kalend.__dccemb_.
1682 5528 1871 5607 Natale

299 5601 390 5668 S'S.
438 5608 578 5664 MM.
613 5601 923 5675 Saturnini,
965 5604 1304 5678 Chrysanthi,
1341 5602 1551 5670 Mauri,
1586 5601 1793 5669 Daritc,
1823 5611 1870 5656 et

294 5685 503 5739 aliorum
532 5683 615 5735 via
646 5680 852 5736 Salaria
871 5680 927 5734 in
960 5678 1258 5747 Thrasonis.
1636 5746 1641 5747 γ
1716 5746 1719 5747 ν

352 5755 373 5793 ί
415 5754 472 5809 In
518 5752 777 5808 Vaticano
818 5746 1149 5819 cod.5860,
1204 5750 1379 5820 primo
1420 5748 1538 5802 loco
1563 5746 1874 5802 referUntur

1706 219 2009 281 CARMINA
2022 267 2035 282 .

1302 3087 1477 3160 prima
1518 3082 1848 3160 Decembris;
1881 3097 1925 3160 C

1883 4554 1934 4614 D

3452 245 3562 305 4οΞ

1871 343 1925 403 Α
1958 351 1979 380 ο
2015 342 2195 401 Effera
2219 360 2381 417 quem
2421 349 2602 407 rabies
2623 393 2636 417 ,
2668 353 2918 424 neglecto
2933 355 3058 426 jure
3087 357 3327 428 sepulcri

2104 439 2427 499 Sanctorum
2456 443 2484 482 τι
2518 448 2755 504 tumulos
2782 452 2964 521 praeda
2991 451 3221 509 furentis
3248 464 3388 513 erat.

1956 542 1980 571 θ
2013 533 2276 605 Pauperis
2307 553 2373 593 ex
2400 554 2567 596 censu
2593 542 2785 598 melius
2815 560 2957 600 nunc
2987 546 3087 601 ista
3120 559 3429 620 resurgunt,

2082 630 2276 709 'Divite
2302 633 2396 688 sed
2419 645 2546 691 voto
2570 637 2685 706 plus
2710 638 2970 709 placitura
3000 641 3130 697 Deo.

1952 723 2153 796 Plange
2177 734 2321 781 tuum
2345 771 2357 792 ,
2383 727 2529 784 Gens
2553 747 2693 787 saeva
2713 774 2727 797 ,
2752 732 2938 800 nefas;
2969 735 3180 805 periere
3206 735 3421 794 furores
3440 780 3454 803 ,

2022 815 2206 875 Crevit
2233 820 2397 876 in'his
2422 823 2636 893 templis
2662 840 2763 895 per
2786 837 2871 881 tua
2902 827 3098 883 damna
3126 828 3313 885 decus.

2485 916 2775 975 CARMEN
2814 920 3011 978 XXIX.

2340 1011 2360 1040 ’
2389 1010 2471 1066 De
2502 1011 2562 1067 S.
2597 1014 2786 1084 Agnete
2827 1014 3060 1087 Martyre
3086 1016 3131 1073 ί.

2029 1101 2192 1157 Fama
2221 1101 2389 1158 refert
2413 1103 2642 1160 Sanctos
2668 1105 2866 1177 dudum
2895 1108 3148 1165 retulisse
3177 1120 3434 1181 parentes
3526 1112 3533 1119 ’

1957 1216 2079 1297 lius,
2105 1226 2161 1271 ut
2188 1217 2398 1289 integer
2422 1218 2491 1273 sit
2510 1235 2750 1297 versus;
2770 1222 2884 1297 illic
2909 1230 3087 1297 autem
3112 1225 3304 1294 legitur
3328 1243 3558 1297 excessu,

1952 1288 2040 1366 hic
2070 1303 2196 1366 vero
2225 1305 2289 1344 ex
2316 1288 2841 1366 censn.Num.etiain
2867 1295 2932 1349 14
2965 1288 3206 1366 ejusdem
3241 1298 3351 1353 folii
3382 1288 3558 1357 solum

1950 1362 2129 1431 priora
2166 1361 2272 1415 duo
2326 1371 2453 1417 sunt
2491 1365 2756 1429 carmina,
2780 1376 2831 1421 et
2867 1361 3061 1438 legitur
3098 1384 3259 1425 versu
3288 1373 3556 1428 secundo:

2074 1464 2381 1529 Chrysanthi,
2406 1469 2577 1529 uariae,
2602 1481 2715 1517 nam
2749 1470 3061 1520 venerandus
3083 1471 3264 1535 honor;

1950 1563 2013 1604 ac
2070 1548 2699 1627 duo_scquentia__cum
2746 1552 2853 1608 alio
2936 1556 3321 1627 epigrammate
3394 1558 3555 1613 etiam

1951 1635 2071 1699 pag.
2110 1620 2268 1699 It7l.
2329 1638 2478 1699 num.
2528 1623 2617 1699 1ξΣ
2656 1625 2931 1699 Quorum_
2958 1620 3271 1681 sanctorum
3328 1644 3554 1699 corpora

1872 1698 1977 1757 Ba
2032 1693 2309 1762 Stephano
2357 1693 2500 1769 Papa
2551 1694 2655 1760 Vl,
2708 1712 2850 1769 anno
2904 1696 3118 1753 Domini
3162 1700 3289 1762 886,
3344 1693 3555 1769 pontiﬁ-

1945 1773 2098 1821 catus
2146 1780 2287 1841 anno
2336 1766 2508 1841 primo
2564 1781 2693 1841 cum_
2751 1768 2869 1821 aliis
2911 1770 3156 1841 reliquiis
3218 1766 3432 1828 inventa
3489 1789 3557 1828 ex

1946 1852 2118 1910 eoque
2151 1837 2267 1910 loco
2292 1838 2551 1910 translata
2589 1841 2639 1893 in
2673 1839 2925 1894 Lateran.
2964 1837 3243 1910 palatium,
3276 1855 3331 1896 et
3358 1844 3425 1898 ad
3458 1845 3554 1900 ba-

1947 1909 2153 1981 silicam
2184 1907 2281 1963 SS.
2314 1906 2410 1964 Xll
2441 1908 2847 1973 Apostolorum,
2885 1923 2939 1965 et
2966 1906 3130 1977 alibi,
3172 1906 3436 1981 condidit,
3491 1931 3555 1970 ac

1947 1980 2175 2048 largitus
2201 1988 2302 2040 cst.
2336 1988 2394 2034 ut
2426 1981 2651 2035 habetur
2680 1983 2731 2036 in
2759 1983 2982 2037 historia
3026 1986 3354 2041 inventionis
3396 1980 3556 2042 sanc-

1950 2062 2125 2125 torum
2159 2050 2379 2125 Diodori
2410 2064 2462 2106 et
2491 2052 2721 2107 aliorum
2765 2056 2903 2123 apud
2933 2055 3149 2110 Snrium
3183 2066 3330 2111 torno
3370 2057 3426 2125 l,
3465 2059 3556 2114 die

1950 2123 2018 2177 17
2066 2125 2269 2176 mensis
2299 2122 2569 2187 Januarii,
2595 2125 2662 2179 de
2699 2122 2813 2193 qua
2844 2126 3004 2180 etiam
3035 2129 3226 2182 Petrus
3260 2131 3310 2183 in
3343 2122 3557 2185 Catulo-

1948 2210 2017 2265 ει)
2046 2194 2136 2248 lib.
2171 2210 2219 2260 t,
2254 2210 2373 2263 cap.
2423 2195 2510 2249 19..
2555 2197 2795 2264 Quorum
2824 2197 2986 2251 etiam
3030 2209 3340 2255 sanctorum
3374 2199 3555 2265 Chry-

1950 2261 2124 2321 sautlii
2170 2278 2219 2319 et
2252 2261 2427 2320 Duriae
2477 2261 2646 2321 altare
2678 2270 2728 2321 in
2770 2268 2992 2323 basilica
3034 2270 3284 2326 Lateran.
3325 2275 3424 2326 sub
3455 2261 3553 2326 ah-

1944 2338 2069 2409 ‘side
2104 2336 2223 2401 fuit,
2270 2337 2321 2391 in
2377 2352 2484 2407 quo
2528 2338 2765 2407 ipsorum
2816 2355 3041 2409 corpora
3092 2344 3370 2397 recondita
3422 2345 3552 2398 oliui

1952 2408 2198 2481 fuerant;
2246 2409 2340 2481 sed
2382 2425 2503 2463 cum
2535 2421 2797 2481 tempore,
2822 2408 3187 2480 qnoECrlesia
3220 2415 3422 2470 corruit
3450 2415 3551 2470 sub

1951 2480 2229 2549 Stephano
2256 2479 2323 2535 VI
2365 2479 2657 2549 pollutum,
2682 2495 2735 2537 et
2765 2479 3001 2537 dirutum
3049 2485 3258 2551 fuisset,
3294 2487 3552 2541 translata

1954 2561 2081 2630 sunt.
2108 2554 2157 2605 in
2189 2555 2485 2630 oratorium
2523 2556 2582 2630 S_.
2611 2554 2825 2630 Μεινίῳ,
2867 2562 2922 2609 et
2948 2555 3015 2630 S._
3050 2556 3557 2630 Pancratiiniariy-

1954 2625 2060 2686 ris,
2090 2624 2232 2691 quod
2280 2635 2394 2679 erat
2440 2624 2492 2678 in
2540 2625 2730 2679 dextro
2780 2626 2949 2681 latere
3001 2627 3259 2693 basiliczc,
3292 2629 3379 2684 ubi
3412 2624 3555 2684 nunc

1955 2698 2249 2769 sacrarium
2296 2705 2400 2756 est,
2450 2696 2628 2769 ibique
2671 2698 2772 2751 sub
2801 2699 2968 2769 altare
2997 2700 3165 2769 ipsius
3201 2698 3422 2755 oratorii
3470 2717 3557 2756 re-

1955 2768 2169 2840 condita
2194 2774 2335 2840 sunt,
2362 2774 2421 2821 ut
2445 2768 2631 2822 scribit
2654 2768 2948 2823 Panviuius
2970 2768 3038 2825 de
3058 2781 3266 2840 septem
3296 2772 3556 2827 Ecctesiis

1958 2839 2011 2913 i_n
2046 2840 2213 2913 sancti
2256 2839 2480 2913 Joannis
2506 2840 2747 2913 templo;
2789 2840 2953 2895 refert
2997 2839 3171 2898 tamen
3206 2844 3458 2913 Sigonius
3487 2844 3555 2899 de

1959 2908 2146 2981 Regno
2190 2910 2352 2965 Italia:
2404 2910 2496 2965 lib.
2532 2908 2627 2975 Vt,
2668 2912 2770 2967 sub
2824 2926 2967 2967 atino
3011 2914 3137 2978 917,
3188 2908 3554 2969 Αάἷξιτιιιύνιιηι

1958 2984 2283 3057 episcopum
2331 2983 2681 3057 Regienscm_
2721 2993 2904 3037 sancta
2962 2994 3259 3057 martyrum
3327 3002 3555 3055 corpora

1960 3054 2287 3129 Chrysanthi
2317 3066 2370 3109 et
2401 3056 2569 3129 Darizc
2597 3070 2624 3107 a
2660 3054 2987 3129 Bcrengario
3016 3054 3298 3129 impetrata
3331 3058 3554 3129 Regium

1958 3126 2292 3199 deportasse,
2328 3143 2447 3194 quas
2484 3128 2534 3180 in
2559 3126 2698 3181 hanc
2728 3142 2899 3196 usque
2930 3128 3070 3199 diem
3102 3128 3394 3199 Regienses
3418 3126 3555 3183 reli-

1955 3198 2114 3266 gione
2142 3199 2405 3268 praecipua
2439 3208 2782 3252 venerantur.
2832 3200 2897 3251 Et
2925 3199 2975 3252 in
2999 3198 3199 3254 officiis
3224 3201 3395 3255 sacris
3422 3202 3555 3255 civi-

1959 3271 2083 3322 tatis
2123 3268 2275 3339 Regii
2351 3269 2617 3323 habentur
2663 3270 2953 3336 lectiones,
3002 3278 3056 3325 et
3106 3272 3157 3324 in
3205 3273 3559 3327 translatione

1956 3341 2271 3395 earumdem
2306 3353 2636 3403 sanetorum,
2659 3341 2745 3394 ubi
2782 3341 2978 3403 legitur
3007 3356 3149 3395 anno
3177 3343 3386 3397 Domini
3416 3342 3554 3409 9I5,

1956 3426 1985 3464 a
2007 3410 2213 3466 Joanne
2240 3411 2289 3466 X
2314 3428 2443 3482 papa
2474 3413 2852 3482 Berengarium
2881 3413 3074 3466 horum
3098 3427 3407 3469 Sanetorum
3436 3431 3556 3468 cor-

1956 3496 2088 3557 pora
2120 3483 2460 3553 impetrasse,
2494 3485 2594 3555 ipsi
2627 3499 2754 3540 vero
2798 3484 3053 3540 Adelardi
3092 3486 3334 3556 episc0pi
3378 3488 3555 3557 preci~

1956 3555 2054 3609 bus
2096 3570 2370 3609 concessa.

2035 3628 2072 3698 '7
2102 3627 2214 3681 Duo
2270 3628 2385 3681 hmc
2428 3628 2713 3697 sequentia
2755 3627 3139 3698 epigrammata
3180 3628 3399 3683 Damasi
3438 3643 3559 3683 esse

1959 3696 2034 3771 ait
2059 3697 2323 3771 Baronius
2353 3701 2404 3753 in
2432 3696 2811 3771 Ma’rtyrologio
2839 3700 2902 3754 91
2941 3700 3203 3765 Januarii,
3235 3716 3298 3755 ac
3330 3701 3430 3754 sub
3457 3715 3558 3754 no-

1946 3769 2105 3824 .miue
2149 3770 2363 3824 Damasi
2403 3773 2456 3825 in
2506 3769 2734 3839 corpore
2784 3784 3031 3827 veterum
3083 3781 3360 3842 poetarum
3412 3771 3555 3826 edita

1960 3851 2107 3915 sunt.
2151 3842 2307 3897 Prius
2344 3842 2520 3915 estde
2560 3845 2819 3915 martyrio
2852 3845 2909 3898 S.
2951 3843 3192 3913 Agnetis,
3237 3844 3391 3913 cujus
3438 3858 3560 3913 pas-

1960 3914 2167 3995 sionem
2215 3925 2270 3969 et
2318 3914 2641 3970 Prudentius
2691 3914 2892 3987 hymno
2938 3922 3039 3971 hoc
3088 3915 3416 3987 pereleganti
3466 3930 3559 3970 ce-

1954 3996 2091 4040 Clml
2120 4005 2135 4041 ε

2083 4079 2256 4143 Agnes
2276 4079 2557 4143 sepulcrum
2579 4086 2656 4129 est
2674 4078 2912 4143 Romulea
2936 4080 2988 4128 in
3005 4079 3165 4140 domo,

2083 4140 2249 4191 Fertis
2269 4140 2446 4205 puellae
2466 4144 2689 4206 martyris
2708 4141 2920 4205 inclytte.

1965 4259 2155 4318 versus
2205 4250 2256 4303 in
2300 4249 2487 4303 abside
2528 4249 2764 4304 basilicm
2796 4250 2923 4303 olim
2956 4249 3197 4318 inscripti
3243 4246 3347 4303 hoc
3379 4248 3559 4302 titulo:

1973 4316 2165 4373 Versus
2203 4318 2556 4375 Constantina:
2598 4318 2922 4374 Constantini
2942 4321 3087 4387 ﬁliae
3110 4316 3289 4388 scripti
3308 4320 3357 4373 in
3387 4320 3563 4374 abside

1964 4388 2210 4517 basélicte,
2233 4409 2385 4463 quam
2399 4391 2627 4446 condidit
2655 4393 2707 4446 in
2737 4391 2982 4446 honorent
3005 4392 3067 4447 S.
3089 4391 3279 4463 Agnes,
3311 4400 3369 4447 ut
3397 4394 3560 4449 etiam

1965 4477 2016 4515 tn
2094 4475 2306 4517 rutero:
2682 4493 2686 4497 -
2970 4476 2975 4481 '

1965 4477 2016 4515 In
2044 4475 2306 4519 UPIIIBI‘OI
2682 4493 2686 4497 ·
2970 4476 2975 4481 ’

2055 4555 2365 4623 Constantina
2384 4556 2546 4608 Deum
2567 4568 2829 4623 venerans,
2856 4558 3149 4623 Christoque
3170 4559 3327 4610 dicata
3346 4594 3361 4619 ,

2056 4619 2295 4685 anibus
2321 4622 2934 4685 impensisdevotameutc
2959 4619 3156 4685 paratis,

2057 4681 2269 4749 ljumine
2285 4681 2450 4749 divino
2469 4683 2696 4749 multum,
2721 4681 3013 4749 Christoque
3026 4681 3252 4749 juvanle,

2058 4744 2282 4809 Sacravit
2304 4747 2540 4808 templum
2564 4748 2776 4795 victricis
2802 4744 3002 4808 virginis
3026 4744 3224 4809 Agnes,

2059 4807 2373 4872 Templorum
2398 4807 2527 4870 quod
2549 4810 2697 4858 vineit
2713 4822 2856 4872 Opus,
2878 4807 3180 4871 terrena—que
3201 4811 3386 4872 juncta,

2061 4870 2225 4935 Aurea
2248 4871 2265 4891 θ
2288 4885 2399 4920 nam
2420 4872 2619 4935 rutilant
2641 4873 2814 4935 summi
2836 4870 3025 4935 fastigia
3047 4870 3163 4922 tecti
3191 4888 3205 4925 :

2060 4932 2252 4996 ljomen
2278 4935 2410 4983 enim
2434 4934 2609 4996 Christi
2637 4933 2919 4982 celebratur
2937 4932 3139 4983 sedibus
3160 4936 3282 4996 istis,

2063 4994 2347 5058 Tartaream
2372 4995 2507 5045 solus
2531 4997 2689 5057 potuit
2705 4997 2789 5058 Qui
2813 4996 3012 5046 vincere
3036 5004 3264 5055 mortem,

2069 5056 2293 5121 Invectus
2314 5058 2459 5116 oculo,
2484 5056 2933 5121 selusqtieinferre
2958 5060 3272 5121 triumphum,

2062 5120 2251 5169 Nomen
2276 5121 2433 5171 adhuc.
2453 5120 2701 5181 referens,
2728 5129 2778 5171 et
2803 5134 2998 5183 corpus,
3024 5128 3077 5170 et.
3092 5120 3254 5171 Omnia
3269 5121 3493 5170 membra

2063 5186 2101 5232 A
2130 5185 2299 5232 mortis
2318 5184 2559 5244 tenebris,
2582 5192 2633 5232 et
2656 5197 2782 5233 caeca
2809 5193 2950 5233 nocte
2978 5185 3155 5233 levata.

2061 5245 2275 5310 Dignum
2300 5248 2341 5265 “
2369 5248 2530 5309 Agnes
2553 5259 2749 5303 munus,
2767 5254 2946 5310 martyr
2964 5246 3241 5310 devotaque
3260 5244 3469 5309 Christo,

2060 5307 2334 5381 Exppibns
2353 5307 2530 5358 nostris
2552 5322 2643 5371 per
2658 5310 2835 5381 saecula
2853 5307 2995 5381 longa
3021 5309 3219 5381 tenebis
3243 5346 3257 5369 ,

2071 5370 2111 5422 Ο
2136 5368 2253 5420 felix
2279 5372 2426 5435 virgo
2443 5368 2747 5422 memorandi
2771 5368 2981 5421 nominis
3006 5370 3191 5433 Agnes!

2048 5463 2183 5517 Tum
2217 5464 2395 5517 statim
2425 5458 2541 5529 ,'ac
2572 5462 2880 5516 immediate
2911 5462 3106 5526 legitur
3130 5476 3346 5515 carmen
3376 5461 3433 5517 S.
3470 5460 3575 5515 Da-

1977 5537 2110 5591 masi
2145 5538 2207 5589 iis
2238 5535 2407 5589 ferme
2434 5535 2636 5603 verbis,
2665 5534 2859 5603 quibus
2892 5534 3068 5588 adhuc
3090 5541 3264 5586 exstat
3291 5533 3454 5603 lapidi
3487 5534 3570 5587 in-

1978 5609 2148 5664 cisum
2194 5607 2247 5662 in
2291 5608 2479 5663 eadem
2502 5606 2731 5661 Basilica
2756 5646 2770 5671 ,
2822 5604 2911 5660 tibi
2946 5605 3077 5660 illud
3120 5604 3315 5660 iterum
3347 5607 3573 5661 contuli.

2045 5752 2062 5768 ‘
2096 5751 2211 5800 Cod.
2236 5763 2362 5813 qua.
2386 5775 2447 5785 ——
2468 5750 2507 5771 “
2534 5747 2650 5798 Cod.
2667 5744 2836 5810 igitur.
