3850 6334
68 301 155 358 υ
168 304 212 360 7
1595 302 1946 363 ADDENDA.
3314 307 3421 370 “8

68 437 124 491 Τ
132 451 281 494 ntus
309 449 431 497 erat
456 444 470 474 ι
502 440 686 512 pulsus
708 440 776 497 de
797 455 1008 497 summo
1033 439 1271 495 culmine
1307 438 1543 495 lirmanti
1736 445 1784 503 Α
1888 438 2128 508 Impetus
2153 435 2417 507 horroris,
2439 447 2493 497 et
2516 455 2699 514 myrra
2724 441 2961 514 saporis,

164 534 457 606 Eligimur
481 536 641 592 sociis
660 535 823 606 gratis
856 535 1171 592 honorifice.
1888 530 2072 602 Spina:
2095 532 2342 597 terroris,
2368 533 2460 601 fel,
2487 534 2643 605 clavi,
2671 535 2848 607 palor,
2878 546 2932 593 et
2952 536 3160 593 doloris

67 621 315 696 Pasqua
352 630 373 659 ³
404 627 643 699 lanigerii
667 629 861 683 ﬂorent
880 629 997 684 sine
1020 627 1206 683 limine
1234 643 1415 683 morea
1889 626 2132 694 Clamor,
2163 628 2413 684 mmroris
2440 644 2629 700 aequa,
2665 630 2875 699 lancea,
2905 641 3055 704 gutta
3085 632 3296 689 cruoris
3328 649 3342 687 :

164 717 325 774 Ecce
350 720 513 791 quies
543 721 728 776 dubito
750 737 856 777 non
884 721 955 776 ibi
985 722 1141 792 plena
1166 722 1303 778 fore.
1889 721 1998 778 Cor
2028 722 2329 793 peccatoris
2351 721 2550 796 frangit
2573 724 2659 796 pia
2688 725 2838 797 signa
2870 728 3090 784 amoris.

68 806 316 866 Rumor
346 812 530 868 celsus
558 814 660 869 erit
688 829 854 885 regno
883 829 1004 869 cum
1035 830 1132 870 nos
1160 814 1491 886 gradiantur;

159 902 387 960 Terror
406 906 510 962 erit
541 906 722 977 lapsis,
755 916 813 961 ut
839 908 1007 962 bonus
1035 908 1139 963 alta
1164 908 1319 979 petit.
1820 973 1833 979 _
1894 902 2056 957 Nota.
2089 902 2203 958 Hoc
2224 911 2437 959 erutum
2484 902 2583 979 l'uit
2610 919 2677 979 ex
2699 906 2900 979 codice
2941 916 3129 964 nostro
3168 918 3417 967 cartacco

1820 973 1873 1050 in
1905 986 2116 1050 quarto,
2148 984 2208 1030 ut
2228 976 2588 1050 communiter
2608 976 3059 1050 dicitur,signato
3086 980 3125 1035 Ι.
3158 980 3222 1036 Ν.
3254 982 3414 1047 1000.

68 994 478 1069 Volverequis
501 1001 698 1071 poterit
724 1001 985 1057 ctelorum
1003 1004 1220 1072 praemia
1245 1001 1414 1057 dicta?
1820 994 1873 1057 Ψ
1905 994 2116 1043 ⁴¹¹¹³Γ¹⁰ν
2148 994 2208 1030 “"
2228 994 2588 1059 comm9"“.er
2608 994 2822 1042 ⁰³⁶¹¹¹¹Γν
2848 994 3066 1064 5'3"“0.
3086 994 3125 1035 ¹”
3158 994 3222 1036 1"
3254 994 3414 1065 Ψυυο

158 1090 339 1117 an.“
401 1093 561 1117 AL“-
584 1093 745 1117 “ﬂ”
800 1095 979 1117 “At”
1012 1095 1258 1117 ,ΜΛ-Μ
1295 1096 1429 1117 μη,
1821 1061 1875 1101 ιη
1904 1062 2010 1117 quo
2047 1047 2244 1117 adsunt
2292 1046 2652 1101 Medttattones
2688 1048 2750 1104 Β.
2811 1049 3064 1106 Bernardi
3110 1052 3307 1110 abbatis
3351 1055 3415 1109 de

158 1090 364 1159 salve:
398 1093 563 1149 Char"
584 1093 764 1161 Ρδιετν
799 1095 982 1164 πεῖρε
1007 1095 1263 1167 αυοόιιυθ
1294 1096 1451 1167 ῐνοιῖδ·
1814 1090 2051 1185 pugione
2100 1116 2292 1201 Christi
2318 1135 2472 1190 super
2514 1127 2704 1191 septem
2738 1090 2897 1177 .horivs'
2927 1090 3416 1182 catm.ni:isv;;ecult;

709 1207 986 1264 CARMEN
1014 1210 1099 1266 ιιι,
1816 1204 1911 1244 xw
1934 1201 2264 1261 conscripto.

575 1300 655 1357 De
685 1317 833 1372 ρωηα
864 1301 1240 1375 ηεάεηφιονεε,
1851 1282 2183 1375 Δβοιιξιιιιξιιιῑ
2210 1282 2408 1375 eruditi
2440 1286 2855 1375 carm‘ennt't.lde
2884 1291 3258 1375 cognomentis
3295 1291 3416 1375 sal-

154 1390 346 1449 Pmna
390 1356 776 1466 Redemptoris
805 1396 903 1451 fuit
934 1356 1348 1467 hzec'viaplena
1378 1398 1586 1454 doloris
1616 1415 1635 1453 :
1812 1356 2016 1481 nigris
2043 1369 2164 1426 pag‘
2212 1356 2318 1413 5‘6
2359 1357 2501 1429 apud
2551 1356 2895 1415 Gallandium
2938 1356 3189 1433 ξυνετίθει
3228 1363 3419 1420 ¹³⁰ἀ³”

155 1485 373 1557 Sputa,
405 1488 637 1560 ﬂagella,
672 1488 825 1555 foris,
865 1504 1036 1555 crux,
1064 1491 1285 1561 spongia
1317 1489 1538 1547 furoris.

156 1627 175 1657 ¹
236 1625 421 1706 Totus
436 1640 553 1706 erat
576 1627 782 1686 Desinit
820 1644 1010 1706 versus
1050 1631 1218 1706 verba
1247 1630 1499 1701 ﬁrmanti,
1546 1629 1715 1687 credo
1822 1631 1923 1706 bus
1944 1631 2190 1706 versibus
2213 1631 2389 1688 desint
2416 1632 2592 1706 aliqua
2616 1632 2855 1689 carmina
2884 1633 3089 1691 incuria
3123 1652 3419 1697 amanuen-

66 1702 455 1773 ﬁrmantenti;
491 1701 729 1770 adeoque
745 1700 955 1773 corrige
986 1703 1118 1756 creti.
1250 1700 1253 1701 ⁷
1745 1747 1792 1773 τ,
1822 1704 1917 1760 sis.
1950 1703 2086 1760 Nam
2112 1700 2531 1763 obscurissimus
2560 1715 2644 1763 est
2665 1720 2880 1764 sensus.

748 1747 1217 1843 υἦῆξί-λξιῖι·’ἶινιζίιίιδ
1258 1783 1313 1831 et
1341 1775 1395 1831 in
1427 1775 1710 1848 sequentis
1744 1747 1793 1809 Β

71 1924 1733 1949 ῌ--σ--ᾙ

1468 2050 2062 2135 ADDENDA.

740 2215 1071 2274 MONITUM.
1808 2215 2060 2286 Ursinus,
2091 2216 2351 2274 Romanae
2382 2217 2648 2275 Ecclesiae
2671 2219 2954 2289 diaconus,
2988 2222 3277 2280 Damasum
3306 2224 3410 2282 sibi

156 2313 439 2369 Absoluta
449 2314 565 2385 jam
582 2311 915 2384 impressione
936 2310 1327 2367 communicata:
1352 2309 1476 2364 mihi
1503 2312 1709 2383 fuerunt
1810 2310 2088 2381 praelatum
2124 2327 2228 2365 non
2264 2310 2472 2379 ferens,
2522 2313 2576 2367 in
2624 2321 2830 2368 tantum
2860 2313 3059 2371 furoris
3090 2317 3268 2387 erupit
3298 2359 3313 2383 ,
3362 2326 3422 2374 ut

68 2408 475 2464 cunctationes
497 2406 691 2476 aliquot
739 2415 787 2459 et
828 2405 1199 2459 obserrationes
1227 2403 1398 2457 studio
1428 2413 1580 2473 atque
1607 2403 1708 2457 Itu-
1816 2419 2078 2474 persuaso
2105 2405 2338 2476 quodam
2376 2405 2631 2476 imperito
2661 2421 2725 2462 ac
2754 2408 2952 2477 agresti
2986 2408 3243 2478 episcopo
3266 2450 3281 2476 ,
3309 2409 3421 2465 col-

72 2503 359 2558 manitate
381 2500 476 2554 viri
507 2500 635 2553 clar.
665 2497 727 2555 ο.
758 2498 954 2553 abbatis
988 2496 1300 2562 Terribilini,
1325 2512 1454 2568 quas
1473 2495 1569 2551 hoc
1598 2497 1710 2551 loco
1812 2495 1953 2551 lecta
1978 2497 2409 2553 turbulentorum
2434 2507 2489 2553 et
2509 2497 2894 2554 seditiosorum
2919 2498 3198 2556 hominum
3231 2518 3419 2569 manu,

70 2593 438 2669 adjiciendus
470 2593 611 2664 operi
646 2592 855 2660 censui,
899 2608 960 2645 ne
1003 2591 1213 2645 lectores
1250 2608 1428 2645 eorum
1470 2592 1710 2662 bene/icio
1818 2591 1871 2646 in
1916 2590 2155 2657 basilica,
2202 2609 2321 2664 qua:
2368 2592 2594 2649 Sicinini
2635 2594 2957 2663 appellatur,
3000 2595 3318 2667 episc0pum
3362 2611 3423 2654 se

75 2688 437 2758 fraudarem.
1818 2684 1933 2741 ﬁeri
1961 2694 2316 2757 extorqueret
2343 2703 2355 2740 :
2387 2686 2621 2756 legibus,
2652 2685 2867 2753 ordine,
2898 2695 2953 2743 et
2977 2687 3267 2745 traditione
3297 2705 3424 2760 per-

158 2779 469 2835 Existimat
500 2780 656 2851 igitur
678 2782 754 2834 vir
777 2779 867 2834 ille
896 2780 1128 2835 eruditus
1156 2782 1324 2852 primo
1347 2781 1479 2847 loco,
1515 2780 1714 2836 Dama-
1819 2780 2011 2833 versis.
2044 2779 2230 2850 Itaque
2251 2795 2374 2835 cum
2427 2795 2533 2834 non
2581 2787 2790 2835 tantum
2817 2780 3107 2853 suffragiis,
3135 2782 3231 2838 sed
3256 2782 3423 2839 etiam

74 2893 209 2931 sum
240 2876 430 2931 Roma:
456 2884 630 2929 ortum
652 2877 835 2947 fuisse,
861 2878 1121 2946 utiturque
1142 2877 1211 2930 ad
1238 2878 1373 2931 hanc
1395 2877 1706 2947 conﬁrman-
1816 2870 1866 2925 vi
1895 2880 1949 2925 cl
1976 2871 2146 2927 armis
2176 2887 2264 2927 res
2290 2881 2579 2940 ageretur:
2611 2872 2765 2928 multi
2794 2875 3066 2947 utrimque
3083 2874 3420 2933 ceciderunt.

75 2971 221 3024 dum
254 2970 558 3040 opinionem
584 2970 869 3023 rationibus
895 2970 981 3033 iis,
1010 2987 1137 3038 quas
1156 2985 1251 3038 ego
1276 2971 1443 3043 attigi.
1471 2970 1716 3025 Observat
1818 2962 2138 3020 Ammianus
2168 2966 2512 3021 Marcellinus
2542 2965 2661 3037 ejus
2690 2968 2954 3038 temporis
2982 2967 3296 3036 historicus,
3328 2986 3422 3027 rc-

74 3066 263 3117 etiam
314 3062 491 3132 plures
532 3078 640 3116 esse
673 3070 863 3116 veteres
900 3062 1176 3132 scriptores
1221 3079 1251 3114 a
1291 3063 1578 3117 Snraziano
1605 3104 1618 3127 ,
1668 3071 1715 3116 et
1760 3128 1789 3132 _
1821 3053 1918 3110 iert
1952 3066 2169 3112 centum
2205 3058 2422 3129 triginta
2445 3068 2656 3128 septem
2690 3075 2799 3113 uno
2828 3060 2934 3127 die,
2964 3061 3015 3116 in
3041 3060 3259 3116 basilica
3285 3061 3422 3118 Sici-

78 3128 420 3213 Cuustantio
449 3166 782 3223 memoratos,
810 3156 898 3227 qui
921 3157 983 3209 de
1004 3172 1061 3210 eo
1080 3155 1323 3226 ponti/ire
1343 3167 1520 3227 agunt,
1541 3156 1718 3211 illum.
1745 3128 1791 3193 C
1824 3149 1936 3203 niui
1969 3162 2373 3221 peremptorum
2431 3161 2644 3221 reperta
2677 3151 2847 3207 fuisse
2868 3152 3154 3209 cadavera.
3182 3153 3427 3225 Denique

76 3268 190 3323 que
220 3249 484 3304 laudant:
509 3259 562 3303 at
666 3250 740 3303 eis
768 3266 831 3303 ne
850 3266 1009 3301 unum
1030 3248 1254 3318 quidem,
1278 3250 1365 3320 qui
1389 3266 1501 3303 eum
1530 3248 1721 3319 Hispa-
1823 3241 2167 3296 Sacerdnluul
2204 3252 2258 3296 el
2290 3242 2469 3311 ρορυιὶ
2499 3257 2769 3297 οοηεοιιδιι
2794 3286 2807 3305 .
2840 3243 3100 3298 Damasus
3134 3244 3424 3300 Conﬁrma-

78 3361 229 3399 num
265 3342 463 3397 dixerit
501 3351 619 3396 ante
658 3342 966 3414 Catalogum
1012 3343 1358 3397 Romanorum
1391 3344 1715 3416 pontiﬁcum,
1825 3342 1909 3386 “'5
1938 3344 2020 3386 (“Si
2045 3350 2057 3385 ε
2085 3342 2141 3388 ει
2172 3332 2454 3389 υτείεῖιιηε
2477 3335 2684 3402 ciemus
2705 3334 2774 3390 3b
2802 3334 2969 3403 urbe,
2998 3345 3158 3407 atque
3188 3336 3255 3391 ad
3285 3335 3427 3392 Nea'

74 3455 255 3504 quem
291 3438 388 3491 sub
432 3435 612 3491 Felice
652 3434 733 3490 IV
768 3438 1117 3507 conscriptum
1145 3438 1291 3491 aiunt
1318 3479 1333 3503 ,
1376 3448 1466 3491 aut
1496 3438 1720 3493 Anasta—
1823 3424 2118 3495 Ρθιίίθηίηη
2150 3424 2264 3480 Εοοη

1823 3424 2118 3495 politanam
2150 3424 2450 3480 Ecclesium
2480 3425 2783 3482 traductus.
2814 3426 2877 3482 T.

79 3533 269 3596 sium,
314 3547 346 3583 a
375 3546 474 3599 quo
511 3529 817 3599 Catalogum
848 3530 998 3584 illum
1050 3532 1364 3602 exscriptum
1401 3541 1582 3603 putant
1628 3529 1720 3584 sed
1894 3519 2039 3576 Lect.
2070 3517 2193 3574 ῙῘῘ-
2222 3550 2264 3559 -

1894 3519 2039 3576 Lect.
2070 3517 2193 3574 III.
2222 3549 2287 3559 —
2316 3518 2576 3575 Damasus
2606 3528 2789 3575 autem
2814 3518 2883 3575 de
2910 3518 3181 3575 adulterio
3210 3535 3308 3592 per
3338 3519 3424 3576 in-

80 3625 385 3693 utriusque
424 3624 581 3695 Itujus
616 3624 881 3695 scriptoris
913 3624 1055 3678 haud
1086 3642 1323 3696 magnam
1352 3641 1461 3679 esse
1493 3627 1720 3680 auctori-
1822 3612 2023 3668 Vidiam
2065 3620 2352 3668 accusatus
2374 3654 2387 3677 .
2428 3611 2566 3668 facta
2598 3611 2809 3685 synodo
2853 3627 3036 3668 coram
3067 3612 3423 3686 quadraginta

78 3727 264 3771 tatem
288 3725 479 3769 censet.
511 3715 677 3782 A/fert
708 3717 893 3772 deinde
922 3718 1230 3772 recentiores
1257 3734 1319 3772 ea:
1347 3718 1545 3790 inclyta
1574 3729 1720 3790 gente
1821 3715 2053 3776 qualum"
2101 3720 2151 3774 ει
2173 3704 2264 3762 isc‘

1821 3715 2053 3776 quatuor
2101 3704 2372 3777 eliscopis
2417 3722 2476 3762 se
2512 3707 2797 3777 purgavit:
2848 3721 2878 3761 a
2924 3705 3120 3778 quibus
3166 3707 3431 3765 innocens

77 3811 188 3865 illa
226 3819 490 3876 auctores,
522 3826 583 3863 ac
621 3826 707 3866 eos
744 3812 816 3864 ait
846 3810 993 3864 nullo
1022 3810 1191 3865 solido
1223 3810 1560 3881 fundamento
1596 3812 1714 3879 niti,
1822 3796 2105 3852 θδεθιυῑυε
2130 3808 2232 3862 es"
2262 3826 2264 3840 ε

1822 3796 2105 3852 absolutus
2130 3808 2232 3862 est,
2262 3808 2315 3853 et
2346 3808 2692 3854 accusatores
2718 3798 2837 3868 ejus
2857 3798 3196 3855 Concordius
3217 3808 3275 3856 et
3299 3800 3423 3857 Cal-

75 3912 461 3972 prtetereaque
510 3903 574 3957 de
612 3904 725 3958 loco
756 3903 1040 3974 digladiari
1080 3904 1213 3958 inter
1250 3921 1338 3971 se;
1374 3915 1628 3974 postremo
1656 3921 1720 3959 ea:
1821 3888 1987 3945 Ῐίκιυε
2010 3889 2248 3957 ἀίεισυιιί»

1821 3888 1987 3945 lixtus
2010 3889 2248 3957 diaconi,
2273 3889 2516 3944 damnati
2548 3891 2844 3962 rejectique
2870 3891 2939 3946 ab
2966 3891 3231 3948 Ecclesia.
3266 3893 3430 3950 Certe

78 3995 379 4051 Breviario
420 3993 670 4050 Eborensi
698 4012 834 4049 anno
866 3995 1007 4053 15l8
1036 3997 1288 4067 impresso
1318 3998 1561 4052 exscribit
1599 4014 1720 4052 ora—
1824 3981 2015 4039 beatus
2064 3982 2262 4039 Hiero"

1824 3981 2015 4039 beatus
2064 3982 2448 4055 Hieronymus,
2498 3985 2549 4039 in
2594 3986 2823 4054 epistola
2875 3986 2942 4042 ad
2993 3986 3425 4057 Pamtnacliium,

81 4092 344 4154 tionem,
385 4099 431 4143 et
470 4090 708 4144 lectiones
752 4088 907 4145 Festo
936 4090 998 4146 S.
1031 4090 1251 4147 Damasi
1281 4091 1716 4148 accommodatas.
1823 4092 1931 4132 ηοη
1961 4077 2136 4133 δοΙιῑῐη
2166 4077 2264 4133 Vi"

1823 4092 1931 4132 non
1961 4077 2136 4133 solum
2166 4077 2340 4133 virum
2374 4079 2652 4151 egregium
2681 4122 2696 4147 ,
2730 4090 2785 4135 et
2815 4081 2866 4135 in
2910 4080 3209 4152 Scripturis
3246 4083 3433 4139 erudi-

80 4181 181 4235 Eu
210 4195 340 4235 vero
360 4181 456 4234 hoc
480 4181 591 4235 loco
612 4181 827 4236 collecta
847 4183 1039 4236 omnia,
1826 4182 1962 4241 lunt,
1991 4172 2086 4229 sed
2114 4173 2380 4245 virginem
2415 4174 2578 4231 etiam
2608 4174 2833 4258 virginis
2859 4174 3119 4232 Ecclesia:
3144 4175 3426 4235 doctorem

1823 4268 2079 4340 appellat.
2112 4266 2175 4322 T.

78 4298 176 4355 Ex
210 4296 501 4353 Breviario
528 4297 822 4353 Eborensis
854 4297 1119 4355 Ecclesia:
1145 4299 1198 4354 in
1229 4300 1539 4365 Lusitania,
1575 4299 1719 4371 typis
1823 4296 2079 4340 “99‘3"”:
2121 4296 2175 4322 ³·
3030 4360 3042 4373 ⁸

335 4385 343 4392 ’
428 4390 689 4433 ξηιητρεα..
734 4407 875 4433 ιιηηη
930 4392 1068 4433 ικιςι
1120 4407 1223 4433 ηεισ
1269 4394 1374 4433 ρει-ι
1896 4361 2040 4416 Lect.
2099 4359 2207 4415 ιγ.
2237 4391 2308 4401 -
2333 4360 2575 4417 Tandem
2606 4369 2795 4433 pacata
2837 4360 3076 4418 Ecclesia
3103 4402 3118 4429 ,
3161 4361 3428 4422 Damasus

2028 4402 2040 4414 ο
2099 4391 2122 4415 ,ι
2149 4391 2168 4413 V
2194 4401 2207 4415 ο
2237 4391 2308 4401 -
2342 4391 2575 4417 ιᾱιιιυῠιιι
2606 4391 2795 4429 pacata
2837 4391 3076 4418 DUUlcald
3103 4402 3118 4429 ,

427 4392 689 4461 impresso
734 4407 875 4448 anno
930 4392 1088 4461 1548,
1120 4407 1240 4467 pag.
1269 4394 1394 4452 857.
1889 4392 2040 4465 fmf'
2099 4392 2122 4415 ‘
2149 4392 2207 4465 '_'
2237 4392 2308 4401 _
2342 4392 2575 4417 “'"“°"'
2606 4392 2795 4465 V‘f‘”
2837 4392 3076 4465 ¹³⁹⁹ξ⁹³¹⁴
3103 4402 3118 4429 ’
3161 4392 3427 4467 ν⁸¹¹¹¹ξ¹θ¹³³

458 4524 461 4525 ν
758 4524 761 4525 ν
1827 4462 1942 4510 otto
1969 4454 2236 4510 litterario
2267 4453 2589 4522 delectatus,
2625 4454 2776 4510 Vitas
2806 4454 3126 4511 Pontiﬁcum
3157 4471 3427 4525 ornantum,

454 4524 518 4581 IN
557 4524 780 4582 FESTO
818 4526 1067 4584 SANCTI
1108 4527 1365 4586 DAMASI
1744 4532 1800 4594 Β
1826 4548 1916 4620 qui
1946 4555 2073 4604 ante
2099 4562 2161 4603 se
2199 4547 2351 4605 fuere
2373 4589 2390 4616 ,
2433 4546 2791 4618 conscripsit,
2840 4563 3041 4620 easque
3068 4548 3136 4605 ad
3165 4548 3433 4622 Hierony-

578 4638 725 4677 pttu;
759 4638 826 4677 ετ
853 4637 1222 4680 CONFESSOBIS.
1613 4630 1627 4641 ‘
1826 4657 1974 4697 mum
2003 4641 2151 4697 misit
2180 4658 2195 4697 :
2237 4656 2264 4698 e

1826 4657 1974 4697 mum
2003 4641 2151 4697 misit
2180 4658 2195 4697 :
2237 4652 2291 4698 et
2332 4655 2455 4698 cum
2492 4641 2659 4697 multa
2688 4656 2918 4714 corpora
2949 4641 3275 4700 Sanctorum
3306 4658 3431 4714 per-

168 4738 393 4794 Oratia.
421 4768 491 4779 —
520 4738 944 4794 Misericordiam
982 4748 1126 4795 tuam
1147 4782 1160 4805 ,
1202 4739 1464 4804 Domine,
1497 4752 1719 4809 quaesu-
1824 4735 2046 4807 quirens
2076 4734 2395 4804 invenisset,
2442 4751 2632 4792 eorum
2664 4735 2879 4793 tumbas
2907 4735 3242 4793 carminibus
3267 4735 3429 4793 ador-

81 4849 253 4899 mus,
287 4831 865 4889 nobisinterveniente
895 4833 1054 4889 beato
1084 4833 1402 4890 confessore
1433 4841 1530 4887 tuo
1553 4841 1720 4902 atque
1826 4832 1990 4887 navit.
2048 4829 2284 4902 Elegans
2342 4829 2486 4887 enim
2544 4829 2596 4885 in
2654 4831 3049 4903 componendis
3090 4831 3428 4888 carminibus

80 4925 371 5000 pontiﬁce
413 4926 673 4993 Damaso,
723 4927 1019 4982 clementer
1056 4926 1346 4999 impende:
1399 4923 1719 4995 nostrisque
1822 4912 2099 4995 ingenium
2151 4923 2358 4980 habuit.
2412 4925 2576 4980 Multa
2635 4925 2821 4983 brevia
2871 4926 3129 4997 epuscula
3190 4923 3427 4982 heroicis

81 5023 327 5081 delictis
357 5020 525 5092 ipsius
552 5019 843 5091 propitiare
872 5019 1163 5092 suffragiis.
1196 5020 1254 5075 P.
1824 5018 2073 5075 versibus
2101 5018 2410 5089 composuit
2435 5034 2447 5071 :
2496 5017 2768 5089 Epistolas
2798 5018 2931 5074 item
2961 5019 3181 5075 multas.
3215 5017 3279 5073 T.

170 5115 330 5168 Lect.
367 5110 421 5166 Ι.
449 5142 521 5152 -
556 5112 753 5168 Beatus
783 5112 1046 5168 Damasus
1073 5152 1089 5178 ,
1138 5112 1299 5181 huius
1332 5109 1574 5167 nominis
1606 5110 1716 5182 pri-
1894 5111 2038 5167 Lect.
2062 5110 2202 5169 V.—
2221 5110 2446 5183 'l'empla
2463 5111 3022 5184 cultumqnedivinum
3043 5111 3428 5183 auxitmagno-

86 5221 265 5275 mus,
308 5208 529 5261 natione
577 5204 876 5275 Hispanus,
926 5206 1095 5274 patria
1144 5203 1594 5270 Vimaranensis,
1647 5218 1715 5259 ex
1823 5219 1974 5276 pere.
2009 5205 2154 5261 Duas
2178 5205 2325 5262 enim
2356 5205 2609 5262 basilicas
2633 5205 2955 5275 mditicarit,
2997 5207 3223 5263 alteram
3271 5208 3428 5279 jux‘ta

84 5298 437 5359 Bracarensi
494 5299 812 5372 provincia,
867 5308 1023 5370 patre
1076 5298 1358 5366 Antonio,
1416 5296 1715 5353 secundum
1824 5300 2382 5366 theatrum,alteram
2434 5300 2518 5356 via
2561 5298 2887 5367 Ardeatina,
2935 5300 3002 5356 ad
3039 5302 3424 5374 catacumbas,

86 5396 503 5466 Hieronymum
545 5392 599 5447 in
644 5393 1007 5449 ecclesiastica
1051 5393 1293 5449 Historia
1334 5392 1587 5457 Liberio,
1626 5405 1717 5446 sc-
1823 5390 2133 5448 dedicavit:
2186 5403 2240 5449 et
2269 5393 2607 5459 Platoniam,
2638 5392 2730 5448 ubi
2772 5406 3001 5463 corpora
3052 5394 3426 5463 apostolorum

87 5492 349 5551 cundum
384 5505 512 5545 vero
539 5490 673 5544 alios
709 5490 877 5545 Felici
914 5489 955 5543 ll
984 5489 1036 5543 in
1067 5488 1385 5560 pontiﬁcatu
1413 5486 1713 5552 successit,
1822 5486 1967 5543 Petri
1991 5495 2041 5543 et
2070 5487 2221 5542 Pauli
2250 5487 2543 5559 aliquando
2566 5488 2850 5558 jacuerant
2874 5530 2887 5553 ,
2916 5493 2973 5542 et
2996 5501 3229 5558 corpora
3269 5503 3433 5546 sane-

90 5602 254 5643 anno
280 5582 498 5638 Domini
524 5581 651 5648 569,
680 5582 780 5637 sub
805 5581 1193 5637 Valentiniano
1220 5592 1273 5637 et
1298 5581 1526 5636 Valente
1550 5580 1719 5649 impe-
1824 5589 2003 5637 torum
2036 5597 2103 5639 eo
2132 5582 2235 5638 loci
2281 5585 2491 5655 sepulta
2520 5626 2535 5651 ,
2581 5582 2830 5640 versibus
2858 5584 3172 5650 exornavit,
3206 5583 3273 5640 ad
3305 5599 3435 5656 pos-

89 5676 409 5736 ratoribus.
460 5673 610 5730 Sedit
662 5676 818 5731 annis
869 5675 1062 5731 decem
1118 5682 1175 5730 et
1228 5685 1394 5742 octo,
1445 5672 1720 5730 mensibus
1827 5677 2054 5732 teritatis
2081 5677 2422 5732 memoriam.
2463 5678 2525 5732 Τ.

91 5770 352 5835 duobus,
383 5766 571 5823 diebus
597 5768 805 5823 decem.
839 5768 905 5823 Τ.
1896 5766 2037 5822 Lect.
2071 5766 2248 5822 Vl.—
2294 5768 2575 5823 Basilicam
2625 5780 2790 5833 vero,
2838 5781 2999 5837 quam
3051 5767 3102 5822 in
3154 5767 3422 5828 honorem

173 5861 335 5918 Lect.
371 5857 460 5913 ΙΙ.
491 5890 573 5934 -,
589 5859 871 5917 Ursicinus
897 5867 1116 5931 autem,
1149 5860 1268 5929 vel,
1298 5869 1359 5916 ut
1385 5859 1476 5916 alii
1506 5858 1720 5931 legunt,
1824 5861 2001 5918 sancti
2030 5860 2310 5918 Laurentii
2339 5877 2445 5919 non
2474 5863 2632 5935 longe
2658 5877 2689 5919 a
2712 5860 2924 5921 theatro
2945 5861 3277 5936 Pompeiano
3296 5879 3433 5924 cou-
