3850 6334
48 294 145 350 425

1304 276 1535 334 OPERA
1572 273 2011 333 APOCRYPIIA.

3199 278 3308 336 426

46 422 169 476 ago,
218 397 348 470 quod
398 403 664 453 tantorum
706 393 929 451 fratrum
978 392 1187 448 merui‘
1222 392 1601 449 benedictione
1628 390 1949 473 Adamnari
1994 395 2211 460 potest:
2267 402 2442 460 neque
2486 386 2591 443 ulla
2620 402 2872 461 umquam
2917 391 3148 448 concilia
3192 404 3308 452 rata

44 499 170 564 frui;
200 492 384 551 deinde
411 489 549 563 quod
579 489 719 546 circa
743 489 938 543 fratres
964 487 1226 542 sollicitos
1251 501 1354 547 .vos
1386 487 1561 555 reperi
1585 527 1599 551 ,

43 604 223 649 etcum
254 589 328 645 eis
347 601 558 642 crucem
590 583 802 639 Domini
835 580 1073 648 deferre,
1098 581 1187 653 qui
1211 581 1284 635 ait
1320 599 1331 634 :
1363 581 1465 648 Qui
1498 580 1603 635 vult

42 686 195 742 venire
214 691 321 755 post
344 694 449 746 me,
476 679 684 751 abneget
706 678 1028 748 semetipsum
1054 716 1071 742 ,
1125 684 1169 729 et
1210 674 1357 729 tollat
1402 689 1602 728 crucem

43 794 206 842 suam,
250 784 294 830 et
321 781 557 845 sequatur
600 786 715 837 me,
749 782 803 826 et
830 770 1038 839 reliqua
1089 766 1155 821 ad
1207 767 1351 822 hunc
1382 764 1602 821 modum

40 867 357 943 pertinentia.
387 865 585 937 Igitur,
628 862 880 933 quendam
914 862 966 916 in
999 859 1255 930 pratsenti
1295 869 1606 930 Opportune

40 974 285 1037 gestorum
315 957 708 1013 consultatione
745 953 1059 1024 apostolicis
1098 961 1281 1007 vestra
1329 948 1605 1006 beatitudo

40 1052 685 1113 visceribus’commota,
735 1062 832 1102 nos
878 1046 1089 1100 hortata
1143 1053 1269 1110 est,
1321 1042 1606 1099 tuitionem

41 1152 243 1206 fratrum
272 1144 562 1217 apostolica
591 1140 904 1211 impendere
928 1138 1278 1203 auctoritate,
1315 1145 1371 1193 et
1414 1151 1603 1191 eorum

44 1243 233 1312 injuriis
288 1236 601 1299 subvenire,
652 1234 779 1289 dum
833 1240 1085 1298 consmt,
1139 1232 1328 1287 eadem
1362 1246 1457 1285 vos
1483 1245 1604 1285 cum

44 1336 281 1408 Apostolo
308 1329 761 1404 compassibiliter
789 1328 974 1383 dicere
1008 1344 1021 1381 :
1054 1326 1182 1392 Quis
1203 1325 1499 1394 infirmatur
1522 1365 1535 1388 ,
1561 1332 1607 1376 et

46 1448 123 1504 ego
152 1447 243 1485 non
265 1424 529 1498 inﬁrmor?
548 1424 663 1493 quis
694 1422 1105 1486 scandalizatur,
1131 1431 1178 1475 et
1199 1436 1292 1491 ego
1319 1436 1420 1474 non
1449 1418 1609 1472 uror?

45 1533 343 1597 satagentes,
375 1536 440 1577 ne
465 1520 663 1590 aliquis
689 1517 757 1573 de
782 1517 888 1581 his,
918 1516 1007 1586 qui
1038 1514 1193 1570 vobis
1219 1512 1414 1569 crediti
1446 1520 1605 1577 sunt,

47 1636 71 1676 a
94 1621 237 1677 szcvis
282 1616 465 1672 bestiis
509 1614 782 1669 laceretur
810 1618 905 1665 aut
930 1610 1177 1681 capiatur
1206 1625 1219 1661 :
1248 1624 1344 1677 pro
1372 1622 1475 1678 qua
1504 1622 1563 1663 re
1588 1605 1609 1636 ³

47 1720 256 1785 Oportet,
284 1710 430 1780 juxta
472 1717 707 1763 vestram
736 1705 1054 1775 prudentem
1088 1702 1563 1757 commonitionem
1591 1743 1607 1770 ,

49 1807 201 1877 magis
228 1811 399 1858 autem
426 1798 725 1856 secundum
776 1796 988 1851 Domini
1019 1795 1257 1850 divinam
1290 1796 1609 1866 praeceptio-

50 1915 177 1963 nem,
209 1911 298 1952 nos
319 1937 332 1960 ,
362 1893 453 1965 qui
482 1907 646 1963 supra
687 1891 906 1945 domum
952 1888 1102 1959 ejus,
1134 1886 1239 1943 hoc
1268 1897 1352 1943 est
1394 1889 1614 1943 univer-

53 1992 199 2049 salcm
224 1988 512 2045 Ecclesiam
551 1984 901 2047 catholicam,
926 1980 1235 2052 episcopale
1275 1979 1616 2050 suscepimus

57 2084 416 2149 ministerium,
463 2080 701 2136 sollicite
748 2076 1009 2147 vigilare;
1063 2090 1131 2131 ne
1169 2074 1238 2130 de
1284 2075 1453 2129 sacris
1497 2073 1617 2144 ejus

55 2176 355 2243 muneribus,
388 2174 439 2229 id
471 2183 577 2241 est,
604 2169 921 2243 apostolicis
948 2167 1104 2230 viris,
1135 2168 1618 2237 apostolorumque

54 2270 450 2333 successoribus,
473 2278 638 2339 atque
663 2266 945 2330 ministris,
974 2263 1282 2336 quisquam,
1307 2260 1465 2317 nobis
1490 2259 1620 2314 dor-

56 2362 365 2429 mitantibus,
394 2361 572 2418 valeat
604 2360 891 2432 supprimi,
918 2368 1081 2429 atque
1105 2355 1325 2428 injuste,
1358 2352 1621 2423 nobisque

53 2458 366 2526 inconsultis,
397 2456 668 2512 damnari.

115 2550 151 2604 l.
188 2549 359 2617 Scitis,
392 2549 588 2605 fratres
614 2547 940 2612 charissimi,
974 2546 1379 2600 firmamentum
1407 2540 1428 2572 ⁸
1451 2556 1481 2596 a
1513 2540 1622 2595 Deo

55 2645 204 2701 ﬁxum
229 2655 275 2702 et
308 2645 606 2711 immobile,
639 2653 800 2715 atque
832 2642 1046 2697 titulum
1075 2638 1470 2696 Iucidissimum
1497 2651 1623 2693 suo-

54 2752 158 2792 rum
185 2742 539 2805 sacerdotum,
570 2737 625 2793 id
652 2746 737 2792 est
756 2779 770 2802 ,
794 2736 1036 2791 omnium
1062 2734 1468 2805 episcoporum,
1496 2744 1627 2800 apo-

56 2833 276 2888 stolieatn
308 2834 487 2889 sedem
514 2846 639 2888 esse
663 2831 1038 2896 constitutam,
1068 2838 1122 2884 et
1152 2827 1408 2882 verticem
1439 2823 1627 2879 Eccle-

59 2926 260 2981 siarum.
293 2924 369 2980 Tu
398 2941 450 2980 es
477 2924 614 2979 enim
646 2922 823 2996 (sicut
849 2922 1094 2977 divinum
1133 2919 1448 2990 pronuntiat
1488 2915 1628 2972 Ver-

58 3016 167 3072 bum
194 3017 486 3086 veraciter)
540 3017 758 3083 Petrus,
787 3025 837 3069 et
872 3030 1027 3085 super
1062 3013 1451 3083 ﬁrmamentum
1482 3018 1627 3063 tuum

60 3106 281 3167 Ecclesiae
322 3112 574 3166 columnae
596 3151 614 3178 ,
645 3109 739 3181 qui
767 3107 1010 3180 episcopi
1047 3106 1457 3177 intelliguntur,
1506 3119 1628 3158 can-

1704 483 1977 554 leguntur,
2024 496 2144 551 quae
2176 496 2282 537 non
2322 492 2448 538 sunt
2474 482 2604 539 fulta
2633 483 2927 553 apostolica
2954 487 3304 544 auctoritate.

1772 576 1862 630 lll.
1897 562 2255 631 Accusatores
2302 585 2484 632 autem
2537 577 2953 650 episcoporum,
2996 588 3050 637 et
3099 591 3300 649 testes,

1705 682 1868 738 super
1908 668 2102 739 quibus
2142 669 2417 739 rogitastis
2444 710 2459 735 ,
2496 669 2699 745 absque
2722 671 2825 726 ulla
2871 671 3091 728 infamia
3127 676 3168 741 ⁸,
3211 685 3305 731 aut

1706 761 2038 831 suspicione,
2072 760 2154 816 vel
2187 762 2470 817 manilesta
2497 763 2732 831 macula,
2765 774 2820 820 et
2854 782 2995 822 verae
3024 766 3151 823 fidei
3186 767 3302 836 ple-

1706 854 1848 909 niter
1878 854 2126 913 instructi
2155 868 2278 910 esse
2303 853 2523 919 debent,
2553 865 2606 911 et
2630 858 2786 923 tales,
2814 859 3001 927 quales
3027 861 3093 915 ad
3124 876 3307 916 sacer-

1707 945 1912 1002 dotium
1943 948 2146 1017 eligere
2173 947 2328 1015 jubet
2352 947 2533 1003 divina
2564 950 2862 1006 auctoritas
2889 970 2899 1003 ε
2934 953 3190 1022 quoniam
3219 968 3303 1008 sa-

1708 1039 1957 1097 cerdotes
1986 1042 2068 1113 (ut
2096 1039 2312 1111 antiqua
2348 1041 2509 1096 tradit
2541 1044 2856 1116 auctoritas)
2888 1046 3167 1102 criminari
3200 1064 3308 1104 non

1710 1144 1966 1204 possunt,
1999 1148 2101 1189 nec
2142 1135 2195 1189 in
2226 1150 2319 1190 eos
2350 1136 2666 1204 testificari,
2701 1120 2793 1208 qui
2819 1138 2884 1193 ad
2917 1142 3167 1197 eumdem
3199 1160 3304 1199 non

1710 1226 1932 1291 debent,
1959 1243 2057 1282 nec
2086 1238 2313 1297 possunt
2346 1229 2567 1299 provehi
2598 1230 2883 1288 honorem.

1780 1318 1867 1375 Ν.
1902 1318 2130 1375 Vocatio
2173 1321 2317 1377 enim
2383 1321 2447 1375 ad
2480 1322 2501 1352 "
2540 1323 2808 1393 synodum
2860 1325 3045 1396 (juxta
3092 1328 3309 1385 decreta

1712 1410 1959 1482 Patrum)
1987 1414 2246 1469 canonica
2274 1414 2425 1486 ejus,
2454 1416 2544 1486 qui
2584 1416 2881 1488 impetitur,
2915 1431 3021 1474 tam
3052 1436 3149 1477 sua
3176 1438 3312 1491 pra:-

1710 1506 1906 1573 sentia,
1935 1522 2121 1576 quam,
2146 1516 2200 1561 et
2222 1509 2438 1578 scriptis
2464 1518 2623 1579 atque
2651 1510 3019 1580 apocrisariis,
3051 1529 3147 1584 per
3178 1530 3308 1586 spa-

1713 1596 1845 1652 tium
1886 1596 2002 1652 fieri
2034 1598 2195 1655 debet
2240 1614 2540 1672 congruum
2584 1612 2746 1674 atque
2785 1606 3143 1662 canonicum:
3189 1607 3316 1679 quia

1713 1691 1814 1746 nisi
1838 1693 2101 1749 canonice
2135 1704 2361 1749 vocatus
2391 1695 2554 1751 fuerit
2594 1713 2693 1751 suo
2724 1706 2970 1770 tempore
2994 1741 3009 1763 .
3062 1713 3117 1757 et
3152 1717 3317 1758 cano-

1641 1822 1687 1884 B
1716 1784 1835 1839 nica
1868 1784 2210 1842 ordinatione
2235 1829 2250 1853 ,
2292 1788 2423 1844 licet
2453 1790 2664 1846 venerit
2690 1791 2758 1847 ad
2789 1804 3116 1852 conventum
3136 1840 3151 1866 ,
3180 1814 3316 1869 qua-

1716 1894 1949 1950 cumque
1982 1884 2330 1948 necessitate,
2364 1883 2468 1941 nisi
2498 1874 2692 1955 sponte
2718 1888 2973 1957 voluerit,
3009 1891 3319 1949 nullatenus

1717 1974 1830 2028 suis
1860 1976 2212 2044 respondebit
2247 1976 2658 2036 insidiatoribus
2694 1984 2951 2053 quoniam
2995 2001 3097 2041 nec
3125 1988 3311 2044 saeculi

1717 2066 1865 2138 leges
1889 2068 1991 2124 hoc
2020 2069 2340 2140 permittunt
2373 2072 2515 2141 fieri,
2545 2085 2750 2145 quanto
2775 2081 2947 2150 magis
2975 2080 3194 2137 divinae.

1793 2160 1856 2216 V.
1888 2162 1966 2219 De
1992 2164 2184 2235 ejectis
2234 2182 2366 2222 vero
2392 2169 2414 2198 "
2441 2177 2602 2238 atque
2630 2172 2744 2226 suis
2771 2172 2940 2229 rebus
2976 2176 3313 2245 cxspoliatis,

1721 2254 1858 2310 nihil
1907 2257 2060 2313 vobis
2104 2259 2290 2314 verius
2336 2260 2647 2331 signiﬁcare
2691 2279 2833 2334 queo
2867 2308 2881 2333 ,
2934 2283 3098 2338 quam
3149 2269 3321 2324 sancti

1721 2346 1909 2404 Patres
1956 2349 2304 2417 definierunt,
2348 2360 2406 2409 et
2445 2354 2612 2409 nostri
2645 2357 3075 2425 prmdecessores
3105 2374 3323 2432 aposto-

1723 2442 1825 2499 lica
1856 2445 2178 2501 auctoritate
2210 2447 2627 2505 roboraverunt.
2672 2451 2747 2507 lta
2778 2438 2923 2508 enim
2962 2456 3078 2512 haec
3122 2473 3182 2513 se
3230 2460 3324 2515 ha-

1725 2536 1879 2591 bent:
1906 2538 2193 2609 episcopns
2217 2540 2422 2610 ejectos
2460 2553 2620 2612 atque
2646 2544 2761 2599 suis
2786 2545 2948 2602 rebus
2971 2548 3324 2618 exspoliatos,

1728 2629 1997 2686 Ecclesias
2028 2634 2274 2703 proprias
2309 2635 2485 2705 primo
2511 2638 2789 2707 recipere,
2823 2650 2875 2695 et
2902 2654 2997 2696 sua
3030 2643 3111 2697 eis
3144 2644 3327 2699 omnia

1725 2723 1974 2795 legaliter
2002 2725 2171 2791 reddi,
2207 2727 2378 2783 sancti
2406 2743 2644 2786 canones
2670 2732 3031 2791 decreverunt
3056 2755 3069 2790 :
3101 2747 3156 2793 et
3184 2750 3333 2809 post-

1727 2831 1791 2872 ea
1830 2816 1876 2872 si
1915 2817 2034 2889 quis
2064 2833 2161 2874 eos
2190 2835 2448 2878 accusare
2484 2826 2717 2880 voluerit
2744 2868 2757 2892 ,
2793 2844 2949 2898 a-quo
2980 2832 3221 2899 periculo
3249 2833 3331 2888 la-

1728 2924 1855 2965 cere
1884 2912 2256 2980 sanciverunt,
2284 2914 2493 2984 jndiees
2521 2932 2642 2973 esse
2665 2918 3026 2980 decernentes
3049 2926 3333 2997 episcopo-

1730 3020 1847 3059 rum
1871 3047 1885 3071 ,
1915 3006 2199 3075 episcopos
2228 3019 2373 3064 recte
2404 3010 2680 3079 sapientes
2710 3025 2763 3067 et
2788 3013 2935 3083 juste
2960 3018 3234 3084 volentes,
3263 3021 3329 3077 ad

1731 3106 1944 3168 tempus
1965 3099 2165 3170 diuque
2194 3100 2299 3156 illis
2319 3142 2333 3168 ,
2365 3106 2660 3174 resumptis
2689 3107 2891 3162 viribus
2911 3152 2927 3177 ,
2960 3119 3016 3165 et
3042 3114 3153 3168 suis
3184 3125 3334 3183 pote-

60 3200 254 3268 ﬁrmatw
283 3212 397 3258 sunt
422 3219 440 3257 :
469 3214 515 3257 et
561 3201 654 3255 tibi
693 3201 861 3255 claves
888 3200 1031 3272 regni
1072 3200 1316 3254 castorum
1355 3196 1624 3263 commisi,
1653 3216 1699 3278 ο
1731 3192 1924 3245 stative
1956 3190 2254 3247 lruentibus
2285 3194 2485 3257 rebus;
2515 3198 2810 3269 amicisque
2844 3210 2899 3256 et
2930 3202 3021 3257 Dei
3050 3206 3223 3260 servis
3253 3222 3335 3261 sa-

59 3302 190 3359 atque
224 3295 381 3369 ligare
409 3304 459 3350 et
483 3294 679 3349 solvere
708 3302 1015 3366 potestatem
1045 3307 1159 3362 quae
1204 3291 1258 3343 in
1288 3289 1428 3343 cwlis
1469 3296 1587 3341 sunt
1613 3327 1627 3351 ,

60 3397 99 3441 et
126 3404 227 3458 qua:
250 3390 300 3443 in
330 3390 516 3457 terris,
564 3386 912 3462 promulgavi.
961 3385 1040 3439 Tu
1082 3384 1428 3454 profanorum
1458 3379 1631 3433 homi-

60 3494 193 3547 num,
218 3490 267 3537 et
294 3482 660 3537 membrorum
694 3494 938 3535 meorum
967 3521 981 3542 ,
1012 3479 1354 3547 maximeque
1391 3472 1630 3542 discipu-

61 3571 215 3629 lorum
243 3591 481 3631 meorum
504 3575 697 3632 existis
743 3583 802 3629 ut
838 3574 1091 3645 princeps
1136 3581 1192 3627 et
1215 3570 1406 3627 doctor
1446 3566 1635 3623 ortho-

63 3664 199 3722 doxze
225 3679 275 3725 et
300 3669 665 3725 immaculata:
709 3666 835 3724 fidei
862 3709 877 3734 ,
924 3667 1081 3736 cujus
1110 3665 1227 3720 vice
1269 3663 1433 3719 hodie
1460 3659 1634 3733 gratia

64 3758 166 3827 Dei,
192 3762 453 3835 legatione
479 3779 581 3836 pro
607 3762 829 3818 Christo
853 3761 1149 3832 fungimur,
1180 3769 1232 3815 et
1257 3774 1448 3815 omnes
1476 3757 1638 3824 hujus

65 3866 243 3911 sanctae
278 3856 429 3914 sedis
474 3856 745 3929 praesules
804 3857 921 3927 ejus
968 3857 1138 3911 vicem
1167 3860 1487 3926 gesserunt,
1551 3864 1640 3920 ge-

66 3957 205 4013 runt,
226 3958 277 4005 et
297 3962 506 4022 gerent.
545 3950 670 4006 Ideo
701 3950 879 4005 omnia
905 3991 921 4016 ,
972 3965 1094 4021 qua:
1124 3945 1437 4002 innotuistis
1458 3988 1472 4010 ,
1528 3959 1636 3999 non

66 4040 211 4101 licere
239 4046 579 4112 mandarem,
629 4044 735 4100 nisi
777 4060 873 4100 vos
921 4054 1029 4099 tam
1067 4043 1298 4115 pleniter
1345 4042 1640 4095 instructos

68 4149 174 4193 esse
195 4140 380 4197 scirem
399 4182 415 4207 ,
442 4140 587 4210 quod
635 4148 848 4205 cuncta,
891 4152 1058 4208 super
1087 4136 1283 4208 quibus
1311 4132 1596 4190 consulitis
1621 4172 1636 4200 ,

69 4228 233 4285 illicita
257 4248 377 4289 esse
406 4249 512 4289 non
538 4231 820 4288 dubitetis.

132 4322 188 4375 ll.
222 4326 495 4383 Discutere
526 4342 758 4397 namque
789 4324 1077 4395 episcopos
1108 4322 1160 4388 ⁸,
1190 4328 1246 4377 et
1284 4332 1526 4376 summas
1550 4333 1641 4374 ec—

70 4411 473 4473 clesiaSticorum
534 4418 873 4489 negotiorum
930 4428 1123 4471 causas
1176 4412 1641 4483 metropolitano,

72 4519 164 4559 una
187 4524 302 4564 cum
323 4511 572 4565 omnibus
602 4508 718 4565 suis
748 4506 1319 4580 comprovincialibus,
1354 4504 1425 4560 ita
1462 4512 1523 4558 ut
1551 4517 1643 4558 ne-

1733 3282 2006 3351 pientibns
2031 3283 2447 3343 consulentibus
2469 3287 2620 3349 viris,
2647 3290 2698 3344 in
2734 3290 2973 3348 Ecclesia
3001 3298 3334 3353 convenien-

1734 3383 1837 3438 tes,
1872 3374 1959 3430 ubi
1996 3385 2159 3431 testes
2196 3387 2379 3432 essent
2408 3379 2783 3451 singulorum,
2821 3386 2911 3455 qui
2944 3390 3187 3458 Oj'pI'CSSi
3214 3406 3337 3446 esse

1732 3467 2007 3523 videntur.
2042 3469 2105 3523 Et
2130 3468 2361 3541 reliqua,
2390 3471 2456 3528 ad
2489 3474 2631 3529 hunc
2654 3479 2675 3508 ⁹
2703 3477 2947 3533 ordinem
2975 3482 3297 3551 pertinentia
3322 3504 3335 3539 :

1735 3578 1855 3634 qua:
1888 3564 2251 3634 prolixitatem
2282 3567 2541 3636 vitantes,
2574 3569 2663 3627 hic
2692 3588 2798 3628 non
2826 3574 3176 3643 inserttimus,
3212 3584 3335 3650 quia

1737 3655 1855 3711 haec
1901 3655 2152 3714 sufticere
2192 3658 2490 3717 credimus.
2544 3663 2601 3719 Si
2642 3667 2765 3737 quis
2791 3681 2973 3726 autem
3005 3673 3090 3727 his
3123 3690 3231 3729 non
3260 3687 3347 3732 est

1736 3762 2024 3809 contentus
2042 3795 2057 3819 ,
2093 3754 2237 3825 legat
2264 3770 2328 3811 ea
2350 3797 2364 3819 ,
2393 3765 2449 3812 et
2475 3758 2780 3818 satiabitur.
2820 3764 3037 3822 Scimus
3064 3770 3211 3825 enim
3237 3770 3332 3828 lto-

1740 3849 1914 3903 mines
1941 3849 2178 3907 inermes
2204 3869 2311 3908 non
2337 3869 2497 3924 posse
2521 3873 2643 3913 cum
2673 3863 2897 3917 armatis
2929 3864 3030 3920 rite
3055 3881 3294 3937 pugnare
3322 3886 3336 3922 :

1739 3938 1819 3994 sic
1846 3956 1947 3996 nec
1979 3941 2079 4007 illi,
2108 3944 2200 4015 qui
2232 3946 2393 4016 ejecti
2420 3950 2504 4004 vel
2534 3952 2647 4007 suis
2674 3953 2834 4010 bonis
2860 3967 2987 4011 sunt
3012 3960 3294 4030 exspoliati
3316 4004 3330 4028 ,

1740 4048 1864 4089 cum
1897 4035 2039 4104 illis,
2074 4039 2163 4109 qui
2210 4038 2262 4095 in
2304 4058 2403 4097 suo
2445 4054 2591 4100 stant
2620 4048 2822 4117 gradu,
2855 4060 2910 4105 et
2939 4052 3056 4115 suis
3084 4052 3338 4111 fruuntur

1741 4129 1930 4185 amicis
1957 4142 2118 4203 atque
2148 4133 2333 4208 bonis,
2362 4136 2576 4206 litigare
2606 4139 2710 4197 rite
2746 4154 2989 4211 possunt.
3019 4144 3130 4201 Nec
3156 4149 3340 4203 saaculi

1742 4237 1958 4295 quoque
1990 4225 2137 4296 leges
2167 4226 2286 4283 hazc
2314 4231 2671 4288 saecularibus
2699 4235 2815 4290 ﬁeri
2859 4239 3176 4306 permittunt
3196 4256 3216 4294 :
3247 4243 3341 4298 sed

1743 4316 1893 4385 prius
1922 4318 2124 4387 ejectos
2150 4319 2235 4375 vel
2266 4335 2581 4391 OppreSsOs,
2601 4331 2695 4379 aut
2714 4327 3050 4395 exspoliatos
3077 4344 3200 4391 cum
3224 4333 3342 4389 suis

1745 4409 1997 4465 omnibus
2022 4411 2235 4467 restitui
2261 4412 2475 4482 jubent,
2499 4424 2554 4470 ct
2583 4425 2769 4486 postea
2790 4433 2891 4474 suo
2920 4427 3182 4491 tempore,
3206 4426 3348 4480 sicut

1747 4500 1835 4556 lex
1864 4517 2050 4557 eorum
2078 4504 2344 4573 continet,
2372 4507 2439 4561 ad
2470 4507 2661 4577 placita
2685 4511 2871 4567 venire
2900 4514 3220 4585 praecipiunt
3246 4533 3347 4575 nec

71 4612 149 4653 mo
176 4616 234 4655 ex
267 4601 329 4657 iis
351 4601 493 4657 desit
511 4644 526 4669 ,
558 4611 615 4657 et
641 4616 833 4657 omnes
862 4602 916 4656 in
948 4599 1286 4671 singulorum
1314 4595 1645 4652 concordent
1670 4613 1724 4674 Ι)
1749 4597 1857 4651 ulla
1882 4598 2119 4654 carceris
2140 4599 2387 4655 custodia
2409 4586 2771 4672 appellantem
2799 4607 2972 4662 arceri
3005 4609 3343 4679 permittunt.

74 4694 279 4763 negotiis
305 4737 319 4763 ,
346 4696 506 4751 licet:
540 4695 634 4752 sed
666 4696 894 4752 definire
920 4710 1109 4753 eorum
1133 4736 1150 4762 ,
1193 4703 1356 4765 atque
1383 4690 1669 4748 ecclesia-'

74 4787 305 4845 sticarnm
340 4807 577 4847 summas
618 4792 868 4863 querelas
906 4805 1190 4846 causarum
1219 4829 1236 4858 ,
1267 4788 1354 4845 vel
1385 4786 1644 4842 damnare

75 4882 355 4954 episcopos,
402 4886 608 4957 absque
660 4887 816 4956 hujus
863 4895 1066 4940 sancta
1106 4883 1253 4939 sedis
1296 4880 1643 4946 auctoritate,

77 4976 279 5035 minime
318 4980 480 5047 licet;
531 4996 690 5052 quam
736 4995 927 5036 omnes
972 4979 1274 5051 appellare,
1326 4978 1370 5033 si
1419 4988 1646 5031 necesse

78 5064 239 5131 fuerit.
268 5078 322 5125 et
350 5074 464 5142 ejus
492 5072 668 5128 fulciri
690 5074 889 5128 auxilio
911 5070 1147 5143 oportet.
1171 5070 1304 5127 Nam
1334 5070 1417 5141 (ut
1447 5065 1641 5137 nostis)

80 5164 321 5231 synodum
350 5166 468 5222 sine
503 5166 623 5237 ejus
651 5169 975 5223 auctoritate
1008 5166 1123 5222 ﬁeri
1153 5207 1169 5233 ,
1213 5180 1318 5221 non
1351 5174 1434 5220 est
1460 5162 1644 5219 cathoo

82 5249 261 5311 licum:
289 5272 383 5312 nec
403 5259 710 5329 episcopus,
740 5258 844 5314 nisi
868 5259 918 5313 itt
948 5258 1188 5329 legitima
1216 5255 1447 5327 synodo,
1474 5263 1529 5310 et
1549 5270 1649 5310 suo

84 5353 309 5420 tempore
349 5352 646 5421 apostolica
694 5353 978 5409 vocatione
1022 5361 1385 5422 congregata,
1429 5349 1649 5406 delinitc

89 5539 129 5610 ὃ.
151 5470 402 5597 ‘eAtticus
424 5475 594 5547 episc.
627 5476 689 5532 C.
722 5476 783 5532 P.
814 5479 975 5548 epist.
1002 5474 1071 5531 ad
1096 5473 1202 5529 PP.
1225 5472 1395 5531 Cone.
1423 5471 1656 5529 Cartha-

122 5558 166 5593 ιιι
202 5558 324 5600 ιιεις,

122 5558 324 5600 ιιιοιιεις,

151 5613 171 5698 ξ
206 5614 339 5698 Deus
363 5616 504 5698 dedit
530 5616 747 5698 caralit.
767 5620 946 5698 episc.
976 5616 1212 5698 consult.
1246 5616 1301 5672 2.

154 5682 173 5770 ξ
208 5685 429 5770 afui-mo
455 5682 975 5770 Aquileit‘nsi‘ejtigz.
1004 5691 1057 5744 in
1083 5686 1593 5770 eodemhconcilioa

155 5752 175 5834 ξ
209 5758 416 5834 Sergius
440 5752 793 5834 epi'sc._Cypri
820 5752 886 5817 ad
908 5761 1261 5817 Theodorum
1275 5759 1498 5831 Papam,
1523 5755 1656 5814 ibid.

159 5825 176 5856 ⁸
211 5826 263 5898 6,
290 5825 367 5899 tit,
397 5825 489 5905 qu;
514 5834 567 5899 6,
596 5825 861 5889 Discutere
886 5834 1172 5905 episwpos.

505 5931 781 5994 Panos.
859 5928 1033 5991 Xlll.

1748 4690 1956 4747 Docent
1976 4691 2120 4748 enim
2143 4709 2213 4750 ex
2238 4706 2391 4766 parte
2414 4696 2579 4769 (sicut
2605 4698 2798 4771 nostis)
2820 4710 3057 4772 terrena,
3083 4720 3203 4777 qua:
3224 4717 3352 4764 sunt

1749 4785 2012 4841 caelestia.

1822 4878 1911 4935 Vl.
1954 4881 2315 4939 Accusatores
2343 4899 2469 4940 vero
2495 4893 2549 4940 et
2575 4888 2972 4957 accusationes,
3002 4906 3139 4961 quas
3160 4894 3347 4950 saeculi

1753 4972 1899 5045 leges
1944 4990 2049 5029 non
2080 4976 2410 5042 adsciscunt,
2456 4981 2762 5036 nullatenus
2792 4995 2917 5037 sunt
2947 4984 3001 5038 in
3030 4984 3223 5039 horum
3252 4987 3349 5042 ad-

1755 5068 2031 5124 mittenda:
2074 5070 2272 5139 causis,
2321 5072 2446 5139 quia
2486 5089 2647 5129 omne
2692 5076 2833 5146 quod
2874 5077 3350 5146 irreprebensibile

1749 5168 1855 5225 est,
1883 5162 2148 5219 catholica
2176 5163 2479 5221 “defendit
2507 5167 2765 5223 Ecclesia.
2797 5169 2864 5224 Et
2884 5171 2986 5226 hoc
3004 5187 3032 5226 a
3058 5160 3355 5243 majoribus

1752 5253 2033 5311 definitum
2064 5272 2186 5313 esse
2216 5272 2436 5329 propter
2468 5277 2755 5331 pravorum
2789 5263 3065 5319 hominum
3099 5266 3349 5337 insidias,

1755 5363 1863 5406 non
1902 5350 2197 5406 dubitatur.
2245 5353 2413 5410 Decet
2453 5356 2597 5411 ettim
2645 5356 2858 5413 Domini
2900 5359 3214 5416 sacerdotes
3244 5361 3354 5420 l‘ra-

1836 5475 1858 5506 ⁶
1895 5490 1965 5536 tt.
2005 5490 2096 5545 qu.
2130 5476 2184 5538 7,
2218 5473 2396 5531 Testes
2423 5477 2768 5547 absqueulla.

1835 5547 1855 5624 ξ
1894 5548 1957 5624 ξὶ
1982 5589 1996 5609 .
2030 5562 2066 5602 ιι
2086 5587 2103 5611 ,
2130 5562 2220 5624 qu:
2254 5548 2323 5624 7_,_
2342 5547 2648 5624 Sacerdotes
2675 5553 2987 5624 ut‘antiqtta.

1836 5617 1857 5649 ⁸
1897 5618 1949 5679 1,
1974 5634 2039 5689 νν,
2068 5634 2157 5687 qu.
2187 5618 2245 5685 2,
2280 5618 2496 5674 Vocatio
2524 5622 2592 5673 ad
2622 5617 2898 5689 synodum'.

1833 5690 1854 5721 ⁹
1896 5689 1929 5744 5
1954 5688 2041 5744 Al.
2069 5692 2295 5745 modum.

1837 5760 1880 5791 ¹⁰
1917 5761 2119 5817 Nicmni
2150 5775 2306 5818 conc.
2331 5776 2450 5817 can.
2480 5760 2534 5817 9.

2776 5922 2853 5989 lh
