3950 6350
483 260 589 314 H7

1724 259 1972 319 SANCTI
2014 260 2268 323 DAMAS!
2308 262 2511 328 eam
2592 249 2594 251 ’

3636 289 3720 345 428

479 390 621 435 trum
645 389 837 434 causas
866 376 950 447 pie
979 385 1241 442 tracmre,
1268 385 1321 430 et
1354 376 1735 432 venerabiliter
1757 375 2040 433 intendere
2060 419 2074 441 ,

2187 389 2365 444 melius
2387 398 2459 444 est
2488 399 2543 443 ut
2567 389 2910 454 suspendutur
2934 391 3068 445 mola
3095 393 3322 447 asinaria
3343 395 3394 448 in
3414 393 3535 450 collo
3560 402 3670 471 ejus,
3687 413 3722 456 et

482 482 644 542 atque
673 485 859 525 eorum
904 468 1105 538 judicia
1137 483 1301 540 super
1344 469 1606 526 sacrificia
1640 469 1932 535 ordinare;
1984 485 2084 526 nec

484 581 734 641 praterve
773 575 866 621 aut
914 565 1190 636 tyrannica
1229 565 1626 628 dominatione,
1672 577 1729 621 ut
1750 568 1818 621 de
1864 565 2087 636 quibus-

482 662 605 716 dam
654 659 902 728 refertur,
947 657 1042 714 sed
1087 658 1405 715 cliaritative
1449 675 1546 730 pro
1591 657 1700 714 Deo
1744 669 1797 714 et
1847 658 2088 714 fraterno

484 771 668 814 amore
693 763 890 812 cuncta
919 771 1212 828 peragere:
1247 767 1293 811 et
1322 758 1460 829 quod
1477 757 1571 812 sibi
1597 759 1710 828 quis
1733 759 1865 835 ﬁeri,
1892 774 2090 826 secun-

483 850 609 904 dum
652 849 981 904 dominicam
1019 865 1240 916 vocem,
1293 867 1394 906 non
1443 852 1572 916 vult,
1619 852 1710 906 alii
1754 852 1950 922 inferre
1986 869 2090 907 non

483 953 763 1014 prwsumat
788 957 805 996 :
836 953 884 998 et
923 945 975 998 in
1003 961 1101 1016 qua
1130 961 1370 1000 mensura
1401 948 1561 1001 mensi
1594 945 1826 1017 fueritis,
1859 948 2093 1003 remetie-

483 1046 566 1090 tur
593 1037 753 1090 vobis.
808 1037 880 1092 Ea
919 1051 1085 1104 vero,
1129 1055 1250 1109 quae
1291 1037 1672 1108 Apostolorum
1704 1040 2094 1111 praedicatione

483 1138 539 1186 et
577 1130 797 1185 Patrum
841 1131 1203 1206 instructione
1241 1134 1601 1204 percepimus,
1649 1149 1865 1206 semper
1909 1145 2095 1192 tenere

483 1223 782 1292 debemus;
826 1241 894 1282 ne
934 1225 1110 1296 aliqua
1161 1243 1296 1283 nova
1352 1227 1592 1294 cudere,
1640 1239 1732 1284 aut
1782 1231 1848 1285 ad
1898 1246 2093 1286 noxam

483 1319 710 1376 fratrum
739 1321 1026 1378 intendere
1069 1321 1351 1378 videamur
1377 1343 1388 1377 :
1419 1326 1507 1378 sed
1538 1324 1910 1379 alterutrorum
1938 1342 2098 1381 onera

480 1423 761 1482 portemus,
811 1419 870 1468 ut
906 1415 1058 1485 juxta
1104 1416 1444 1485 Apostolum,
1491 1417 1650 1488 legem
1685 1415 1895 1471 Domini
1926 1417 2096 1472 adim-

487 1505 630 1576 plere
661 1508 943 1562 valeamus.

558 1598 675 1654 Vll.
723 1600 963 1670 Tempus
1003 1601 1148 1656 enim
1204 1615 1502 1672 congruum
1547 1601 1842 1674 praevideri
1885 1610 2104 1674 oportet

482 1695 699 1764 quando
724 1695 1146 1768 uniuscujusque
1170 1707 1441 1754 accusata:
1463 1714 1709 1768 personae
1731 1715 1892 1755 causa
1912 1700 2102 1756 rectis-

2189 484 2514 557 demergatur
2541 484 2594 537 in
2625 485 2938 555 profundum
2963 484 3136 538 maris.
3185 483 3250 540 Et
3277 487 3396 541 item
3424 506 3436 542 :
3466 487 3632 545 Beatus
3657 493 3724 559 qui

2188 594 2290 631 non
2319 578 2474 649 fuerit
2499 577 2882 632 scandalizatus
2908 577 2961 630 in
2987 594 3083 632 me.
3112 575 3205 632 llle
3230 579 3408 647 procul
3429 580 3578 636 dubio
3601 599 3725 640 scan-

2192 669 2456 724 dalizatus
2487 681 2570 724 est
2600 671 2650 724 in
2687 670 2854 725 Deum
2879 711 2893 735 ,
2935 671 3023 742 qui
3063 672 3180 742 ejus
3216 673 3531 730 scandalizat
3557 679 3727 748 episco-

2194 779 2321 831 pum
2352 762 2439 817 vel
2481 761 2842 817 sacerdotem.
2895 763 2959 818 Et
2992 761 3158 819 multa
3191 765 3349 828 talia,
3392 784 3502 834 quze
3528 769 3605 826 hic
3645 789 3728 830 non

2193 854 2522 920 inferuntur,
2557 871 2625 911 ne
2657 856 2818 911 nimis
2851 855 3061 927 prolixa
3093 857 3358 913 efficiatur
3385 860 3614 930 epistola.
3644 866 3732 921 llo-

2195 959 2390 1003 nentes
2413 963 2628 1020 quoque
2658 952 2929 1003 instruere
2973 949 3186 1004 debetis
3225 961 3536 1007 memoratos
3565 955 3732 1013 vicinos

2198 1053 2429 1107 vestros,
2483 1053 2540 1098 ut
2576 1059 2604 1097 a
2653 1043 2846 1099 talibus
2890 1059 2949 1100 se
2978 1045 3324 1114 subtrahant,
3364 1057 3418 1102 et
3454 1065 3560 1118 qua:
3587 1049 3737 1108 illicite

2198 1147 2382 1192 contra
2415 1138 2668 1209 praefixos
2710 1137 2908 1195 fratres
2954 1150 3217 1210 egerunt,
3264 1141 3370 1196 cito
3399 1142 3658 1214 corrigam.
3685 1147 3736 1202 Et

2198 1244 2335 1300 quos
2366 1228 2522 1284 nobis
2549 1229 2876 1286 inconsultis
2906 1230 3197 1299 laeserunt,
3239 1235 3393 1304 plena
3419 1233 3737 1294 satisfacuonc

2201 1333 2416 1386 sanent,
2468 1331 2523 1379 et
2563 1325 2671 1378 cito
2719 1323 2822 1378 sibi
2873 1339 2969 1379 eos
3012 1326 3387 1394 reconcilient,
3430 1328 3471 1381 si
3515 1329 3738 1385 noluerint

2201 1417 2518 1488 apostolica:
2555 1413 2700 1473 sedis
2731 1417 3008 1489 suscipere
3047 1435 3354 1475 censuram.
3405 1420 3526 1476 Nam
3563 1423 3601 1476 si
3639 1421 3739 1493 quid

2205 1509 2433 1566 fortasse
2483 1509 2536 1565 in
2577 1526 2672 1565 eos
2699 1518 2791 1565 aut
2820 1521 3008 1566 contra
3054 1528 3150 1568 eos
3194 1523 3505 1578 emerserat,
3537 1524 3739 1572 nostrum

2217 1602 2392 1657 fuerat
2421 1604 2846 1673 exspectandum
2877 1621 3102 1661 examen
3127 1647 3140 1672 ,
3170 1616 3230 1661 ut
3252 1615 3432 1662 nostra
3463 1607 3551 1680 (uti
3571 1626 3744 1681 semper

2207 1696 2334 1751 huic
2366 1695 2458 1751 fuit
2490 1696 2605 1752 sedi
2629 1713 2949 1753 concessum
2976 1699 3341 1772 privilegium)
3364 1703 3742 1760 condemnaren-

483 1788 622 1844 sime
667 1788 721 1844 in
750 1788 931 1844 medio
956 1789 1311 1860 producatur,
1337 1804 1608 1862 quatenus
1639 1794 1958 1864 gravitatem
1979 1795 2098 1865 ejus
2129 1791 2176 1854 Β
2206 1799 2290 1843 tur
2319 1789 2644 1845 auctoritate
2667 1831 2683 1859 ,
2719 1800 2811 1844 aut
2842 1789 3164 1848 fulcirentnr
3190 1795 3412 1855 auxilio.
3439 1793 3608 1865 Neque
3631 1797 3741 1853 enim

481 1884 1007 1954 consonantiamque
1037 1895 1224 1940 contra
1265 1885 1484 1941 Patrum
1514 1886 1730 1943 decreta
1759 1932 1774 1956 ,
1805 1889 1888 1943 vel
1923 1891 2087 1960 syno-

482 1975 677 2033 dorum
723 1980 1119 2034 confessionem
1158 2021 1172 2046 ,
1226 1979 1384 2050 prodi
1437 1982 1661 2037 minime
1706 1992 2086 2053 cognoscatur.

479 2072 651 2140 Quam
681 2073 1056 2129 ordinabiliter
1085 2091 1272 2131 omnes
1319 2077 1601 2134 intendant
1630 2120 1643 2144 ,
1675 2087 1733 2135 ut
1775 2078 1842 2134 ad
1883 2095 2002 2134 eam
2034 2081 2088 2134 in

481 2161 737 2221 ornuibus
759 2166 1158 2224 rationabiliter
1187 2172 1580 2240 respondeant,
1609 2183 1662 2226 et
1692 2172 1836 2243 juste
1863 2187 1924 2228 se
1948 2173 2089 2230 velle

479 2257 768 2315 manifeste
813 2260 1122 2316 ostendant.
1178 2261 1369 2318 Nullus
1414 2272 1594 2319 autem
1652 2263 2031 2321 introducatur
2070 2265 2086 2296 ί

481 2353 883 2423 personaliter:
918 2354 1012 2410 sed
1066 2366 1414 2412 accusatores
1452 2368 1508 2413 et
1538 2359 1779 2414 accus‘ati
1811 2375 1962 2430 aequa
1990 2375 2088 2414 au-

475 2447 698 2504 diantur
725 2449 968 2520 _ratione,
1015 2449 1170 2520 juxta
1211 2451 1351 2520 quod
1395 2463 1670 2522 gestorum
1711 2454 1847 2508 ordo
1895 2456 2084 2527 exigit.

478 2541 840 2610 Accusatores
869 2557 1002 2598 vero
1028 2553 1082 2597 et
1115 2543 1328 2613 judices
1352 2559 1460 2598 non
1495 2545 1657 2601 iidem
1684 2545 1826 2611 sint,
1862 2545 1956 2601 sed
1988 2562 2086 2617 per

475 2651 536 2691 se
567 2645 915 2691 accusatores
935 2679 948 2702 ,
981 2653 1075 2704 per
1099 2653 1158 2692 se
1181 2637 1426 2707 judices,
1463 2654 1558 2708 per
1585 2655 1644 2693 se
1666 2648 1831 2694 testes
1853 2682 1867 2706 ,
1903 2655 1997 2709 per
2027 2655 2087 2696 se

474 2729 735 2795 accusati,
786 2729 1161 2800 unusquisque
1210 2731 1262 2785 in
1311 2745 1410 2785 suo
1455 2731 1828 2787 ordinabiliter
1867 2733 2082 2789 ordine.

477 2821 610 2876 Nam
644 2821 929 2890 inscriptio
961 2823 1136 2892 primo
1167 2836 1385 2892 semper
1415 2825 1546 2891 fiat,
1590 2835 1647 2877 nt
1687 2824 1946 2880 talionem
1989 2840 2081 2881 ca-

474 2914 771 2969 lumniator
817 2914 1080 2984 recipiat;
1133 2915 1255 2984 quia
1305 2925 1431 2971 ante
1473 2918 1882 2988 inscriptionem
1922 2934 2084 2975 nemo

473 3006 635 3064 debet
659 3007 891 3078 judicari
924 3008 1007 3062 vel
1033 3007 1302 3074 damnari,
1331 3024 1455 3064 cum
1486 3019 1541 3064 et
1570 3011 1751 3065 saeculi
1787 3012 1933 3082 leges
1966 3015 2083 3067 lucc

473 3101 660 3156 eadem
702 3101 991 3155 retineant.
1043 3099 1118 3153 De
1165 3099 1362 3170 quibus
1404 3101 1657 3156 omnibus
1695 3118 1822 3156 vera
1867 3117 2084 3174 semper

471 3196 564 3247 fiat
602 3194 832 3262 a-qnitas
857 3235 870 3258 ,
903 3201 1173 3264 quatenus
1207 3193 1572 3249 accusationis
1608 3205 1661 3250 et
1683 3193 1873 3264 judicii
1905 3211 1967 3250 ac
2001 3206 2077 3251 te-

469 3287 710 3342 stimonii
740 3289 761 3318 ‘
793 3287 1100 3343 mercedem
1132 3301 1228 3355 per
1258 3290 1544 3342 veritatem
1569 3297 1848 3359 gestorum
1877 3306 2076 3345 conse-

469 3382 558 3452 qui
592 3381 828 3435 valeant.
877 3379 1149 3448 Scriptum
1181 3388 1265 3434 est
1303 3381 1446 3434 enim
1477 3400 1488 3434 :
1543 3381 1932 3436 Abomiuabitur
1967 3381 2078 3438 Do-

469 3473 638 3526 minus
688 3472 827 3525 labia
886 3471 1194 3539 mendacia,
1258 3482 1303 3526 et
1354 3483 1532 3534 testem
1585 3474 1829 3543 fallacem
1899 3475 2076 3546 profe-

468 3575 662 3619 rentem
702 3563 995 3630 mendacia,
1032 3574 1079 3618 et
1127 3565 1462 3619 seminantem
1510 3567 1641 3620 inter
1687 3567 1874 3636 fratres
1924 3583 2076 3622 scau-

468 3657 590 3712 dala
642 3669 792 3728 atque
847 3659 1054 3728 litigio,
1113 3659 1231 3728 ipso
1284 3671 1538 3714 monente
1602 3671 1763 3732 atque
1820 3661 2071 3718 dicente:

469 3752 592 3807 Non
624 3754 782 3824 facies
812 3753 1125 3806 calumniam
1155 3754 1389 3823 proximo
1430 3764 1541 3820 tuo,
1590 3771 1679 3810 nec
1721 3755 1768 3809 vi
1813 3757 2073 3824 apprintes

462 3863 598 3902 eum.
651 3844 772 3900 Non
806 3846 963 3916 facies
992 3847 1129 3916 quod
1159 3846 1389 3914 iniquum
1416 3857 1488 3901 est
1517 3864 1609 3900 nec
1636 3849 1830 3920 injuste
1855 3850 2069 3922 judica-

465 3939 560 3994 bis.
594 3935 718 3992 Non
747 3937 1096 3993 considerabis
1121 3953 1390 4008 personam
1418 3942 1661 4012 pauperis
1686 3986 1700 4010 ,
1737 3959 1825 3996 nec
1852 3945 2072 4000 honores

464 4033 664 4088 vultum
689 4032 928 4104 potentis.
951 4031 1102 4087 Juste
1121 4032 1308 4103 judica
1337 4035 1574 4105 proximo
1595 4043 1702 4090 tuo.
1730 4033 1796 4090 Et
1823 4037 1912 4091 tibi
1933 4039 2072 4109 quod

466 4142 570 4180 non
599 4125 674 4179 uis
699 4125 836 4192 fieri,
871 4124 1022 4178 alteri
1057 4139 1121 4179 ne
1148 4125 1346 4195 facias:
1387 4135 1440 4180 et
1471 4127 1694 4197 reliqua.
1743 4129 1806 4182 Et
1836 4131 2070 4185 maxime

465 4218 487 4249 ³
517 4225 847 4288 praeceptum
892 4216 1155 4271 habentes
1200 4214 1574 4287 Apostolicum
1615 4221 1878 4275 attendere
1921 4221 2069 4276 nobis

463 4310 590 4380 ipsis
618 4320 666 4364 et
695 4309 836 4380 gregi
857 4351 872 4375 ,
905 4309 958 4362 in
981 4325 1082 4379 quo
1112 4323 1206 4363 nos
1245 4307 1479 4379 Spiritus
1509 4321 1715 4366 sanctus
1745 4316 1916 4382 posuit
1954 4315 2066 4385 cpi-

464 4417 666 4470 scopos,
692 4417 868 4472 regere
896 4398 996 4454 Dei
1027 4400 1332 4469 Ecclesium,
1356 4420 1508 4473 quam
1538 4405 1802 4477 acquisivit
1831 4424 1922 4478 per
1948 4425 2070 4463 san-

463 4491 669 4565 guinem
706 4508 854 4546 suum
904 4495 1208 4563 praprium,
1251 4496 1526 4551 convellit.
1578 4497 1645 4552 Et
1685 4500 1922 4555 iterum:
1971 4500 2068 4555 At-

2196 1897 2297 1937 suo
2330 1899 2428 1951 pro
2457 1881 2612 1938 libitu
2645 1894 2825 1940 nostra
2857 1885 3158 1940 debuerant
3177 1887 3301 1958 jura
3333 1889 3626 1960 pervadere,
3652 1891 3744 1946 abs-

2192 1992 2296 2047 que
2319 1978 2632 2046 apostolicm
2655 1975 2798 2032 Sedis
2818 1975 3175 2050 dispositione
3196 1980 3501 2038 mandante.
3531 1983 3569 2037 Α
3589 1984 3744 2040 talibus

2191 2069 2449 2140 deinceps
2486 2086 2677 2126 otnnes
2708 2086 2768 2126 se
2806 2071 3114 2127 abstineant
3146 2069 3166 2103 ⁸
3192 2074 3499 2129 Sacerdotes
3519 2116 3532 2138 ,
3566 2076 3642 2146 qui
3668 2090 3742 2129 no-

2193 2162 2389 2217 luerint
2413 2163 2480 2218 ab
2500 2163 2827 2235 Apostoliczc
2851 2163 3024 2220 Petra:
3049 2174 3236 2236 (super
3263 2182 3420 2236 quain
3443 2163 3678 2234 Christus,
3701 2175 3744 2222 ut

2199 2257 2514 2327 przedictum
2530 2269 2634 2321 est,
2653 2257 3014 2314 uulversalem
3038 2262 3352 2316 construxit
3367 2261 3656 2327 Ecclesium,
3677 2261 3742 2319 cui

2187 2352 2563 2422 episcoporum
2578 2352 3000 2424 summajudicia
3017 2363 3177 2424 atque
3195 2355 3428 2426 majores
3440 2370 3617 2420 causze,
3632 2354 3746 2410 sicut

2192 2445 2348 2513 paulo
2377 2446 2628 2515 superius
2652 2461 3007 2502 memoratum
3031 2456 3134 2513 est,
3161 2460 3457 2504 reservata:
3485 2459 3598 2504 sunt
3616 2459 3742 2520 atque

2189 2536 2471 2607 solidatas)
2503 2553 2730 2592 censura
2756 2554 2820 2594 ac
2847 2539 3171 2595 sacerdotali
3207 2540 3412 2596 honore
3440 2539 3642 2595 secludi.

2264 2627 2396 2684 V'Ili.
2455 2621 2690 2686 Induciae
2741 2631 2883 2686 enim
2936 2632 3206 2686 accusatis
3260 2633 3281 2664 ⁸
3315 2635 3365 2688 in
3415 2631 3738 2689 criminalibus

2187 2721 2456 2792 episcopis
2501 2739 2596 2777 sex
2646 2724 3042 2790 mensium,vel
3089 2740 3154 2780 eo
3183 2725 3412 2794 amplius
3465 2725 3506 2780 si
3559 2737 3740 2799 necesse

2189 2811 2384 2881 fuerit,
2442 2813 2805 2870 concedenda:
2850 2823 2978 2870 sunt
3012 2835 3025 2870 :
3059 2817 3318 2887 quoniam
3381 2827 3434 2874 et
3487 2816 3622 2872 laicis
3657 2815 3738 2870 hoc

2185 2908 2508 2978 permissum
2565 2907 2746 2962 nullus
2791 2908 3142 2963 sa‘cularibus
3197 2907 3739 2979 imbutumdiscipliuis

2187 3001 2398 3068 ignorat
2424 3015 2436 3055 :
2463 3013 2668 3072 quanto
2700 3002 2869 3074 magis
2914 3001 3313 3067 sacerdotibus,
3340 3004 3429 3074 qui
3479 3003 3739 3072 superiores

2183 3107 2304 3147 esse
2332 3094 2410 3148 eis
2445 3109 2548 3148 non
2576 3093 2914 3149 dubitantur.
2949 3091 3192 3150 Habetur
3239 3113 3453 3168 quoque
3475 3095 3495 3126 ⁸
3520 3097 3566 3149 in
3591 3093 3739 3148 dcere.

2106 3179 2152 3244 C
2185 3185 2254 3239 tls
2283 3195 2592 3239 Sanctorum
2613 3183 2831 3240 Patrum
2865 3188 3160 3254 Sancitum,
3189 3204 3298 3244 non
3326 3187 3439 3242 fore
3467 3187 3736 3241 canonicum

2183 3285 2506 3352 quemquam
2537 3279 2882 3336 sacerdotum
2925 3279 3171 3351 judicare
3206 3279 3288 3336 vel
3333 3281 3592 3342 damnare,
3620 3285 3738 3330 ante-

2182 3389 2341 3445 quam
2387 3383 2756 3438 accusatores,
2787 3377 3048 3429 canonice
3077 3373 3440 3438 examinatos,
3491 3379 3737 3444 praeScnles

2181 3465 2710 3538 habeat,locumque
2741 3466 3065 3522 defendendi
3115 3469 3370 3538 accipiat,
3404 3465 3453 3522 id
3497 3475 3588 3527 est,
3615 3459 3736 3516 indu-

2180 3559 2292 3615 cias
2318 3559 2714 3615 ecclesiasticas
2740 3559 2804 3614 ad
2847 3557 3110 3616 abluenda
3139 3560 3372 3615 crimina
3400 3569 3452 3614 et
3481 3555 3677 3614 scelera.

2251 3651 2344 3708 IX.
2365 3649 2442 3707 Ne
2483 3661 2672 3708 cextra
2727 3653 3045 3723 propriam"
3078 3652 3169 3706 fiat
3227 3652 3552 3724 provinciam
3595 3647 3734 3719 primo

2178 3744 2533 3810 discussionis
2562 3745 2857 3813 accusatio,
2888 3746 3007 3802 sine
3052 3746 3351 3817 apostolica
3404 3743 3730 3816 przrccplionc,

2177 3841 2262 3895 cui
2311 3841 2362 3894 in
2417 3840 2668 3896 omnibus
2709 3842 2888 3896 causis
2941 3840 3104 3896 debet
3154 3839 3461 3896 reverentia
3494 3831 3729 3898 custodiri.

2175 3936 2430 4004 quoniam
2461 3944 2512 3989 et
2540 3933 2759 4004 antiqua
2787 3932 2946 3989 docet
2968 3933 3069 3988 hoc
3093 3933 3313 3987 Patrum
3344 3931 3540 4002 regula,
3568 3930 3610 3982 in
3638 3937 3730 3995 qua

2175 4038 2231 4084 et
2262 4028 2564 4100 imperialia
2611 4028 2811 4098 pariter
2843 4035 3042 4082 statuta
3098 4028 3415 4081 concinunt.
3453 4021 3726 4082 Criminum,

2177 4123 2446 4193 inquiunt,
2495 4122 2762 4176 discussio
2809 4120 2879 4174 ibi
2923 4119 3126 4189 agenda
3166 4129 3275 4185 est,
3334 4120 3418 4173 ubi
3449 4117 3632 4173 crimen
3655 4108 3729 4164 ad-

2175 4216 2401 4270 missum
2451 4223 2553 4269 est.
2588 4213 2719 4268 Nam
2776 4213 2904 4268 alibi
2947 4212 3237 4268 criminum
3288 4228 3415 4269 reus
3461 4207 3728 4282 prohibetur

2113 4297 2130 4308 “
2173 4307 2367 4365 attdiri.
2403 4307 2466 4361 Et
2496 4305 2627 4360 alibi
2675 4306 2726 4359 in
2765 4305 3064 4361 canonibus
3109 4305 3422 4376 praccipitur
3453 4301 3727 4371 :Quzerum-

2171 4415 2277 4473 que
2307 4401 2518 4472 negotia
2549 4400 2662 4455 suis
2685 4399 2818 4454 locis
2833 4399 2875 4461 ⁸,
2909 4399 2994 4452 ulti
3025 4407 3142 4453 orta
3173 4407 3323 4463 sunt,
3356 4395 3575 4453 finienda
3595 4397 3723 4447 sunt:

2171 4505 2224 4550 et
2251 4497 2453 4566 reliqua
2482 4493 2607 4549 talia
2629 4500 2682 4547 et
2712 4493 2793 4547 his
2818 4489 3011 4546 similia
3058 4509 3070 4546 :
3104 4489 3257 4546 salva
3283 4501 3457 4546 tamen
3500 4489 3546 4542 in
3585 4479 3726 4538 otnni-

462 4585 688 4640 tendere
717 4584 871 4652 lupos
896 4627 912 4653 ,
948 4586 1226 4639 attendere
1253 4588 1428 4643 malos
1459 4589 1742 4659 operarios
1767 4634 1780 4657 ,
1821 4594 1910 4662 qui
1944 4608 2067 4663 per-
2094 4577 2148 4638 D
2172 4589 2275 4658 bus
2299 4587 2594 4658 apostolica
2625 4586 2962 4650 auctoritate,
2995 4591 3057 4640 ut
3109 4586 3244 4641 nihil
3271 4586 3324 4640 in
3352 4584 3436 4639 liis
3459 4579 3722 4637 definiatur,

461 4692 619 4734 versa
671 4677 874 4731 faciunt
921 4689 970 4730 et
1020 4677 1245 4732 adversa
1295 4681 1624 4751 loquuntur,
1673 4695 1729 4738 ut
1776 4681 2066 4742 detrahere

463 4786 680 4841 semper
711 4770 991 4840 discipulis
1025 4770 1268 4837 Domini,
1299 4782 1354 4826 et
1382 4775 1642 4830 infamare
1670 4787 1897 4846 queant:
1927 4791 2064 4849 quos

460 4869 761 4940 corrigere,
806 4880 902 4920 vos
947 4875 1002 4920 et
1045 4879 1234 4921 omnes
1267 4868 1479 4922 Domini
1506 4870 1817 4928 sacerdotes
1848 4885 2062 4929 satan

459 4962 642 5019 studio
669 4966 920 5029 Oportet:
954 4959 1077 5028 quia
1110 4958 1260 5028 pejus
1299 4961 1496 5014 malum
1535 4977 1640 5016 non
1664 4973 1781 5030 est,
1815 4979 1975 5035 quam
2004 4973 2062 5020 ut

459 5058 609 5114 cives
656 5054 865 5110 civibus
914 5051 1212 5118 invideant,
1261 5062 1315 5108 et
1365 5056 1680 5112 sacerdotes
1724 5060 1802 5112 vel
1849 5059 2056 5126 clerici,

457 5147 836 5206 sacerdotibus
884 5145 970 5199 vel
1021 5143 1364 5214 pontificibus
1415 5145 1772 5214 insidientur,
1821 5158 2058 5207 tesmnte

455 5242 620 5299 etiam
650 5237 896 5295 veritatis
921 5247 1055 5291 voce
1081 5253 1092 5288 :
1141 5237 1242 5302 Qui
1270 5252 1357 5291 vos
1388 5241 1574 5311 tangit,
1605 5242 1771 5312 tangit
1802 5245 2057 5314 pupillam

454 5334 593 5391 oculi
615 5333 748 5399 mei;
771 5341 816 5388 et
846 5330 934 5400 qui
959 5327 1388 5385 scandalimoerit
1408 5348 1570 5386 unum
1592 5333 1657 5388 de
1681 5335 1887 5398 pusiilis
1918 5337 2051 5406 istis,

526 5525 540 5554 ¹
583 5521 684 5590 Qu.
715 5518 770 5586 4,
804 5515 998 5572 Nullus
1021 5514 1400 5590 introdueatar.

522 5597 543 5626 ²
583 5587 842 5646 Martinus
868 5603 1026 5658 papa,
1051 5589 1288 5643 consult.
1319 5587 1352 5643 5
1379 5602 1533 5644 conc.
1569 5587 1752 5646 Later.

523 5665 543 5694 ³
585 5662 835 5731 Ejusdem
864 5659 1096 5724 Martini,
1123 5660 1356 5731 consult.
1388 5661 1442 5716 1.

522 5734 542 5763 ¹⁶
575 5733 801 5798 Siricus,
825 5731 988 5800 epist.
1017 5747 1055 5800 ι,
1087 5745 1204 5799 cap.
1238 5730 1294 5785 ‘2.

522 5805 542 5836 ι
573 5803 628 5869 ι,
659 5816 737 5868 ιιι,
769 5799 871 5871 qui
891 5801 944 5866 ὅ,
1008 5799 1243 5857 Ιηάιιοίω
1281 5805 1558 5860 accusatis.

2171 4683 2482 4755 priusquam
2513 4685 2562 4738 ei
2597 4681 2809 4752 placere
2863 4689 3247 4750 c0gnoscatur,
3278 4696 3381 4750 qua
3426 4691 3598 4731 omnes
3637 4669 3723 4722 sui-

2169 4775 2334 4832 fultos
2365 4791 2486 4831 esse
2513 4785 2746 4844 Oportet.
2772 4775 2842 4829 Et
2885 4775 2930 4830 si
2973 4772 3099 4844 quid
3130 4773 3209 4828 eis
3255 4786 3422 4843 grave
3466 4766 3719 4824 intoleran-

2165 4869 2399 4939 dumque
2416 4868 2693 4932 acciderit,
2713 4867 2829 4940 ejus
2847 4879 3064 4937 semper
3085 4863 3454 4933 ex5pectanda
3468 4864 3486 4895 ’
3510 4867 3718 4914 censura.

2164 4961 2350 5032 Neque
2377 4964 2519 5017 enim
2550 4970 2819 5030 proterve,
2871 4970 2964 5014 aut
3005 4957 3230 5014 stimulo
3265 4971 3378 5012 sua:
3421 4945 3720 5024 ‘cOgitatiOniS

2166 5057 2449 5128 impulsus,
2479 5065 2533 5112 et
2565 5057 2647 5125 (ut
2685 5069 2829 5125 saepe
2869 5063 3048 5109 actum
3071 5048 3447 5124 cognovimus)
3471 5042 3717 5102 detrahere

2163 5159 2251 5206 aut
2275 5165 2534 5206 accusare
2555 5157 2846 5219 prmsumat
2867 5160 3193 5218 quemquam
3224 5143 3556 5200 sacerdotum
3585 5133 3712 5203 :quia

2163 5243 2359 5313 injuria
2388 5259 2575 5298 eorum
2632 5241 2698 5296 ad
2728 5241 2998 5296 Christum
3031 5241 3290 5310 pertinet,
3322 5235 3470 5307 cojtts
3516 5225 3712 5286 vice-lc-

2158 5339 2374 5410 gatione
2406 5349 2503 5410 pro
2535 5335 2755 5410 populo,
2786 5335 2992 5392 Christi
3015 5335 3278 5407 sanguine
3307 5329 3590 5400 redempto,
3614 5321 3713 5377 fuas

2225 5523 2245 5552 ⁸
2266 5539 2347 5585 ιιι.
2377 5539 2469 5591 qu.
2503 5523 2558 5586 9,
2599 5521 2827 5576 Habetur
2855 5537 3074 5590 quoque.

2223 5593 2242 5624 "
2274 5611 2351 5660 tu,
2386 5611 2477 5663 qu.
2504 5597 2557 5654 9.
2587 5591 2696 5647 Nec
2721 5602 2870 5648 extra
2892 5591 3178 5664 propriant.
3225 5659 3238 5664 _
3332 5653 3350 5664 Α,

2221 5666 2242 5695 ⁸
2274 5657 2509 5720 Africani
2541 5665 2728 5721 Patres
2761 5668 2812 5719 in
2839 5657 3001 5734 epist:
3029 5663 3098 5720 ad
3125 5657 3493 5720 Calest‘mum.

2221 5739 2240 5768 ⁹
2273 5735 2332 5792 S.
2359 5735 2491 5802 Leo,
2517 5739 2679 5808 epist.
2725 5751 2952 5792 Lxxxw.

3889 3577 3904 3862 ξ
