3950 6350
158 401 236 458 ςέο

1412 389 1645 449 OPERA
1686 385 2120 448 APOCRYPIIA.
2157 471 2160 474 ἢ

3263 391 3266 394 ’
3305 383 3409 442 450

148 525 336 589 guutur.
364 511 528 568 Causa
579 510 722 566 enim
779 525 990 576 eorum,
1045 509 1166 580 quia
1202 509 1296 564 Dei
1327 524 1506 565 causae
1556 520 1704 578 sunt,
1734 519 1781 575 Α
1812 505 2114 563 dividentes
2151 521 2350 576 corpus
2397 503 2656 560 Ecclesiae
2712 504 2912 560 bonum
2960 511 3012 558 et
3051 503 3321 573 integrum
3353 504 3407 558 in

151 612 249 683 ejus
274 609 419 664 esse‘
446 606 646 678 judicio
673 605 872 658 scimus
897 602 1275 669 reservandus,
1307 604 1392 675 qui
1423 605 1551 657 valet
1596 620 1710 656 cor-

149 693 228 774 pus
248 701 479 761 occidere.
514 710 557 751 et
589 697 816 752 animum
863 696 1062 750 mittere
1097 695 1150 749 in
1175 695 1476 766 gehennam.
1498 694 1600 762 Qui
1628 695 1711 748 di-

149 795 240 850 cit:
273 789 397 846 Mihi
441 789 716 844 vindictam
744 831 759 855 ,
791 799 838 843 et
881 806 970 860 ego
1021 789 1322 843 retribuam.
1372 787 1527 857 Apud
1564 805 1710 850 quem

148 885 428 942 conscientia
476 883 742 949 nudaest,
790 883 872 938 cui
915 901 1014 937 non
1059 883 1444 938 abscondantur
1483 882 1710 936 occulta.

147 971 423 1036 instruendi
479 976 637 1031 etiam
682 990 871 1030 omnes
917 983 1070 1042 sunt,
1105 976 1359 1044 quoniam
1391 992 1484 1044 per
1510 991 1610 1030 nos
1638 973 1710 1029 illi

144 1069 362 1128 Christus
385 1070 632 1134 intontiit,
667 1085 769 1123 non
801 1084 923 1122 esse
951 1069 1130 1122 ovium
1177 1069 1283 1139 lupi
1318 1068 1541 1123 insidias
1571 1084 1713 1140 prae-

145 1163 323 1229 videre,
374 1161 464 1216 sed
499 1162 751 1230 pastoris.
786 1161 1008 1217 Mouet”
1033 1179 1162 1232 ergo
1190 1161 1380 1217 beatus
1435 1162 1714 1232 apostolus

146 1253 314 1315 Paulus
345 1301 358 1322 ,
401 1273 467 1312 ne
497 1258 567 1312 de
607 1255 688 1311 his
736 1267 939 1312 temere
1005 1257 1305 1327 leviterque
1359 1269 1718 1324 praesumatur

141 1349 390 1420 judicium,
425 1349 490 1402 de
519 1349 716 1419 quibus
744 1365 905 1403 nemo
942 1360 1119 1418 potest
1171 1351 1352 1404 verius
1405 1350 1485 1405 vel
1519 1349 1716 1405 melius

1811 613 2081 659 tortuosas
2115 603 2402 656 novitates.
2447 597 2630 656 lii-utet
2675 617 2803 671 ergo
2831 599 3130 670 apostolus.
3166 617 3272 655 nott
3297 616 3414 654 am-

1812 694 1950 763 plius
2004 710 2102 748 nos
2159 694 2386 750 invicem
2446 703 2646 749 temere
2682 693 2945 761 judicare.
2980 693 3213 748 Temere
3267 693 3410 747 enim

1807 785 2034 857 judicat,
2068 783 2258 857 siquis
2312 785 2626 851 episcOpuot
2661 786 2863 855 absque
2903 785 3050 839 sedis
3099 785 3414 854 apostolica:

1813 880 2136 935 auctoritate
2174 877 2545 935 condemnat:
2589 895 2708 933 cum
2763 877 2809 933 ei
2845 871 2930 951 (ut
2979 877 3136 948 paulo
3168 879 3419 948 superius
3503 920 3518 927 -

1818 973 2152 1045 pt'mlibalum
2217 972 2324 1045 est)
2367 973 2470 1027 hoc
2499 971 2806 1042 specialiter
2853 972 3188 1042 privilegium
3241 987 3420 1027 reser-

1817 1080 1997 1122 vatum
2032 1068 2122 1121 sit.
2160 1067 2265 1122 Sed
2294 1067 2392 1121 hoc
2421 1067 2656 1138 judtcate
2686 1065 2869 1138 magis,
2900 1063 3091 1136 inquit,
3126 1083 3188 1119 ne
3215 1067 3419 1137 ponatis

1820 1161 2192 1230 offendiculum
2220 1163 2372 1234 fratri
2413 1163 2490 1215 vel
2517 1162 2841 1217 scandalum.
2879 1155 3134 1216 l’atenter
3164 1163 3306 1215 enim
3337 1160 3420 1215 bis

1818 1265 1873 1312 et
1927 1259 2046 1312 aliis
2095 1259 2580 1312 tnnuttterabilibtts
2644 1259 2986 1312 decretorum
3053 1255 3420 1318 testimoniis,

1819 1351 2069 1404 omnibus
2121 1349 2465 1406 manifestum
2531 1359 2648 1414 est,
2699 1367 2804 1404 non
2859 1345 3058 1406 debere
3110 1353 3420 1421 epismpum

141 1444 550 1514 judicarc,quatt‘t
585 1441 724 1497 Deus
749 1461 759 1495 :
783 1441 860 1497 Tu
884 1456 1080 1510 autem,
1111 1446 1300 1513 inquit,
1334 1463 1490 1516 quare
1507 1446 1718 1519 judicas

145 1541 328 1606 fratrem
355 1547 497 1588 tuum
522 1535 548 1589 .’
577 1545 666 1589 aut
695 1551 783 1589 cur
809 1537 1008 1607 spernis
1036 1553 1149 1590 eum
1175 1536 1199 1590 ?
1228 1536 1416 1590 Omnes
1448 1537 1582 1590 enim
1613 1546 1718 1590 sta-

152 1627 290 1682 bimus
327 1639 440 1680 ante
494 1625 726 1682 tribunal
748 1626 961 1682 Christi.
989 1627 1254 1700 Scriptum
1285 1640 1354 1683 est
1385 1631 1519 1682 enim
1551 1646 1568 1683 :
1609 1630 1719 1683 vivo

1820 1446 2088 1512 damnari,
2123 1445 2248 1502 licet
2289 1447 2406 1518 ejus
2433 1456 2805 1518 perscrutctur
2829 1447 3035 1517 opinio,
3077 1446 3252 1501 donec
3284 1443 3427 1513 judi-

1820 1538 1962 1593 cium
1994 1540 2060 1593 de
2099 1556 2164 1594 eo
2213 1552 2410 1594 nostrai.
2443 1539 2754 1610 apostolicae
2795 1539 3159 1603 auctoritatis,
3186 1543 3287 1592 boc
3317 1547 3420 1603 est,

1823 1633 2082 1706 principis
2127 1635 2496 1702 apostolorum
2548 1634 2730 1697 Petri,
2781 1641 3183 1704 cognoscatur;
3241 1637 3429 1698 utpote

155 1738 268 1791 ego,
313 1719 431 1774 dicit
493 1711 773 1786 Dominus,
823 1723 1062 1790 quoniam
1122 1721 1251 1775 ntihi
1291 1723 1522 1791 flectetur
1575 1737 1723 1776 omne
1822 1729 2078 1798 quoniam
2130 1728 2280 1783 solus
2315 1738 2364 1782 et
2418 1743 2526 1796 [περ
2557 1726 2810 1781 omnibus
2849 1725 3088 1781 creditus
3115 1732 3226 1789 est,
3269 1731 3430 1790 atque

147 1833 286 1887 genu,
335 1825 376 1869 et
426 1813 598 1869 omnis
644 1814 1195 1902 lingua‘conﬁtebitnr
1246 1813 1486 1869 Domino.
1537 1816 1721 1887 Itaque
1825 1825 2107 1892 percipere
2156 1822 2406 1876 mcruita
2437 1822 2581 1892 Rege
2609 1838 2797 1890 regum
2841 1822 3054 1874 Christo
3097 1819 3207 1873 Dt-o
3256 1817 3434 1872 claves

150 1912 482 1981 unusquisque
535 1919 782 1965 nostrum
832 1927 930 1980 pro
957 1926 1016 1965 se
1054 1909 1319 1966 rationem
1362 1911 1553 1965 reddet
1584 1911 1714 1965 Deo.
1752 1907 1796 1972 Β
1828 1917 1978 1984 regni
2006 1916 2294 1980 cmlorum,
2336 1915 2402 1970 ad
2452 1915 2805 1983 aperiendum
2837 1913 3086 1969 fidelibus
3113 1923 3164 1967 et
3193 1911 3431 1966 benevo—

151 2001 297 2058 ltthoc
320 2019 447 2074 ergo
469 2020 580 2057 non
605 2002 1001 2071 sibiquistuam
1029 2005 1349 2059 temerarios
1379 2019 1542 2059 ausus
1568 2021 1723 2059 usur-
1826 2010 1892 2063 lis
1947 2008 2257 2062 hominibus
2289 2009 2342 2061 in
2395 2007 2648 2061 eumdem
2704 2007 2985 2060 Dominum
3037 2017 3322 2067 nosmtm,
3381 2010 3437 2054 et

155 2107 244 2169 pet,
269 2108 321 2152 ut
373 2112 578 2169 prteter
609 2098 750 2167 quod
796 2097 860 2152 ad
889 2097 1235 2152 concttrdiam
1283 2099 1540 2168 pertinet,
1573 2096 1719 2152 aliud
1827 2102 2185 2159 claudendum
2230 2101 2539 2157 infidelibus
2586 2110 2639 2156 et
2683 2099 2967 2155 malevolis
2999 2140 3012 2164 ,
3070 2096 3274 2167 atque‘
3325 2094 3438 2148 suis

156 2201 266 2258 agat,
297 2191 427 2247 unde
473 2195 658 2244 unitas
705 2191 964 2245 Ecclt-sim
989 2189 1305 2261 dissipetur.
1337 2189 1453 2246 Non
1478 2208 1611 2261 ergo
1643 2192 1724 2245 le-
1829 2195 2222 2257 sacerdotibus,
2257 2206 2310 2250 et
2339 2204 2540 2250 sanctte
2585 2194 2866 2258 Ecclesize,
2909 2208 3008 2247 suo
3040 2192 3278 2261 pretioso
3307 2204 3436 2243 aan-

152 2285 560 2354 viterquisqnam
587 2283 1728 2353 assentiatindetractioneVeljudicatioue
1831 2290 1995 2358 gniue
2033 2289 2350 2357 redemptae,
2407 2285 2878 2358 impuguatoribus
2931 2287 3045 2340 sive
3093 2279 3437 2338 nocentibus.

156 2375 220 2430 \cl
247 2379 588 2432 damnatione
633 2377 857 2432 fratrum
888 2420 902 2444 ,
963 2379 1305 2448 maximeque
1355 2375 1725 2445 sacerdotum,
1831 2380 1986 2449 Quod
2037 2379 2224 2446 utique
2281 2389 2336 2434 et
2378 2396 2476 2436 nos
2518 2381 2696 2436 facere
2747 2378 3060 2448 postulavit.
3091 2375 3208 2431 Non
3242 2375 3262 2407 ⁸
3293 2373 3440 2446 quod

155 2470 224 2539 qtti
253 2469 610 2539 proximiores
633 2480 757 2525 sunt
799 2469 933 2537 Deo,
966 2478 1020 2525 t_-t
1048 2471 1139 2540 qui
1171 2471 1387 2540 proprio
1411 2488 1505 2525 ore
1532 2486 1731 2535 corpus

1843 2475 1956 2530 novi
2001 2473 2204 2543 aliquid
2266 2490 2408 2528 nunc
2460 2475 2797 2544 imperatur:
2841 2471 2935 2527 sed
2977 2467 3107 2526 illud
3157 2467 3300 2542 quod
3344 2485 3443 2539 per

156 2559 323 2618 ilbristi
369 2562 704 2618 cculicittttt:
744 2565 879 2632 Quia
909 2566 969 2617 ob
1000 2565 1094 2618 hoc
1113 2566 1245 2618 venit
1279 2566 1356 2617 ira
1393 2563 1486 2618 Dei
1511 2565 1562 2617 in
1594 2565 1731 2634 ﬁlios
1835 2568 2099 2624 desidiam
2159 2569 2463 2639 aliquorum
2523 2579 2614 2624 aut
2672 2568 2909 2623 scienter
2963 2577 3055 2622 aut
3107 2567 3442 2636 negligenter

155 2653 450 2724 dissidentia},
476 2658 574 2728 qui
597 2655 860 2711 Christum
881 2669 1255 2730 persequuntur
1281 2660 1330 2710 in
1351 2658 1457 2710 suis
1473 2657 1732 2710 membris.
1837 2662 2254 2731 transgreditur,
2299 2662 2555 2733 deinceps
2605 2662 2924 2716 observetur
2949 2662 3017 2714 ab
3067 2661 3316 2714 utttttilttIs
3344 2676 3356 2712 :
3385 2667 3446 2714 ut

154 2748 320 2818 Nolite,
369 2754 589 2823 fratres,
654 2752 810 2806 nolite
856 2750 996 2821 efﬁci
1048 2750 1366 2822 participes“
1415 2766 1612 2814 eorum,
1646 2767 1735 2804 nec
1837 2754 1928 2809 illa
1979 2769 2195 2823 semper
2224 2796 2238 2820 ,
2296 2770 2418 2822 quae
2464 2755 2762 2826 apt-stolica
2810 2765 2865 2810 et
2895 2755 3112 2809 Patrum
3148 2754 3440 2808 traditione

156 2847 501 2900 communicetis
565 2845 783 2915 peccatis
813 2845 990 2898 talium
1017 2885 1030 2906 ,
1075 2853 1161 2895 aut
1202 2843 1536 2912 infructuosis
1574 2843 1737 2896 verbis
1840 2847 2133 2903 constituta
2195 2860 2343 2913 sunt,
2375 2849 2474 2901 sub
2517 2859 2664 2904 metu
2714 2849 3070 2920 irrefragabili
3123 2851 3449 2904 auctoritate

157 2935 349 2991 illorum.
385 2933 566 3012 Magis
597 2948 768 2991 autent
795 2935 1290 3008 redarguitetulium
1321 2947 1500 2998 cretus,
1527 2936 1614 3004 qui
1644 2950 1735 2988 ex-
1841 2952 2148 2998 teneamur,
2201 2945 2471 3015 scriptum
2530 2960 2762 3015 namque
2821 2954 2905 2998 ρει
2964 2946 3015 2999 in
3083 2944 3323 2999 secunda
3383 2943 3450 2997 ad

159 3033 330 3087 tendere
360 3035 673 3098 moliuntur,
691 3031 836 3102 quasi
859 3047 1058 3094 arcum,
1075 3031 1128 3084 in
1160 3032 1344 3101 fratres
1375 3029 1733 3100 ltngttassuas.
1840 3037 2358 3093 Thessalonicenses
2380 3037 2641 3108 Epistula.
2660 3050 2713 3091 ει
2729 3037 2793 3092 ad
2810 3038 3178 3105 Tin'lolhpuln‘
3203 3038 3453 3107 aposfolo

163 3125 411 3182 Delcnditc
441 3141 582 3198 ergo
606 3125 816 3180 fratres.
837 3135 890 3179 Cl
913 3141 1100 3179 ()lltllt'S
1131 3132 1439 3190 mouete,ut
1459 3133 1740 3176 (II‘IIICIIHH‘
1843 3144 2098 3187 Innneme
2125 3149 2136 3184 ;
2181 3132 2328 3185 State
2348 3173 2362 3197 ’
2397 3141 2443 3185 ει
2498 3141 2658 3185 “inple
2705 3132 3013 3186 traditiones
3073 3141 3293 3196 υεδιτιιε,
3323 3147 3453 3199 quas

163 3233 317 3276 contra
341 3223 572 3277 fratrum
607 3231 1004 3290 persecutores.
1027 3219 1346 3289 Confidimus
1373 3229 1543 3272 autent
1566 3219 1629 3271 de
1651 3233 1740 3270 vc-
1845 3223 2119 3287 didicistis,
2147 3242 2234 3278 seu
2291 3242 2382 3296 per
2441 3225 2667 3291 verbum,
2701 3242 2788 3279 seu
2833 3242 2922 3291 per
2972 3225 3240 3294 epistolam
3266 3241 3285 3278 :
3319 3209 3472 3278 Item.

165 3316 222 3371 bis
245 3320 439 3372 meliora
465 3322 510 3372 et
549 3317 835 3370 oiciuioras
857 3315 1133 3382 tluti:qnia
1156 3329 1314 3384 neque
1343 3313 1634 3382 mors.quia
1657 3328 1745 3364 ηε-
1771 3305 1815 3365 C
1849 3317 1974 3372 alibi
2009 3334 2102 3386 per
2134 3318 2451 3387 prophetam
2487 3316 2826 3390 :Exspectavi
2856 3335 3074 3389 quoque,
3099 3318 3241 3372 sicut
3261 3318 3453 3371 beatus

167 3429 245 3479 que
264 3405 1474 3483 t-ita,nequeangeli,tteqaeprincipatus,neque
1496 3405 1740 3468 Virtutes.
1848 3410 1981 3465 Isaia
2011 3411 2264 3472 intonuit,
2297 3421 2349 3464 ut
2403 3415 2632 3482 facerent
2679 3411 2942 3481 judicium
2977 3427 2994 3464 .'
3024 3413 3253 3482 fecerunt
3285 3422 3457 3464 autem

170 3521 300 3576 neque
339 3505 609 3569 instantia,
645 3520 804 3574 neque
835 3503 1031 3573 futura,
1075 3517 1235 3572 neque
1285 3499 1555 3570 fortitudo,
1587 3513 1744 3569 neque
1848 3506 2197 3572 iniquitatem,
2227 3515 2273 3559 et
2327 3522 2428 3559 non
2485 3506 2744 3574 justitiam
2776 3545 2791 3570 ,
2825 3504 2914 3558 sed
2960 3505 3258 3580 clamorem,
3285 3520 3458 3558 omnes

171 3600 378 3666 altitudo,
421 3615 590 3669 neque
616 3585 955 3670 profundum,
1007 3612 1167 3668 neque
1197 3605 1432 3649 creatura
1473 3594 1599 3657 alia,
1626 3608 1741 3646 ma.
1851 3599 1961 3668 pios
1989 3597 2367 3652 conturbantes.
2421 3597 2487 3652 Et
2531 3597 2632 3651 hoc
2681 3595 2822 3651 scire
2879 3595 3170 3662 debeant“,
3200 3595 3460 3665 queuiam

173 3693 312 3760 sistro
347 3703 535 3764 gentes
576 3691 829 3754 docente,
866 3690 1048 3761 poterit
1075 3705 1164 3741 nos
1187 3685 1748 3757 separarcacharitate
1846 3689 2107 3762 judicium
2167 3689 2257 3744 hei
2305 3699 2389 3744 est
2444 3687 2737 3744 secundum
2791 3687 3069 3743 veritatem
3115 3689 3166 3743 in
3217 3703 3312 3743 eos
3359 3687 3457 3759 qui

174 3779 352 3838 Domini
381 3785 548 3840 nostri
573 3779 700 3838 Iesu
729 3781 954 3846 Christi,
983 3796 1102 3850 qua:
1139 3780 1372 3834 maxime
1405 3780 1456 3832 itt
1499 3777 1751 3836 saccrtlo-
1855 3787 1982 3842 talia
2008 3797 2171 3856 agunt
2201 3805 2213 3838 :
2242 3786 2365 3840 licet
2396 3784 2613 3839 divitias
2652 3783 2911 3839 bonitatis
2938 3783 3057 3844 Dei.
3091 3792 3145 3838 et
3188 3791 3460 3838 sustenta-

177 3879 291 3933 tibus
315 3890 367 3935 et
395 3879 625 3950 reliquis
651 3877 926 3948 perficitur
949 3876 1204 3930 membris
1223 3875 1358 3945 ejus.
1385 3873 1562 3929 Nolite
1585 3875 1752 3943 itaque
1857 3881 2042 3944 ιὶοηὶς,
2077 3891 2130 3935 et
2154 3879 2428 3948 patientia:
2457 3885 2828 3940 contemnam,
2865 3880 3162 3950 ignoramus
3216 3878 3463 3945 quoniam

177 3979 369 4032 amittere
413 3976 786 4048 confidentiam
854 3983 1071 4029 uestram
1106 4015 1118 4037 ,
1168 3988 1282 4042 qua:
1331 3987 1573 4040 magnam
1602 3969 1753 4023 habet
1823 4025 1828 4030 _
1859 3973 2144 4046 benignitas
2173 3972 2268 4024 vei
2311 3970 2379 4023 ad
2407 3969 2753 4039 paenitentiam
2782 3983 2868 4023 eos
2915 3969 3152 4030 adducit,
3181 3966 3459 4024 secundum

178 4074 634 4125 remunerationem.
671 4068 809 4122 Ecce
838 4068 979 4122 enim
1000 4064 1164 4136 judex
1188 4076 1312 4120 ante
1339 4069 1561 4134 januam
1621 4061 1754 4116 assi-
1860 4065 2101 4136 duritiem
2130 4075 2298 4117 autem
2327 4081 2502 4117 eorum
2531 4074 2579 4117 et
2608 4077 2697 4116 cor
2736 4063 3077 4130 imptenitens,
3110 4060 3462 4114 thesaurisant

179 4163 274 4228 stit,
312 4179 539 4220 coronas
592 4162 838 4216 hilariter
895 4161 1214 4230 promittens
1275 4157 1378 4222 his,
1427 4157 1515 4227 qui
1568 4172 1664 4224 pro
1692 4170 1757 4208 eo
1860 4159 1955 4213 sibi
1980 4159 2108 4211 iram
2131 4159 2182 4210 in
2205 4157 2285 4211 die
2314 4158 2407 4210 ira:
2425 4166 2474 4209 et
2501 4155 2820 4208 reuelationis
2842 4155 2975 4225 justi
2994 4153 3189 4226 judicii
3229 4149 3345 4216 Dei,
3370 4150 3460 4221 qui

182 4253 403 4313 fratribus
447 4257 713 4328 auxilium
767 4255 966 4319 ferunt,
1015 4262 1070 4308 et
1117 4252 1392 4322 oppressis
1433 4255 1761 4304 succurrunt
1861 4251 2041 4305 reddet
2063 4249 2336 4318 unicuique
2363 4247 2644 4301 secundum
2673 4261 2831 4313 Opera
2878 4248 3006 4317 ejus.
3043 4243 3255 4298 Etalibi
3288 4241 3462 4310 scrip-

181 4354 390 4418 atquein
427 4351 697 4406 charitate
745 4349 1098 4404 collaborant.
1139 4345 1289 4410 Quod
1311 4345 1354 4398 si
1383 4342 1689 4396 subtraxerit
1710 4357 1763 4395 se
1867 4355 1976 4398 tum
2007 4351 2092 4398 est
2121 4361 2132 4395 :
2164 4341 2271 4412 Ego
2303 4357 2416 4394 sum
2443 4338 2697 4392 Dominus
2754 4338 2893 4392 Deus
2919 4347 3122 4391 uester:
3163 4352 3266 4389 non
3309 4335 3470 4405 facie-

184 4444 296 4511 quis.
322 4463 417 4498 non
445 4443 675 4515 placebit
705 4441 833 4503 Deo.
874 4440 964 4493 sed
991 4441 1153 4502 cadit,
1182 4439 1300 4507 quia
1340 4454 1442 4490 non
1484 4433 1763 4488 sublevavit
1868 4437 1933 4490 tis
1957 4436 2270 4506 iniquitatem
2318 4435 2370 4487 in
2389 4432 2614 4505 judicio.
2665 4430 2786 4484 Non
2817 4430 3035 4500 accipies
3075 4445 3349 4501 personam
3375 4428 3470 4482 ho-

185 4536 438 4603 cadentem,
471 4537 567 4592 sed
589 4536 854 4590 emarcuit.
887 4533 1006 4587 Non
1035 4544 1203 4587 autent
1225 4533 1384 4586 simus
1406 4527 1765 4584 subtractionis
1870 4529 2043 4591 minis,
2073 4544 2234 4594 neque
2263 4526 2462 4579 mireris
2487 4525 2688 4577 vultum
2727 4523 2976 4593 potentis.
3003 4521 3077 4575 Ab
3117 4523 3256 4575 omni
3296 4522 3472 4592 iniquo

186 4628 228 4680 in
270 4629 668 4700 oppressionem.
700 4628 790 4683 sed
839 4626 1138 4680 adminiculi
1171 4626 1223 4678 in
1265 4623 1677 4694 acquisitionem,
1713 4629 1767 4674 ct
1871 4621 2019 4677 verbo
2051 4621 2275 4674 recedes.
2306 4617 2634 4672 Innocentem
2675 4626 2724 4671 et
2760 4619 2964 4690 justum
2994 4633 3097 4670 non
3127 4616 3472 4688 appngnabis,

189 4725 598 4794 supplementum
630 4721 876 4777 fratrum.
916 4719 1136 4790 l’rOpter
1156 4719 1294 4786 quod
1323 4715 1570 4770 assutnite
1597 4731 1766 4768 arma-
1793 4707 1842 4768 D
1871 4732 2030 4785 neque
2056 4713 2352 4784 interficies.
2411 4711 2506 4767 llle
2552 4709 2737 4781 proettl
2767 4709 2932 4765 dubio
2964 4709 3090 4764 facit
3135 4711 3474 4780 iniquitatem

191 4827 337 4872 turam
362 4820 474 4880 Dei,
510 4829 569 4873 ut
618 4818 824 4891 possitis
849 4815 1084 4870 resistere
1106 4813 1339 4867 omnibus
1372 4811 1546 4865 taliter
1573 4824 1767 4882 praesu-

192 4925 418 4978 metttibus
443 4939 461 4976 :
492 4931 538 4976 et
567 4920 768 4976 induite
789 4936 876 4973 vos
915 4918 1129 4971 loricam
1157 4914 1401 4988 justitite,
1428 4909 1644 4964 calceoli
1685 4923 1772 4978 pe-

195 5014 268 5068 des
307 5016 357 5068 in
383 5014 816 5088 prteparationem
852 5009 1116 5082 Evangelii
1140 5007 1280 5081 pacis
1302 5023 1317 5069 ;
1340 5007 1393 5059 in
1419 5001 1656 5059 omnibus
1685 5017 1772 5054 su-

195 5118 361 5161 mentes
384 5118 588 5162 scutum
615 5106 757 5174 ﬁdei,
782 5106 833 5158 in
873 5121 974 5173 quo
1004 5102 1209 5172 possitis
1239 5101 1413 5155 omnia
1445 5098 1543 5150 tela
1575 5096 1770 5163 nequis-

197 5197 295 5250 simi
320 5199 465 5269 ignea
507 5200 850 5269 exstinguere.
875 5193 943 5250 Et
973 5195 1176 5266 galeam
1201 5193 1385 5247 salutis
1435 5187 1696 5252 assumite,
1725 5192 1774 5240 et

199 5290 409 5358 gladium
453 5294 688 5365 spiritus,
735 5289 873 5362 quod
917 5299 991 5343 est
1043 5289 1259 5343 Verbum
1292 5285 1403 5348 Dei,
1459 5300 1548 5354 per
1576 5297 1776 5335 omnem

203 5387 492 5451 orationem,
534 5397 580 5441 et
633 5386 1030 5440 obsecrationem
1086 5383 1305 5437 radicati
1358 5390 1403 5435 et
1467 5378 1693 5450 fundati,
1727 5385 1782 5430 ut

203 5475 404 5548 idipsum
435 5479 620 5536 dicatis
660 5497 856 5546 omnes,
888 5488 937 5533 et
963 5493 1066 5532 non
1105 5476 1205 5532 sint
1237 5477 1287 5530 in
1311 5473 1778 5536 vobis,scltismata,

272 5706 285 5734 ¹
313 5703 475 5775 Cone.
501 5705 656 5760 Rom.
688 5721 768 5770 ιιι,
791 5703 891 5758 sub
918 5699 1267 5775 Symmacho.

273 5774 654 5849 {Anastapapa
681 5777 770 5832 ad.
803 5774 994 5833 Anast.
1035 5779 1172 5849 Aug.

274 5843 294 5921 ξ
322 5847 536 5921 gartini
561 5843 835 5921 sjnodica,
868 5864 899 5904 e
927 5861 1084 5921 conc.
1110 5843 1363 5900 Lateran.

281 5915 299 5945 ‘
326 5917 509 5988 Forte,
533 5915 746 5980 suorum
777 5917 1170 5977 sacerdotibus.

1878 4810 1928 4864 itt
1955 4807 2179 4878 judicio,
2211 4806 2298 4874 qtti
2323 4820 2384 4861 e.t
2418 4805 2518 4859 sibi
2546 4803 2800 4869 vindicat,
2831 4819 2949 4873 qua!
2977 4802 3028 4857 ei
3061 4801 3333 4856 vindieat'e
3367 4818 3475 4855 non

1878 4901 2022 4957 licet.
2054 4899 2202 4965 Ideo,
2227 4913 2347 4967 qute
2403 4897 2527 4950 huic
2569 4906 2771 4950 sancta:
2825 4893 2984 4949 sedi"
3015 4910 3272 4949 concessa
3327 4901 3475 4961 sunt,

1881 4994 2062 5048 nullus
2093 5005 2353 5060 usurpare
2408 4989 2525 5043 sine
2575 4988 2694 5056 ejus
2741 4988 2990 5042 consultu
3045 4995 3356 5057 pratsumat,
3387 4987 3481 5057 qui

1874 5107 1978 5146 non
2005 5088 2119 5142 vult
2149 5089 2353 5140 honore
2401 5083 2772 5139 ecclesiastico
2812 5083 3083 5151 indignus,
3118 5089 3175 5134 ttt
3194 5090 3480 5150 contemp-

1876 5194 1982 5244 tor,
2004 5183 2257 5253 judtcari.
2281 5179 2463 5250 Itaque
2493 5169 2707 5248 aperiet
2734 5177 3067 5245 negligentes
3095 5175 3116 5206 ⁸
3136 5174 3479 5244 propulsare,

1881 5273 1975 5332 sed
1999 5275 2093 5342 ill,
2121 5285 2176 5328 ut
2209 5283 2465 5329 nocentes
2496 5289 2601 5325 non
2629 5271 3052 5325 roborentur:et
3085 5269 3259 5322 bonos
3283 5267 3486 5337 impro-

1885 5372 1966 5426 bis
1989 5381 2081 5424 aut
2113 5367 2520 5424 insidiatoribus
2578 5365 2802 5418 fratrum
2852 5364 3126 5427 resistere,
3160 5379 3226 5416 tte
3269 5376 3488 5431 tot-pore

1888 5465 2111 5523 desidiae
2158 5464 2427 5536 Oppressi,
2475 5459 2859 5517 taciturnitatis
2904 5465 3191 5514 teneantur
3239 5457 3486 5513 obnoxii.

1977 5695 1997 5725 ⁸
2024 5692 2208 5747 Innoc.
2242 5691 2282 5756 1,
2308 5705 2393 5760 ep.
2430 5705 2487 5744 tt.

1967 5766 1989 5797 ⁸
2017 5765 2231 5820 Martin.
2262 5756 2421 5830 papa.
2447 5756 2682 5813 consult.
2707 5756 2743 5810 2
2762 5797 2781 5830 ,ί
2802 5761 2958 5812 conc.
2987 5758 3219 5814 lateran.

1968 5839 1988 5869 '
2018 5838 2052 5893 5
2072 5878 2086 5897 .
2117 5838 2238 5888 dist.
2267 5829 2363 5900 I77,
2406 5831 2540 5893 "sic
2569 5831 2666 5884 soli
2693 5829 2821 5883 sedi.

1965 5907 1989 5940 ³
2024 5907 2224 5963 ﬁctor.
2247 5903 2504 5974 Carthag.
2533 5901 2602 5958 ad
2625 5900 2972 5960 Theodorum
2999 5909 3218 5975 papam.
