3950 6350
539 318 641 374 431

1794 311 2038 370 SANCTI
2079 310 2337 370 DAMASI
2376 310 2580 370 ΡΛΡᾹΞ

3668 325 3749 385 153

532 432 718 502 Itaque
741 430 833 500 qui
858 436 1032 497 potest
1060 427 1278 482 obviare
1310 430 1350 495 ⁸,
1385 437 1438 482 et
1483 427 1799 498 perturbare
1828 445 2133 500 perversos,
2171 437 2210 491 Α
2245 447 2363 485 iuur
2384 473 2397 495 ,
2430 431 2519 502 qui
2545 439 2600 486 et
2625 429 2675 485 id
2701 430 2876 500 ipsum
2920 429 3034 485 ﬁeri
3077 429 3403 502 principium.
3436 433 3538 492 Non
3561 446 3610 494 ut
3631 443 3750 499 vobis

535 538 590 582 ct
618 542 724 580 non
777 525 939 588 facit,
967 523 1095 578 nihil
1129 523 1274 578 aliud
1322 525 1475 590 est’,
1500 540 1661 594 quam
1714 523 1894 580 favere
1948 541 2135 579 eortnn

534 616 818 687 impietati.
838 615 946 669 Nec
971 616 1112 670 enim
1132 625 1280 671 caret
1305 617 1559 685 scrupulo
1588 603 1865 672 societatis
1885 617 2132 681 occultm,

531 711 622 781 qui
675 709 960 765 manifesto
1015 709 1240 765 facinori
1276 711 1475 765 desinit
1502 711 1743 766 obviare.
1808 711 1937 766 Sitis
1965 722 2136 765 autent

532 803 745 872 perfecti
770 811 816 856 et
858 804 1043 874 integri
1065 803 1117 857 iu
1143 804 1319 857 eodem
1369 820 1539 866 sensu,
1573 814 1620 856 et
1649 804 1700 857 in
1727 803 1902 858 eadem
1925 803 2139 858 scientia

531 897 754 967 ﬁrmati:
779 907 834 951 ut
855 914 950 968 per
972 914 1092 954 eam
1113 897 1227 952 vias
1247 906 1455 953 vestras
1479 897 1774 968 dirigentes
1803 898 1854 954 in
1885 895 2132 952 eumdem

531 992 927 1058 inﬂexibiliter,
971 992 1228 1046 omnibus
1271 991 1573 1046 occurratis
1625 991 1904 1061 Oppressis
1933 990 1976 1057 ⁸,
2007 992 2133 1060 quia

527 1087 684 1142 vobis
705 1086 944 1142 creditur
985 1087 1264 1152 Dominus,
1293 1087 1362 1139 ad
1401 1103 1549 1157 quem
1581 1086 1810 1153 lapidem
1838 1084 2134 1140 accedentes

525 1181 717 1246 vivum,
761 1180 824 1233 ab
847 1179 1136 1234 hominibus
1182 1179 1388 1250 quidem
1441 1178 1771 1246 reprobatum
1804 1187 2011 1248 prapter
2050 1187 2131 1230 ta-

527 1276 657 1330 lium
683 1273 1013 1347 impietatem,
1028 1273 1182 1328 aDeo
1204 1285 1374 1328 autem
1403 1273 1618 1327 electum
1643 1283 1689 1327 et
1709 1271 2130 1341 honori/Scotum,

524 1386 681 1439 super
699 1366 856 1439 quem
887 1384 996 1430 vos,
1043 1377 1304 1436 tamquam
1333 1365 1531 1436 lapides
1570 1366 1692 1431 uiri,
1718 1365 2054 1432 tediﬁcamini
2079 1365 2132 1417 in

521 1459 807 1517 Dominum
847 1462 1192 1534 spiritualem,
1239 1461 1291 1513 in
1321 1458 1668 1513 sacerdotium
1713 1467 1969 1519 sanctum,
1996 1454 2129 1522 o/fe-

521 1568 690 1612 rentes
739 1557 1031 1629 spirituales
1087 1554 1280 1608 hostias
1335 1553 1436 1623 ipsi
1496 1553 1548 1605 in
1589 1551 1796 1606 odorem
1836 1550 2127 1604 suavitatis.

517 1651 743 1709 Gratum
819 1649 962 1703 enim
1020 1648 1311 1701 admodum
1359 1654 1442 1699 est
1501 1639 1832 1698 saeuiticium
1897 1640 2130 1695 Domino

517 1745 798 1816 oppressis
821 1741 1077 1798 omnibus
1115 1740 1408 1796 Subvenire
1443 1747 1684 1807 :quanto
1731 1736 1902 1804 magis
1932 1733 2036 1788 illis
2061 1733 2128 1788 de

2240 524 2482 580 scientim
2510 525 2894 580 ecclesiastica:
2937 527 3142 594 regulas
3189 527 3380 597 aliquid
3419 529 3575 596 desit,
3611 537 3685 590 scd
3710 549 3752 592 ut

2239 620 2561 692 auctoritate
2601 617 2746 672 sedis
2786 618 3099 687 apostolica
3136 618 3288 684 fulti,
3318 618 3369 674 in
3408 623 3541 678 nullo
3578 626 3635 681 ab
3663 629 3752 698 ejus

2240 707 2466 764 devictis
2497 709 2718 780 regulis.
2761 708 2928 778 Igitur
2954 709 3023 765 de
3063 710 3485 784 chorepiscupis,
3522 715 3582 770 de
3605 719 3756 787 quibus

2239 818 2340 860 nos
2384 805 2672 860 consulere
2713 804 2989 870 voluistis,
3035 804 3194 874 quale
3243 806 3308 860 sit
3349 821 3519 861 eorum
3565 810 3756 868 ministe-

2237 898 2374 953 rium
2402 939 2414 962 ,
2448 908 2541 954 aut
2568 899 2694 968 quid
2727 899 2808 955 eis
2838 915 3001 970 agere
3047 901 3203 954 liccat
3226 943 3240 966 ,
3273 911 3360 956 aut
3392 918 3538 974 quam
3575 909 3760 964 auctori-

2238 999 2402 1046 tatem
2443 991 2714 1057 habeant,
2743 992 2829 1047 vel
2860 993 2902 1044 si
2936 991 3096 1047 liceat
3124 1007 3217 1047 eos
3251 992 3362 1048 fieri
3387 1036 3401 1060 ,
3432 1010 3493 1049 an
3531 1001 3759 1069 non,quia

2235 1084 2539 1138 audivimus
2568 1100 2663 1140 eos
2686 1084 2796 1154 jam
2825 1099 2948 1140 esse
2979 1085 3315 1156 prohibitos;
3343 1097 3431 1143 aut
3460 1090 3573 1160 quid
3593 1092 3649 1146 de
3669 1092 3760 1158 liis,

2234 1179 2324 1250 qni
2351 1180 2461 1248 jam
2489 1178 2720 1234 ordinati
2747 1179 3087 1250 reperiuntur
3106 1222 3119 1246 ,
3143 1181 3402 1252 agendum
3433 1183 3533 1249 sit,
3561 1184 3622 1239 nil
3645 1186 3760 1241 vobis

2233 1271 2437 1326 certius
2463 1271 2797 1342 reSpondere
2830 1272 2985 1328 nobis
3013 1273 3227 1329 videtur
3247 1317 3262 1342 ,
3294 1290 3445 1346 quam
3471 1275 3586 1331 olim
3608 1294 3632 1332 a
3658 1255 3786 1349 prat-i

2232 1361 2608 1418 decessoribus
2638 1366 2839 1419 nostris
2865 1367 3144 1420 decretura
3181 1369 3472 1435 reperimus
3499 1385 3512 1434 ;
3552 1380 3603 1423 ut
3627 1373 3691 1425 eis
3711 1372 3761 1425 ad

2233 1458 2444 1509 veniam
2474 1457 2604 1510 nihil
2633 1472 2855 1527 prorsus
2885 1458 3029 1512 aliud
3071 1472 3372 1516 reservetur
3396 1477 3544 1532 quam
3585 1463 3765 1533 privatio

2231 1549 2372 1602 sacri
2426 1549 2742 1615 ministerii,
2776 1550 2918 1620 quod
2978 1550 3165 1607 illicite
3219 1568 3636 1624 assumpserunt;
3673 1555 3766 1626 quia

2231 1640 2491 1710 prohibiti
2520 1651 2624 1696 tam
2657 1643 2726 1698 ab
2769 1641 2868 1698 hac
2909 1657 3060 1698 sacra
3091 1644 3222 1698 sede
3248 1687 3262 1711 ,
3293 1660 3447 1715 quam
3483 1662 3510 1699 a
3539 1647 3679 1700 totius
3703 1663 3770 1701 or-

2230 1733 2314 1788 bis
2339 1733 2550 1789 fucrant
2575 1735 2866 1807 episcopis.
2892 1735 3063 1790 Nimis
3082 1752 3212 1808 ergo
3236 1753 3420 1792 eorum
3444 1738 3677 1794 inslitutio
3694 1737 3769 1794 im-

515 1837 714 1909 quibus
741 1835 815 1890 ait
841 1835 972 1901 :Qni
1001 1851 1087 1888 vos
1115 1833 1283 1897 audit,
1314 1848 1392 1884 me
1421 1831 1668 1895 audit;et
1696 1829 1781 1899 qui
1799 1843 1886 1882 vos
1909 1826 2125 1897 spernit,
2159 1832 2207 1892 Β
2235 1829 2398 1899 proba
2421 1869 2435 1893 ,
2462 1830 2618 1883 nimis
2647 1839 2730 1884 est
2763 1845 2924 1898 prava
2953 1847 2964 1881 :
2999 1829 3120 1899 quia
3153 1839 3212 1884 ιιι
3239 1830 3295 1885 1ιί
3320 1831 3388 1887 de
3420 1846 3612 1887 suu‘nno
3634 1848 3773 1888 sacer-

516 1948 597 1984 me
624 1929 838 2001 spernit,
873 1937 927 1982 et
955 1934 1173 1981 caetera.
1228 1924 1384 1980 Libat
1414 1924 1434 1953 ³
1457 1923 1677 1994 quidem
1713 1922 1942 1976 Domino
1971 1933 2125 1990 pros-

513 2041 669 2096 pera,
703 2025 792 2094 qui
825 2023 892 2077 ab
923 2020 1142 2076 afﬂictis
1165 2018 1514 2088 etoppressis
1543 2016 1700 2087 pellit
1729 2014 1983 2069 adversa.
2016 2013 2124 2067 Sed

512 2127 562 2173 et
593 2135 746 2180 nunc,
773 2117 982 2186 fratres,
1017 2112 1434 2167 commendamus
1459 2127 1544 2164 vos
1566 2107 1676 2163 Deo
1703 2119 1747 2162 et
1773 2110 1920 2162 verba
1938 2107 2123 2179 gratia:

514 2217 649 2288 ejus,
674 2211 761 2282 qui
790 2219 950 2283 potest
978 2209 1226 2280 per/icere
1250 2217 1296 2263 et
1327 2207 1450 2260 dare
1497 2206 1846 2260 hwreditatem
1873 2204 1928 2258 in
1955 2203 2123 2257 omni-

509 2307 602 2362 bus
622 2305 978 2375 sanctiﬁcatis.
1007 2303 1127 2376 Ipse
1159 2313 1328 2357 autent
1363 2301 1502 2355 Deus
1545 2301 1686 2370 pacis
1730 2309 1776 2354 et
1805 2299 2120 2354 consolatio-

511 2403 594 2456 nis
643 2399 725 2454 det
755 2399 900 2454 vobis
950 2398 1176 2466 idipsum
1206 2411 1389 2465 sapere
1418 2395 1470 2448 in
1506 2394 1833 2459 alterutrum,
1852 2401 1897 2446 et
1927 2392 1981 2444 in
2008 2391 2121 2462 ipso

503 2511 705 2564 seniper
727 2502 773 2546 et
802 2492 854 2546 in
874 2490 1131 2551 omnibus,
1153 2500 1206 2542 ut
1231 2488 1498 2542 unanimes
1521 2504 1622 2540 uno
1650 2503 1736 2540 ore
1764 2495 1810 2539 et
1841 2484 2123 2552 uuogcorde

505 2585 856 2656 ltonoriﬁcetis
881 2601 995 2638 eum
1047 2584 1099 2636 in
1130 2581 1462 2636 concordiam
1493 2589 1538 2634 et
1567 2580 1823 2634 auxilium
1875 2582 2118 2650 fratrum,

504 2681 594 2749 qui
616 2690 793 2750 potens
815 2687 889 2732 est
923 2675 1232 2745 confirmare
1257 2690 1451 2738 omnes,
1478 2685 1522 2728 et
1551 2672 1811 2727 consolari
1835 2670 2118 2724 secundum

505 2771 854 2844 Evangelium
895 2772 1030 2843 ejus,
1073 2779 1120 2822 et
1168 2770 1321 2837 juxta
1351 2767 1709 2820 reuelationem
1734 2764 1965 2836 mysterii
1994 2776 2119 2817 tem-

503 2864 716 2936 poribus
741 2863 921 2919 teterni
949 2863 1110 2929 taciti,
1148 2859 1396 2930 patefacti
1429 2872 1609 2914 autem
1653 2874 1749 2929 per
1770 2858 2117 2928 Scripturas"

505 2963 727 3011 sanctas
776 2966 830 3010 et
853 2953 1070 3009 Patrum
1125 2951 1552 3007 orthodoxornm
1586 2950 1882 3012 doetriuas,
1915 2963 2114 3004 secun-

501 3052 631 3109 dum
667 3060 1000 3124 praeceptum
1025 3050 1215 3105 :eterni
1243 3048 1357 3114 Dei,
1391 3049 1456 3102 ad
1489 3047 1856 3104 obediendum
1883 3046 2032 3113 ﬁdei,
2061 3045 2115 3100 in

500 3149 754 3202 omnibus
791 3145 1023 3217 cognitis
1053 3144 1234 3210 nobis,
1268 3143 1368 3198 soli
1427 3142 1657 3209 sapienti
1717 3142 1848 3209 Deo,
1879 3140 2115 3195 Domino

2230 1921 2360 1975 dotii
2395 1922 2695 1977 ministerio
2719 1921 2919 1991 aliquid
2952 1935 3310 1991 praesumant,
3344 1925 3482 1978 omni
3505 1927 3769 1979 auctoritate

2227 2024 2369 2069 caret
2403 2057 2416 2079 ,
2458 2023 2514 2068 et
2556 2013 2724 2069 sacris
2783 2014 3086 2070 cauonibus
3133 2016 3405 2072 invenitur
3448 2033 3560 2072 esse
3601 2029 3772 2073 contra-

2225 2108 2404 2172 rium,
2445 2119 2606 2179 atque
2656 2108 2724 2162 ad
2777 2109 2948 2164 totius
2979 2109 3019 2139 ¹⁰
3068 2109 3328 2165 Ecclesiae
3377 2110 3769 2180 perturbationem

2227 2202 2462 2273 superba
2491 2213 2545 2257 et
2587 2202 2862 2272 superﬂua
2897 2203 3068 2259 tendit
3092 2205 3255 2259 elatio
3287 2222 3300 2257 :
3341 2214 3394 2260 et
3424 2220 3628 2259 vacuum
3651 2213 3716 2259 8:1
3737 2212 3775 2259 et

2232 2293 2426 2362 inane,
2458 2295 2719 2366 quidquid
2762 2295 2814 2350 in
2862 2298 3123 2368 praedicto
3162 2298 3454 2354 sacerdotii
3481 2299 3654 2353 summi
3680 2313 3774 2366 cge-

2228 2397 2350 2442 runt
2382 2386 2703 2443 ministerio.
2734 2388 2889 2456 Quod
2934 2389 3034 2459 ipsi
3066 2389 3226 2446 iidem
3261 2390 3456 2458 sint“,
3486 2391 3568 2461 qui
3599 2400 3650 2446 et
3682 2405 3774 2459 pre-

2227 2482 2431 2555 sbyteri
2483 2482 2828 2539 sufficienter
2874 2485 3185 2539 invenitur:
3236 2485 3362 2554 quia
3404 2485 3468 2540 ad
3509 2485 3703 2540 formam
3739 2491 3776 2538 et

2225 2567 2532 2646 exemplum
2580 2577 2918 2646 septuaginta
2982 2577 3337 2633 inveniuntur
3382 2579 3526 2650 prius
3572 2575 3774 2632 instituti.

2226 2667 2332 2725 Sed
2377 2670 2499 2740 quia
2547 2668 2684 2741 (Deo
2737 2667 2963 2740 gratias)
3010 2670 3170 2726 modo
3213 2672 3538 2736 necessarii,
3582 2671 3699 2724 sicut
3732 2668 3768 2720 in

2227 2762 2503 2830 primitiva
2558 2761 2843 2824 Ecclesia,
2895 2774 3116 2831 propter
3163 2763 3451 2830 studium,
3501 2761 3631 2834 quod
3674 2774 3770 2829 erga

2224 2869 2489 2922 pauperes
2519 2855 2845 2925 exigebant,
2882 2871 2986 2911 non
3018 2865 3183 2911 sunt:
3217 2866 3272 2912 et
3309 2858 3432 2928 quia
3475 2855 3642 2910 illicita
3670 2867 3777 2923 prat-

2221 2948 2542 3014 sumebant;
2593 2960 2646 3005 et
2692 2949 2834 3021 quod
2881 2951 3146 3021 agebant,
3190 2960 3372 3008 actum
3421 2965 3522 3007 non
3568 2960 3700 3013 erat;
3736 2953 3776 3000 rt

2221 3053 2511 3115 prooterea
2555 3044 2706 3099 multi
2750 3044 2802 3099 in
2846 3045 3195 3101 securitatem
3269 3046 3442 3116 lapsi,
3473 3041 3778 3099 ecclesiastico

2222 3138 2620 3193 frustrabantur
2666 3145 2722 3194 et
2775 3138 3171 3194 fraudabantur
3221 3137 3565 3194 ministerio:
3608 3146 3655 3192 et
3685 3132 3777 3188 ideo

497 3254 690 3299 nostro
721 3241 851 3298 Jesu
877 3241 1257 3307 Christo,cunt
1291 3253 1398 3308 quo
1418 3237 1561 3292 Patri
1590 3247 1644 3292 et
1666 3237 1896 3307 Spiritui
1927 3247 2117 3292 sancto
2146 3231 2191 3294 C
2228 3240 2332 3283 Iam
2385 3231 2452 3283 ab
2495 3229 2596 3284 hac
2639 3231 2695 3286 S.
2736 3230 2903 3295 sede,
2957 3241 3014 3285 ut
3064 3233 3323 3302 superius
3376 3227 3775 3287 memoravimus.

496 3338 695 3410 gloria,
723 3339 920 3403 honor,
952 3347 1006 3390 et
1035 3333 1326 3404 imperium
1345 3344 1399 3387 et
1423 3341 1658 3412 potestas
1693 3332 1744 3385 in
1775 3330 1976 3386 szncula
2009 3345 2117 3384 sat-

494 3433 766 3488 culorum.
801 3429 997 3486 Amen.
1028 3430 1292 3483 Dominus
1319 3441 1416 3482 vos
1442 3425 1739 3490 custodiat,
1773 3423 2120 3480 dilectissimi

499 3523 718 3589 fratres,
773 3525 1076 3580 incolumes
1128 3537 1368 3592 semper.
1421 3521 1548 3575 Data
1606 3528 1798 3575 octavo
1857 3518 2119 3574 kalendas

500 3621 848 3685 Novembris,
881 3619 1184 3674 “Flaviano
1235 3626 1290 3672 et
1318 3614 1580 3671 Stilicone
1621 3613 1758 3670 viris
1801 3611 2120 3669 clarissimis

504 3713 844 3771 consulibus.

1053 3827 1071 3856 ⁷
1103 3822 1435 3881 EPISTOLA
1473 3821 1563 3878 ΙΙΙ.

501 3942 582 3998 De
607 3938 1022 4011 Cliorepiscopis,
1045 3949 1092 3993 et
1117 3938 1206 4008 qui
1232 3939 1388 3990 iidem
1413 3937 1538 4004 sint,
1567 3943 1658 3990 aut
1681 3936 1724 3991 si
1746 3936 1946 4008 aliquid
1977 3935 2112 4003 sint,

1181 4040 1271 4085 aut
1305 4030 1456 4085 nihil.

503 4152 749 4208 Dominis
778 4149 1177 4208 venerabilihus
1200 4147 1456 4202 fratribus
1480 4147 1518 4214 ⁸,
1549 4146 1818 4218 Prospero
1841 4146 2109 4203 Numidia:

577 4247 762 4316 prima:
787 4244 932 4299 sedis
972 4244 1231 4314 episcopo
1251 4284 1266 4309 ,
1297 4241 1502 4308 Leoni,
1533 4239 1833 4311 Reparato,
1871 4242 2113 4296 Alexan-

573 4341 701 4405 dro,
749 4338 1078 4405 Benedicto,
1111 4337 1282 4403 Baio,
1315 4344 1369 4391 et
1414 4335 1666 4389 omnibus
1701 4336 1912 4390 czcteris
1937 4376 1950 4399 ,
1989 4333 2111 4388 nbi-

575 4448 680 4502 que
709 4431 760 4484 in
792 4441 936 4487 recta
960 4472 976 4498 ,
1010 4439 1191 4484 sancta
1219 4471 1233 4496 ,
1253 4435 1316 4483 'et
1345 4427 1639 4497 apostolica
1671 4425 1775 4481 fide
1804 4427 2108 4480 consisten-

579 4524 754 4590 tibus,
789 4523 1102 4578 orthodoxis
1143 4521 1412 4591 episcopis
1436 4562 1449 4585 ,
1483 4519 1751 4574 Damasus
1794 4520 2114 4590 episc0pus..

2227 3338 2387 3394 quam
2421 3331 2476 3378 et
2503 3324 2569 3377 ab
2597 3323 2851 3379 omnibus
2885 3324 3048 3378 totius
3082 3325 3235 3381 orbis
3266 3323 3535 3397 episcopis
3555 3365 3568 3390 ,
3595 3337 3620 3376 a
3647 3317 3781 3391 ponti-

2227 3415 2476 3470 ftcalihus
2502 3426 2627 3470 sunt
2657 3417 2846 3471 remoti
2880 3415 3094 3471 ofﬁciis.
3128 3415 3263 3470 Nam
3297 3418 3389 3488 (ut
3420 3415 3569 3470 nobis
3600 3412 3778 3467 relatum

2224 3509 2340 3581 est)
2374 3509 2591 3580 quidam
2623 3511 3038 3579 episcoporum,
3089 3520 3316 3580 prOpter
3358 3525 3508 3564 suam
3556 3504 3778 3576 quietem,

2222 3606 2303 3661 eis
2344 3605 2530 3674 plebes
2579 3620 2706 3660 suas
2734 3605 3073 3660 cnmntittere
3115 3619 3224 3659 non
3256 3602 3647 3660 formidabant:
3677 3599 3780 3650 etut

2222 3696 2409 3753 illicita
2457 3708 2620 3768 atque
2667 3697 2936 3769 prohibita
2982 3708 3180 3768 agant,
3217 3698 3387 3752 iidem
3435 3709 3499 3751 ea
3537 3706 3645 3764 quat
3681 3686 3780 3743 solis

2221 3792 2568 3864 p0utilicihns
2599 3792 2894 3858 debentur,
2926 3791 3026 3848 sibi
3071 3800 3340 3862 usurpant
3367 3807 3382 3858 ;
3425 3798 3481 3845 et
3509 3787 3602 3858 ipsi
3639 3785 3683 3838 in
3707 3793 3779 3835 sua

2221 3888 2407 3956 quiete
2439 3895 2695 3956 torpent,
2727 3897 2781 3940 et
2809 3901 2992 3943 curam
3027 3883 3130 3940 sibi
3157 3901 3188 3940 a
3221 3885 3337 3940 Deo
3365 3882 3686 3940 commissam
3709 3887 3777 3928 ne-

2219 3981 2458 4053 gligant,
2492 3997 2614 4036 cum
2651 3981 2908 4036 Dominus
2946 3980 3085 4036 dicat
3121 4000 3134 4034 :
3179 3980 3364 4036 Bonus
3393 3988 3566 4049 pastor
3601 3974 3781 4026 animant

2219 4092 2369 4129 suam
2426 4077 2569 4145 ponit
2625 4091 2719 4145 pro
2768 4074 2940 4129 ovibus
2993 4074 3132 4140 suis,
3184 4084 3232 4128 et
3280 4083 3430 4128 vocat
3475 4087 3554 4126 eas
3597 4063 3782 4121 nomina-

2219 4171 2311 4224 tim
2336 4211 2351 4236 ,
2381 4180 2429 4224 et
2471 4177 2734 4242 cognoscit
2781 4187 2901 4223 suas
2923 4211 2937 4235 ,
2970 4179 3018 4224 et
3069 4185 3180 4222 sua?
3223 4176 3539 4241 cognoscunt
3583 4177 3702 4218 eum.
3732 4155 3782 4212 Ει

2219 4262 2362 4318 idem
2402 4253 2618 4316 {Sicut
2666 4263 2801 4317 novit
2841 4277 2921 4316 me
2966 4260 3162 4329 Pater,
3198 4271 3248 4315 et
3301 4277 3400 4335 ego
3449 4271 3654 4332 agnosco
3700 4248 3779 4304 Pa-

2218 4365 2344 4412 trem
2369 4397 2385 4424 ,
2443 4365 2490 4410 et
2547 4355 2776 4410 animam
2824 4370 2991 4409 meum
3028 4370 3163 4423 pono
3207 4371 3306 4425 pro
3345 4353 3521 4408 oribus
3559 4349 3686 4403 meis.
3727 4343 3780 4395 De

2216 4452 2554 4506 merccnario
2585 4459 2765 4504 autem
2792 4448 2919 4520 quid
2966 4448 3143 4515 dicat,
3182 4449 3326 4503 bene
3371 4443 3575 4509 nostis,
3603 4438 3705 4511 quia
3724 4432 3782 4487 ri-

2216 4547 2296 4603 det
2328 4549 2506 4617 lupunt
2535 4546 2816 4601 uenientem
2837 4588 2852 4610 ,
2884 4553 2930 4599 et
2959 4543 3170 4597 dimittit
3217 4559 3374 4610 oves,
3405 4550 3452 4595 et
3481 4537 3635 4610 fugit,
3658 4541 3696 4585 et
3721 4529 3781 4580 lu-

577 4640 760 4705 Licet,
795 4640 987 4694 fratres
1017 4637 1324 4694 eharissimi
1346 4681 1359 4705 ,
1395 4637 1547 4691 vobis
1576 4648 1703 4692 sunt
1733 4646 1857 4693 nota
1891 4646 2103 4706 patrum
2133 4638 2188 4700 D
2215 4658 2309 4711 pus
2356 4641 2527 4710 rapit,
2561 4649 2606 4693 et
2648 4638 2896 4709 dispergit
2934 4653 3085 4709 oves,
3115 4646 3171 4692 et
3216 4635 3455 4706 reliqua.
3486 4632 3584 4686 Pro
3623 4621 3780 4680 talibus

497 4733 716 4790 decreta
745 4773 760 4800 ,
793 4731 976 4787 mirari
1016 4740 1196 4787 tamen
1246 4746 1350 4784 non
1398 4744 1684 4801 possumus
1728 4741 1963 4784 vestram
2021 4744 2110 4783 so-

502 4828 717 4885 lertiam
755 4827 896 4883 circa
943 4825 1183 4880 instituta
1228 4825 1492 4892 majorum
1537 4825 1556 4855 °
1582 4865 1596 4888 ,
1643 4807 1706 4876 uti
1749 4832 1945 4878 cuncta
1987 4838 2108 4893 qua:

502 4933 730 4995 possunt
781 4920 1014 4989 aliquam
1067 4918 1309 4988 recipere
1359 4917 1754 4972 dubitationem
1784 4958 1799 4984 ,
1847 4917 1913 4972 ad
1970 4932 2103 4984 nos,

501 5015 656 5088 quasi
686 5014 752 5069 ad
781 5021 938 5084 caput
964 5052 980 5078 ,
1011 5022 1072 5066 ut
1101 5025 1317 5080 semper
1349 5009 1447 5063 fuit
1487 5010 1857 5075 consuetudo,
1888 5009 2106 5066 deferre

504 5126 610 5164 non
639 5108 902 5164 desinatis
931 5124 942 5159 :
971 5114 1029 5158 ut
1078 5102 1204 5158 inde
1231 5102 1456 5173 capiatis
1498 5117 1752 5172 respon<a
1772 5146 1786 5167 ,
1834 5103 1978 5159 unde
2017 5118 2108 5158 ac-

499 5202 724 5272 cepistis
756 5196 1148 5254 institutionem
1177 5203 1233 5249 ct
1260 5209 1506 5248 normam
1537 5203 1684 5249 recte
1714 5195 1954 5249 vivendi.
1990 5194 2102 5252 Un-

498 5297 568 5352 de
609 5306 664 5352 et
689 5309 789 5349 vos
828 5308 934 5346 non
967 5290 1316 5344 immemores
1359 5303 1627 5342 canonum
1669 5303 1790 5344 esse
1841 5290 2098 5346 recorda-

573 5439 585 5466 ³
622 5436 656 5490 2
677 5478 691 5498 ,
720 5450 858 5490 xxm
879 5473 893 5497 ,
924 5447 1016 5501 qu.
1041 5430 1106 5494 5,
1138 5427 1241 5496 Qui
1265 5436 1428 5500 potest
1460 5425 1682 5482 obviare.

570 5510 591 5538 ²
624 5507 772 5561 Felix
797 5504 862 5559 lll
884 5544 898 5567 ,
924 5502 1082 5570 epist.
1110 5502 1161 5556 1.

574 5579 594 5609 ³
625 5578 833 5632 Martini
864 5576 882 5629 l
913 5588 1094 5641 papae,
1122 5570 1379 5643 synodica
1408 5570 1501 5625 cit.

573 5649 594 5677 "‘
628 5650 835 5703 (loncil.
870 5646 1048 5700 Tolet.
1079 5660 1192 5698 \‘lll.

573 5721 593 5750 ⁵
624 5719 768 5773 Idem
800 5717 1011 5771 Martio.
1045 5731 1179 5786 papa
1202 5756 1216 5776 ,
1248 5713 1466 5770 ibidem.

570 5792 590 5821 ⁸
622 5789 735 5842 Non
762 5799 888 5844 sunt
911 5788 965 5842 in
993 5787 1167 5842 Fastis
1194 5787 1246 5841 hi
1273 5788 1545 5843 consules.

566 5864 584 5894 τ
621 5861 769 5916 Hauc
807 5867 1075 5927 sumptam
1104 5873 1226 5914 esse
1259 5873 1326 5915 ex
1349 5872 1472 5917 can.
1499 5861 1531 5915 7
1559 5857 1763 5932 Hispal.
1807 5859 1980 5920 Conc.
2005 5877 2041 5918 ιι
2068 5903 2082 5930 ,

2211 4751 2342 4790 vero
2382 4735 2671 4806 negligitur
2711 4748 2838 4787 cura
2885 4731 3179 4796 Ecclesia},
3226 4739 3286 4784 et
3331 4729 3454 4798 ejus
3497 4731 3656 4780 status
3682 4730 3777 4806 peff

2213 4804 2473 4885 turbatur;
2523 4804 2592 4882 Et
2639 4826 2762 4881 ideo
2807 4833 2935 4880 sunt
2974 4823 3290 4894 prohibiti;
3328 4822 3383 4878 in
3419 4829 3620 4876 tantum
3667 4818 3716 4866 ut
3745 4804 3778 4860 si

2210 4923 2374 4992 aliqui
2421 4939 2485 4976 ex
2533 4921 2617 4975 his
2661 4919 2866 4990 reperti
2921 4917 3160 4986 fuerint,
3214 4933 3243 4970 a
3297 4915 3522 4987 pr0prio
3565 4905 3779 4966 decidant

2207 5015 2398 5087 gradu.
2443 5015 2526 5069 llli
2576 5028 2809 5083 namque
2851 5011 3089 5082 episcopi
3115 5053 3129 5077 ,
3171 5009 3267 5079 qui
3316 5009 3443 5064 talia
3473 5003 3575 5060 sibi
3604 5010 3774 5071 prnsu-

2209 5118 2362 5163 munt
2383 5150 2396 5170 ,
2425 5107 2677 5162 videntur
2706 5103 2838 5160 mihi
2865 5118 2987 5159 esse
3013 5100 3404 5158 meretricibus
3430 5094 3655 5159 similes.
3682 5100 3776 5158 (1⁸⁸³⁵

2205 5199 2386 5254 statim
2417 5208 2472 5253 ut
2508 5201 2752 5269 pariunt,
2786 5195 3019 5252 infantes
3048 5210 3178 5251 suos
3209 5194 3340 5249 aliis
3384 5186 3669 5247 nutricibus
3687 5189 3773 5236 tra-

2204 5293 2339 5350 dunt
2385 5293 2730 5356 educandos,
2779 5300 2839 5347 ut
2888 5305 3041 5346 suam
3073 5289 3238 5345 citius
3269 5287 3550 5343 libidinem
3591 5277 3773 5349 explere

2209 5443 2263 5488 ut
2291 5434 2450 5488 etiam
2485 5432 2680 5487 Leonis
2709 5429 2871 5501 epist.
2895 5427 2964 5485 88
2989 5430 3040 5483 in
3064 5436 3241 5483 veter.
3287 5424 3426 5481 edit.
3458 5426 3632 5478 monet
3653 5414 3770 5481 Que-

2205 5507 2365 5561 snell.
2411 5504 2750 5560 dissert.ll.
3138 5569 3171 5572 ,ᾗ
3289 5568 3323 5572 _
3464 5537 3496 5572 _-
3583 5562 3594 5572 ,
3658 5552 3740 5572 .._,

2277 5555 2736 5631 Eilialfsa‘et'ltazc
2770 5571 2996 5643 epistola
3021 5614 3034 5632 ,
3061 5569 3246 5636 judice
3289 5567 3541 5643 Petavii),
3583 5562 3630 5616 in
3658 5555 3763 5626 Epi-

2203 5648 2368 5718 phau.
2403 5663 2519 5718 pag.
2551 5646 2679 5703 278.
2711 5640 2818 5702 Est'
2834 5646 2888 5700 in
2929 5644 3258 5700 collectione
3299 5640 3516 5696 lsidori.

2273 5723 2293 5752 ⁹
2321 5720 2503 5773 lnnoc.
2529 5719 2549 5773 l
2571 5761 2586 5785 ,
2611 5719 2770 5790 epist.
2801 5719 2856 5773 4.

2273 5791 2316 5820 ‘°
2346 5791 2454 5862 Leo
2472 5833 2486 5855 ,
2510 5801 2667 5862 epist.
2694 5791 2783 5846 35.

2271 5863 2308 5892 ”
2344 5860 2402 5918 ln
2429 5860 2594 5919 Cone.
2622 5861 3080 5919 Neocaesareensi.
