3950 6350
184 308 274 364 .433
1432 300 1668 358 OPEBA
1707 257 2140 359 avocariaut.

3344 310 3449 367 454

187 423 388 477 valeant.
421 418 507 475 Sic
536 425 590 473 et
630 418 715 473 isti
762 416 994 472 infantes
1026 433 1155 472 suos
1181 459 1194 484 ,
1246 416 1297 471 id
1338 424 1424 472 est
1448 458 1463 484 ,
1512 419 1743 489 pOpuios
1771 424 1819 484 Α
1850 420 1902 475 in
1938 435 2037 475 nos
2059 462 2074 487 ,
2106 420 2203 476 Dei
2230 421 2397 493 gratia
2424 464 2441 490 ,
2473 422 2760 478 manifeste
2788 430 3080 487 coruscat,
3114 422 3181 478 de
3217 422 3299 478 his
3330 440 3450 496 quae

184 515 271 570 sibi
296 515 634 579 commissos,
680 513 801 567 aliis
840 511 1154 567 educandos
1205 510 1463 579 tradunt,
1516 522 1574 567 ut
1622 527 1747 568 snas

183 607 405 661 libidines
432 604 718 676 expleant,
756 605 808 660 id
835 615 918 660 est
946 616 1000 659 ιιι
1039 621 1134 675 pro
1172 621 1269 659 suo
1294 605 1447 660 libitu
1474 606 1748 662 saeculari-

181 700 266 756 bus
292 706 427 755 curis
473 701 671 754 iubent
697 741 711 765 ,
744 710 797 755 et
827 701 967 769 quod
999 698 1289 768 unicuique
1328 699 1498 754 visum
1546 699 1745 767 fuerit,

182 796 378 851 liberius
404 804 578 865 agant.
610 794 716 849 Pro
748 795 944 848 talibus
972 792 1115 847 enini
1147 796 1341 847 anima:
1371 794 1745 864 negliguntur,

178 904 291 945 oves
332 898 588 957 pereunt,
645 887 817 941 morbi
867 896 1157 948 crescunt.
1209 886 1447 941 ltmreses
1500 895 1556 940 et
1600 886 1745 942 schi-

176 996 324 1038 smua
354 982 652 1052 prodeunt,
701 981 964 1036 Ecclesia:
994 980 1350 1035 destruantur
1374 1024 1389 1047 ,
1437 982 1749 1037 sacerdotes

176 1077 439 1139 vitiantur,
471 1086 525 1130 et
571 1074 778 1146 reliqua
819 1074 962 1129 mala
1012 1073 1359 1143 proveniunt.
1405 1072 1523 1128 Non
1572 1074 1750 1129 taliter

176 1172 407 1226 Dominus
433 1169 643 1235 docuit,
678 1185 778 1225 nec
805 1168 1053 1238 Apostoli
1097 1167 1451 1222 instituerunt
1476 1185 1488 1221 :
1518 1168 1615 1223 sed
1646 1167 1748 1238 ipsi

171 1265 246 1335 qui
269 1280 444 1319 curam
472 1265 810 1335 suscipiunt,
841 1265 938 1335 ipsi
966 1278 1260 1337 peragant,
1291 1277 1345 1322 et
1374 1266 1472 1336 ipsi
1503 1268 1751 1338 pr0prios

171 1357 450 1427 manipulos
506 1356 735 1411 Domino
781 1368 1193 1428 reprazscntent.
1240 1359 1373 1414 Nam
1424 1362 1540 1430 ipse
1591 1375 1747 1416 ovem

172 1452 407 1523 perditam
435 1450 726 1523 diligenter
750 1454 996 1521 qute~ivit
1017 1495 1031 1518 ,
1064 1455 1179 1524 ipse
1208 1455 1451 1519 invenit,
1482 1454 1599 1525 ipse
1629 1469 1751 1524 pro-

170 1547 281 1618 priis
329 1548 573 1602 humeris
618 1548 959 1616 reportavit,
1018 1564 1226 1619 nosque
1281 1548 1515 1621 idipsum
1568 1548 1751 1605 facere

170 1639 443 1710 perdocuit.
475 1637 531 1694 Si
572 1640 684 1709 ipse
717 1654 814 1710 pro
846 1640 1041 1695 ovibus
1072 1651 1273 1695 tantam
1302 1656 1485 1697 curam
1520 1640 1746 1710 habuit,
1774 1712 1783 1719 η

171 1734 265 1800 ipse
308 1731 526 1796 docuit,
561 1732 679 1801 ipse
728 1733 975 1800 curavit,
1024 1733 1138 1803 ipse
1178 1733 1426 1799 sanavit,
1465 1734 1579 1803 ipse
1626 1748 1749 1804 pro-

1853 517 1906 571 in
1938 517 2160 571 summis
2188 518 2592 580 Sacerdotibus,
2622 517 2671 573 id
2696 526 2811 584 est,
2838 518 3105 588 episc0pis
3136 528 3291 584 sunt,
3320 534 3455 589 quo-

1852 626 1970 664 rum
2011 612 2232 679 tignram
2264 610 2440 665 Moses
2479 621 2533 664 et
2559 610 2737 665 Aaron
2770 619 3057 666 tenuerunt
3081 654 3095 675 ,
3137 613 3212 667 illi
3242 614 3328 680 qui
3361 628 3453 666 se-

1851 704 2129 774 ptuaginta
2165 703 2555 772 Discipulorum
2600 703 2825 759 formant
2855 715 3099 774 gestant,
3136 705 3189 759 in
3220 722 3473 783 quorum,

1851 797 2102 851 videlicet
2149 808 2277 868 typo
2329 798 2420 852 lilii
2470 798 2648 853 Aaron
2695 810 2887 862 erant,
2942 799 3071 854 tnhil
3121 816 3452 871 pl'Il’Slltnel'G

1852 889 2051 945 debent
2073 933 2085 949 .
2119 891 2255 946 sicut
2285 907 2386 947 nec
2422 892 2494 946 illi
2527 893 2815 964 quidquam
2843 893 2911 949 de
2941 896 3135 949 summi
3165 896 3455 953 sacerdotii

1852 982 2153 1037 ministerio
2185 984 2535 1055 attingebant.
2590 983 2721 1039 Nam
2770 985 2910 1055 quod
2960 986 3331 1059 chorepiscopi
3360 1005 3456 1044 an-

1854 1083 2068 1145 tequam
2101 1076 2323 1146 prmlato
2374 1078 2788 1147 prohiberentur
2826 1087 3050 1142 tenore,
3102 1080 3167 1134 ad
3223 1078 3453 1136 formam

1852 1172 2189 1240 septuaginta
2232 1169 2461 1224 instituti
2502 1179 2655 1226 erant
2678 1213 2692 1239 ,
2721 1188 2892 1226 canon
2924 1171 3256 1227 sul‘licienter
3287 1172 3461 1228 mani-

1854 1261 2017 1317 festat
2040 1303 2056 1329 ,
2086 1262 2175 1317 tibi
2212 1264 2285 1316 ait
2316 1282 2329 1315 :
2360 1260 2727 1336 Chorepismpi
2768 1281 2962 1336 quoque
2992 1264 3060 1318 ad
3091 1266 3379 1336 exemplum
3411 1275 3460 1320 et

1852 1355 2071 1425 formam
2101 1354 2445 1425 Septuaginta
2475 1358 2711 1410 videntur
2738 1374 2845 1411 esse
2871 1358 2891 1388 ³
2920 1376 2932 1412 :
2984 1367 3040 1412 et.
3069 1359 3294 1428 reliqua.
3349 1356 3461 1412 Nec

1855 1448 1984 1502 illud
2019 1450 2452 1519 praetereundum
2484 1450 2639 1504 nobis
2670 1450 2911 1516 videtur,
2939 1450 3080 1521 quod
3110 1451 3235 1506 alibi
3282 1451 3333 1505 itt
3366 1465 3454 1505 ca-

1856 1542 2086 1596 nonibtts
2118 1558 2433 1611 expressum
2466 1552 2550 1598 est
2582 1562 2594 1596 :
2628 1543 2649 1572 ⁸
2679 1543 2780 1610 Qui
2808 1544 2859 1597 in
2900 1544 3023 1597 vicis
3050 1555 3095 1597 et
3123 1544 3459 1615 possessioni-

1854 1637 1945 1690 bus
1976 1637 2328 1707 cliorepiswpi
2358 1638 2690 1691 nominantur
2713 1679 2728 1703 ,
2761 1638 2991 1705 quamvis
3030 1654 3213 1691 manus
3250 1639 3462 1708 imposi-

1854 1728 2045 1783 tionem
2077 1731 2433 1800 episcoporum
2476 1730 2795 1800 perceperint
2822 1771 2836 1795 ,
2868 1740 2911 1783 et
2938 1740 2993 1784 ut
3030 1731 3255 1801 episcopi
3287 1747 3462 1785 conse-

172 1825 280 1894 priis
313 1821 552 1879 humeris
592 1825 926 1892 reportavit,
973 1836 1136 1894 atque
1179 1826 1232 1880 in
1278 1835 1485 1881 tantum
1514 1826 1743 1895 dilexit,
1778 1822 1825 1883 B
1854 1823 1984 1876 crati
2014 1824 2242 1893 fuerint,
2276 1835 2328 1878 et
2359 1834 2575 1877 caetera.
2609 1822 2720 1878 Nec
2742 1823 2809 1878 ab
2836 1839 2892 1878 re
2915 1823 3115 1879 dictum
3152 1823 3461 1893 perpendo,

164 1927 217 1971 11ι
247 1918 392 1971 etiam
426 1918 670 1972 animant
720 1934 870 1973 suam
911 1914 1129 1990 (niultas
1160 1921 1433 1974 sustinens
1485 1920 1710 1990 injurias
1732 1960 1748 1986 ,

174 2010 311 2066 multa
347 2011 681 2081 opprobria,
728 2014 1030 2084 multasque
1087 2015 1390 2086 passiones)
1444 2030 1540 2084 pro
1592 2015 1750 2070 nobis

179 2104 411 2158 traderet:
444 2102 580 2175 quid
613 2119 713 2159 nos
748 2106 930 2160 miseri
964 2116 1017 2161 et
1048 2105 1263 2161 desides
1305 2106 1500 2162 dicturi
1533 2122 1746 2175 sumus,

174 2198 416 2266 quietiam
456 2213 562 2269 pro
597 2198 788 2253 ovibus
839 2199 999 2254 nobis
1054 2200 1364 2256 commissis
1412 2215 1597 2256 curam
1650 2202 1753 2257 itn-

172 2290 374 2360 penderc
426 2291 791 2362 negligimus,
838 2302 894 2347 et
937 2293 1057 2347 aliis
1103 2309 1196 2349 cas
1226 2295 1536 2349 educandas
1583 2295 1753 2350 tradi-

173 2384 298 2437 mus?
326 2384 685 2455 Corrigautur
719 2387 833 2441 haec
856 2429 869 2450 ,
919 2387 1114 2441 fratres
1141 2430 1155 2453 ,
1204 2403 1431 2465 necesse
1458 2406 1469 2442 :
1501 2390 1624 2459 quia
1664 2389 1751 2459 qui

171 2479 265 2547 plus
290 2479 511 2546 laborat,
544 2482 794 2552 majorem
846 2483 1131 2536 mercedem
1164 2484 1379 2552 accipiet
1409 2485 1446 2536 ί.
1479 2483 1610 2537 Nam
1645 2498 1751 2538 non

171 2573 370 2641 amplius
394 2590 557 2644 quam
591 2574 729 2629 duos
758 2575 980 2629 ordines
1023 2577 1164 2630 inter
1206 2576 1504 2644 discipulos
1536 2577 1751 2632 Domini

172 2680 269 2720 esse
313 2670 668 2738 cognovimus
694 2712 708 2736 ,
760 2668 812 2723 id
851 2678 971 2737 est,
1004 2669 1291 2725 duodecim
1323 2670 1709 2742 Apostolorum
1733 2713 1749 2737 ,

173 2769 213 2813 et
236 2764 562 2834 septuaginta
603 2763 1003 2834 Discipulorum
1036 2782 1048 2817 :
1086 2765 1226 2820 unde
1259 2766 1361 2820 istc
1403 2766 1594 2821 tertius
1627 2780 1754 2836 pro-

172 2856 362 2908 ct‘sserit
382 2898 395 2919 ,
426 2857 678 2912 funditus
705 2857 1031 2927 ignoramus.
1067 2858 1132 2912 Et
1162 2859 1302 2929 quod
1332 2860 1542 2914 ratione
1568 2868 1747 2926 caret,

169 2952 435 3020 exstirpare
462 2967 705 3007 necesse
735 2962 838 3008 est.
862 2953 1013 3018 Quod
1044 2953 1185 3007 enim
1216 2954 1453 3025 episcopi
1488 2970 1592 3008 non
1622 2955 1749 3021 sint,

171 3043 239 3110 qui
266 3042 431 3099 minus
470 3060 645 3115 quam
676 3060 706 3099 a
754 3046 929 3100 tribus
974 3054 1102 3099 sunt
1147 3045 1381 3101 ordinati
1433 3049 1703 3117 episeopis
1733 3087 1748 3113 ,

172 3137 387 3193 omnibus
415 3147 573 3208 patet
598 3157 611 3193 :
642 3140 895 3209 quoniam
923 3138 1006 3210 (ιιι
1032 3141 1169 3195 bene
1195 3142 1389 3209 nostis)
1420 3140 1751 3210 prohibitum

1858 1930 2183 1986 quamquam
2237 1933 2426 1971 manus
2468 1916 2872 1986 itnpositionem
2905 1919 3284 1988 episcoporum
3336 1934 3464 1988 per-

1856 2009 2137 2076 ceperint;
2184 2024 2303 2063 cum
2334 2009 2688 2080 episcoporum
2738 2026 2933 2065 nomen
2982 2011 3246 2082 pluralem
3302 2012 3354 2066 iti
3399 2027 3461 2069 se

1855 2102 2130 2155 contineat
2164 2118 2443 2156 numerum
2474 2144 2488 2166 ,
2536 2112 2587 2156 et
2641 2104 2781 2173 apud
2825 2105 3207 2173 grammaticos
3239 2105 3463 2174 pluralis

1856 2196 1923 2249 sit
1955 2197 2265 2267 genitivus:
2297 2196 2509 2251 videtur
2551 2198 2695 2251 enim
2749 2198 2914 2263 tnihi,
2948 2198 3091 2268 quod
3139 2208 3301 2265 tunc,
3353 2214 3462 2254 non

1854 2290 1923 2343 ab
1951 2306 2055 2343 uno
2080 2332 2095 2356 ,
2130 2289 2227 2344 sed
2266 2306 2293 2342 ιι
2326 2290 2570 2360 pluribus
2600 2290 3030 2356 ordinabuntur;
3083 2292 3204 2360 quia
3235 2292 3465 2346 nullate-

1857 2400 1957 2439 nus
1994 2386 2239 2453 diceret,
2280 2387 2675 2458 episeoporum,
2728 2388 2771 2441 si
2816 2388 2885 2443 ab
2924 2404 3033 2441 uno
3074 2387 3229 2443 ﬁeret
3274 2389 3462 2443 talium

1856 2478 2126 2534 ordinatio
2152 2521 2165 2544 .
2209 2496 2329 2535 cum
2366 2482 2756 2551 episcoporum,
2792 2480 3076 2550 pluraliter
3120 2480 3319 2536 dietunt
3350 2482 3461 2546 sit,

1855 2589 1978 2628 cum
2010 2584 2188 2629 autem
2224 2574 2359 2630 dixit
2399 2576 2849 2646 chorepisCopum
2879 2618 2893 2641 ,
2924 2574 3170 2646 profecto
3199 2578 3460 2632 villanum

1857 2667 2023 2720 voluit
2049 2667 2270 2738 intelligi
2291 2670 2633 2738 episcopum,
2662 2654 2716 2723 ei
2740 2667 2785 2721 si
2816 2667 3079 2735 villanus,
3109 2670 3235 2740 quid
3268 2672 3376 2740 agit
3404 2669 3460 2726 in

1856 2761 2073 2817 civitate
2097 2776 2219 2817 cum
2247 2762 2299 2816 in
2321 2778 2426 2816 una
2444 2762 2665 2817 civitate
2687 2761 2794 2816 duo
2815 2762 3038 2817 omnino
3068 2763 3462 2832 prohibeantur

1857 2869 1978 2909 esse
2009 2855 2246 2924 episcopi
2271 2855 2293 2909 ?
2323 2855 2389 2909 Et
2416 2856 2459 2909 si
2503 2857 2555 2910 in
2582 2855 2705 2910 villa
2734 2865 2789 2911 et
2833 2857 2883 2911 in
2912 2872 2979 2912 eo
3009 2857 3124 2912 loco
3166 2858 3256 2913 ubi
3300 2867 3460 2913 antea

1858 2948 2098 3017 episcopi
2129 2964 2233 3001 non
2254 2948 2498 3015 luerunt,
2519 2966 2640 3004 cum
2663 2960 2716 3006 et
2741 2951 2791 3005 in
2821 2950 3031 3005 modica
3062 2952 3300 3016 civitate,
3327 2952 3348 2982 ⁸
3374 2952 3456 3006 νει

1857 3040 1910 3095 in
1942 3042 2067 3095 villa
2094 3084 2107 3107 ,
2140 3050 2232 3097 aut
2259 3044 2482 3097 castello
2512 3044 2798 3115 episcopus
2839 3045 2955 3099 lieri
2988 3045 3369 3115 prohibeatur,
3402 3055 3459 3101 et

1860 3136 1910 3189 in
1935 3135 2186 3191 omnibus
2216 3138 2436 3192 omnino
2466 3139 2627 3203 locis,
2658 3139 2744 3193 ubi
2768 3146 2923 3193 antea
2949 3128 3187 3209 episcopi
3214 3156 3318 3195 non
3344 3142 3459 3195 fue-

172 3244 194 3283 a
218 3232 369 3287 sacris
395 3244 475 3288 est
510 3234 806 3299 Patribtts,
839 3246 894 3289 ut
934 3235 1024 3305 qui
1067 3234 1134 3290 ab
1186 3250 1293 3289 uno
1329 3236 1411 3289 vel
1453 3250 1483 3289 a
1534 3235 1743 3289 duobus
1771 3223 1816 3286 C
1851 3236 2006 3295 runt,
2033 3245 2099 3283 ne
2122 3228 2345 3284 vilescat
2367 3231 2662 3285 auctoritas
2689 3231 2709 3262 °
2738 3241 2792 3286 et
2820 3248 3015 3286 nomen
3049 3232 3459 3303 episcopi,fue-

174 3335 273 3378 sunt
298 3326 529 3381 ordinati
564 3327 863 3398 episcopis,
896 3343 993 3383 nec
1027 3329 1376 3382 nominentur
1407 3328 1668 3398 episcopi.
1694 3328 1750 3383 Si

177 3435 339 3475 nomen
368 3438 470 3476 non
494 3422 724 3487 habent,
741 3422 1223 3493 qualiterolticium
1251 3421 1561 3477 habebunt?
1584 3421 1751 3490 Quid-

176 3515 279 3583 quid
304 3519 439 3572 enim
480 3518 632 3573 inter
658 3518 975 3589 episcopos,
1004 3528 1094 3572 aut
1138 3518 1205 3573 de
1235 3519 1397 3571 rebus
1424 3517 1488 3572 ad
1516 3532 1612 3572 eos
1658 3531 1751 3572 so-

177 3605 415 3665 lummodo
436 3609 843 3680 pertinentibus
871 3610 1099 3680 egerint,
1133 3623 1353 3664 necesse
1383 3620 1466 3664 est
1492 3612 1573 3677 (ut
1591 3623 1751 3679 snpe-

178 3698 267 3754 rius
285 3702 387 3771 jam
420 3702 767 3773 prazlibatum
797 3703 917 3773 cst)
949 3711 1007 3757 ut
1048 3702 1258 3757 irritum
1294 3702 1386 3756 [iat
1416 3722 1427 3757 :
1462 3703 1582 3772 quia
1608 3701 1752 3774 quod

179 3806 265 3848 non
302 3795 528 3862 habent,
568 3798 699 3852 dare
739 3813 1077 3868 nequaquam
1132 3808 1358 3866 possunt
1391 3815 1402 3849 :
1453 3801 1752 3867 praesertim

179 3904 276 3944 cuin
306 3893 503 3947 nullum
540 3909 609 3946 ex
642 3894 979 3961 septuaginta
1014 3891 1298 3959 Discipulis
1327 3933 1340 3957 ,
1373 3908 1599 3961 quorum
1632 3907 1755 3962 spe-

180 3986 291 4039 ciem
318 3988 395 4041 isti
427 3998 724 4057 antequam
779 3987 1196 4055 prohiberentur
1238 3985 1324 4056 (ut
1360 3986 1611 4043 superius
1642 4002 1756 4042 me-

180 4092 411 4137 moratum
435 4081 547 4152 est)
581 4082 630 4136 in
660 4080 904 4136 Ecclesia
929 4074 1225 4152 gerebant,
1256 4079 1326 4133 nil
1351 4079 1418 4134 de
1448 4080 1577 4147 hoc,
1611 4079 1754 4151 quod

181 4174 421 4241 Apostolis
458 4195 764 4248 eorumque
796 4175 1201 4231 successoribus
1246 4174 1553 4245 specialiter
1593 4174 1756 4230 debe-

184 4270 348 4333 batur.
378 4276 582 4344 legitur
621 4274 997 4342 assumpsisse.
1036 4273 1054 4301 ¹
1080 4268 1194 4325 Nec
1241 4271 1292 4325 in
1342 4272 1464 4339 lege
1504 4268 1713 4323 ltomini
1738 4310 1753 4337 ,

183 4380 279 4432 qna-
306 4368 428 4423 Μοδί
470 4371 541 4425 ab
595 4369 710 4438 ipso
757 4367 984 4421 Domitio
1033 4365 1226 4429 legitur
1252 4363 1486 4425 dictata,
1517 4361 1585 4417 de
1636 4363 1754 4428 liis,

183 4474 281 4529 qua!
326 4465 552 4517 suminis
603 4459 976 4516 sacerdotibus
1003 4499 1017 4520 ,
1064 4457 1114 4511 id
1167 4467 1286 4524 est,
1320 4455 1450 4509 Mosi
1498 4465 1552 4509 et
1579 4460 1758 4508 Aaron

183 4564 311 4607 erant
335 4556 643 4624 .speclalitcr
665 4568 956 4619 concessa,
983 4551 1077 4605 lilii
1108 4556 1286 4605 Aaron
1312 4550 1603 4621 quidquam
1630 4564 1760 4619 prte-

1857 3319 1964 3374 rint
1993 3320 2310 3389 constituti,
2345 3324 2501 3393 quid,
2535 3338 2699 3395 rogo,
2736 3325 2935 3379 erunt?
2982 3326 3123 3380 Ecce
3158 3342 3256 3381 nec
3303 3327 3455 3382 locus

1855 3428 1978 3468 cum
2004 3414 2343 3470 ordinatione
2366 3418 2698 3485 concordat,
2734 3434 2831 3472 nec
2856 3418 3123 3473 ordinatio
3143 3436 3264 3474 cum
3295 3420 3415 3474 loco
3440 3437 3453 3472 :

1856 3512 2110 3579 quoniam
2141 3511 2184 3564 si
2230 3511 2607 3581 episcoporum
2651 3528 2843 3568 manus
2890 3514 3294 3583 impositionetn
3336 3531 3458 3582 per—

1857 3613 2148 3685 ceperunt,
2184 3614 2237 3658 et
2265 3616 2316 3659 ut
2358 3607 2596 3677 episcopi
2626 3617 2755 3662 sunt
2811 3611 3149 3677 consecrati,
3192 3609 3284 3663 ubi
3334 3619 3462 3665 sunt

1857 3696 2314 3753 consecrati?Ad
2360 3700 2574 3768 villam,
2614 3701 2735 3771 quia
2779 3705 2973 3780 χώρα,
3007 3703 3134 3757 villa
3185 3711 3270 3758 est
3316 3703 3460 3774 apud

1858 3791 2099 3849 GI‘ZIBCOS.
2137 3794 2203 3849 Et
2230 3796 2460 3864 qualiter
2501 3796 2565 3850 ad
2622 3797 2845 3862 villam,
2896 3799 2941 3852 si
2989 3813 3088 3854 nec
3134 3798 3187 3853 in
3233 3799 3459 3853 casti-llo

1859 3889 2029 3942 autin
2061 3889 2268 3944 modica
2301 3890 2516 3945 civitate
2562 3891 2687 3947 licet
2717 3892 2835 3946 liet-i
2856 3936 2870 3959 ,
2906 3908 3035 3963 rogo
3064 3903 3118 3947 ut
3150 3892 3408 3963 promatis
3441 3911 3455 3947 :

1860 3984 1985 4037 etsi
2020 3999 2268 4050 promere
2303 4001 2408 4039 non
2444 3988 2702 4054 potestis,
2734 3986 2855 4055 quis
2885 3985 3042 4058 (scio)
3073 4002 3169 4057 per
3193 3987 3460 4041 rationem

1860 4087 1952 4133 aut
1999 4080 2211 4147 plenam
2250 4080 2622 4134 auctoritatem
2666 4080 2887 4136 minimc
2931 4081 3195 4150 potestis,
3237 4081 3462 4151 digitum

1862 4169 1943 4224 ori
1974 4172 2233 4240 imponite
2254 4213 2269 4236 ,
2300 4181 2354 4226 et
2384 4187 2478 4226 eos
2510 4173 2655 4226 omni
2684 4174 3002 4227 auctoritate
3026 4187 3213 4227 carere
3241 4189 3346 4225 non
3366 4171 3464 4226 du-

1863 4262 2029 4319 bitate
2056 4306 2069 4329 ,
2097 4264 2303 4321 scilicet
2332 4267 2458 4335 quia
2490 4266 2585 4319 tria
2614 4267 2829 4320 obstant
2851 4308 2864 4331 ,
2898 4265 3094 4334 quibus
3125 4281 3311 4320 eorum
3341 4279 3461 4320 cas-

1864 4366 2012 4411 satur
2044 4358 2184 4413 actio
2218 4359 2299 4412 vel
2333 4359 2617 4413 institutio.
2653 4358 2829 4413 Unum
2859 4400 2871 4423 ,
2905 4357 3046 4427 quod
3087 4357 3155 4413 ab
3201 4374 3308 4412 uno
3344 4358 3463 4426 e,i-

1864 4468 2032 4523 scopo
2060 4454 2296 4508 ordinari
2328 4454 2507 4508 solent
2527 4497 2540 4521 ,
2569 4454 2620 4507 in
2653 4470 2759 4524 quo
2801 4469 2989 4509 eorum
3018 4453 3289 4509 ordinatio
3314 4471 3343 4507 a
3377 4469 3467 4508 ca-

1865 4547 2101 4600 nonibus
2128 4547 2395 4601 discordat
2422 4590 2434 4612 ,
2467 4548 2555 4617 qui
2606 4563 2701 4624 per
2730 4562 2921 4603 manus
2949 4549 3328 4617 episc0pnrum
3373 4562 3470 4603 eos

184 4646 460 4700 stum-bant.
497 4647 640 4700 Nulli
688 4648 829 4699 t'llllll
876 4643 1095 4698 dubium
1126 4651 1249 4709 est,
1301 4642 1443 4712 quod
1491 4640 1668 4695 Moses
1704 4650 1759 4696 et
1786 4629 1841 4690 D
1870 4639 2078 4694 institui
2107 4640 2318 4712 jubent.
2352 4639 2543 4707 Aliud,
2578 4640 2623 4695 si
2669 4658 2697 4694 a
2742 4640 2982 4710 pluribus
3026 4643 3296 4711 episcopis
3345 4650 3474 4697 sunt

185 4738 338 4795 Aaron
381 4742 525 4808 soli,
586 4740 929 4809 praecipiente
981 4737 1243 4803 Domino,
1293 4736 1345 4789 in
1387 4733 1761 4790 'l‘abernaculo

189 4832 266 4888 Dei
294 4837 572 4907 erigebant
603 4835 809 4898 altare,
844 4834 942 4887 soli
986 4831 1253 4902 ungebant
1274 4872 1288 4896 ,
1320 4829 1423 4884 soli
1452 4828 1764 4884 sacerdotes

188 4946 315 4982 saera
355 4931 609 4985 unctiine
656 4927 1039 4994 instituebant,
1074 4935 1126 4979 et
1166 4924 1302 4990 alia,
1348 4938 1468 4993 qum
1512 4921 1575 4976 ad
1613 4936 1760 4976 sunt-

190 5039 311 5081 mutn
353 5026 717 5081 sacerdotium
752 5022 1122 5093 pertinebant,
1153 5020 1219 5075 de
1250 5018 1444 5090 quibus
1490 5016 1765 5071 sufﬁcien-

192 5128 257 5172 ter
296 5122 342 5174 in
387 5119 586 5174 divinis
632 5118 828 5188 legitur
877 5114 1126 5180 Litteris,
1178 5116 1410 5184 agebant
1456 5129 1469 5166 :
1513 5110 1763 5180 quoniam

192 5214 362 5267 summi
404 5212 614 5267 Domini
658 5194 969 5265 sacerdotes
999 5213 1156 5261 erant
1182 5248 1196 5270 ,
1226 5208 1364 5259 sicut
1405 5204 1474 5259 de
1519 5204 1585 5257 iis
1632 5202 1768 5258 scri-

194 5315 317 5371 ptunt
339 5319 417 5363 est
448 5326 461 5361 :
490 5306 658 5360 Moses
689 5315 734 5358 et
758 5306 931 5357 Aaron
960 5302 1013 5355 in
1041 5299 1393 5355 sacerdotibus
1426 5302 1557 5371 ejus.
1593 5301 1683 5354 Sic
1715 5309 1771 5355 et

194 5402 360 5466 modo,
391 5402 515 5471 quia
557 5401 745 5454 umbra
790 5398 925 5467 legis
959 5395 1210 5459 transiit,
1254 5405 1308 5450 et
1347 5395 1435 5449 lux
1488 5394 1770 5465 Evangelii

256 5520 270 5549 ⁸
299 5520 360 5586 5,
388 5521 511 5573 dist.
540 5518 608 5573 86
626 5559 641 5584 ,
665 5515 1033 5587 Chorepiscopi
1064 5524 1168 5568 tam
1197 5513 1260 5567 ab
1287 5515 1400 5569 hac.

257 5591 274 5619 ²
304 5590 497 5643 Ilisnal.
532 5606 589 5643 ll.

347 5593 497 5644 isnal.
532 5606 589 5644 11.

259 5606 274 5619 -
463 5606 497 5644 ι.
576 5631 589 5643 .

204 5661 276 5786 ὓ)
304 5606 609 5789 ἰῖιὲῗιιεὶῖἒο
634 5659 1070 5717 Neocmsareensi
1092 5699 1105 5723 ,
1139 5672 1258 5728 cap.
1292 5658 1390 5724 15,
1422 5673 1490 5715 ex
1517 5658 1767 5715 versione

243 5748 338 5789 ioo.
414 5751 577 5789 xiaut.

243 5748 338 5795 ton.
371 5748 577 5805 uigut.

202 5888 218 5931 ι
251 5806 284 5932 ιξ
311 5805 367 5863 111
393 5801 618 5864 concilio
641 5807 923 5871 Antiocb..
950 5821 1001 5863 c.
1028 5807 1118 5876 ιι),
1149 5820 1217 5862 ex
1242 5801 1483 5875 ejusdem
1502 5804 1773 5877 interpre-

223 5892 247 5928 a
271 5893 398 5932 Ione.

223 5892 381 5936 attone
394 5919 398 5927 ι

1873 4736 2140 4801 ordinati,
2175 4747 2227 4791 et
2272 4747 2366 4791 aut
2398 4736 2449 4791 in
2478 4738 2600 4791 villa
2620 4779 2633 4802 ,
2666 4746 2753 4791 ant
2783 4737 2837 4791 in
2866 4736 3123 4804 castello,
3154 4751 3249 4791 seu
3278 4738 3328 4791 in
3358 4751 3475 4791 mo-

1875 4828 1993 4885 dica
2026 4831 2281 4896 civitate,
2314 4842 2402 4884 aut
2446 4831 2667 4885 omnino
2715 4848 2820 4884 non
2865 4831 2915 4884 iti
2951 4846 3016 4884 co
3064 4829 3184 4884 loco
3226 4829 3471 4899 pra-(ixi,

1874 4939 1981 4994 quo
2006 4925 2147 4993 juste
2179 4924 2419 4993 episcoiii
2446 4922 2561 4977 ﬁeri
2590 4923 2826 4990 debent,
2869 4934 2959 4979 aut
2990 4923 3187 4977 dudum
3217 4937 3322 4975 non
3356 4919 3472 4976 fue-

1872 5029 1997 5073 runt
2025 5060 2038 5082 ,
2063 5019 2081 5047 ⁷
2126 5017 2216 5073 tibi
2249 5017 2470 5072 vilescat
2515 5019 2811 5072 auctoritas
2848 5026 2901 5072 et
2953 5032 3148 5071 nomen
3187 5013 3467 5082 episcopi,

1874 5123 1966 5166 aut
1993 5111 2037 5165 si
2063 5112 2116 5166 in
2146 5113 2370 5169 civitate
2398 5128 2518 5167 cum
2547 5112 2719 5168 altero
2746 5112 2999 5182 episcopo
3027 5128 3038 5163 :
3073 5124 3193 5163 cum
3219 5106 3298 5179 (ut
3334 5118 3473 5176 pra:-

1874 5208 2075 5261 dictutn
2106 5203 2210 5276 est)
2243 5208 2293 5262 itt
2325 5224 2426 5262 una
2461 5207 2678 5262 civitate
2722 5206 2829 5261 duo
2875 5221 2977 5258 non
3006 5203 3239 5258 debeant
3280 5204 3301 5233 ⁸
3340 5215 3476 5255 con-

1878 5307 2073 5359 sistere
2102 5305 2361 5374 episcopi.
2396 5303 2639 5359 Tertium
2663 5346 2677 5371 ,
2707 5302 2752 5359 si
2781 5300 3069 5357 absolute”
3097 5300 3297 5353 fuerint
3326 5294 3483 5351 insli-

1879 5399 2019 5465 tttti,
2067 5398 2208 5453 sicut
2263 5400 2330 5453 de
2381 5399 2703 5469 quibusdam
2743 5395 3088 5461 audivimus,
3134 5406 3256 5463 qua:
3298 5388 3483 5445 omnia

1942 5518 1964 5551 ⁸
1991 5517 2199 5573 Concil.
2221 5516 2463 5581 Laodic.,
2488 5531 2606 5585 cap.
2631 5515 2721 5569 57.

1946 5590 1966 5621 ⁸
1996 5588 2143 5645 Cart.
2172 5606 2241 5655 tt,
2270 5603 2319 5643 c.
2345 5587 2410 5654 2;
2439 5587 2615 5643 Tolet.
2642 5603 2713 5642 xu
2733 5627 2748 5654 ,
2774 5587 2828 5641 4.

1946 5665 1964 5693 ⁷
1994 5663 2203 5717 Sardic.
2230 5675 2410 5727 t-onc.,
2436 5676 2485 5714 c.
2514 5659 2568 5716 6.

1947 5738 1969 5767 "
1999 5735 2114 5791 Nic.
2148 5751 2329 5799 conc.,
2354 5750 2405 5789 c.
2432 5733 2489 5789 8.

1945 5812 1967 5841 ⁹
1994 5806 2277 5872 Cltalced.,
2309 5823 2358 5861 c.
2390 5805 2444 5860 6.
