3950 6350
529 215 640 274 433

1791 219 2040 280 SANCTI
2079 219 2334 290 DAMAS!
2375 219 2578 286 HM:
3669 229 3749 286 tati

529 331 822 404 episcopali
851 331 1068 386 omnino
1095 341 1282 388 carent
1323 333 1642 388 auctoritate
1669 353 1682 388 :
1711 345 1766 390 et
1799 335 1930 390 illud
1961 335 2135 390 adhuc
2163 337 2218 410 Α
2245 346 2300 392 ut
2331 353 2426 412 per
2458 337 2560 392 hoc
2603 347 2658 394 et
2687 339 2942 394 discretio
2975 337 3236 412 graduum
3265 339 3318 410 ⁸,
3345 351 3394 396 et
3434 341 3666 418 dignitatis
3691 347 3752 400 l'a-

533 437 734 494 restat,
770 429 910 500 quod
945 443 1134 482 eorum
1159 429 1292 484 ordo
1327 446 1432 484 non
1479 429 1642 488 habet
1679 433 1730 486 in
1763 433 1958 488 divinis
1989 433 2130 490 litte-

533 525 610 580 ris
651 523 1026 588 auctoritatem
1073 541 1086 576 :
1129 523 1256 594 quia
1307 525 1386 596 (ut
1437 525 1716 596 pra-[iitum
1762 531 1868 596 est)
1915 527 2136 582 ordines

532 627 658 670 sunt
687 615 794 670 duo
834 622 1038 670 tantum
1069 615 1224 686 primi
1257 615 1308 670 in
1343 615 1585 674 Ecclesia
1609 660 1622 684 ,
1659 617 1708 672 id
1750 627 1866 684 est,
1903 619 2136 690 Aposto-

531 709 704 764 lorum
736 719 790 762 et
819 709 1154 780 septuaginta
1193 707 1608 776 Discipulorum.
1642 709 1786 766 Sane
1815 713 1858 764 si
1891 725 1990 766 nec
2015 711 2130 782 epi-

533 801 682 872 scopi
714 811 877 866 sunt,
925 801 1049 872 quia
1095 815 1188 878 pro
1231 799 1470 870 prmfatis
1513 804 1692 858 causis
1733 803 1972 876 episcopi
2011 817 2136 860 esse

531 911 638 950 non
669 903 898 970 possunt
929 913 942 950 :
983 911 1082 950 nec
1113 895 1464 968 presbyteros
1507 911 1566 950 se
1609 895 1874 952 nomiaari
1903 898 2092 952 volunt
2113 939 2128 966 ,

532 973 938 1060 quia'amplius
977 1003 1100 1042 esse
1147 988 1432 1054 ambiunt;
1479 997 1641 1060 atque
1691 991 1809 1062 plus
1839 1005 2000 1062 quam
2049 1005 2136 1046 se-

531 1085 808 1154 ptuaginta
873 1083 1124 1156 Discipuli
1166 1083 1423 1140 fecissent
1469 1084 1556 1156 (ad
1601 1099 1830 1156 quorum
1869 1083 2132 1154 fortnam,

533 1185 592 1230 ut
623 1175 780 1246 paulo
811 1179 1064 1246 superius
1093 1176 1494 1246 prtclibavitnns
1515 1219 1528 1242 ,
1565 1175 1616 1232 lti
1639 1219 1652 1242 ,
1685 1189 1971 1250 antequam
2009 1193 2136 1250 pro-

533 1269 854 1324 hiberentur
873 1313 888 1334 ,
915 1285 943 1324 a
973 1267 1298 1338 quibusdam
1327 1269 1510 1326 stultis
1529 1283 1582 1325 et
1611 1285 1706 1324 sua
1733 1273 2132 1344 quaerentibus,

529 1373 582 1418 et
615 1379 720 1418 non
753 1379 872 1436 quzr
899 1361 1098 1416 Christi
1122 1361 1272 1428 Jesu,
1305 1363 1770 1430 inStituebantur),
1807 1379 2136 1434 praesumere

533 1463 736 1518 tentant
766 1499 781 1524 ,
809 1471 854 1512 et
885 1457 1066 1514 illicita
1092 1467 1254 1524 atque
1277 1457 1549 1532 prohibita
1577 1473 1738 1536 agere
1764 1467 2130 1532 prtesuntunt;

530 1567 632 1608 nec
655 1551 764 1630 hoc
793 1551 896 1608 dici
937 1567 998 1608 se
1029 1551 1216 1606 volunt
1241 1595 1256 1618 ,
1289 1555 1430 1624 quod
1473 1566 1638 1620 sunt;
1691 1569 1822 1624 rogo
1863 1564 1918 1608 Ill.
1963 1555 2136 1612 mani-

531 1645 666 1702 feste
697 1645 968 1716 prodatis,
1003 1647 1130 1720 quid
1157 1648 1302 1702 sint:
1333 1651 1588 1720 quoniam
1618 1659 1709 1704 aut
1739 1649 1942 1722 aliquid
1967 1659 2093 1706 sunt
2117 1695 2132 1716 ,

2240 429 2456 500 stigium
2505 445 2836 486 summorum
2869 431 3178 502 pontiﬁcum
3211 433 3594 490 demonstretur.
3627 438 3755 492 Simi-

2239 521 2364 578 litcr
2393 533 2446 578 et
2475 525 2540 578 de
2571 525 2900 596 presbyteris
2931 527 3054 602 lucc
3083 525 3410 592 habeantur,
3441 536 3490 582 ttt
3515 527 3615 583 sine
3637 529 3756 600 jussu

2241 617 2262 648 ⁸
2289 619 2486 690 proprii
2518 617 2754 688 episcopi
2801 619 2872 672 nil
2919 629 3080 690 agant
3107 639 3120 674 :
3155 619 3276 690 quia
3319 619 3452 690 quod
3479 636 3634 676 rarum
3657 635 3756 692 est,

2241 709 2342 764 hoc
2369 719 2422 764 et
2469 711 2744 780 pulchrius
2781 727 2904 766 esse
2951 711 3182 766 videtur.
3215 711 3350 770 Etsi
3379 728 3556 768 nomen
3595 714 3760 772 vilescit

2241 799 2550 872 pontiﬁcam
2573 845 2586 866 ,
2617 803 2794 858 omnis
2819 813 2990 858 status
3023 803 3362 874 perturbatur
3395 807 3641 862 Ecclesiae.
3669 807 3760 864 Tri-

2239 895 2358 964 plex
2391 897 2568 966 itaque
2597 895 2648 950 in
2683 899 2780 950 hac
2825 907 2976 968 parte
3007 909 3186 958 reatus
3215 907 3297 958 est
3321 940 3335 964 ,
3367 899 3496 968 quod
3537 909 3586 954 et
3623 901 3763 970 prohi-

2239 987 2348 1044 bita
2388 997 2592 1056 agunt,
2621 997 2674 1044 ct
2713 989 2852 1062 quod
2899 1005 3116 1046 sacrum
3149 989 3491 1044 ministerium
3522 992 3626 1046 talis
3663 1007 3764 1048 cott-

2239 1079 2388 1134 sortii
2430 1081 2636 1136 vilitate
2687 1079 2986 1152 polluitur,
3031 1089 3086 1137 et
3131 1083 3496 1152 episcoporum
3537 1083 3764 1156 (quantum

2239 1175 2305 1228 ad
2363 1175 2562 1230 illicita:
2613 1175 2975 1248 usurpatiimis
3027 1177 3384 1232 temeritatem
3423 1175 3650 1258 pertinet)
3673 1177 3765 1246 jura

2239 1269 2538 1324 solvuntur.

2311 1359 2464 1426 Quod
2493 1369 2670 1416 autem
2703 1361 2834 1416 solis
2863 1361 2884 1393 “
2910 1361 3188 1432 Apostolis
3215 1379 3505 1436 eorumque
3532 1377 3766 1418 successo-

2239 1453 2388 1508 ribus
2431 1453 2632 1524 proprii
2677 1455 2746 1510 sit
2781 1453 2949 1510 ofﬁcii
2999 1457 3214 1512 tradere
3263 1457 3512 1532 Spiritum
3549 1469 3768 1526 sanctum,

2241 1549 2376 1604 liber
2423 1549 2654 1605 Autumn
2697 1552 3082 1620 ApoStolorum
3125 1553 3288 1608 docet
3319 1570 3332 1606 :
3367 1551 3640 1624 praisertitn
3671 1565 3770 1606 cum

2241 1643 2421 1698 nullus
2447 1659 2514 1698 ex
2545 1645 2884 1716 septuaginta
2925 1645 3236 1720 Discipulis,
3269 1661 3492 1718 quorum
3517 1645 3596 1700 isti
3621 1646 3664 1698 in
3701 1647 3774 1700 Ec-

529 1747 624 1794 aut
669 1739 818 1793 niltil.
867 1737 1002 1794 Nam
1043 1741 1328 1796 manifeSIe
1371 1749 1551 1810 patet,
1597 1743 1853 1812 quoniam
1897 1743 2136 1814 episcopi
2170 1747 2214 1810 Β
2243 1737 2405 1792 clesia
2455 1737 2692 1806 Speciem
2743 1747 2959 1808 gerunt,
3003 1739 3212 1809 legatur
3259 1741 3461 1794 donum
3497 1738 3552 1796 S.
3593 1737 3775 1810 Spiritus
3867 1731 3874 1740 ’

533 1849 638 1886 non
663 1843 808 1886 sunt.
835 1831 902 1886 Et
931 1832 976 1888 si
1001 1833 1242 1904 episcOpi
1269 1849 1374 1888 non
1407 1843 1534 1888 sunt
1555 1877 1568 1900 ,
1601 1845 1654 1890 et
1683 1837 1988 1908 presbyteri
2015 1853 2138 1894 esse

531 1923 880 1996 despiciunt,
916 1927 1044 1998 quid
1075 1927 1278 1980 erunt?
1305 1931 1412 1982 Aut
1438 1929 1640 2000 aliquid
1683 1945 1907 2002 prorsus
1935 1941 2136 2000 erunt,

533 2031 626 2074 aut
667 2019 804 2074 nihil
833 2037 846 2074 :
881 2020 1002 2090 quia
1045 2019 1178 2074 nihil
1213 2031 1386 2092 potest
1419 2037 1538 2078 esse
1563 2065 1576 2088 ,
1625 2023 1726 2078 nisi
1771 2025 1966 2080 habeat
1997 2025 2140 2082 unde

535 2112 624 2166 sit.
661 2111 728 2167 Et
755 2113 798 2166 si
829 2129 935 2166 non
969 2111 1130 2166 habet
1155 2117 1298 2168 unde
1325 2113 1424 2180 sit,
1455 2123 1550 2168 aut
1573 2115 1714 2168 unde
1740 2115 2002 2188 originem
2035 2117 2136 2172 du-

531 2215 658 2272 cat;
693 2221 792 2260 nvc
820 2211 1196 2261 auctoritatem
1232 2205 1427 2274 habet,
1461 2223 1562 2262 nec
1592 2217 1738 2262 stare
1771 2209 1874 2263 rite
1901 2209 2136 2280 poterit,

531 2301 656 2370 quia
692 2300 852 2354 inane
891 2309 1012 2364 est,
1053 2307 1110 2354 et
1151 2307 1212 2354 ut
1257 2300 1572 2354 destruatur
1613 2311 1668 2356 et
1711 2302 1871 2356 cadat
1917 2317 2140 2360 necesse

531 2403 612 2448 cst
639 2436 654 2458 ,
689 2393 945 2466 quoniam
977 2393 1110 2448 nihil
1139 2401 1258 2458 est,
1291 2393 1418 2448 etin
1447 2394 1674 2450 nihilum
1707 2397 2066 2466 reputabitur.

603 2487 660 2542 Si
691 2503 820 2542 vero
859 2486 990 2542 nihil
1022 2501 1090 2542 ex
1133 2485 1215 2540 his
1244 2497 1410 2553 sunt,
1441 2503 1562 2558 quae
1591 2491 1840 2560 superius
1869 2505 2142 2544 memora-

529 2581 744 2636 vimus:
777 2593 906 2636 tttne
939 2597 1162 2638 necesse
1205 2595 1286 2638 esr
1315 2625 1328 2646 ,
1361 2593 1419 2636 ιιι
1447 2583 1581 2636 nihil
1625 2583 1732 2638 sint
1778 2601 1843 2640 et:
1895 2585 1978 2638 his
2023 2601 2142 2656 quae

532 2675 908 2736 sacerdotibus
957 2675 1248 2730 debentur.
1303 2675 1368 2730 Et
1415 2677 1673 2732 ideonec
1717 2677 1770 2734 in
1820 2679 2144 2736 sacerdotali

535 2769 782 2838 catalogo
831 2768 1134 2824 habeantur
1159 2811 1172 2832 ,
1207 2771 1308 2826 nisi
1359 2781 1562 2826 tantum
1597 2771 1679 2844 (ut
1709 2775 1880 2842 primo
1903 2789 2144 2830 comme-

533 2863 796 2934 ravimus)
823 2874 882 2917 ut
911 2879 1008 2933 pro
1037 2865 1408 2920 misericordia
1439 2865 1544 2922 illis
1565 2909 1578 2932 ,
1611 2867 1704 2938 qui
1739 2869 2012 2924 humiliter
2043 2869 2144 2926 hoc

530 2955 676 3011 ferre
706 2957 976 3016 voluerint
996 2997 1010 3022 ,
1037 2972 1136 3012 nec
1165 2957 1400 3026 amplius
1431 2961 1756 3028 ambierint,
1794 2973 1844 3016 et
1875 2979 1974 3033 per
2005 2965 2143 3030 scri-

535 3059 682 3118 ptum
717 3051 934 3134 propria
963 3067 1124 3106 manu
1179 3053 1364 3108 subter
1413 3055 1866 3126 corroboratum,
1913 3059 2144 3130 idipsum

2245 1845 2340 1900 per
2379 1845 2574 1890 manus
2615 1831 3016 1902 impositiouem
3058 1833 3134 1904 (ut
3171 1833 3484 1904 pra-dictum
3531 1835 3626 1904 est)
3653 1832 3778 1886 tradi-

2243 1921 2410 1976 disse.
2466 1921 2590 1976 ll:cc
2627 1937 2778 1994 ergo,
2807 1925 2930 1994 quia
2971 1926 3118 1980 otnni
3155 1937 3346 1980 carent
3391 1927 3603 1990 ratione,
3641 1925 3778 1980 nullus

2243 2013 2496 2084 deinceps
2521 2026 2748 2084 usurpet
2768 2025 2860 2072 aut
2879 2019 3180 2073 consentiat
3209 2019 3566 2088 sacerdotum,
3595 2018 3676 2092 qui
3709 2033 3780 2072 no-

2245 2107 2408 2162 luerit
2458 2123 2488 2162 a
2535 2119 2720 2164 nostro
2771 2111 3092 2168 sacerdotali
3147 2113 3380 2184 collegio
3417 2115 3658 2184 separari.
3695 2111 3775 2166 Nec

2245 2201 2386 2272 quod
2419 2217 2446 2256 a
2477 2203 2632 2258 nobis
2659 2203 3010 2276 extinguitur,
3041 2215 3096 2260 et
3145 2221 3172 2258 a
3209 2205 3680 2278 przcdecessoribus
3714 2219 3786 2258 no-

2245 2301 2375 2352 stris
2397 2301 2474 2352 ac'
2491 2297 2736 2370 reliquis,
2763 2308 2820 2352 ut
2847 2299 3050 2354 dictum
3077 2309 3182 2366 est,
3219 2301 3387 2356 tutius
3406 2299 3546 2354 orbis
3567 2297 3784 2370 episc0pis

2239 2389 2350 2462 jam
2380 2392 2674 2446 extinctum
2707 2403 2810 2456 est,
2837 2395 2978 2460 apud
3003 2391 3211 2472 aliquos
3243 2393 3540 2450 tenebrosis
3559 2393 3578 2424 "
3599 2393 3784 2448 semine-

2247 2493 2334 2538 tur
2375 2483 2650 2540 radicibus
2682 2501 2694 2536 :
2721 2485 2814 2540 sed
2861 2499 2980 2556 qua:
3023 2485 3162 2540 male
3197 2485 3489 2556 pullulasse
3527 2493 3783 2546 noscuntur,

2247 2577 2508 2634 radicitus
2557 2579 2880 2644 avellantur,
2943 2593 3010 2634 ne
3065 2593 3302 2634 messem
3359 2577 3664 2634 dominicam
3707 2573 3788 2630 ulla

2247 2683 2596 2746 corrumpant
2661 2673 2886 2726 zizania.
2949 2671 3026 2726 Ita
3093 2671 3238 2726 enim
3317 2655 3542 2726 fructum
3607 2667 3780 2722 uberem

2251 2769 2460 2824 Domini
2511 2769 2825 2824 sacerdotes
2871 2765 3228 2838 praestabunt,
3279 2767 3324 2820 si
3373 2781 3460 2830 ea,
3501 2779 3612 2836 qua:
3653 2769 3789 2816 natam

2249 2871 2486 2934 segetem
2529 2877 2761 2918 enecare
2807 2869 3232 2922 consueverunt,
3265 2859 3522 2914 radicitus
3563 2861 3790 2926 amputen-

2251 2965 2356 3010 tur.
2391 2953 2580 3010 Cesset
2602 2969 2754 3024 ergo,
2787 2961 2968 3008 cesset
2997 2961 3072 3006 tot
3099 2951 3312 3006 vicibus
3335 2949 3594 3022 prohibita
3615 2957 3660 3002 et
3678 2945 3790 3000 dant-

2249 3059 2372 3104 nata
2419 3047 2810 3120 prtesumptio:
2844 3063 2944 3104 nec
2975 3047 3260 3102 imitentur
3299 3047 3496 3102 smnmi
3540 3041 3790 3098 sacerdotis

529 3145 1012 3210 confirmaverint,
1051 3145 1154 3202 hoc
1195 3147 1538 3212 solummodo
1573 3151 1930 3218 concedatur,
1962 3163 2018 3216 ut
2061 3155 2136 3208 iu-

2245 3145 2510 3200 ntulieres
2549 3145 2884 3204 meretrices,
2919 3159 3038 3212 quae
3067 3141 3304 3200 infantes
3353 3157 3479 3196 suos
3511 3139 3702 3210 prarl'ata
3723 3149 3792 3187 ro-

535 3247 621 3294 tcr
665 3239 977 3294 sacerdotes
1029 3241 1204 3296 locum
1249 3241 1518 3310 habeant,
1567 3255 1622 3299 et
1671 3245 1970 3302 ministerio
2017 3263 2144 3318 pre-

531 3333 874 3404 sbyterorum
903 3337 1143 3402 contenti
1171 3335 1282 3390 sint
1305 3379 1318 3402 ,
1349 3347 1510 3408 atque
1539 3353 1740 3394 mensm
1773 3339 1982 3396 Domini
2029 3353 2146 3414 taq-

533 3427 814 3482 tunnuodo
867 3430 1158 3506 participes
1203 3431 1456 3484 existant.
1519 3431 1768 3502 Amplius
1819 3445 2000 3490 autem
2054 3435 2142 3506 qui

533 3503 1076 3602 ambirevoluerint,
1109 3539 1208 3578 nec
1241 3525 1344 3578 hoc
1393 3509 1662 3581 retineant
1685 3569 1700 3594 ,
1745 3537 1800 3582 ut
1831 3529 2144 3586 sacerdotes

535 3617 680 3678 sint,
715 3597 810 3670 sed
862 3617 1006 3676 omni
1035 3599 1404 3674 ecclesiastico
1443 3619 1683 3674 funditus
1725 3623 2002 3692 pritentur
2043 3625 2140 3676 ho-

535 3723 686 3762 nore.
715 3709 868 3776 Quod
901 3725 1032 3764 vero
1073 3713 1153 3764 eis
1183 3726 1288 3766 neu
1323 3713 1484 3768 liceat
1523 3715 1831 3772 saeui-dotes
1857 3733 2140 3776 consecra-

533 3815 594 3856 re
615 3843 630 3868 ,
663 3817 764 3856 nec
789 3801 1046 3857 diaconos
1067 3813 1162 3864 aut
1189 3803 1582 3870 subdiaconus,
1619 3823 1716 3862 nec
1745 3805 1978 3878 virgines
1999 3851 2012 3876 ,
2043 3825 2144 3866 nec

538 3895 710 3950 altare
739 3897 950 3966 erigere
977 3939 992 3962 ,
1041 3911 1142 3950 nec
1179 3912 1380 3965 ungere
1411 3909 1502 3952 aut
1543 3913 1786 3966 sacrare,
1829 3917 1928 3956 nec
1965 3903 2140 3958 eccle-

537 3985 646 4040 sias
687 3985 964 4052 dedicare,
999 4003 1100 4042 nec
1145 3989 1381 4052 chrisma
1429 3991 1444 4022 ³
1479 3991 1771 4054 coniicere,
1821 4009 1920 4048 nec
1965 3993 2142 4052 chris-

536 4088 680 4134 mate
711 4081 1102 4150 baptizatorum
1139 4081 1344 4138 frontes
1373 4083 1591 4154 signare
1612 4125 1627 4148 ,
1659 4101 1758 4140 nec
1787 4087 1998 4156 publice
2023 4087 2138 4159 qui-

535 4171 660 4228 dem
711 4177 762 4228 in
811 4173 974 4228 inissa
1021 4191 1348 4246 quemquam
1399 4179 1448 4231 in
1497 4181 1844 4244 ptenitentem
1897 4183 2140 4238 reconci-

533 4267 697 4333 liare,
738 4283 838 4322 nec
867 4265 1128 4322 formatas
1157 4267 1414 4340 epistolas
1455 4271 1668 4326 mittere
1691 4311 1706 4334 ,
1741 4287 1840 4326 nec
1883 4275 2137 4344 populum

537 4357 893 4424 benedicere,
933 4377 1032 4416 nec
1057 4371 1186 4416 ante
1233 4365 1545 4434 episcopum
1591 4363 1642 4418 in
1677 4363 1994 4440 baptisteria
2046 4377 2140 4422 aut

537 4449 592 4504 in
631 4451 868 4506 sacrario
899 4453 1124 4509 introire
1149 4495 1162 4516 .
1211 4471 1308 4511 nec
1357 4465 1626 4526 prtcsente
1663 4457 1922 4528 episcopo
1965 4458 2138 4516 infan-

2253 3239 2458 3308 luptate
2501 3237 2626 3292 aliis
2656 3237 2722 3292 ad
2769 3235 3114 3294 nutriendum
3165 3237 3416 3290 tribuunt
3441 3257 3452 3292 :
3477 3233 3564 3290 sed
3601 3231 3684 3300 ipsi
3721 3243 3791 3280 llll-

2251 3337 2436 3396 triant,
2469 3333 2569 3404 ipsi
2605 3333 2830 3388 Domino
2861 3349 2960 3386 suo
2987 3331 3217 3388 fructum
3241 3347 3370 3388 cum
3407 3346 3564 3386 usura
3593 3327 3790 3386 reddant,

2251 3428 2658 3500 fructuoSosque
2683 3427 2986 3490 manipulos
3007 3427 3054 3482 ei
3083 3441 3204 3481 eum
3231 3427 3408 3498 gloria
3433 3427 3788 3493 reprmSt-nlrnl-

2247 3519 2382 3574 Nam
2411 3517 2460 3574 si
2487 3519 2750 3574 Dominus
2775 3519 3040 3588 leprosos,
3077 3517 3220 3572 inter
3248 3525 3482 3574 cretei-as
3515 3513 3676 3569 ovium
3697 3521 3792 3562 sua—

2251 3629 2364 3666 rum
2399 3629 2578 3678 curas,
2613 3611 2788 3682 tetigit
2815 3621 2864 3666 et
2891 3609 3195 3674 mundavit,
3231 3627 3332 3664 cur
3363 3627 3460 3664 nos
3481 3607 3652 3664 eadem
3672 3611 3792 3672 agrre

2247 3705 2638 3774 dedignamur?
2669 3705 2776 3761 Ant
2819 3721 2918 3758 cur
2949 3721 3048 3760 nos
3091 3705 3216 3770 ipsi,
3271 3705 3363 3776 qtti
3417 3701 3668 3774 pastorale
3703 3695 3792 3752 oili-

2245 3801 2386 3856 ciutn
2429 3801 2788 3868 su=cepimns,
2831 3797 2951 3852 aliis
2995 3798 3220 3853 alendus
3269 3797 3570 3854 tradimus?
3611 3793 3792 3846 maxime

2245 3909 2364 3950 eum
2407 3893 2668 3948 Durnium
2705 3893 2864 3946 Petro
2913 3893 3230 3962 prmceptori
3279 3903 3472 3948 nostro
3513 3887 3722 3946 dixerit:
3749 3883 3793 3938 Si

2243 3985 2418 4058 diligis
2445 4003 2544 4050 me,
2575 4001 2726 4056 pasce
2755 4001 2870 4040 oves
2899 4002 3036 4040 nicas
3069 4001 3088 4040 :
3113 3995 3168 4040 ct
3213 3987 3388 4040 multa
3421 3985 3544 4052 alia,
3577 3991 3626 4036 et
3651 3977 3792 4034 ltissi-

2245 4080 2414 4134 milia.
2447 4077 2580 4134 Nam
2607 4079 2936 4144 benedictio,
2961 4093 3120 4149 quam
3147 4078 3400 4149 prrcdicﬁ
3425 4079 3446 4112 ⁸
3471 4065 3794 4142 εἰιοτενίςρίιιιὶ

2243 4185 2368 4228 ante
2407 4189 2558 4228 suam
2591 4173 3034 4244 prohibitionem,
3069 4189 3163 4242 per
3195 4190 3396 4228 manus
3441 4171 3786 4242 impositionem

2243 4269 2462 4332 dabant,
2509 4267 2680 4338 magis
2723 4267 2882 4322 nobis
2927 4267 3138 4322 videtur
3179 4269 3380 4322 vulnus
3427 4267 3634 4330 inl'errc,
3671 4271 3790 4330 quam

2243 4363 2496 4417 Salutem.
2539 4361 2603 4414 Et
2649 4359 2728 4416 illi
2757 4361 2846 4432 qui
2877 4357 3224 4432 pontilicatus
3271 4361 3484 4430 apicem
3533 4373 3628 4412 non
3663 4353 3790 4409 balte-

2247 4457 2395 4522 bant,
2428 4457 2702 4526 quomodo
2743 4471 2829 4522 ea,
2879 4471 2996 4522 quae
3047 4469 3152 4509 non
3189 4455 3487 4516 habebant,
3517 4453 3638 4508 dare
3675 4453 3792 4520 pote-

537 4551 644 4597 tetn
679 4544 882 4615 tingere
920 4559 1014 4600 aut
1059 4547 1306 4618 signare,
1339 4565 1438 4604 nec
1471 4551 1820 4620 poenitentem
1851 4555 1968 4608 sine
2001 4571 2140 4624 prat-
2165 4545 2220 4608 D
2247 4549 2400 4604 rant?
2433 4549 2686 4618 quoniam
2719 4549 2852 4602 nihil
2881 4549 2972 4602 itt9
3001 4547 3164 4604 dante
3195 4557 3338 4612 erat,
3371 4547 3516 4620 quod
3545 4547 3627 4600 ille
3649 4545 3794 4612 ρίιεεει

535 4637 788 4702 ceptione
829 4639 1070 4710 episcopi
1095 4643 1174 4694 sui
1203 4643 1588 4712 reconciliare;
1617 4661 1714 4700 nec
1739 4663 1806 4700 eo
1833 4659 2131 4717 przesente,

533 4731 634 4784 nisi
669 4729 760 4784 ilio
786 4731 806 4762 ²
829 4733 1086 4802 jubente,
1129 4749 1526 4792 sacramentum
1555 4743 1800 4810 corporis
1839 4753 1890 4798 et
1921 4747 2136 4816 sangui-

537 4823 620 4878 nis
645 4815 846 4880 Chris’ti
881 4827 1180 4890 eonticere,
1220 4843 1318 4882 nec
1345 4845 1410 4884 eo
1439 4845 1620 4894 coram
1653 4835 1828 4902 posito
1873 4815 2130 4910 populum

533 4917 733 4972 docere
763 4925 858 4972 aut
895 4917 1166 4986 salutare,
1213 4935 1312 4974 nec
1359 4921 1568 4990 plebem
1615 4927 1934 4992 exhortari;
1965 4929 1987 4960 ³
2017 4945 2137 5000 quae

531 5011 713 5064 omnia
755 5010 885 5064 solis
932 5011 1277 5080 ptttllzﬁCibtlS
1313 5003 1538 5080 deberi,
1571 5025 1676 5072 tam
1725 5001 1794 5074 cx
1839 5023 2140 5090 superiori-

537 5101 670 5166 bus,
701 5117 860 5173 quam
917 5091 982 5158 ex
1010 5103 1130 5158 aliis
1175 5103 1390 5160 Patrum
1441 5109 1783 5178 constitutis,
1831 5125 1924 5168 aut
1967 5117 2136 5168 sacris

533 5195 864 5258 canouibus,
895 5195 1072 5250 edocti
1105 5197 1254 5250 estis.
1291 5197 1422 5256 Etsi
1453 5213 1674 5258 necesse
1701 5211 1784 5258 est
1811 5205 2134 5274 quibusdam

533 5285 716 5341 minus
745 5287 1076 5352 scientibus,
1109 5287 1292 5344 doceri
1319 5289 1554 5359 pleniter
1577 5303 1634 5348 et
1657 5293 1849 5352 instrui
1878 5307 2134 5368 possunt,

605 5465 982 5540 fllispalensis
1007 5481 1222 5540 utcap.
1253 5469 1306 5526 7.

605 5535 862 5610 fﬁcias:
883 5536 1042 5610 epist.
1065 5539 1120 5602 9.
1137 5535 1258 5610 cip.
1287 5545 1340 5598 Ἰ.

604 5603 797 5674 'Apud
829 5605 886 5662 S.
921 5609 1158 5666 Leonem
1195 5603 1356 5684 epist.
1387 5613 1478 5672 88.

605 5672 856 5744 fllispal.
881 5691 942 5743 It,
977 5679 1030 5734 7.

607 5743 628 5774 '
649 5715 1208 5818 habme.lg7;.Tolet.
1243 5779 1282 5832 t,
1313 5763 1404 5826 28..

2243 4643 2511 4712 accipere.
2545 4641 2652 4698 Aut
2679 4643 2798 4710 quis
2845 4643 3143 4708 hominum,
3171 4641 3301 4698 licet
3323 4651 3380 4697 et
3417 4657 3568 4696 more
3605 4639 3794 4692 humano

2245 4737 2548 4808 loquamur,
2587 4737 2716 4790 dare
2751 4745 2930 4806 potest
2969 4736 3112 4804 quod
3158 4753 3262 4791 non
3301 4737 3504 4794 habet?
3531 4727 3790 4790 Prsesertitn

2241 4847 2362 4886 cum
2395 4829 2672 4908 pontifices
2717 4847 2822 4886 nott
2853 4841 3030 4897 erant,
3077 4847 3137 4888 ea
3173 4849 3294 4902 quze
3333 4835 3473 4888 solis
3501 4827 3792 4906 pontificibus

2243 4923 2530 4990 debentur,
2561 4923 2691 4980 dare
2739 4941 2848 4978 non
2896 4933 3162 4994 pmerant.
3227 4925 3293 4980 Et
3343 4937 3620 4998 propterea
3661 4917 3794 4988 magis

2243 5017 2602 5072 vulnerabant
2647 5018 2841 5086 capita,
2894 5033 3012 5087 qua:
3055 5033 3151 5086 per
3197 5035 3394 5074 manus
3445 5015 3792 5089 impositimtctn

2243 5111 2564 5180 tangebant;
2593 5125 2716 5166 cum
2753 5125 2842 5176 ea,
2891 5127 3012 5182 qua:
3050 5111 3132 5168 eis
3161 5113 3360 5184 collata
3411 5129 3516 5168 non
3547 5119 3702 5172 erant,
3723 5119 3794 5174 per

2239 5203 2474 5273 aliquam
2501 5203 2931 5262 benedictionem
2957 5205 3168 5260 darent.
3197 5205 3258 5260 Et
3293 5205 3444 5274 ideo,
3478 5199 3711 5276 quidquid
3743 5211 3794 5250 cx

2239 5295 2566 5376 supradictis
2615 5295 2930 5352 ministeriis
2967 5297 3370 5370 pontificalibus
3421 5295 3792 5371 prrcsumebanl.

2311 5477 2539 5554 “iniice.
2583 5477 2624 5544 l,
2667 5479 2828 5554 epist.
2867 5481 2934 5550 I,
2977 5497 3096 5554 cap.
3127 5483 3202 5550 ὃς
3249 5483 3444 5542 Actor.
3485 5499 3612 5550 ml;
3651 5481 3792 5536 Cone.

2237 5551 2412 5607 Paris.
2439 5565 2512 5612 vt,
2547 5565 2636 5606 an.
2663 5551 2790 5606 859.

2309 5621 2402 5692 38.
2435 5621 2569 5688 Leo,
2598 5621 2754 5690 epist.
2779 5621 2816 5676 2
2843 5633 2900 5681 et
2927 5627 2980 5690 Ι,
3007 5641 3130 5692 cap.
3149 5625 3206 5682 Ω.

2307 5685 2578 5762 8(.iapitul.
2610 5685 2700 5749 lib.
2737 5711 2830 5760 vn,
2862 5685 2984 5762 cap.
3021 5685 3144 5755 187.

2311 5714 2578 5762 -ωιιιιιιιμ
2610 5714 2700 5749 ιω.
2737 5714 2830 5760 vn,
2862 5714 2922 5754 ca
2969 5739 2984 5754 .
3021 5714 3112 5755 ιδ]

2301 5765 2322 5808 ’-
2343 5761 2558 5836 lnnoc.,
2593 5769 2754 5840 epist.
2779 5769 2874 5840 92,
2905 5714 3027 5847 σει).
3055 5772 3112 5830 5.
