3950 6350
183 281 269 340 457

1418 275 1649 337 OPERA
1687 274 2125 336 APOCRYPHA.

3313 287 3418 346 458

183 395 360 450 irritqu
388 398 510 456 erat,
542 397 594 444 et
625 389 758 444 nihil
803 390 960 445 tactis
992 389 1306 462 proficiebat
1338 407 1350 445 :
1379 390 1474 446 sed
1517 390 1711 461 magis,
1743 392 1791 454 Α
1823 389 1891 444 tri
1921 398 1977 444 et
2006 393 2201 446 summi
2229 393 2458 464 apostoli
2485 393 2728 464 dilectio,
2771 412 2874 470 qua
2905 413 2966 456 se
2995 407 3292 460 amatorem
3324 401 3416 456 Dei

175 491 302 564 juxta
325 485 644 560 praphetam,
703 485 1116 540 maledictionem
1143 501 1238 556 pro
1273 483 1619 540 benedictione
1647 483 1713 554 (si

180 595 324 646 ratum
358 586 434 636 est
457 576 653 639 dicere)
679 577 1051 634 conferebam.
1077 578 1417 648 QuaprOpter
1444 593 1540 649 per
1561 576 1712 632 illam

176 675 379 732 illicitatn
419 671 635 725 manus'
680 669 1102 740 impositionem,
1158 680 1218 725 ut
1264 670 1424 740 paulo
1469 670 1716 740 superius

177 766 546 841 praelibavimus,
576 765 955 821 vulneratum'
987 751 1242 835 caput'illi
1275 765 1363 837 qui
1395 764 1717 822 videbantur

173 860 340 930 aliquid
383 858 668 928 accepisse,
705 856 998 912 habebant.
1032 857 1099 912 Et
1139 858 1459 912 ubi.vulnns
1491 857 1712 912 inlisum

173 965 256 1020 est,
272 965 469 1006 necesse
487 959 568 1008 est
589 950 912 1005 medicinam
935 951 1194 1005 adhibere
1211 952 1343 1021 ,qtta
1369 949 1530 1005 infixa
1553 965 1714 1005 sane-

173 1056 240 1102 tur
262 1044 448 1100 macula
478 1062 489 1097 :
522 1042 572 1098 id
613 1053 718 1111 est,
749 1045 994 1100 reiterari
1029 1060 1310 1100 necessum
1353 1057 1435 1100 est
1463 1045 1607 1117 quod
1637 1045 1716 1100 le-

171 1139 321 1209 gitime
363 1144 526 1190 actum
569 1146 659 1190 aut
700 1136 956 1191 collatum
1007 1136 1230 1192 minime
1271 1140 1622 1208 approbatur,
1669 1137 1714 1192 si

171 1233 420 1304 perfectum
473 1245 591 1285 esse
646 1230 882 1286 debebit.
935 1231 1066 1286 Nam
1126 1231 1398 1302 quomodo
1452 1230 1712 1286 honorem

172 1325 311 1395 possit
336 1323 579 1390 retinere,
612 1323 702 1394 qui
731 1324 802 1380 ab
831 1323 924 1378 illo
953 1325 1244 1394 acceperit,
1275 1322 1364 1394 qui
1392 1332 1712 1394 potestatem

169 1419 272 1474 dare
314 1417 532 1488 legitime
581 1433 686 1471 non
744 1417 950 1485 habuit,
1001 1419 1242 1472 invenire
1283 1434 1389 1470 non
1445 1431 1712 1487 possum:

168 1525 262 1564 cum
288 1508 386 1570 ille,
412 1509 496 1578 qui
521 1508 786 1562 honOrem
819 1507 1178 1578 pontificalem
1212 1523 1320 1562 non
1355 1507 1558 1572 habuit,
1594 1526 1720 1578 pon-

167 1602 346 1658 tiﬁcalia
372 1619 470 1657 non
501 1610 681 1672 potest
708 1604 826 1672 jura
863 1604 1103 1660 tribuere
1133 1622 1145 1657 :
1178 1619 1278 1658 nec
1307 1603 1410 1657 hoc
1435 1605 1534 1656 sibi
1560 1616 1719 1676 pote-‘

167 1707 261 1752 rant
285 1696 747 1762 viudicare,.cujus
777 1711 1006 1768 capaces
1038 1711 1133 1765 per
1156 1695 1258 1750 hoc
1286 1696 1427 1766 quod
1481 1696 1590 1749 illis
1620 1695 1718 1752 ob-

1823 479 2194 541 esse'testatus
2221 496 2326 554 est,
2355 503 2491 562 vana
2523 488 2827 544 inveniatur
2858 491 2909 545 in
2939 491 3094 546 nobis
3125 495 3417 568 :quoniam

1821 579 1999 633 omnis
2027 577 2364 650 negligenter
2394 596 2624 652 pascens
2653 584 2812 639 toties
2839 583 2940 638 sibi
2979 585 3417 640 commendatum

1821 669 2157 726 Doniinicum
2179 688 2419 743 gregem,
2444 675 2784 728 convincitur
2812 691 3081 730 summum
3108 692 3213 731 non
3238 693 3422 734 amare

1821 759 2123 829 Pastorem,
2158 779 2256 818 nec
2286 763 2404 834 ejus
2454 779 2514 821 se
2542 766 2682 820 velle
2727 767 3052 838 discipulum
3085 770 3227 835 fieri,
3268 771 3423 840 cujus

1820 856 2067 926 exempla
2117 857 2340 928 negligit
2386 857 2606 914 imitari.
2640 858 3010 933 Nann’gratia
3057 878 3280 933 prorsus
3309 881 3420 918 ina-

1814 946 1904 1019 jor
1941 949 2262 1017 acquiritur,
2304 950 2348 1003 si
2381 951 2448 1004 de
2478 954 2788 1007 commissis
2824 955 3016 1010 ovibus
3045 954 3256 1010 lucrum
3289 955 3422 1012 olfe-

1820 1049 1904 1095 rat
1931 1041 2156 1094 Domino
2188 1042 2498 1098 sollicitudo
2541 1046 2793 1116 pastoris.
2829 1045 2959 1103 Nam
2999 1058 3053 1101 et
3082 1040 3296 1102 beatum
3330 1046 3423 1103 Ja-

1820 1134 1922 1188 cob
1942 1131 1986 1200 ⁸,
2019 1136 2105 1204 qui
2143 1151 2238 1204 pro
2269 1138 2528 1192 uxoribus
2555 1137 2644 1192 diu
2676 1139 2966 1204 servierat,
2996 1139 3198 1196 dixisse
3231 1139 3422 1195 memi-

1820 1225 1999 1279 nimus
2036 1243 2049 1280 :
2089 1225 2284 1298 Viginti
2331 1230 2482 1286 annis
2518 1229 2597 1299 [ui
2629 1240 2833 1284 tecum:
2867 1247 2982 1285 oves
3013 1240 3116 1286 tuae
3157 1241 3203 1285 et
3243 1248 3422 1301 capra:

1819 1319 2020 1372 steriles
2060 1336 2160 1373 non
2199 1324 2410 1390 [uerunt
2443 1337 2462 1376 :
2491 1325 2680 1377 arietes
2724 1325 2892 1398 gregis
2936 1325 3014 1377 tui
3060 1341 3162 1377 non
3203 1325 3422 1392 comedi,

1821 1429 1913 1466 nec
1942 1426 2145 1486 captant
2184 1433 2214 1467 a
2243 1415 2403 1470 bestia
2451 1415 2651 1470 ostendi
2695 1417 2805 1470 tibi.
2843 1415 2954 1491 Ego
2983 1418 3228 1472 damnum
3277 1434 3427 1473 omne

1821 1506 2098 1559 reddebam
2126 1523 2144 1562 :
2174 1518 2225 1563 et
2250 1509 2502 1582 quidquid
2533 1512 2671 1578 furto
2698 1509 2942 1580 perierat,
2970 1529 3000 1564 a
3041 1527 3120 1565 me
3143 1511 3378 1582 exigebat:
3403 1527 3421 1564 :

1823 1598 1906 1653 die
1945 1614 2188 1674 nocteque
2213 1612 2341 1658 testu
2377 1603 2562 1657 urebar
2587 1615 2632 1658 et
2657 1605 2776 1678 gelu
2802 1622 2814 1659 :
2847 1605 3074 1677 fugiebat
3121 1622 3330 1660 somnus
3359 1605 3420 1659 ab

1823 1695 1987 1747 oculis
2017 1694 2161 1748 meis.
2195 1696 2253 1752 Si
2286 1713 2415 1768 ergo
2465 1699 2545 1752 sic
2603 1698 2813 1753 laborat
2843 1709 2895 1752 et
2926 1699 3111 1770 vigilat
3130 1701 3218 1770 qui
3254 1701 3427 1769 pascit

166 1788 356 1852 slitcrat,
387 1803 486 1842 non
527 1786 769 1844 fuerunt.
806 1789 973 1858 llujus
1018 1803 1148 1858 ergo
1186 1787 1542 1842 discussionis
1571 1787 1592 1818 ³
1620 1803 1716 1843 cu-
1747 1798 1794 1858 Β
1825 1802 1954 1842 oves
2008 1787 2213 1856 Laban,
2253 1801 2457 1859 quanto
2487 1791 2695 1856 labore,
2739 1793 3061 1864 quantisque
3106 1792 3304 1864 vigiliis
3330 1793 3426 1848 dc-

167 1897 255 1936 raui
277 1881 412 1935 nobis
440 1881 753 1950 specialiter
782 1881 1139 1948 vindicantes,
1177 1881 1247 1935 ita
1279 1881 1708 1936 misericordiam

168 1975 436 2044 irrogamus,
471 1983 527 2028 ut
557 1975 602 2029 si
628 1991 730 2047 qua
766 1974 992 2029 forsitan
1025 1975 1094 2030 de
1121 1976 1202 2028 his
1234 1975 1523 2028 commissa
1562 1985 1708 2042 sunt,

169 2071 472 2140 corrigantur,
503 2085 576 2125 ne
603 2070 731 2125 talia
763 2070 925 2126 liceat
953 2071 1088 2125 ultra
1117 2068 1400 2134 committi,
1431 2078 1484 2144 et
1518 2085 1583 2124 ne
1608 2085 1710 2140 qua

169 2164 390 2218 excusatio
436 2163 502 2218 de
554 2165 900 2236 ignoratione
948 2172 1241 2219 nascatur:
1278 2165 1401 2234 quia
1453 2173 1510 2216 ut
1560 2162 1713 2218 nobis

165 2254 519 2322 gratulationem
570 2254 696 2310 facit
737 2255 1106 2311 Ecclesiarum
1133 2265 1326 2324 status,
1361 2256 1562 2311 salubri
1603 2255 1712 2310 dis-

165 2347 381 2416 positione
407 2349 708 2420 ,attributus
743 2351 824 2404 vel
856 2349 1186 2416 adornatus;
1237 2350 1309 2403 ita
1341 2365 1448 2403 non
1480 2349 1580 2404 levi
1615 2363 1713 2403 nos

163 2455 357 2497 nrterore
404 2443 714 2510 contristat,
746 2443 958 2514 quoties
1004 2445 1180 2513 aliqua
1227 2452 1416 2498 contra
1467 2428 1726 2498 instituta'

162 2548 385 2590 canonum
415 2537 497 2590 vel
544 2536 979 2591 ecclesiasticam
1008 2536 1350 2607 disciplinam
1386 2547 1714 2606 pragsumpta

162 2638 231 2680 aut
259 2631 520 2683 commissa
576 2631 977 2700 cognoscimus.
1022 2630 1152 2700 Quae
1199 2631 1242 2685 si
1282 2615 1388 2685 non
1418 2646 1521 2701 qua
1551 2629 1714 2687 debe-

162 2733 253 2773 mus
278 2721 535 2792 vigilantia
571 2737 905 2789 resecemus,
948 2723 1046 2788 illi,
1090 2724 1177 2789 qui
1213 2739 1310 2777 nos
1340 2725 1713 2796 speculatores

162 2825 254 2866 esse
276 2813 448 2879 voluit,
479 2831 584 2870 nos
613 2830 876 2870 excusare
907 2829 1010 2870 non
1043 2831 1363 2884 possumus;
1393 2817 1436 2870 si
1464 2815 1580 2887 ejus
1612 2816 1712 2871 Ec-

163 2905 361 2970 clesium,
409 2925 524 2978 ιιιιίιι
580 2909 738 2963 nobis
786 2910 1112 2978 generaliter
1158 2911 1449 2964 commissa
1485 2921 1606 2974 est,
1661 2911 1712 2962 in

161 3010 372 3066 quantum
402 3002 786 3070 przevalemus,
835 3018 1019 3072 puram
1069 3017 1096 3054 a
1129 3010 1238 3055 tam
1275 3003 1477 3056 illicitis
1525 3017 1716 3072 snper-

161 3093 424 3150 stitionibus
459 3114 566 3152 non
618 3096 992 3151 custodiamus
1017 3114 1029 3149 :
1051 3096 1175 3166 quia
1205 3112 1311 3150 non
1335 3096 1356 3128 ⁸
1384 3095 1541 3150 aliter
1578 3111 1714 3150 unus

1815 1878 1903 1934 bet
1934 1880 2235 1948 intendere,
2261 1881 2353 1952 qui
2392 1884 2565 1953 pascit
2594 1898 2722 1938 oves
2755 1884 2870 1938 Dei.
2920 1885 3024 1938 Sed
3057 1886 3110 1938 in
3139 1884 3224 1939 his
3252 1885 3424 1939 omni-

1817 1972 1918 2028 bus
1950 1975 2063 2044 ipse
2090 1991 2189 2030 nos
2216 1975 2468 2042 instruat,
2501 1978 2587 2047 qui
2623 1993 2720 2047 pro
2759 1978 2870 2032 suis
2903 1977 3053 2034 dedit
3078 1979 3269 2034 ovibus
3300 1977 3420 2032 ani-

1818 2083 1996 2132 mam;
2028 2077 2083 2123 et
2110 2069 2329 2138 adjuvet
2361 2085 2480 2135 nos,
2517 2080 2573 2124 ut
2619 2071 2687 2125 de
2719 2070 2802 2124 his
2831 2073 2920 2141 qui
2953 2073 3110 2126 nobis
3140 2074 3416 2127 commissi

1817 2172 1944 2218 sunt
1993 2167 2036 2229 θ,
2089 2163 2318 2219 fructum
2369 2165 2722 2235 n'iultiplicem
2775 2181 2836 2220 ac
2878 2181 3189 2222 mensuram
3235 2181 3426 2238 super-

1819 2255 2078 2315 ﬂuentem
2115 2259 2180 2314 ad
2208 2241 2410 2315 aeterna
2437 2260 2633 2329 gaudia
2657 2270 2938 2330 reportare
2963 2261 3248 2318 concedat.
3281 2262 3424 2318 Tan-

1819 2362 2012 2423 tusque
2033 2368 2129 2408 vos
2150 2353 2290 2410 beati
2320 2355 2361 2386 ²⁰
2384 2354 2530 2409 Petri
2558 2356 2939 2425 Apostolorum
2985 2356 3246 2426 principis
3267 2371 3422 2412 amor

1818 2444 2093 2509 incendat,
2127 2454 2184 2500 ut
2208 2447 2259 2500 in
2283 2447 2410 2502 ovili
2441 2446 2633 2516 ipsius,
2666 2448 2751 2502 cui
2777 2462 2968 2504 omnes
2996 2459 3262 2503 creatura:
3287 2458 3414 2504 sunt

1820 2539 2050 2606 traditae,
2079 2555 2268 2595 omnes
2300 2541 2478 2598 taliter
2506 2553 2754 2598 errantes
2781 2553 2833 2599 et
2869 2543 3052 2600 illicita
3085 2554 3244 2616 atque
3285 2560 3411 2616 pro-

1820 2633 1985 2689 hibita
2033 2646 2447 2705 praesumentes,
2495 2640 2700 2694 sanctis
2727 2639 2924 2694 vestris
2971 2639 3163 2694 studiis
3206 2655 3421 2694 summo

1819 2726 2192 2797 redintegrare
2217 2742 2338 2782 cum
2383 2728 2656 2784 desiderio
2685 2730 2950 2788 festinetis
2984 2749 2995 2784 :
3026 2731 3260 2803 qualiter
3305 2731 3422 2786 ani—

1821 2835 1922 2873 mm
1951 2821 2189 2890 pretioso
2219 2821 2416 2876 Christi
2445 2824 2706 2893 sanguine
2738 2823 3055 2894 redemptae,
3088 2838 3276 2878 eorum
3308 2839 3416 2882 non

1821 2921 2048 2980 pereant
2086 2913 2427 2983 deceptione.
2459 2914 2648 2968 Restat
2693 2916 2880 2979 etiam,
2911 2916 3053 2985 quod
3088 2932 3183 2985 per
3222 2917 3418 2972 ostium

1821 3003 1875 3057 hi
1903 3020 2240 3075 nequaquam
2285 3007 2675 3084 subintrarnnt,
2725 3007 2850 3077 quia
2887 3023 2991 3061 non
3030 3007 3300 3064 habebant
3331 3023 3421 3062 os-
3509 3053 3516 3060 .

1822 3103 1951 3156 lium
1992 3117 2087 3173 per
2118 3102 2260 3171 quod
2307 3103 2912 3172 ingrederentur:-quia
2954 3101 3036 3175 (ut
3064 3101 3269 3156 dictum
3311 3101 3418 3173 εει)

160 3201 262 3256 grex
307 3199 354 3244 et
403 3206 538 3248 unus
590 3199 778 3266 pastor
822 3205 1031 3258 smnus,
1086 3190 1211 3256 nisi,
1259 3191 1711 3260 quemadmodum
1743 3193 1786 3256 C,
1821 3195 1864 3247 si
1913 3209 2011 3249 nec
2051 3193 2290 3264 episc0pi
2345 3203 2487 3256 sunt,
2531 3203 2585 3250 et
2624 3197 2906 3266 plusquam
2951 3196 3252 3266 presbyteri
3298 3209 3420 3249 esse

161 3277 407 3349 Apostolus
435 3283 619 3346 docet,
645 3281 886 3354 Idipsum
910 3281 1144 3336 dicamus
1172 3298 1346 3336 omnes
1374 3298 1392 3335 :
1417 3281 1594 3336 Simus
1621 3299 1715 3333 au-

162 3382 237 3424 tem
254 3376 447 3445 perfecti
472 3378 524 3429 in
554 3363 744 3428 eodem
759 3391 910 3428 sensu
937 3383 983 3427 et
1010 3375 1064 3428 in
1103 3374 1284 3428 eadem
1305 3375 1578 3446 sapientia.
1604 3373 1716 3428 Nec

163 3463 287 3519 aliter
320 3469 424 3521 veri
466 3467 726 3537 discipuli
763 3465 974 3521 Domini
1019 3467 1245 3532 erimus,
1293 3467 1395 3521 nisi
1434 3467 1668 3522 radicem
1695 3468 1715 3497 ⁵

161 3558 488 3614 amaritudinis
518 3575 741 3615 sursum
771 3559 1167 3630 germinantem
1193 3559 1354 3628 (sicut
1387 3561 1509 3626 hoc,
1543 3569 1599 3615 ut
1629 3575 1714 3613 as-

163 3651 324 3718 seritis,
349 3656 501 3708 modo
525 3653 704 3723 facit),
737 3671 803 3708 ne
829 3669 1028 3709 nocere
1059 3655 1258 3718 valeat,
1288 3663 1377 3707 aut
1407 3654 1717 3724 episcopale

163 3746 472 3802 ministerium
496 3749 766 3803 vilescere
795 3747 949 3801 faciat
974 3763 1066 3816 per
1089 3763 1276 3802 eorum
1307 3746 1713 3818 negligentiam,

164 3834 203 3888 id
223 3849 289 3892 est
309 3841 536 3896 omnium
570 3841 942 3905 sacerdotum,
967 3843 1056 3912 qui
1088 3839 1322 3895 evellere
1336 3840 1494 3903 mala,
1521 3847 1571 3894 et
1603 3855 1717 3895 me-

164 3927 268 3985 liora
295 3934 526 4002 plantare
555 3947 687 3991 sunt
714 3939 870 3991 abeo
901 3935 1193 4006 pra-positi,
1228 3936 1596 4004 unusquiSque
1621 3949 1718 4003 pro

164 4022 328 4080 viribus
343 4029 647 4098 esStirpare
677 4028 926 4083 festinet:
950 4039 1002 4083 et
1025 4028 1139 4098 ipse
1161 4029 1250 4097 qui
1277 4043 1376 4098 pro
1397 4027 1509 4083 suis
1529 4027 1719 4081 ovibus

164 4125 228 4169 est
251 4127 436 4175 fclerno
457 4122 630 4192 judici
673 4122 938 4176 rationem
969 4119 1300 4187 redditurus,
1335 4135 1428 4174 eas
1451 4119 1640 4174 fovere
1664 4128 1720 4174 et

165 4209 356 4268 educare
384 4213 654 4270 decertet.
699 4213 754 4269 Si
795 4214 1004 4268 Domini
1035 4212 1414 4270 desideramus
1459 4227 1582 4268 esse
1633 4211 1718 4266 di-

165 4303 342 4372 scipuli,
373 4309 540 4376 ipsius
571 4309 845 4362 imitemur
864 4306 1268 4378 vestigia,ntde
1294 4306 1448 4361 nobis
1476 4306 1715 4360 dicatur:

166 4390 254 4464 Ego
279 4415 379 4452 sum
403 4398 596 4456 Pastor
623 4400 807 4466 bonus,
835 4409 885 4454 et
921 4416 1170 4470 cognosco
1197 4415 1312 4454 oves
1341 4415 1502 4465 meas,
1532 4408 1578 4452 et
1599 4413 1720 4452 voco

164 4502 230 4540 ea:
249 4493 556 4561 nominatim,
589 4504 637 4547 et
668 4502 988 4564 cognoscunt
1017 4509 1095 4546 me
1123 4509 1282 4558 mete;
1307 4501 1362 4546 et
1394 4492 1619 4561 reliqua.
1655 4490 1722 4546 Et

1820 3290 2098 3343 ambiunt:
2129 3305 2223 3358 per
2249 3288 2391 3359 quod
2421 3290 2616 3343 ostium
2646 3289 2947 3356 intrabunt,
2979 3303 3102 3343 cum
3129 3288 3180 3342 hi
3210 3298 3416 3343 tantum

1819 3379 1926 3435 duo
1963 3380 2184 3458 ordines
2232 3383 2282 3435 in
2331 3381 2573 3437 Ecclesia
2606 3381 2876 3453 leguntur,
2931 3397 3032 3436 nec
3079 3381 3308 3452 amplius
3353 3380 3416 3436 ad

1822 3476 2098 3545 pastorale
2129 3473 2368 3528 officium
2420 3474 2636 3543 aliquod
2684 3483 2830 3545 patet
2880 3473 3104 3540 ostium,
3139 3488 3236 3546 per
3275 3471 3418 3543 quod

1821 3578 2006 3640 pastor
2030 3569 2234 3625 intret?
2260 3569 2477 3634 Audite,
2507 3569 2722 3634 fratres,
2756 3583 2864 3622 non
2889 3583 2994 3634 me,
3025 3565 3120 3622 sed
3147 3567 3316 3638 ipSam
3341 3565 3422 3622 di-

1821 3673 2033 3719 centem
2066 3663 2364 3718 Veritatem
2393 3681 2403 3716 :
2429 3663 2526 3730 Qui
2570 3679 2672 3716 non
2697 3664 2851 3716 intrat
2873 3678 2964 3736 per
2995 3663 3179 3716 ostium
3206 3663 3259 3728 in
3294 3662 3425 3718 ovile

1822 3758 2012 3822 ovium,
2068 3756 2156 3811 sed
2207 3758 2438 3812 ascendit
2487 3757 2716 3822 aliunde,
2769 3756 2853 3809 hic
2897 3755 2982 3825 [ur
3034 3765 3108 3810 est
3152 3764 3198 3808 et
3255 3755 3420 3820 latro,

1823 3857 1878 3904 et
1937 3848 2163 3918 reliqua.
2225 3849 2360 3904 Cum
2411 3849 2574 3904 etiam
2644 3848 2894 3920 egregius
2960 3847 3282 3920 prcedicator
3341 3847 3422 3902 di-

1823 3953 1946 3998 cat:
1975 3941 2390 4000 Fundamentum
2439 3943 2587 3997 aliud
2633 3961 2778 3998 nemo
2824 3953 2988 4016 potest
3033 3959 3244 4012 ponere,
3291 3957 3424 4012 prte-

1826 4048 1900 4092 ter
1941 4037 1996 4090 id
2041 4037 2180 4106 quod
2227 4037 2450 4106 positum
2503 4049 2576 4092 est
2618 4053 2784 4092 :cutn
2835 4037 3091 4108 praedicta
3147 4036 3256 4091 duo
3300 4031 3424 4089 fun-

1824 4117 2076 4184 damenta
2130 4128 2182 4182 in
2241 4128 2485 4184 Ecclesia
2538 4137 2738 4182 tantum
2807 4128 3170 4182 inveniantur-
3207 4121 3420 4199 posita,

1825 4220 2083 4293 quidquid
2131 4223 2360 4288 amplius
2404 4223 2638 4293 positum
2668 4223 2721 4276 in
2753 4221 2834 4275 bis
2885 4221 3226 4286 inveniatur,
3278 4231 3424 4276 Stare

1821 4317 2134 4371 nullatenus
2158 4317 2378 4387 poterit.
2417 4319 2480 4371 Et
2525 4317 2672 4380 ideo,
2715 4331 2835 4369 cum
2868 4313 3119 4368 omnibus
3160 4311 3274 4368 suis
3304 4311 3426 4368 futt-

1825 4408 2094 4463 damentis
2113 4451 2128 4475 ,
2161 4416 2216 4464 et
2245 4410 2549 4464 actionibus
2569 4452 2582 4475 ,
2607 4417 2764 4478 atque
2786 4405 3059 4462 radicibus
3087 4414 3142 4462 ut
3161 4406 3426 4461 evellatur

1829 4517 2054 4558 necesse
2085 4511 2168 4556 cst
2192 4543 2206 4568 ,
2239 4503 2307 4556 ita
2341 4513 2396 4556 ut
2425 4503 2658 4572 amplius
2687 4499 2953 4571 pullulare
2993 4514 3096 4555 nec
3120 4500 3427 4571 germinare

165 4578 324 4639 ίίετυπι
352 4587 643 4644 ῐηοηεηιθ⁶
670 4587 964 4642 Domni“?
996 4587 1140 4641 V0055
1174 4584 1420 4655 ίηιΡθνίυν
1454 4601 1562 4656 (ιυο
1592 4583 1717 4639 bca'
1747 4580 1797 4640 Ῐ)
1833 4598 2026 4653 valeat.
2056 4597 2167 4651 Non
2192 4613 2322 4669 ergo
2339 4606 2583 4668 generet,
2627 4607 2681 4652 et
2703 4612 2805 4651 non
2834 4597 2992 4651 faciat
3012 4595 3188 4662 vobis,
3209 4596 3425 4664 fratres,

165 4673 364 4736 tissimus
391 4682 674 4750 apostolus
698 4681 890 4737 Petrus
939 4682 1079 4736 trina
1111 4679 1433 4752 repetiiione
1476 4680 1720 4750 mystica:

165 4771 569 4829 sanctificationis
601 4775 881 4842 imbuitur,
927 4776 971 4828 is
998 4774 1198 4828 Christi
1230 4789 1382 4839 oves,
1416 4774 1505 4844 qui
1535 4771 1720 4828 Chris-

165 4864 252 4912 tum
289 4876 446 4930 amat,
484 4863 778 4938 diligenter
825 4878 880 4922 et
917 4883 1040 4920 cum
1086 4881 1274 4936 magna
1315 4881 1443 4920 cura
1491 4873 1718 4941 pascat:

164 4959 377 5020 Quoniam
408 4961 582 5030 ipsius
611 4971 812 5018 sancire
856 4962 1022 5029 sedis,
1067 4964 1152 5017 cui
1197 4979 1292 5033 per
1337 4963 1720 5017 abundantiam

164 5043 331 5105 divinae
355 5055 538 5123 gratiis
563 5067 884 5125 praesumus,
915 5070 1100 5109 amore
1127 5067 1181 5109 et
1208 5055 1514 5110 reverentia
1539 5069 1725 5109 coarc-

167 5146 347 5208 taniur;
379 5157 434 5200 ut
459 5157 625 5202 tanta:
651 5149 1070 5219 superstitionis,
1102 5165 1220 5219 qua).
1248 5149 1450 5202 nullius
1478 5148 1558 5218 (ut
1579 5162 1725 5216 saepe

165 5228 333 5289 dictum
353 5238 454 5310 est)
469 5238 693 5295 fulcitur
721 5241 1066 5307 auctoritate,
1103 5241 1428 5312 periculum,
1463 5251 1724 5310 quantum

167 5335 438 5400 possumus,
469 5333 845 5401 declinemus;
879 5351 945 5398 ne
975 5335 1116 5390 beati
1152 5335 1391 5406 magistri
1423 5335 1594 5392 nostri
1626 5335 1726 5391 Pe-

228 5451 340 5516 ‘25,
367 5470 399 5520 t,
433 5472 527 5526 qu.
555 5457 586 5511 7
611 5473 626 5523 ;
653 5469 708 5513 et
732 5459 786 5521 5,
819 5474 891 5522 ix,
915 5474 1006 5529 qu.
1046 5460 1100 5528 l,
1132 5458 1235 5514 Per
1258 5459 1492 5514 illicitum
1519 5475 1723 5515 manus.

227 5522 244 5550 ’
277 5523 409 5578 [dem
432 5526 710 5578 lnnocent-
747 5531 866 5578 loco
889 5532 981 5578 eit.

230 5526 244 5550 '
277 5526 409 5579 [dem
432 5526 710 5585 lnnocent.
745 5531 866 5585 loco
889 5526 981 5584 cit.

349 5595 472 5670 lico,
502 5603 659 5668 epist.
694 5602 748 5668 1,
775 5617 898 5670 cap.
929 5601 983 5655 2.

347 5662 472 5735 Leo,
505 5662 662 5740 epist.
690 5662 747 5740 4,
779 5662 901 5743 cap.
929 5673 984 5727 2.

232 5733 960 5836 :glutinosis-pa,lconsult.
991 5747 1046 5811 1,
1075 5759 1231 5802 conc.
1257 5744 1437 5802 Later.

270 5808 320 5864 S.
349 5810 474 5883 Leo,
505 5808 661 5886 epist.
686 5808 748 5876 ’4.

1833 4693 1991 4746 toties
2019 4695 2243 4762 repetita
2275 4690 2476 4746 locutio
2509 4689 2811 4746 fastidium:
2847 4690 2969 4760 quia
3001 4705 3210 4745 summa
3241 4703 3430 4752 neces-

1831 4783 1961 4838 sitas
1993 4794 2074 4838 est
2129 4784 2324 4852 saepius
2358 4784 2652 4852 prohiberi,
2698 4781 2840 4853 quod
2889 4784 3072 4849 toties,
3123 4791 3240 4837 uta
3272 4782 3427 4836 vobis

1831 4878 2205 4948 cognovimus,
2238 4877 2422 4933 illicite
2446 4889 2732 4950 usurpatur
2759 4897 2770 4932 :
2800 4889 2852 4934 et
2883 4878 3135 4950 quoniam
3163 4877 3360 4930 veritas
3385 4876 3424 4906 “

1829 4973 2024 5043 saepius
2055 4975 2358 5043 exagitata,
2409 4976 2576 5044 magis
2624 4972 2954 5044 splendescit
3002 4974 3052 5028 in
3102 4973 3321 5028 lucem:
3374 4978 3430 5024 et

1829 5065 1971 5135 quod
2007 5065 2174 5120 toties
2196 5067 2489 5136 repetendo
2511 5061 2836 5122 admonetur
2856 5108 2870 5131 ,
2907 5051 3084 5120 minus
3111 5071 3422 5133 usurpatur.

1829 5155 2005 5224 Super
2033 5158 2113 5210 his
2141 5158 2283 5212 enim
2313 5161 2478 5214 multa
2517 5159 2627 5229 jam
2666 5159 2730 5230 ab
2755 5157 3191 5213 antecessmibus
3228 5154 3431 5209 nostris

1829 5246 1969 5302 dicta
2015 5256 2180 5302 sunt:
2213 5264 2240 5300 a
2271 5248 2467 5319 quibus
2510 5251 2647 5321 ipsi,
2694 5252 2832 5306 sicut
2871 5263 3016 5304 nunc
3059 5262 3088 5304 a
3121 5246 3308 5316 nobis,
3355 5246 3428 5300 ita

1829 5341 1958 5396 olim
1986 5341 2053 5394 ab
2079 5343 2158 5397 eis
2181 5341 2417 5398 damnati
2443 5353 2500 5400 et
2520 5344 2775 5415 prohibiti
2799 5351 2948 5402 sunt.
2970 5341 3099 5402 Ideo
3122 5341 3317 5412 stepius
3343 5353 3433 5394 re-

1904 5462 2016 5536 TS.
2037 5463 2224 5534 Greg..
2249 5465 2410 5536 epist.
2440 5465 2532 5530 45,
2563 5466 2654 5522 lib.
2679 5483 2795 5536 vui.

1904 5535 1926 5566 ⁸
1964 5533 2336 5606 ldem,epist.
2363 5539 2452 5606 48,
2495 5538 2590 5593 lib.
2620 5555 2716 5594 vn.

1904 5608 1923 5678 Ψ
1962 5607 2106 5678 Idem
2135 5605 2386 5678 Gregor.,
2413 5609 2630 5665 ibidem.

1906 5677 1949 5750 l0
1988 5676 2153 5750 Idem,
2183 5676 2340 5750 epist.
2371 5677 2440 5735 97
2467 5681 2710 5750 ejusdem
2741 5683 2836 5740 lib.
2869 5699 2964 5742 vn.

1909 5749 1947 5780 ¹¹
1991 5749 2239 5808 Zozimus
2261 5793 2276 5817 ,
2305 5752 2464 5834 epis't.
2499 5749 2550 5820 l,
2577 5767 2696 5826 cap.
2729 5753 2784 5810 2.
