3950 6350
501 324 608 382 439

1390 316 1640 374 SANCTI
1679 315 1938 374 DAMAS!
1975 315 2180 372 PAPAS
2211 314 2442 372 OPERA
2484 311 2919 372 APOCRYPHA.
3371 302 3388 314 ’
3649 322 3731 379 UO

506 449 773 515 petentes,
798 451 988 493 omnes
1015 448 1320 499 monemus,
1349 441 1408 488 ut
1438 433 1612 488 vitent
1635 430 1968 503 huiusmodi,
1995 440 2050 487 et
2071 445 2100 487 a
2127 431 2184 493 Α
2206 441 2472 503 quatenus
2498 431 2570 487 ita
2611 445 2735 486 cum
2773 429 3088 502 Operatione
3115 440 3431 503 ccuperante
3457 415 3736 497 inveniamus
3799 466 3804 470 τ

509 534 705 591 talibus
731 548 791 589 se
835 531 1162 596 abstineant,
1207 528 1295 600 qui
1342 527 1620 583 noluerint
1663 542 1769 582 una
1791 542 1913 582 cum
1954 526 2034 582 eis
2077 541 2108 580 a
2207 535 2264 582 ct
2291 523 2661 581 confessorem
2708 526 2904 592 Deum,
2947 524 3040 597 qui
3071 523 3200 580 dicit
3232 544 3243 579 :
3281 524 3375 581 Ubi
3415 526 3511 582 duo
3545 539 3646 583 sunt
3679 535 3741 589 rel

507 624 842 685 Sacerdotali
875 621 1204 681 ministerio.
1230 630 1288 676 ut
1311 619 1574 687 rebelles,
1608 619 1721 676 fieri
1750 619 1931 676 alieni.
1953 619 2108 688 Quod

507 723 580 776 ita
605 721 820 775 demum
852 717 1083 786 probare
1131 717 1453 786 poterimus,
1480 715 1526 769 si
1559 715 1693 770 tales
1724 714 2022 784 extirpare,
2053 723 2112 769 et

507 828 616 869 non
647 812 726 868 eis
777 811 958 865 favere
985 809 1399 864 decertaveritis
1425 823 1438 863 :
1478 817 1533 869 et
1563 807 1636 863 ita
1683 808 1735 863 in
1767 807 2108 880 postmodum

505 906 575 962 de
605 905 695 959 tali
723 919 782 960 re
807 902 1027 975 querela
1057 901 1322 968 cessabit,
1350 901 1473 972 quia
1500 902 1516 932 ί
1549 901 1891 980 contumeliae
1933 899 2112 956 studio

508 1001 600 1069 fit,
629 999 890 1072 quidquid
940 999 1287 1054 interdictum
1331 998 1492 1052 toties
1529 1007 1839 1066 usurpatur.
1869 997 2059 1052 Omnia
2089 998 2111 1028 ³

507 1095 624 1151 haec
645 1094 934 1149 decretalia
952 1135 968 1160 ,
998 1103 1052 1148 et
1073 1105 1390 1148 cunctorum
1413 1091 1874 1161 praedecessorum
1899 1101 2115 1147 nostro-

507 1204 628 1245 rum
676 1187 999 1250 constituta,
1047 1201 1168 1256 qua:
1195 1184 1263 1240 de
1306 1183 1691 1240 ecclesiasticis
1732 1183 2013 1239 ordinibus
2060 1192 2114 1240 et

509 1298 777 1337 canonum
810 1280 1142 1351 promulgata
1188 1289 1314 1335 sunt
1341 1278 1674 1348 disciplinis,
1710 1278 1780 1332 ita
1809 1292 1839 1331 a
1871 1278 2022 1332 vobis
2061 1287 2116 1333 et

508 1379 762 1434 omnibus
789 1373 1091 1446 episcopis,
1141 1389 1203 1430 ac
1227 1373 1435 1430 cunctis
1461 1373 1784 1444 generaliter
1815 1371 2111 1428 sacerdoti-

511 1473 611 1528 bus
645 1471 904 1526 cnstoniri
944 1469 1145 1524 debere
1187 1468 1544 1533 mandamus,
1591 1478 1649 1522 ut
1692 1468 1735 1522 si
1765 1467 1884 1536 quis
1926 1468 1978 1521 in
2024 1467 2111 1521 illa

509 1563 873 1630 commiserit,
902 1565 1114 1618 veniam
1144 1562 1245 1617 sibi
1275 1559 1530 1632 deinceps
1567 1559 1778 1615 noverit
1807 1559 2063 1630 denegari
2097 1576 2109 1613 :

509 1658 766 1729 quoiiiam
812 1663 1124 1711 occurreret
1171 1654 1400 1718 veritas,
1436 1653 1481 1706 si
1523 1651 1732 1706 falsitas
1777 1651 2114 1722 displiceret.

511 1750 581 1806 Et
611 1750 805 1806 merito
833 1763 953 1816 nos,
983 1748 1072 1818 qui
1106 1761 1313 1802 summa
1345 1745 1602 1801 Ecclesiae
1626 1754 1812 1800 tenere
1853 1743 2114 1800 debemus

2210 630 2312 676 tres
2341 621 2636 694 coagregati
2665 621 2720 674 in
2747 619 2954 674 nomine
2988 635 3131 688 meo,
3161 618 3231 673 ibi
3258 635 3366 674 sum
3406 621 3454 674 in
3493 625 3639 678 medio
3671 642 3739 681 eo-

2209 731 2351 768 rum.
2373 713 2504 768 Nam
2527 723 2582 770 et
2604 714 2862 769 Dominus
2892 722 3076 768 noster
3095 712 3251 769 Jcsus
3270 711 3506 769 Christus
3531 715 3688 773 ludam
3709 720 3741 751 ⁸ο

2211 807 2385 864 furem
2409 823 2531 863 esse
2555 807 2761 864 sciebat
2786 824 2799 861 :
2831 806 2928 863 sed
2958 807 3215 877 quoniam
3258 823 3359 863 non
3385 817 3460 862 cst
3484 813 3745 879 praesentia-

2211 902 2335 958 liter
2362 910 2666 964 accuSatus.
2717 902 2840 958 ideo
2885 917 2990 958 non
3031 913 3114 958 est
3145 902 3368 973 ejectus.
3414 901 3516 959 Nec
3549 921 3631 960 vos
3661 907 3748 965 ullo

2215 993 2376 1050 modo
2406 1008 2565 1066 agere
2604 1002 2842 1063 oportet,
2888 993 3031 1064 quod
3073 993 3164 1050 ille
3204 993 3374 1048 noluit
3409 993 3586 1050 facere.
3615 995 3748 1068 Leges

2213 1089 2356 1143 enim
2390 1087 2572 1142 saeculi
2603 1099 2945 1142 accusatores
2989 1096 3285 1157 praesentes
3314 1089 3555 1159 exigunt,
3591 1100 3638 1146 et
3668 1107 3751 1149 non

2213 1196 2313 1253 per
2352 1181 2550 1252 scripta
2593 1181 2865 1237 absentes.
2902 1180 3054 1248 Unde
3086 1182 3342 1237 canonica
3375 1190 3566 1252 patrum
3591 1185 3752 1239 consti-

2217 1284 2329 1330 tuta
2356 1277 2395 1306 “
2427 1291 2534 1330 non
2567 1275 2754 1340 semel,
2790 1275 2885 1330 scd
2912 1275 3212 1344 saepissime
3241 1275 3493 1343 clamant,
3521 1291 3611 1332 nec
3631 1292 3755 1332 aecus

2216 1371 2455 1427 sationes
2483 1387 2583 1428 nec
2611 1371 2921 1427 testimonia
2952 1371 3116 1426 ullum
3145 1387 3242 1443 per
3271 1371 3465 1441 scripta
3491 1386 3630 1440 posse
3663 1387 3757 1442 pro-

2218 1463 2398 1521 ferre:
2429 1480 2530 1521 uec
2564 1464 2633 1521 de
2673 1465 2794 1522 aliis
2835 1467 3064 1536 negotiis
3095 1466 3422 1535 quicumque
3448 1465 3756 1523 testimonium

2217 1556 2429 1622 dicant,
2474 1557 2573 1612 nisi
2604 1557 2673 1612 de
2715 1556 2798 1612 bis
2847 1573 2967 1628 qua:
3001 1557 3101 1613 sub
3146 1558 3430 1628 praisentia
3469 1573 3636 1613 eorum
3669 1569 3758 1614 acta

2218 1666 2340 1707 esse
2363 1660 2679 1707 noscuntur.
2700 1649 2964 1707 Similiter
2986 1659 3041 1706 et
3061 1653 3151 1723 qui
3179 1652 3348 1707 alium
3370 1653 3654 1708 accusare“
3677 1655 3760 1710 ele-

2217 1745 2384 1815 gerit,
2412 1760 2654 1814 prtnsens
2684 1746 2757 1813 ’³,
2787 1760 2884 1817 per
2913 1760 3002 1812 se,
3032 1753 3082 1799 ct
3119 1760 3225 1800 non
3259 1761 3354 1814 per
3380 1745 3534 1800 alium
3556 1755 3758 1812 accuset,

510 1843 904 1914 gubernacula,
955 1857 1116 1897 causa
1169 1840 1387 1911 τρενίοίι
1414 1883 1428 1907 ,
1481 1840 1527 1896 si
1579 1839 1795 1894 silentio
1841 1839 2117 1896 faveamus
2147 1832 2195 1893 B
2223 1839 2570 1911 inscriptione
2593 1840 2838 1896 videlicet
2865 1839 3162 1910 praemissa.
3187 1839 3374 1910 Neque
3404 1840 3538 1896 ullus
3560 1856 3760 1910 umquam

510 1935 704 1992 errori.
737 1936 926 1990 Datum
963 1933 1210 1990 kalendis
1254 1933 1434 2000 Junii,
1466 1931 1487 1964 ³
1532 1930 1686 1988 Libio
1716 1942 1771 1988 et
1808 1930 2117 1988 Theodosio

515 2031 644 2086 viris
667 2029 988 2085 clarissimis
1014 2028 1347 2084 consulibus.

1087 2144 1425 2204 EPISTULA
1452 2144 1544 2201 IV.

513 2267 670 2324 lubet
698 2284 762 2323 ne
785 2283 876 2340 per
915 2267 1108 2340 scripta
1149 2266 1205 2320 in
1247 2274 1542 2338 posterum,
1574 2264 1664 2320 sed
1702 2271 1793 2337 per
1837 2263 2120 2336 legitimum

587 2371 934 2415 accusatorem
958 2401 972 2426 ,
1021 2358 1132 2428 quis
1161 2358 1226 2412 ab
1252 2358 1325 2412 eis
1348 2357 1614 2430 judicetur
1641 2373 1660 2412 :
1696 2366 1743 2410 et
1769 2371 1940 2411 causw
1966 2357 2119 2410 etiam

578 2455 890 2530 judicandw
916 2471 1094 2510 omnes
1118 2453 1186 2508 a’d
1215 2451 1555 2524 apostolicam
1593 2452 1764 2508 sedem
1791 2452 2117 2523 deferantur.

517 2563 796 2630 Universis
826 2572 1097 2643 episcOpis
1121 2587 1218 2644 per
1243 2571 1407 2627 Italia:
1437 2572 1744 2642 provincias
1773 2571 2084 2628 constitutis
2105 2614 2120 2641 ,

698 2666 962 2720 Damasus
990 2665 1312 2736 episcopus,
1342 2665 1395 2720 in
1432 2665 1659 2721 Domino
1689 2665 1938 2721 salutem.

589 2781 938 2851 Optaveram,
967 2780 1309 2836 dilectissimi
1337 2781 1378 2846 δ,
1396 2795 1495 2852 pro
1523 2782 1691 2836 nostri
1722 2780 1984 2838 cbaritate
2010 2782 2124 2838 col-

519 2873 682 2944 legii,
729 2889 919 2928 omnes
950 2873 1166 2928 Domini
1196 2874 1508 2931 sacerdotes
1551 2874 1713 2946 (sicut
1756 2874 1808 2929 in
1854 2875 2124 2946 primitiva

521 2967 618 3022 fuit
647 2967 908 3040 Ecclesia)
938 2983 1102 3022 unum
1133 2982 1257 3023 esse
1284 2983 1380 3023 cor
1407 2979 1460 3024 et
1486 2969 1721 3024 animam
1754 2985 1936 3038 unam,
1963 2980 2126 3042 atque

525 3061 580 3116 in
605 3075 710 3116 una
741 3060 1034 3116 devotione
1066 3060 1376 3130 persistere,
1407 3075 1507 3116 nec
1528 3077 1850 3133 quemquam
1874 3062 2128 3118 sacerdo-

523 3162 662 3220 tum,
692 3153 866 3225 gratia
896 3161 988 3208 aut
1014 3151 1305 3209 formidine
1333 3153 1673 3210 saecularium
1701 3155 2006 3227 depravari,
2034 3167 2128 3212 aut

520 3262 551 3303 a
598 3247 683 3302 via
734 3247 977 3302 veritatis
1025 3262 1244 3318 quoquo
1287 3247 1448 3303 modo
1495 3248 1812 3306 abscedere.
1855 3249 1960 3307 Sed
1999 3253 2124 3322 quia

522 3339 693 3396 multa
737 3354 857 3411 qua:
889 3340 1086 3411 corrigi
1130 3348 1393 3410 possunt,
1436 3343 1793 3412 proveniunt,
1826 3351 1881 3398 et
1909 3353 2131 3412 supcrat

522 3434 681 3505 culpa
728 3433 1161 3505 delinquentium
1213 3432 1585 3488 misericordia
1634 3435 1724 3490 Dei
1757 3453 1768 3488 :
1801 3445 1962 3506 atque
2005 3436 2129 3492 ideo

523 3527 874 3598 suspenditur
899 3528 1052 3591 ultio,
1079 3529 1152 3583 ut'
1176 3528 1344 3598 possit
1376 3528 1554 3583 locum
1596 3527 1797 3586 habere
1837 3531 2127 3587 correctio.

530 3619 779 3674 Relatum
803 3629 886 3675 est
902 3621 1046 3674 enim
1067 3620 1133 3674 ad
1151 3619 1334 3675 sedem
1352 3620 1373 3651 ⁸
1398 3621 1775 3691 apostolicam,
1801 3638 1896 3676 vos
1911 3637 2134 3678 accusa-

530 3715 708 3769 tiones
725 3713 948 3767 fratrum
972 3713 1274 3784 perscripta
1289 3713 1567 3784 suscipere
1580 3713 1782 3785 absque
1795 3714 2035 3786 legitimo
2049 3731 2134 3772 ac-

530 3817 801 3863 cusatore.
832 3804 986 3875 Quod
1012 3805 1268 3876 deinceps
1292 3807 1342 3861 in
1366 3807 1510 3861 omni
1535 3807 1669 3864 orbe
1713 3816 1979 3864 terrarum
2015 3809 2130 3866 fieri

529 3900 827 3972 apostolica
847 3901 1166 3955 auctoritate
1190 3900 1557 3970 prohibemus,
1577 3911 1632 3956 et
1661 3901 1803 3972 quod
1835 3918 2004 3972 nuper
2026 3903 2130 3960 fac-

534 4006 647 4050 ttttn
661 3993 974 4064 est,absque
987 3993 1132 4047 nulla
1146 4000 1256 4047 reta
1266 3992 1510 4048 rdatione
1523 3995 1716 4064 corrigi
1736 4010 2017 4066 rogamus:
2035 4012 2134 4054 nec

535 4103 790 4160 umquam
818 4087 967 4157 prius
991 4102 1084 4156 per
1122 4087 1346 4159 scripta,
1379 4102 1563 4143 eorum
1593 4091 1681 4159 qui
1711 4101 2034 4145 accusantur
2075 4093 2131 4158 ⁸,

528 4197 747 4240 causam
780 4182 1052 4238 discutere
1079 4183 1258 4248 liceat,
1301 4199 1462 4252 quam
1494 4185 1513 4214 ⁷
1545 4199 1640 4253 per
1683 4186 2084 4254 querulantium
2114 4189 2136 4219 ⁸

532 4278 900 4335 institutiones
931 4278 1104 4332 vocati
1137 4279 1398 4334 canonice
1426 4278 1492 4332 ad
1521 4263 1787 4350 synodum
1821 4281 2058 4345 veniant,
2082 4292 2156 4338 et-

532 4387 776 4443 prtesens
808 4388 902 4443 per
922 4383 1245 4444 praesentem
1277 4381 1534 4441 agnoscat
1565 4375 1833 4429 veraciter
1853 4384 1908 4430 et
1939 4375 2138 4432 intelli-

530 4474 652 4535 gat,
676 4480 798 4536 quae
819 4466 867 4519 ei
890 4465 1237 4536 objiciuntur.
1265 4464 1418 4534 Quod
1453 4466 1590 4522 bene
1614 4477 1668 4521 et
1697 4482 1789 4537 per
1818 4468 2134 4538 sapientiam

530 4558 840 4615 Salomonis
862 4559 1060 4614 dicitur
1100 4575 1113 4614 :
1147 4559 1430 4626 Antequam
1469 4561 1740 4626 scruteris,
1773 4578 1836 4637 ne
1861 4561 2136 4634 reprehen-

2213 1932 2506 2001 judicetur,
2535 1940 2823 2002 antequam
2856 1931 3125 2002 legitimos
3147 1941 3492 1988 accusatores
3520 1939 3760 2002 praisentes

2221 2026 2434 2093 habeat,
2465 2027 2751 2098 locumque
2793 2026 3116 2082 defendendi
3157 2026 3395 2096 accipiat
3438 2025 3502 2082 ad
3546 2025 3762 2083 abluenda

2218 2123 2468 2178 crimina.
2494 2121 2804 2178 Curandum
2853 2137 3089 2193 namque
3119 2130 3238 2188 est,
3281 2137 3352 2182 ne
3393 2122 3470 2176 ira
3497 2136 3762 2191 quemquam

2219 2217 2503 2287 subripiat,
2527 2215 2800 2288 faciatque
2827 2215 2990 2272 citius
3008 2230 3189 2280 omne,
3213 2214 3360 2286 quod
3388 2229 3492 2270 non
3518 2215 3648 2270 licet.
3672 2213 3764 2270 0m-

2223 2314 2473 2389 n/ipotens
2504 2312 2644 2367 Deus
2675 2311 2792 2366 hare
2829 2324 2928 2366 vos
2953 2319 3008 2366 et
3033 2319 3228 2365 cuncta
3267 2309 3457 2366 divina
3485 2309 3702 2364 mandata
3723 2316 3764 2362 ct

2221 2407 2515 2478 apostolica
2547 2395 2815 2478 prmcelita
2845 2404 3235 2468 custodientes,
3270 2404 3333 2460 in
3364 2404 3563 2460 cunctis
3601 2403 3765 2458 actibus

2222 2502 2416 2558 vestris
2446 2502 2685 2558 caelestis
2708 2499 2912 2557 bracbii
2934 2500 3256 2556 extensione
3283 2507 3538 2569 protegat,
3563 2507 3697 2566 atque
3714 2495 3764 2550 ad

2223 2595 2461 2653 caelestis
2487 2593 2982 2650 remunerationem
3015 2593 3204 2664 patriae
3236 2607 3361 2647 cum
3394 2589 3653 2662 multiplici
3679 2587 3766 2642 ani-

2225 2705 2432 2746 marum
2461 2688 2638 2744 fructu
2662 2688 2939 2759 perducat.
2968 2688 3162 2744 Amen.
3189 2688 3324 2742 Data
3348 2686 3505 2743 tertio
3531 2684 3636 2740 idus
3653 2683 3763 2751 apri-

2226 2782 2322 2847 lis,
2359 2780 2402 2812 "
2448 2781 2642 2837 Siricio
2683 2789 2742 2838 et
2767 2779 3049 2836 Ardabure
3091 2780 3221 2836 viris
3264 2778 3574 2836 clarissimis
3615 2790 3766 2832 consu-

2226 2875 2366 2933 libus
2394 2877 2458 2928 ⁸⁸.

2807 2966 3142 3024 EPISTULA
3180 2965 3252 3030 γ.

2531 3129 2534 3132 ~
2587 3102 2655 3140 AD
2687 3099 3030 3140 BIERONYIUI
3058 3096 3464 3139 PRESBYTERUI.

2152 3227 2198 3291 C
2235 3225 2493 3280 Damasus
2507 3223 2794 3294 episcopus
2809 3220 2957 3276 fratri
2974 3229 3028 3276 et
3043 3235 3159 3274 com
3168 3219 3490 3291 presbytero
3502 3214 3769 3283 Hieronymo

2735 3321 2788 3372 in
2812 3317 3041 3372 Domino
3071 3315 3328 3372 salutem.

2303 3435 2437 3490 Dum
2479 3433 2646 3490 multa
2675 3448 2903 3504 corpora
2941 3431 3202 3488 librorum
3235 3432 3288 3486 in
3338 3445 3460 3486 meo
3485 3425 3682 3483 arbitrio
3715 3419 3771 3473 al-

2233 3528 2336 3584 lata
2369 3527 2620 3594 fuissent,
2663 3526 2911 3598 contigit,
2957 3534 3013 3580 ut
3054 3525 3106 3580 in
3156 3525 3359 3579 librum
3405 3520 3704 3578 Psalmorum
3734 3512 3771 3566 in

2235 3636 2357 3677 meo
2386 3622 2568 3676 animo
2599 3619 2828 3675 festinus
2851 3633 3237 3689 cognoscerem
3267 3617 3518 3676 detineri.
3547 3622 3597 3670 et
3617 3619 3773 3665 memo-

2235 3715 2368 3770 riam
2392 3714 2708 3784 capacitatis
2726 3729 2860 3770 meze
2889 3714 3150 3768 imbuere.
3173 3711 3616 3784 Cogitavi,,frater
3633 3715 3774 3760 amau-

2237 3809 2443 3865 tissime
2471 3820 2525 3865 et
2555 3808 2606 3864 in
2634 3806 2850 3864 Christo
2881 3822 3098 3878 semper
3121 3807 3404 3872 sacerdos,
3439 3813 3494 3860 ut
3533 3795 3774 3859 secundum

2239 3909 2587 3980 Septuaginta
2616 3909 2938 3978 interpretes
2977 3915 3030 3960 et
3061 3905 3442 3976 presbyteros,
3475 3900 3525 3958 id
3553 3906 3650 3961 est,
3679 3891 3778 3948 Mal-

2239 4003 2404 4058 tbiam
2447 4013 2502 4057 et
2540 4001 2917 4065 Ptolomzeum,
2965 3997 3259 4065 Mucbium,
3307 3997 3580 4056 Sacrcum,
3609 3985 3774 4060 llydl‘o'

2241 4097 2418 4164 nium,
2461 4095 2845 4167 Pamphylum,
2880 4093 3183 4158 Zoastiten‘,
3221 4078 3538 4164 Didymum,
3571 4080 3774 4143 Sunium.

2240 4191 2632 4262 Epiphanittm,
2683 4190 2954 4253 Ciatrem,
3007 4186 3318 4253 Simonem,
3365 4193 3422 4240 et
3469 4189 3696 4240 caeteros,
3738 4171 3774 4224 ἰιι

2239 4293 2497 4356 quantum
2531 4292 2710 4339 nostra
2741 4281 2973 4339 recurrit
2998 4280 3364 4345 conscientia,
3394 4277 3462 4333 de
3489 4266 3778 4342 Septuaginta

2241 4378 2486 4434 invenire
2525 4376 2768 4448 vestigia.
2819 4376 2952 4432 Peto
2999 4374 3160 4429 etiam
3209 4384 3357 4428 tuam
3403 4370 3710 4426 cbaritatem,
3741 4365 3780 4409 ul

2242 4472 2380 4528 sicut
2411 4488 2438 4527 a
2478 4484 2690 4529 rectore
2733 4480 2828 4527 tuo
2859 4469 3165 4525 Alexandro
3195 4469 3455 4538 episcopo
3485 4471 3653 4520 nostro
3676 4452 3780 4512 didi-

2242 4566 2360 4623 cisti
2385 4609 2400 4633 ,
2427 4565 2737 4622 Graecorum
2766 4565 3108 4636 psallentiam
3139 4563 3207 4618 ad
3235 4578 3337 4618 nos
3365 4562 3589 4631 dirigere
3612 4564 3683 4610 tua
3705 4549 3781 4602 frs-

531 4650 626 4705 das
661 4668 674 4706 :
705 4650 930 4724 intellige
959 4653 1130 4722 prius,
1163 4661 1209 4706 et
1235 4663 1354 4706 tunc
1383 4654 1613 4725 increpa.
1645 4635 1930 4727 Antequam
1959 4657 2136 4711 audie-
2164 4635 2216 4696 D
2245 4659 2470 4715 ternitas
2496 4635 2796 4714 delectetur
2824 4677 2836 4713 :
2865 4658 2956 4729 qui
2989 4667 3150 4712 tantm
3177 4655 3322 4725 apud
3354 4669 3455 4711 nos
3483 4639 3782 4720 simplici“!lis

529 4748 604 4802 ris
621 4787 638 4812 ,
665 4761 728 4801 ne
754 4744 1092 4814 respondeas.
1123 4745 1190 4801 Et
1217 4745 1346 4802 licet
1369 4747 1708 4816 apertissima
1733 4749 1806 4803 sit
1831 4751 2134 4807 contrario-

533 4857 652 4896 rum
684 4837 1065 4910 reprehensio:
1100 4819 1471 4894 verumtamen
1515 4849 1733 4910 oportet
1762 4842 1865 4908 bis,
1907 4841 1999 4912 qui
2023 4842 2134 4900 dati

533 4944 661 4990 sunt
690 4935 756 4989 ad
787 4949 974 4990 eorum
1015 4934 1493 5001 examinationem,
1539 4936 1781 4991 ordinem
1823 4939 2028 4992 servari
2068 4940 2137 4994 ab

533 5030 618 5086 his
643 5031 685 5097 ’,
719 5029 808 5101 qui
835 5027 1132 5089 secundum
1170 5028 1338 5084 Deum
1369 5032 1696 5099 perscrutari
1723 5029 1962 5101 deputati
1986 5045 2134 5102 sunt,

601 5221 619 5251 ¹
661 5218 720 5274 S.
749 5218 860 5288 Leo
882 5258 898 5282 ,
927 5215 1090 5288 epist,
1125 5216 1152 5271 1
1171 5257 1186 5281 ,
1210 5230 1331 5282 cap.
1361 5214 1416 5270 5.

600 5294 622 5324 '
663 5290 722 5347 S.
751 5287 975 5345 leest.
997 5333 1012 5357 ,
1045 5289 1203 5355 epist.
1240 5288 1267 5342 1
1291 5327 1304 5349 ,
1336 5301 1457 5354 cap.
1488 5288 1542 5341 1.

601 5363 623 5394 ³
662 5361 777 5417 Non
803 5370 929 5417 sunt
959 5361 1012 5414 in
1037 5358 1190 5414 fastis
1218 5358 1273 5414 bi
1304 5357 1583 5415 consules.
1653 5361 1664 5374 '

600 5435 623 5466 ’⁵
660 5435 718 5492 S.
749 5433 892 5498 Leo,
921 5432 1084 5500 epist.
1111 5431 1202 5485 47.

600 5509 621 5538 ⁸
659 5508 694 5562 5
717 5548 732 5572 ,
760 5521 851 5576 qu.
881 5503 937 5569 2,
971 5502 1213 5576 Relatum
1240 5511 1312 5557 est
1335 5501 1402 5556 ad
1433 5503 1624 5556 sedem.

601 5578 622 5610 ⁸
660 5579 750 5643 76,
779 5574 882 5646 qu.
907 5577 940 5630 5
961 5617 976 5641 ,
1009 5574 1202 5629 Eorum
1229 5577 1318 5643 qui
1347 5585 1676 5628 accusantur.
2070 5576 2103 5612 ι

602 5649 619 5680 ⁷
659 5649 725 5720 4,
756 5645 855 5703 Ms.
888 5648 1299 5720 querelantium;
1331 5647 1400 5720 al.
1428 5645 1772 5720 querelarum.
2053 5645 2056 5647 Α

601 5721 623 5751 ⁸
662 5717 918 5774 Martinus
951 5720 966 5773 Ι
999 5731 1157 5786 papa,
1187 5717 1420 5772 consult.
1455 5717 1491 5771 2
1517 5733 1673 5776 conc.
1698 5719 1953 5780 Lateran.

600 5792 618 5822 ⁸
659 5792 692 5845 5
715 5831 728 5852 .
762 5807 851 5858 qu.
883 5792 918 5846 5
937 5833 951 5857 ,
989 5790 1226 5844 Relatum
1255 5799 1328 5846 est
1357 5790 1424 5846 ad
1451 5790 1646 5849 sedem.

601 5861 642 5892 ¹⁰
679 5861 1076 5919 Ambrosiaster
1107 5862 1160 5918 in
1187 5859 1208 5917 l
1236 5861 1301 5917 ad
1325 5862 1452 5920 Cor.
1485 5878 1535 5916 v.

2245 4755 2440 4826 indago
2469 4763 2582 4822 est,
2614 4764 2674 4826 ut
2700 4763 2906 4808 tantum
2938 4752 2990 4808 in
3019 4751 3108 4806 die
3134 4750 3416 4806 Dominica
3452 4740 3670 4817 Apostoli
3695 4734 3782 4826 cpio

2244 4825 2391 4903 stola,
2413 4862 2516 4902 una
2544 4825 2836 4914 recitetur,
2862 4855 2919 4902 et
2951 4844 3224 4916 Evangelii
3250 4841 3542 4914 capitulum
3561 4827 3702 4892 unum
3721 4825 3782 4882 dio

2239 4954 2436 4999 catur:
2479 4953 2534 4998 et
2577 4957 2675 4997 nec
2707 4941 3046 5012 psallentium
3081 4955 3199 4993 mos
3238 4947 3487 5010 tenetur,
3519 4946 3610 4988 nec
3642 4919 3784 4998 hymni

2245 5036 2411 5094 decus
2435 5037 2488 5092 in
2516 5051 2612 5092 ore
2642 5044 2828 5092 nostro
2857 5033 3220 5105 cognoscitur.
3253 5033 3388 5088 Peto
3427 5043 3552 5102 ergo
3590 5037 3672 5098 per
3694 5017 3786 5075 fta-

2317 5222 2357 5254 ”
2397 5222 2462 5290 5,
2493 5237 2584 5290 qu.
2616 5222 2668 5290 l,
2693 5219 2936 5276 Relatum
2964 5227 3038 5275 est
3057 5219 3126 5273 ad
3151 5217 3343 5273 sedem.

2316 5295 2358 5326 ”‘
2397 5296 2432 5348 5
2455 5337 2468 5357 ,
2501 5310 2591 5360 qu.
2621 5294 2684 5360 6,
2716 5292 2818 5359 Qui
2845 5308 3091 5346 accusare
3119 5292 3298 5346 alium.

2315 5365 2358 5398 ³³
2400 5345 2473 5420 Eii
2503 5345 2891 5437 iniiinii-pm
2908 5345 3159 5437 sententia
3175 5404 3188 5423 ,
3213 5345 3786 5437 i_nqttit_Hincmarus't.ldf

2243 5453 2430 5494 versus
2458 5447 2710 5507 nepotem
2730 5478 2745 5505 ,
2770 5421 2891 5507 cap.
2915 5435 3017 5504 45,
3044 5435 3106 5489 de
3125 5421 3348 5503 antiquis
3371 5428 3606 5487 Romanis
3632 5421 3786 5496 legibus

2243 5511 2348 5582 fuit
2370 5519 2652 5582 assumpta.

2317 5581 2361 5613 ”
2400 5581 2514 5636 Non
2546 5579 2675 5636 Sunt
2702 5581 2755 5636 in
2790 5579 2964 5636 Fastis
2997 5579 3048 5634 hi
3082 5579 3356 5652 consules.
3554 5643 3583 5652 _
3652 5639 3678 5652 ᾗ,

2316 5654 2360 5685 ³⁸
2399 5653 2616 5709 Damasi
2644 5667 2794 5722 papa:
2829 5652 3044 5708 nomine
3071 5651 3510 5722 aﬂ‘crtprteterea
3545 5643 3786 5722 οτξιξηηρς

2242 5725 2456 5781 decreta
2489 5727 2589 5780 ista
2624 5710 2762 5789 tlttd,
2803 5724 2870 5790 2,
2904 5734 3096 5793 quaest.
3133 5725 3200 5789 5,
3222 5710 3600 5780 Calumniator;
3629 5710 3784 5776 15.ι,

2243 5807 2434 5864 quaest.
2472 5799 2496 5852 ‘l
2530 5839 2544 5862 ,
2584 5795 2734 5852 Hanc
2763 5797 3204 5852 consuetudinem.
