3950 6350
160 341 248 396 M9

424 448 868 509 BUUCHERIUS.

159 548 398 606 mensibus
448 546 647 611 tribus,
706 546 897 602 diebus
964 550 1155 606 tribus.

158 621 259 677 Fuit
282 619 591 687 temporibus
624 620 879 673 Antonini
911 619 1156 687 Macrini,

157 708 181 746 λ
216 690 481 746 Consulatu
523 690 714 743 Titiani
756 702 809 745 et
856 691 1158 761 Gallicani,

158 780 298 833 usque
324 761 524 816 Czrsare
547 771 599 813 et
623 762 865 816 Balbino.

214 838 425 889 ilvctsus
452 834 601 897 annis
622 833 931 899 duodecim,
964 835 1164 890 mensi—

155 908 236 961 bus
260 908 445 968 tribus,
478 905 665 959 diebus
696 920 811 959 sex.
857 906 981 960 Fuit
1024 916 1160 960 tent-

156 978 341 1047 poribus
380 975 530 1040 Veri,
577 993 604 1029 ει
652 977 948 1032 Consulatu
995 978 1163 1034 Galli-

156 1046 250 1102 mu
279 1056 328 1104 et
354 1046 586 1112 Veteris,
618 1064 785 1118 usque
814 1049 1084 1106 Prtescnte
1110 1062 1165 1107 et

155 1122 339 1176 liulino.

212 1191 365 1261 (Deest
385 1189 465 1245 hic
485 1191 727 1248 Anicetus
749 1194 832 1248 cui
852 1194 979 1247 dant
1002 1211 1166 1249 annos

157 1280 260 1335 pene
280 1263 429 1333 octo.)

154 1414 165 1441 τ
211 1407 319 1463 Pius
338 1408 485 1461 annis
505 1408 713 1474 viginti,
734 1409 1012 1463 mensibus
1036 1426 1167 1476 qua-

156 1491 269 1543 tuor,
299 1480 476 1535 diebus
509 1481 694 1549 viginti
728 1496 854 1535 uno.
888 1480 1005 1535 Fuit
1032 1491 1166 1534 tem-

155 1550 339 1619 poribus
370 1552 617 1604 Antonini
668 1553 774 1618 Pii,
810 1570 836 1604 a
868 1551 1165 1607 Consulatu

155 1624 269 1678 Clari
296 1634 343 1677 et
369 1623 587 1687 Severi,
622 1640 789 1694 usque
819 1622 1026 1677 duobus
1056 1626 1163 1679 Att-

154 1699 309 1764 gustis.
338 1696 442 1749 Sub
470 1695 627 1763 hujus
655 1697 975 1764 Episcopatu
1002 1697 1166 1750 frater

156 1768 249 1834 ejus
271 1766 477 1820 Ilermes
501 1768 697 1819 librum
723 1768 959 1835 scripsit,
987 1767 1035 1820 in
1060 1783 1165 1838 quo

157 1838 422 1902 mandatur,
464 1839 885 1908 cmitineturqne
931 1840 1073 1909 quod
1117 1841 1163 1892 ei

158 1912 371 1978 pr;t‘cepit
415 1912 688 1977 Angelus.
738 1926 858 1964 cum
905 1912 1051 1965 venit
1099 1910 1165 1965 ad

158 1996 252 2035 eum
280 1978 324 2033 iu
359 1981 540 2034 habitu
574 1983 823 2050 pastoris.
1062 1988 1065 1991 ‘

213 2052 368 2106 Somn
407 2054 569 2107 anuis
617 2066 839 2119 novem,
888 2053 1169 2109 mensibus

163 2124 321 2187 tribus,
371 2124 821 2179 diebtispduobns.
868 2124 988 2179 Fuit
1030 2135 1168 2180 tem-

160 2197 335 2262 poribus
381 2195 643 2250 Antonini
687 2205 741 2251 et
779 2197 1088 2263 Commodi,
1136 2214 1164 2251 a

157 2265 402 2339 Consulatu
430 2268 557 2321 Veri
586 2277 639 2320 ct
661 2267 973 2336 Erenniani,
997 2284 1167 2339 usque

156 2338 350 2393 Paterno
377 2348 432 2395 et
459 2339 699 2394 Bradua.

209 2480 361 2551 (Deest
406 2499 591 2537 rursus
643 2481 973 2539 Eleutherius
1023 2500 1172 2553 quem

156 2555 296 2607 υυιριηι
324 2555 508 2610 sedisse
537 2572 705 2610 annos
729 2557 1061 2626 quindecim.)

213 2697 390 2753 Vtcron
421 2698 583 2753 annis
627 2714 818 2753 novem
841 2741 853 2762 ,
896 2702 1172 2757 mensibus

154 2767 359 2835 duobus,
391 2770 591 2825 diebus
632 2771 838 2825 decem.
892 2773 935 2826 A
965 2770 1173 2828 Consu-

824 330 1238 395 CATALOGUS
1276 330 1446 392 non.
1483 330 1681 391 posr.
1725 331 1857 391 sun
1894 332 2173 393 LlBERlO
2214 280 2662 394 oescmerus.

1507 451 2008 510 llENSCHENlUS.

1234 546 1509 603 mensibus
1568 548 1777 610 tribus,
1835 547 2025 602 diebus
2089 547 2281 604 tribus.

1234 617 1356 672 Fuit
1388 620 1718 687 temporibus
1751 618 2037 681 Hadriani,
2067 636 2095 672 a
2138 618 2284 672 Cott-

1234 692 1408 761 sttlztttt
1455 688 1656 744 Titiani
1688 699 1742 745 et
1769 689 2071 755 Gallicani,
2119 706 2288 761 usque

1233 760 1381 815 Cznsa
1393 778 1451 816 re
1480 771 1534 815 et
1564 762 1805 816 Balbino.
2052 818 2061 825 ,

1310 833 1566 904 Hyginus,
1601 834 1760 887 annis
1790 832 2110 898 duodecim,
2139 848 2290 888 men-

1235 904 1385 960 sibus
1413 905 1605 969 tribus,
1634 905 1825 961 diebus
1852 920 1968 961 sex.
2000 904 2121 960 Fuit
2155 916 2290 963 lem-

1240 975 2285 1029 ooribus.........

1239 990 1479 1046 poribus.
1570 1016 1583 1031 .
1677 1015 1690 1028 .
1784 1017 1798 1031 .
1878 1017 1891 1031 .
1976 1018 1989 1031 .
2079 1017 2092 1031 .
2174 1016 2189 1032 .

1309 1192 1567 1246 Anicetus
1585 1192 1754 1246 (mnis.
1802 1233 1813 1245 .
1860 1232 1872 1243 .
1920 1231 1934 1244 .
1981 1232 1994 1246 .
2036 1189 2291 1246 aConsuo

1237 1264 1349 1318 latu
1405 1264 1662 1318 Gallicani
1716 1270 1772 1318 et
1817 1261 2063 1331 Veteris,
2123 1278 2291 1333 usque

1242 1337 1518 1390 Prtesente
1548 1348 1601 1389 et
1632 1335 1847 1389 Ruﬁno.

1310 1407 1438 1461 Pius
1463 1409 1621 1461 annis
1650 1422 1740 1472 xv,
1774 1405 2049 1462 mensibus
2075 1421 2149 1472 tv,
2179 1406 2293 1461 die-

1240 1477 1339 1531 bus
1377 1494 1469 1532 xx.
1505 1477 1627 1531 Fuit
1660 1479 1992 1546 temporibus
2034 1479 2291 1533 Antonini

1240 1548 1340 1613 Pii,
1374 1568 1401 1603 a
1428 1549 1721 1604 Consulatu
1745 1548 1887 1604 Clari
1911 1557 1967 1603 et
1992 1548 2176 1604 Severi
2205 1564 2293 1604 us-

1239 1637 1343 1684 que
1388 1621 1598 1675 duobus
1644 1620 1917 1690 Augustis.
1969 1620 2081 1677 Sub
2133 1621 2291 1689 ltuth

1240 1692 1568 1761 Episcopatu
1618 1694 1780 1748 frater
1817 1693 1934 1762 ejus
1966 1692 2192 1747 Hermes
2232 1692 2293 1746 Ii-

1238 1762 1393 1818 brum
1438 1765 1689 1834 scripsit,
1748 1766 1801 1818 in
1857 1779 1961 1832 quo
2009 1765 2294 1819 Innituntur

1240 1836 1656 1905 contineturtpte
1720 1834 1862 1905 quod
1941 1836 1987 1890 ei
2040 1840 2294 1905 praecepit

1240 1906 1497 1977 Angelus,
1532 1924 1650 1961 Clltll
1680 1908 1827 1963 venit
1859 1905 1924 1961 ad
1957 1923 2079 1961 eum
2111 1906 2166 1961 in
2201 1907 2292 1961 ba-

1243 1978 1353 2033 bitu
1388 1981 1639 2049 pastoris.

1315 2050 1473 2106 Soter
1525 2053 1679 2105 annis
1728 2065 1962 2116 novem,
2022 2049 2296 2105 mensibus

1240 2124 1433 2188 tribus,
1464 2122 1651 2177 diebus
1679 2122 1911 2177 duobus.
1942 2120 2063 2176 Fuit
2090 2130 2298 2192 tempo-

1242 2195 2292 2250 ribus..........

1317 2409 1658 2463 Eleutlierius
1680 2410 1848 2466 annis.
1897 2449 1910 2462 .
1959 2449 1969 2459 .
2018 2407 2296 2463 Fuittcm-

1245 2482 1466 2549 poribus
1515 2482 1768 2536 Antonini
1816 2491 1870 2537 et
1914 2478 2228 2547 Commodi,
2265 2496 2294 2535 ιι

1245 2553 1539 2607 Consulatu
1568 2551 1687 2607 Veri
1712 2562 1765 2608 et
1784 2552 2101 2617 Et'cnniani,
2127 2568 2298 2623 usque

1246 2623 1479 2677 Paterno
1508 2635 1561 2678 et
1591 2623 1821 2679 Bradua.

1316 2694 1501 2751 Victor
1552 2697 1710 2750 annis
1754 2711 1970 2761 novem,
2024 2694 2297 2751 mensibus

1245 2766 1492 2835 duobus,
1549 2768 1741 2824 diebus
1794 2767 2004 2824 decem.
2087 2808 2101 2823 .
2186 2808 2197 2820 .

3298 334 3408 393 450

2582 447 3169 509 SCllELSTRATlUS.

2358 547 2631 602 mensibus
2690 546 2892 610 tribus,
2944 543 3135 600 diebus
3214 546 3408 603 tribus.

2360 618 2480 673 Fuit
2503 618 2836 688 temporibus
2854 619 3113 673 Aotottini
3130 618 3351 673 Macrini
3367 618 3412 684 ³,

2359 706 2390 745 a
2430 689 2724 745 Consulatu
2769 689 2968 744 'Iitiatti
3013 699 3067 745 et
3110 690 3412 755 Gallicani,

2362 778 2533 830 usque
2561 759 2776 815 Caesare
2805 771 2857 814 ct
2886 760 3099 816 Albino.

2433 833 2671 906 Hyginus
2713 833 2869 906 annis
2900 832 3185 906 duodecim
3210 875 3224 898 ,
3258 850 3415 889 men-

2360 902 2731 973 sibus'tribus,
2762 902 2951 960 diebus
2981 920 3096 960 sex.
3132 904 3256 961 Fuit
3282 917 3417 962 teni-

2270 974 3412 1047 .poribus‘.........

2435 1196 2694 1252 Anicetus
2736 1197 2909 1253 annis.
2958 1238 2972 1252 .
3021 1236 3033 1248 .
3080 1234 3093 1250 .
3141 1235 3153 1248 .
3196 1211 3226 1249 a
3275 1195 3420 1252 Con-

2364 1268 2540 1322 sulatu
2584 1268 2843 1325 Gallicani
2880 1278 2933 1323 et
2963 1266 3213 1331 Veteris,
3248 1281 3420 1338 usque

2366 1340 2643 1395 Praesente
2665 1353 2717 1394 et
2735 1340 2949 1395 Rulino'.

2439 1413 2564 1466 Pius
2621 1414 2776 1467 annis
2834 1411 3065 1482 viginti,
3141 1410 3419 1465 mensibus

2365 1494 2617 1553 quatuor,
2664 1484 2857 1539 diebus
2904 1483 3089 1552 Viginti
3138 1498 3266 1536 uno.
3300 1482 3423 1537 Fuit

2368 1558 2702 1625 temporibus
2732 1556 2985 1611 Antonini
3014 1553 3118 1619 Pii,
3149 1569 3177 1607 a
3209 1554 3418 1625 Consu-

2370 1627 2479 1680 latu
2504 1627 2649 1683 Clari
2680 1637 2734 1683 et
2758 1627 3173 1695 Severiﬁnsque
3211 1624 3422 1680 duobus

2368 1700 2641 1767 Augustis.
2709 1702 2820 1754 Sub
2881 1698 3039 1768 hujus
3092 1696 3422 1767 Episcnpatu

2366 1769 2534 1824 frater
2555 1772 2671 1838 ejus
2707 1771 2929 1825 Ilermes
2957 1771 3152 1825 librntn
3183 1769 3420 1836 scripsit,

2369 1843 2422 1896 in
2452 1858 2556 1909 quo
2591 1843 2897 1897 mandatum
2941 1840 3251 1896 continetur
3280 1839 3422 1910 quod

2367 1915 2416 1968 ei
2454 1916 2713 1984 przccepit
2740 1915 2999 1984 Angelus,
3030 1927 3153 1967 cum
3176 1912 3322 1967 venit
3355 1911 3422 1966 ad

2369 2000 2493 2040 eum
2524 1984 2577 2038 in
2614 1985 2796 2040 habitu
2828 1985 3079 2055 pastoris.

2440 2055 2597 2111 SOIer
2643 2061 2799 2111 annis
2830 2053 3047 2113 inovetn
3080 2096 3093 2118 ,
3146 2053 3427 2111 mensibus

2369 2128 2561 2182 tribus.
2585 2127 2701 2183 Fuit
2734 2128 3066 2199 temporibus
3090 2126 3132 2180 ⁸.
3211 2166 3226 2182 .
3308 2168 3324 2183 .
3406 2164 3421 2181 .

2441 2413 2789 2471 Eleutherius
2824 2415 3002 2469 annis.
3047 2454 3060 2468 .
3110 2454 3123 2468 .
3169 2454 3183 2467 .
3229 2449 3245 2466 .
3301 2412 3428 2467 Fuit

2370 2486 2705 2557 temporibus
2750 2485 3010 2542 Antonini
3059 2483 3343 2541 Commodi
3396 2499 3427 2540 a

2368 2557 2671 2614 Consulatu
2696 2557 2823 2614 Veri
2857 2569 2909 2614 et
2941 2557 3221 2626 Ereniani,
3256 2571 3428 2627 usque

2372 2630 2606 2684 Paterno
2636 2639 2689 2684 et
2713 2630 2940 2685 Bradua.

2444 2701 2629 2755 Victor
2674 2704 2831 2758 annis
2871 2703 3093 2770 decem,
3148 2699 3429 2756 mensibus

2282 2805 2296 2819 -
2370 2771 2603 2841 duobus,
2627 2772 3039 2829 diebusdccem.
3121 2811 3135 2828 .
3218 2811 3232 2826 .
3313 2811 3328 2824 .
3411 2811 3426 2826 .

156 2840 1174 2914 laiuSatuminietGalli,usquePr:e-
1249 2880 1262 2894 .
1335 2879 1350 2894 .
1423 2880 1438 2894 .
1520 2880 1535 2895 .
1613 2877 1628 2893 .
1708 2879 1723 2895 .

154 2926 201 2966 se
222 2924 280 2965 .te
304 2924 354 2966 et
384 2915 681 2968 Extrieato.

210 2983 366 3055 (Deest
404 2987 521 3039 item
568 2983 898 3057 Zephyrinus
939 2987 1171 3043 cuidam

154 3072 283 3110 annos
310 3066 471 3112 decem
500 3068 550 3112 et
582 3067 744 3127 octo.)

209 3201 483 3258 (ῐιιιιετιιε
508 3216 687 3257 annos
711 3200 946 3272 quinque
968 3245 981 3266 ,
1018 3218 1139 3257 men
1156 3234 1169 3241 -

154 3285 222 3324 ses
245 3276 379 3337 duos,
416 3278 533 3329 dies
565 3274 779 3328 decem.
818 3272 937 3327 Fuit
966 3283 1173 3344 tempo—

154 3346 275 3398 ribus
325 3344 541 3400 Macrini
605 3355 657 3398 et
714 3345 1080 3414 lleliogabali,
1142 3362 1170 3398 a

154 3414 409 3471 Consulatu
464 3418 728 3472 Antonini
785 3430 838 3471 et
902 3418 1169 3485 Advcttli,

157 3501 292 3551 usque
321 3492 593 3543 Antonino
624 3488 685 3541 lll
717 3500 772 3542 et
799 3488 1121 3542 Alexandro.

211 3557 432 3614 UBBANCS
461 3575 638 3615 annos
660 3569 803 3621 octo,
831 3575 1045 3615 nienses
1074 3577 1173 3614 un—

156 3626 315 3695 decim,
343 3635 456 3688 dies
482 3631 793 3687 duodecim.
819 3631 942 3686 Fuit
968 3643 1175 3699 tempo-

156 3700 276 3755 ribus
301 3705 592 3758 Alettandri
622 3719 651 3756 a
678 3704 973 3757 COILSUliIUI
1006 3704 1174 3757 Maxi-

156 3774 210 3845 mi
246 3784 292 3828 et
323 3773 553 3841 Eliani,
615 3790 782 3845 usque
828 3778 1075 3845 Agricola
1120 3784 1174 3830 et

156 3843 473 3902 Clt‘lnﬂllliltt).
530 3874 537 3880 ι

212 3914 491 3975 Ροκτιιιωε
521 3919 684 3973 annis
713 3918 951 3988 quinque
972 3959 986 3981 ,
1022 3934 1176 3975 men-

155 3986 274 4041 sibus
297 3990 501 4045 dnobus
521 4034 533 4051 ,
566 3986 761 4045 diebus
790 3986 1017 4058 septem.
1054 3991 1175 4046 Fuit

157 4065 451 4127 temporibm
479 4062 800 4127 Alexandri,
831 4080 857 4114 τι
881 4063 1173 4117 Consulatu

154 4128 428 4201 Pompeiani
475 4143 532 4189 cl
567 4134 887 4203 Peligniani.
931 4135 1005 4188 Eo
1044 4146 1177 4189 tem-

156 4214 259 4277 pore
304 4203 650 4277 Nepotianus
705 4208 719 4236 ¹
774 4205 1074 4277 Episcopus
1122 4217 1177 4262 et

155 4270 418 4348 l_lippobtus
468 4278 764 4348 Presbyter
815 4270 1002 4332 exules
1050 4286 1175 4331 sunt

154 4342 469 4423 q?ii_ortatiiin
506 4342 745 4404 insulam
774 4353 1016 4423 nocivam
1046 4348 1170 4423 ξω*-

155 4412 353 4495 diuiam,
383 4422 595 4495 Severo
626 4432 693 4495 et,
716 4421 1008 4495 Quintiano
1034 4421 1175 4476 Con-

155 4487 347 4542 sulibus.
381 4493 433 4547 lo
462 4493 656 4547 cadent
682 4487 855 4548 ins'ula
880 4492 1174 4548 discinctus

155 4569 221 4629 est
242 4575 283 4611 tv
304 4561 573 4620 Kalendas
606 4564 937 4629 Decembris,
969 4564 1173 4619 Consu-

156 4625 271 4685 libus
296 4634 390 4691 SS.

217 4775 450 4835 ANTEROS
477 4794 666 4835 mense
703 4795 830 4847 uno,
865 4778 1053 4834 diebus
1085 4777 1179 4834 de-

158 4853 272 4917 cent.
309 4850 514 4906 Dormit
558 4868 634 4906 ιιι.
679 4850 860 4907 Nonas
901 4849 1176 4917 Januarii,

157 4912 357 4975 Maximo
383 4933 439 4977 et
467 4925 722 4979 Africano
748 4923 1090 4978 Consulibus.

216 4987 461 5050 FABIANUS
511 5012 683 5049 annos
733 4995 1135 5064 quattuordecim
1161 5033 1175 5055 ,

157 5070 366 5118 metuent
399 5083 603 5133 unum,
653 5067 768 5121 dies
808 5067 1015 5120 decem.
1057 5064 1180 5120 Fuit

158 5136 460 5205 lc'ljlmribus
483 5138 779 5205 Maximini,
812 5148 864 5192 et
894 5137 1176 5201 Gordiani,

159 5210 201 5252 ει
225 5202 461 5277 Philippi.
497 5214 537 5264 Α
581 5202 873 5264 Consulatu
908 5208 1179 5263 Maximini

157 5281 199 5352 et
222 5275 464 5352 Africani,
497 5297 665 5352 usque
689 5281 855 5336 Decio
884 5279 946 5345 ll,
974 5288 1028 5333 et
1049 5279 1182 5335 Gra-

159 5348 221 5396 to.
249 5346 435 5405 Passus
465 5346 864 5408 xanalenda5
902 5352 1179 5406 l'ebruarii.

211 5480 228 5553 ξ
260 5484 575 5553 Cuspirtianus
598 5486 712 5553 legit
733 5501 751 5539 :
772 5487 1075 5537 Pontianus:
1097 5485 1246 5538 credo
1267 5485 1455 5538 melius.

212 5543 230 5571 ’
260 5550 331 5595 Au
350 5543 645 5601 defunctus?

216 5605 233 5675 _'
266 5610 379 5678 Loco
402 5611 628 5678 Antonini
664 5613 866 5662 Macrini
898 5612 1060 5678 legunt
1096 5615 1369 5678 Hense/ten.
1390 5618 1445 5678 et
1479 5611 1729 5677 Papebro-

161 5666 277 5739 {illius
293 5673 588 5739 ;_Hadriaui;
614 5689 724 5727 cum
746 5682 903 5727 tamen
923 5666 973 5726 iii
995 5690 1087 5727 ms.
1116 5675 1293 5729 Codice
1317 5666 1624 5728 habeatur'ut
1642 5689 1730 5727 nos

161 5728 227 5777 hic
245 5734 436 5787 edimus.

216 5792 233 5869 ἦ
267 5796 462 5869 Lactuue
487 5797 538 5849 in
562 5801 752 5869 Hygino
772 5806 818 5853 et
838 5799 1431 5869 Atticetoreperiuulurjn
1449 5816 1541 5855 ms.
1567 5802 1726 5855 Cresa-

1315 2982 1657 3052 Zephyriuus
1683 2985 1853 3039 annis.
1900 3022 1913 3037 .
1960 3022 1974 3037 .
2021 3022 2033 3036 .
2078 2984 2120 3038 A
2160 2982 2300 3038 Con-

1244 3057 1418 3108 sulatu
1474 3056 1750 3111 Saturnini
1800 3064 1855 3109 ct
1906 3055 2078 3121 Galli,
2133 3071 2301 3125 usque

1245 3127 1518 3181 Prtescute
1544 3140 1597 3182 et
1628 3127 1919 3182 Extricato.

1318 3199 1570 3253 Callistus
1599 3214 1768 3251 annos
1792 3201 2054 3269 quinque,
2086 3213 2301 3253 menses

1244 3269 1403 3329 duos,
1435 3273 1551 3325 dies
1575 3271 1783 3325 decem.
1815 3272 1937 3325 Fuit
1968 3273 2302 3339 temporibus

1248 3339 1466 3395 Macrioi
1495 3354 1546 3396 ct
1570 3342 1924 3412 "clingaliali,
1954 3359 1981 3394 τι
2006 3343 2300 3396 Consulatu

1246 3414 1503 3466 Antonini
1538 3425 1591 3467 ut
1628 3414 1892 3476 Adsenti,
1936 3430 2104 3483 usque
2136 3418 2302 3469 Anto-

1246 3486 1378 3539 nino
1407 3485 1471 3539 ΙΙΙ
1497 3495 1545 3541 et
1574 3484 1906 3541 Alexandro.

1323 3555 1567 3612 Urbanus
1593 3572 1764 3612 anites
1787 3569 1932 3623 octo,
1963 3572 2177 3611 menses
2201 3574 2293 3611 un-

1247 3626 1449 3687 decim.
1504 3632 1620 3685 dies
1666 3627 1975 3684 duodecim.
2008 3627 2129 3683 Fuit
2165 3637 2299 3682 tem-

1249 3700 1469 3766 poribus
1543 3701 1834 3756 Alexandri
1900 3717 1929 3756 a
2003 3701 2299 3755 Consulatu

1246 3772 1460 3843 Maximi
1490 3782 1545 3827 et
1574 3772 1804 3840 lElutni,
1849 3788 2021 3843 usque
2050 3773 2298 3843 Agricola

1248 3856 1300 3899 et
1326 3842 1688 3900 Clementino.

1319 3915 1614 3972 Pontianus
1643 3932 1813 3972 annos
1841 3916 2108 3987 quinque,
2143 3932 2297 3971 men-

1249 4002 1335 4042 ses
1364 3989 1521 4054 duos,
1546 3991 1663 4045 dies
1689 3997 1917 4059 septem.
1948 3988 2069 4042 Fuit
2097 4000 2301 4058 tenipo-

1250 4060 1396 4115 ribus
1420 4059 1732 4128 Alexnndri,
1760 4077 1788 4115 a
1818 4061 2113 4115 Consulatu
2146 4061 2303 4115 l’om-

1252 4133 1429 4198 pciani
1475 4145 1528 4187 et
1579 4133 1896 4202 I‘eligniaui.
1945 4131 2020 4186 Eo
2061 4142 2302 4200 tempore

1250 4203 1545 4258 Pontianus
1589 4205 1885 4274 Episcopus
1916 4213 1967 4256 cl
2001 4204 2303 4273 llippolilus

1251 4276 1540 4347 Presbyter
1570 4277 1753 4331 exules
1784 4285 1907 4347 sunt
1940 4276 2227 4347 deportati
2250 4280 2301 4329 in

1247 4345 1477 4401 insulain
1522 4350 1766 4401 nocivam
1812 4345 2155 4413 Sardiniam,
2206 4345 2304 4401 Se-

1247 4435 1375 4473 vero
1415 4429 1469 4474 et
1510 4419 1803 4487 Quintiano
1852 4418 2193 4473 Consulibus.
2244 4418 2300 4472 In

1246 4491 1436 4545 eadem
1496 4491 1669 4544 insula
1717 4488 2015 4544 discinctus
2056 4490 2074 4519 '
2122 4500 2205 4545 est
2250 4505 2303 4544 tv

1248 4562 1518 4617 Kalendas
1542 4561 1815 4628 Octobris,
1843 4571 1896 4615 et
1925 4561 2046 4615 loco
2074 4560 2190 4630 ejus
2216 4576 2307 4616 or-

1248 4634 1464 4689 dinatus
1511 4643 1593 4688 est
1637 4639 1868 4687 Anteros
1939 4649 1993 4686 ιιι
2038 4631 2306 4688 Kalendas

1252 4706 1507 4761 Decetob.
1540 4704 1867 4760 Consulibus
1897 4705 2302 4776 suprascriptis.

1320 4777 1558 4832 Anteros
1593 4792 1778 4832 mense
1818 4792 1946 4841 uno,
1979 4775 2187 4831 diebus
2213 4776 2305 4830 de-

1251 4864 1390 4907 cem.
1450 4851 1655 4904 Donnit
1702 4864 1759 4904 tn
1805 4846 1987 4902 Nonas
2033 4848 2303 4916 Januarii,

1253 4922 1543 4976 Maximino
1574 4928 1628 4975 et
1670 4921 1923 4974 Africano
1958 4918 2303 4974 Consulibus.

1326 4992 1595 5048 Fabianus
1644 5006 1815 5046 annos
1864 4991 2305 5059 quatuordecim,

1256 5080 1470 5120 menses
1495 5063 1767 5121 undecim.
1801 5061 1916 5115 dies
1946 5062 2155 5117 decem.
2186 5060 2308 5115 Fuit

1256 5138 1590 5201 temporibus
1637 5132 1914 5188 Maximini
1963 5145 2015 5186 et
2046 5133 2305 5189 Gordiani

1256 5220 1311 5263 et
1356 5207 1616 5277 Philippi,
1648 5222 1675 5259 a
1706 5205 2001 5260 Consulatu
2026 5204 2305 5277 Maximini

1256 5292 1310 5335 et
1340 5276 1601 5344 Africani,
1631 5293 1800 5344 usque
1832 5277 1991 5331 Decio
2022 5276 2065 5330 ll
2091 5285 2144 5331 et
2175 5276 2308 5331 Gra-

1258 5361 1332 5406 to.
1378 5352 1574 5406 Passus
1606 5367 1701 5405 xm
1742 5347 1967 5404 Kalend.
2003 5347 2304 5403 Februarii.

2446 2988 2782 3059 Zephyrinus
2810 2990 2987 3044 annis.
3032 3028 3053 3059 ,ν
3093 3025 3105 3039 .
3152 3028 3165 3040 .

2374 3063 2553 3115 sulatu
2600 3058 2876 3117 Saturnini
2928 3071 2980 3116 et
3029 3058 3200 3125 Galli,
3259 3073 3432 3131 usque

2375 3131 2653 3187 PI‘JESBIHB
2677 3140 2728 3186 et
2758 3132 3054 3187 Extricato.

2449 3204 2699 3258 Callistus
2756 3220 2927 3259 annos
2988 3203 3044 3259 5.
3105 3216 3319 3257 menses
3372 3200 3428 3255 2.

2373 3273 2491 3329 dies
2526 3276 2613 3329 10.
2664 3274 2785 3346 Fuit
2830 3274 3161 3346 temporibus
3206 3274 3431 3329 Macrini

2375 3354 2430 3401 et
2461 3345 2819 3414 lleliogabali,
2863 3361 2893 3399 a
2933 3345 3225 3401 Consulatu
3255 3348 3429 3399 Anto-

2374 3420 2484 3471 nini
2515 3427 2569 3470 ct
2592 3418 2844 3484 Adt‘ettli,
2868 3433 3041 3489 usque
3065 3416 3340 3473 Antonino
3364 3414 3429 3471 ΙΙΙ

2374 3499 2427 3543 et
2461 3488 2783 3543 Alexandro.

2444 3558 2693 3616 Urbanus
2722 3575 2892 3615 annos
2918 3569 3062 3626 octo,
3096 3573 3313 3616 menses
3339 3559 3425 3624 Η,

2373 3631 2489 3687 dies
2519 3632 2600 3686 l2.
2630 3632 2753 3688 Fuit
2774 3634 3111 3702 temporibus
3133 3631 3427 3687 Alexandri

2373 3719 2403 3758 a
2426 3702 2720 3759 Consulatu
2753 3704 2967 3759 Maximi
2998 3715 3055 3760 et
3079 3704 3312 3771 .‘Eliani,
3342 3718 3431 3758 us-

2373 3793 2477 3847 que
2499 3776 2747 3846 Agricola
2776 3786 2831 3831 et
2852 3775 3216 3832 Clementiuo.

2446 3919 2745 3974 Pontianus
2771 3934 2943 3975 annos
2978 3919 3250 3990 quinque,
3284 3935 3434 3975 mcu-

2375 4005 2462 4047 ses
2489 3991 2646 4054 duos,
2678 3991 2797 4047 dies
2820 4004 3049 4062 septem.
3079 3990 3202 4047 Fuit
3226 4000 3436 4060 tempo-

2375 4063 2524 4118 ribus
2548 4063 2865 4130 Alexandri,
2897 4080 2924 4117 a
2950 4064 3245 4119 Consulatu
3274 4062 3436 4117 Pom-

2380 4136 2550 4198 peiani
2584 4147 2635 4189 et
2690 4133 3008 4205 Peliguiani.
3063 4135 3140 4188 Eo
3190 4145 3437 4202 tempore

2381 4205 2677 4260 Pontianus
2708 4205 3010 4275 Episcopus
3040 4213 3096 4259 ct
3124 4205 3434 4275 llippolitus

2377 4277 2669 4347 Presbyter
2698 4277 2890 4332 exules
2916 4287 3040 4330 sunt
3080 4276 3347 4347 deportati
3380 4277 3433 4331 in

2378 4349 2607 4403 insulam
2656 4349 2903 4402 nocivam
2952 4347 3292 4412 Sardiniam,
3332 4348 3435 4403 Se-

2379 4434 2509 4475 vero
2554 4429 2608 4474 el
2656 4419 2913 4487 Quintino
2956 4420 3281 4475 Consulibus
3322 4437 3334 4472 :
3379 4419 3436 4475 in

2375 4490 2564 4546 eadem
2590 4492 2760 4544 insula
2783 4490 3077 4548 discincms
3100 4500 3184 4547 est
3205 4507 3278 4546 tv.
3310 4490 3433 4546 Kal.

2375 4562 2645 4629 Octobris,
2672 4575 2724 4618 et
2760 4564 2878 4617 loco
2902 4563 3019 4633 ejus
3048 4564 3330 4619 ordinatus
3353 4573 3438 4618 est

2376 4633 2613 4691 Anteros
2638 4650 2710 4688 χι.
2735 4633 2855 4689 Kal.
2889 4635 3198 4691 Decembris
3226 4635 3437 4691 Consu-

2378 4705 2519 4761 libus
2540 4704 2949 4778 suprascriptis.

2451 4780 2686 4833 Anteros
2715 4777 2900 4833 mense
2933 4793 3071 4845 uno,
3106 4777 3298 4833 diebus
3339 4777 3435 4832 de-

2380 4864 2519 4905 cem.
2572 4851 2780 4905 Dormit
2822 4866 2883 4905 ιιι
2928 4849 3111 4906 Nonas
3153 4848 3433 4916 Januarii,

2380 4919 2674 4975 Maximino
2695 4933 2749 4976 et
2777 4921 3034 4978 Africano
3064 4922 3407 4978 Consulibus.

2452 4992 2725 5047 Fabianus
2774 5008 2947 5048 annos
2991 4992 3432 5063 quatuordecitn,

2380 5078 2622 5119 mensem
2652 5080 2846 5130 unum,
2893 5062 3021 5122 dies
3054 5064 3264 5120 decem.
3313 5062 3441 5118 Fuit

2382 5135 2717 5201 temporibus
2739 5136 3041 5202 Maximini,
3073 5148 3127 5190 et
3153 5134 3436 5200 Gordiani,

2380 5219 2432 5262 et
2463 5206 2720 5278 Philippi,
2756 5223 2784 5261 a
2825 5206 3121 5262 Consulatu
3161 5204 3438 5278 Maximini

2380 5286 2436 5333 et
2455 5277 2710 5342 Africani,
2730 5294 2902 5346 usuue
2921 5278 3080 5333 Decio
3106 5279 3148 5334 ll
3174 5290 3230 5333 et
3246 5277 3435 5334 Grato.

2382 5349 2579 5406 Passus
2620 5366 2732 5406 xttt.
2779 5349 2899 5406 Kal.
2948 5349 3293 5407 Februarias.
3341 5349 3440 5406 Hic

1839 5491 1949 5557 pote
1970 5484 2107 5557 cujus
2129 5482 2339 5538 auctoris
2361 5486 2656 5557 temporibus
2674 5485 2723 5538 in
2742 5501 2833 5539 ms.
2850 5487 2969 5557 god.
2984 5488 3252 5557 exstabmtl,
3267 5503 3330 5543 ea:
3345 5504 3461 5557 quo,

1840 5548 2197 5609 Imperator-um
2215 5557 2257 5599 et
2283 5548 2615 5602 consulatuum
2629 5558 2765 5601 notas
2785 5551 3014 5611 colligere
3037 5551 3163 5602 licet.

1901 5612 1922 5642 ’⁵
1959 5613 2152 5661 Lacuna
2175 5612 2374 5674 Catalog

1835 5687 1995 5748 salt-eo,
2022 5674 2073 5748 in
2094 5675 2448 5748 qualia-betur;
2473 5674 2801 5748 Temporibus
2820 5674 3051 5748 Anu-imm
3081 5690 3131 5727 tl.
3153 5679 3399 5748 Commodi
3419 5719 3434 5741 ,

2377 5612 2394 5663 t‘
2417 5610 2670 5677 itLSOlere
2694 5604 2924 5677 suppleri
2934 5621 3092 5676 posset
3116 5627 3179 5667 ea:
3218 5629 3305 5667 ms.
3330 5617 3440 5669 Cte-

1833 5750 1861 5787 a
1883 5738 2143 5801 Consulatu
2167 5738 2285 5801 Veri
2317 5745 2369 5801 et
2388 5737 2691 5801 Herennium
2710 5777 2735 5801 ,_
2750 5752 2908 5801 usque
2920 5738 3134 5790 Paterno
3157 5737 3432 5794 etBradua.

168 5865 254 5918 reo,
279 5872 382 5923 quia
402 5868 559 5914 tamen
581 5864 661 5918 εἶτ’
679 5867 889 5917 secundo
920 5864 1138 5932 catalogo
1159 5865 1378 5933 suppleri
1398 5874 1594 5931 possunt
1609 5903 1623 5929 ,
1648 5873 1725 5918 ut-

2248 6039 2263 6047 -
2282 6032 2345 6046 oo-‘K‘
2356 6028 2361 6033 ⁵

1841 5802 2023 5853 Verum
2042 5798 2156 5852 vitio
2176 5799 2383 5865 librarii,
2410 5799 2691 5852 Consulatus
2716 5799 2795 5852 hic
2815 5798 3016 5854 aliunde
3036 5802 3086 5853 in
3105 5816 3194 5856 ms.
3217 5801 3432 5872 irrepsit.
