3950 6350
130 386 215 442 I53

388 486 834 546 BOUCHI‘JRIUS.

134 589 212 641 bus
236 584 403 644 tribus,
436 582 615 635 diebus
650 580 832 651 viginti
869 584 1123 649 quinque.

135 659 230 713 Fuit
245 654 549 724 temporibus
569 655 883 707 Diocletiani
900 662 954 707 et
972 655 1130 709 Magi-

132 730 268 784 miani
292 771 305 791 ,
334 744 394 781 ex
425 727 509 779 die
539 726 710 790 pridie
740 725 1008 779 Kalendas
1038 725 1131 781 Ju-

132 803 237 856 lias.
266 817 289 852 a
316 797 629 854 Consulibus
662 797 996 851 Diocletiano
1030 798 1091 851 \‘l
1113 840 1126 861 ,

128 884 167 925 et
192 871 476 926 Cotistantia
502 867 566 930 Il,
594 884 764 932 usque
791 867 841 921 iii
872 870 1133 923 Consula-

129 954 216 997 lum
248 941 543 997 Dioclrtiani
590 938 688 1003 IX,
728 951 781 993 et
822 940 1128 994 Maximiani

132 1014 237 1070 VIII.
268 1014 374 1079 Quo
416 1024 653 1079 tempore
698 1010 794 1065 fuit
827 1013 1131 1078 persecutio

125 1096 168 1142 et
187 1086 396 1142 cessavit
434 1084 790 1153 Epise0patus
813 1082 972 1138 annis
993 1098 1062 1137 vn
1087 1084 1124 1149 ί,

127 1157 367 1212 mensibus
396 1172 466 1221 Vl,
494 1155 685 1210 diebus
714 1171 838 1209 xxv.

180 1300 480 1355 Maecenas
513 1310 656 1352 anno
683 1311 789 1351 uno
808 1338 821 1361 ,
854 1297 1130 1351 ment-ibus

125 1381 326 1439 septeni.
358 1373 546 1425 diebus
577 1369 782 1439 viginti.
831 1368 953 1424 Fttit
998 1380 1133 1423 lem-

126 1446 311 1513 porihus
346 1442 632 1508 Maxentii,
679 1458 707 1493 a
752 1440 1049 1513 Consulatu
1083 1440 1131 1494 Χ

125 1510 166 1569 et
216 1514 521 1569 Maximiano
549 1515 590 1573 ’.
626 1527 796 1582 usque
827 1520 947 1580 post
988 1510 1129 1565 Con-

124 1587 319 1640 sulatum
346 1585 409 1649 Χ,
440 1596 493 1639 et
525 1585 838 1654 septimum.

182 1731 413 1786 Eusaeius
460 1742 678 1783 menses
717 1736 963 1797 quatuor,
1015 1725 1134 1781 dies

126 1802 341 1857 sedecim.
366 1821 391 1851 ει
413 1817 523 1855 xiv.
550 1799 816 1854 Kalendas
836 1798 1020 1857 Maias,
1048 1815 1136 1851 us-

126 1888 206 1942 que
230 1875 272 1925 in
297 1872 432 1927 diem
457 1888 551 1926 xw
599 1870 866 1925 Kalendas
888 1869 1136 1939 Septem-

128 1945 233 1999 bris.

183 2017 446 2071 MILTIADES
476 2016 637 2069 annis
680 2012 851 2068 tribus
874 2055 887 2077 ,
940 2011 1133 2068 mensi-

130 2088 209 2140 bus
245 2104 359 2147 sex.
416 2086 613 2140 dieluis
654 2101 881 2149 novem,
932 2100 996 2138 ex
1050 2083 1137 2137 die

134 2172 252 2214 sexto
289 2158 463 2213 NOnas
510 2158 723 2221 Julias,
768 2173 795 2209 a
843 2156 1136 2210 Consulatu

131 2231 404 2285 Maximiano
457 2229 575 2283 VIII
628 2230 773 2288 solo;
839 2228 980 2298 quod
1044 2226 1138 2280 fuit

131 2318 281 2357 mense
342 2302 682 2369 septembri,
740 2300 1031 2355 Volusiano
1086 2308 1140 2353 et

131 2372 304 2438 Iiulino,
330 2390 494 2443 usque
537 2376 589 2425 in
622 2388 679 2426 ιιι
727 2372 847 2443 ldus
873 2370 1137 2435 Januarii,

132 2443 380 2499 Volusiano
414 2442 466 2498 et
510 2446 763 2500 Anniana
789 2442 1135 2497 Consulibus.

185 2518 465 2571 Sitvzs'ren
538 2514 698 2569 annis
753 2515 937 2581 viginti
994 2529 1134 2576 uno,

130 2590 361 2643 mensibus
397 2589 675 2643 undecim.
725 2586 845 2640 Fuit
886 2585 1143 2647 tenuiori-

132 2660 205 2710 bus
228 2660 579 2723 Constantini,
609 2676 635 2710 a
668 2660 958 2713 Consulatu
983 2656 1143 2710 γαιη-

131 2731 235 2782 siani
262 2742 308 2784 et
338 2730 597 2793 Anniani,
631 2746 693 2785 ex
722 2730 809 2784 die
838 2728 1008 2796 pridie
1040 2727 1143 2782 Ka-

133 2800 281 2856 lendas
326 2802 639 2867 Februarii,
691 2816 862 2869 usque
907 2801 957 2853 iit
999 2801 1141 2852 diem

132 2871 447 2928 Kalendarum
510 2874 936 2935 Ianuariarum,
1001 2872 1143 2925 Can-

132 2950 291 3000 stantia
315 2956 365 2999 et
392 2946 597 3000 Albino
619 2944 962 3000 Consulibus.

185 3015 373 3072 MARCUS
421 3034 643 3071 menses
690 3027 844 3079 octo,
902 3015 1018 3068 dies
1063 3015 1143 3067 vi-

131 3087 250 3153 ginii.
282 3090 340 3142 Et
377 3089 460 3142 hic
492 3088 598 3142 fuit
643 3086 973 3159 temporibus
1003 3084 1145 3139 Cou-

133 3162 343 3229 stantini,
392 3159 700 3229 Nepatiano
773 3171 825 3212 et
890 3158 1143 3212 Facundo

132 3228 409 3285 Consulibus
467 3228 534 3287 ex
595 3232 684 3287 die
757 3248 821 3284 xv
877 3229 1144 3284 Kalendas

136 3298 430 3362 Fcbrllnt'I'JS.
468 3320 644 3368 lisque
673 3302 726 3356 in
757 3304 844 3356 die
871 3302 1141 3356 Nonarum

134 3374 420 3439 Octobrium,
443 3375 777 3429 Cansnlilius
808 3374 905 3429 SS.

186 3444 526 3501 Juuusannos
547 3446 884 3514 quindecim,
904 3459 1143 3499 mensem

115 3529 293 3582 unum,
320 3518 431 3573 dies
465 3519 738 3573 undecim.
776 3518 897 3572 Fuit
939 3529 1147 3585 tempa-

137 3585 249 3639 ribus
270 3588 629 3652 Canstantini,
663 3608 690 3643 ιι
721 3591 1014 3644 Consulatu
1047 3589 1148 3644 Fu.-

138 3654 277 3713 licivui
301 3674 347 3714 et
376 3661 580 3715 Titiani
604 3704 617 3722 .
650 3679 713 3716 cx
747 3661 835 3715 die
875 3676 984 3714 vni.
1026 3660 1144 3713 Idus

138 3724 388 3805 februarii.
412 3750 460 3786 iu
477 3733 823 3805 diempridie
846 3732 970 3805 Idus
988 3733 1146 3799 Apri-

139 3800 212 3863 lis,
252 3802 555 3859 Constantio
609 3800 672 3869 νζ
725 3816 775 3859 et
828 3804 1145 3859 Constantia

138 3869 306 3927 Orsare
330 3876 677 3934 Consultbns.
713 3876 807 3930 llic
836 3876 1030 3930 multas
1064 3877 1142 3929 fa-

138 3938 276 3997 bricas
301 3946 412 4001 l'ecit
447 3965 461 4001 :
499 3949 783 4003 Basilicam
819 3948 868 4000 in
905 3946 986 4001 via
1014 3946 1145 3999 Por—

140 4022 287 4083 teuse,
334 4019 587 4075 milliaria
633 4035 709 4074 ιιι.
764 4019 1044 4073 Basilicam
1087 4018 1140 4072 in

140 4084 463 4159 ViaAFlaminia
486 4134 500 4156 ,
533 4093 789 4146 milliaria
816 4107 871 4145 ιι.
902 4107 1021 4159 qua:
1049 4106 1144 4159 ap-

138 4157 321 4234 pellatur
370 4162 664 4219 Valentini.
712 4157 992 4217 Basilicam
1049 4157 1143 4217 Ju-

137 4225 496 4314 iiatn,nqu:'enest.
520 4235 746 4314 regione
773 4250 864 4314 vit,
891 4235 1038 4301 juxta
1066 4236 1143 4290 l0-

136 4311 225 4376 [Itftt
248 4302 347 4357 Divi
377 4306 602 4376 'I‘rajani
636 4323 648 4359 :
680 4305 962 4360 Basilicam
993 4315 1142 4361 trans

136 4368 358 4449 Iiberim,
409 4368 636 4449 regione
684 4394 772 4432 xtv
806 4378 974 4449 juxta
1023 4378 1167 4433 Cal--

140 4438 279 4516 listtun
313 4438 647 4505 {Basilicam
681 4453 731 4502 in
766 4438 849 4503 via
891 4453 1105 4506 Aurelia
1127 4491 1142 4516 ,

139 4514 341 4570 milliaria
371 4537 425 4575 ιιι
454 4524 519 4574 ad
550 4518 855 4575 Callistum.

191 4582 411 4647 Liaeutus
465 4594 565 4648 fuit
625 4592 957 4659 temporibus
1002 4590 1144 4646 Con-

140 4660 308 4732 stantii,
346 4680 410 4718 ex
454 4666 544 4721 die
574 4680 649 4719 XI.
680 4664 799 4718 Kal.
835 4664 1055 4725 Iunias.
1091 4666 1142 4718 in

139 4724 265 4784 diem.
304 4772 318 4789 .
362 4776 375 4789 .
420 4776 431 4791 .
481 4778 493 4790 .
544 4778 558 4791 .
604 4752 632 4789 a
665 4737 977 4790 Consulibus
1006 4724 1147 4791 Coit-

138 4805 294 4853 Slautio
318 4805 378 4870 V,
411 4820 462 4860 et
490 4808 812 4862 Constantio
837 4808 1071 4862 Ca-sare.

195 4869 381 4939 (Omnia
411 4897 539 4943 pene
582 4879 691 4933 Ιιιεε
731 4881 979 4948 opuscula
1021 4879 1157 4933 desi-

140 4948 520 5023 nuntnliisCoss.
576 4951 712 5004 unde
750 4960 968 5023 apparet
1015 4967 1152 5023 anno

141 5014 231 5077 isto,
246 5014 420 5074 Christi
445 5023 578 5089 554,
594 5014 886 5091 scriptatiut
901 5021 1153 5092 circiter.)

187 5125 415 5204 {Videtur
461 5134 543 5204 llic
583 5131 840 5204 legendum
878 5132 965 5199 III,
993 5149 1054 5188 ea:
1099 5136 1348 5191 consulum
1386 5137 1535 5203 serie,
1578 5149 1689 5203 qua:

140 5189 262 5251 tanien
276 5192 347 5245 hic
368 5199 589 5251 couﬂtsa.

191 5250 207 5280 ’
233 5254 417 5309 Videtur
439 5250 525 5314 ἧξεν
544 5264 607 5313 de
626 5276 728 5316 esse
753 5277 831 5314 vn.
855 5260 955 5315 Alii
979 5264 1155 5331 tegunt.
1182 5278 1229 5314 ix
1247 5301 1261 5327 ,
1285 5270 1338 5315 et
1377 5262 1687 5315 Maximiano.

82 5430 87 5449 ἰ
210 5396 213 5399 Ι
366 5404 369 5405 7
460 5404 463 5405 7
476 5404 479 5409 .
534 5404 569 5429 Η

794 366 1206 434 CATALOGUS
1249 372 1408 432 ROM.
1453 374 1652 432 PON'I‘.
1695 366 1825 431 SUB
1864 374 2139 431 LIBERIO
2178 368 2626 434 DESCRIPTUS.

1471 488 1975 545 III‘INSCIIENIUS.

1204 583 1299 637 bus
1333 584 1534 645 tribus.
1565 582 1753 637 diebus
1780 583 1963 647 viginti
1996 583 2250 653 quinque.

1204 653 1322 709 Fuit
1396 653 1731 721 temporibus
1812 655 2130 708 Doctetiani
2204 668 2255 709 et

1206 726 1531 783 Maximiani.
1566 741 1632 780 cx
1660 725 1749 779 die
1790 727 1959 794 pridie
1990 726 2258 779 Kalendas

1205 797 1395 859 Jollas,
1428 812 1454 849 a
1477 796 1804 852 Consulibus
1832 798 2164 852 Diocletiano
2190 798 2257 853 VI

1204 879 1257 922 et
1288 868 1606 923 Constantio
1638 867 1715 934 II,
1762 886 1928 936 usque
1967 870 2017 923 in
2046 864 2251 924 Consu

1204 940 1367 994 latum
1443 940 1752 994 Diocletiani
1828 937 1897 994 IX
1972 952 2021 991 ct
2093 941 2260 995 Maxi-

1205 1011 1367 1065 miani
1396 1010 1531 1065 Vlll.
1562 1011 1684 1079 Quo
1727 1021 1971 1081 tempore
2003 1011 2097 1064 fuit
2141 1026 2262 1081 per-

1203 1084 1409 1139 secutio
1434 1095 1486 1136 et
1520 1086 1752 1139 cessavit
1786 1083 2142 1152 Episcopatus
2165 1101 2261 1138 an-

1207 1172 1304 1207 nos
1348 1172 1416 1219 iv,
1452 1154 1732 1210 mensibus
1779 1170 1874 1211 sex
1898 1197 1911 1221 ,
1944 1156 2138 1210 diebus
2185 1159 2262 1210 vi—

1204 1225 1336 1297 ginti
1368 1227 1627 1295 quinque.

1283 1296 1562 1351 Marcellus
1609 1311 1751 1351 anno
1794 1312 1934 1359 una.
1983 1298 2259 1353 mensibus

1205 1376 1434 1438 septem,
1465 1368 1580 1423 dies
1610 1369 1816 1438 viginti.
1848 1370 1970 1424 Fuit
2002 1370 2262 1435 tempori-

1209 1443 1307 1513 bus
1349 1440 1597 1513 Maxentii
1644 1443 2018 1513 antionsu‘atu
2060 1441 2262 1513 (Maxi-

1210 1511 1370 1586 iniaui
1390 1510 1723 1586 lie_r_culci)X
1740 1527 1792 1565 et
1808 1510 2109 1586 maxumam
2134 1513 2260 1586 (Ga-

1208 1584 1323 1637 Ierii

1210 1666 1322 1709 tum

1417 1582 1546 1645 VII,
1599 1598 1770 1653 usque
1834 1594 1953 1652 post
2004 1582 2264 1638 Consula-

1425 1662 1479 1709 et
1502 1655 1611 1709 Vll.

1279 1727 1541 1781 Eusebius
1584 1741 1798 1781 menses
1840 1738 2097 1795 quatuor,
2146 1728 2262 1782 dies

1208 1797 1469 1864 sedecim,
1504 1814 1534 1851 a
1563 1813 1649 1851 xiv
1698 1794 1924 1853 Kalend.
1978 1794 2142 1853 Maias
2174 1816 2263 1853 us-

1209 1886 1312 1936 que
1342 1870 1392 1923 in
1417 1870 1558 1924 dietn
1585 1885 1669 1924 xvt
1718 1867 1991 1925 Kalendas
2018 1873 2263 1941 Septem-

1209 1941 1343 1996 bris.

1283 2013 1548 2068 Miltiadcs
1580 2015 1735 2068 annis
1765 2014 1954 2077 tribus,
1992 2015 2265 2069 mensibus

1212 2099 1303 2137 Sex
1327 2127 1341 2148 ,
1372 2084 1562 2139 (IIt‘blIS
1605 2101 1797 2140 novem
1828 2085 1870 2151 ³,
1901 2095 1955 2140 et
1998 2088 2082 2140 die
2114 2099 2267 2140 sexto

1213 2154 1392 2209 Nonas
1430 2155 1635 2220 Iulias,
1678 2172 1707 2211 a
1752 2155 2048 2211 Consulatu
2101 2157 2265 2211 Maxi-

1214 2228 1393 2280 miano
1425 2226 1537 2281 VIII
1578 2229 1716 2293 solo,
1761 2231 1903 2297 quod
1946 2231 2043 2283 fuit
2084 2242 2268 2282 mense

1213 2298 1550 2363 Septembri,
1600 2299 1895 2354 Volusiano
1940 2312 1993 2355 et
2038 2303 2264 2365 Itntiuo,

1216 2386 1383 2438 usque
1430 2371 1481 2425 in
1524 2371 1589 2424 Ill
1630 2369 1753 2425 Idus
1798 2372 2072 2439 Januarii,
2107 2373 2267 2426 Voln-

1215 2443 1366 2495 siana
1388 2453 1437 2495 et
1468 2445 1675 2495 :Iitiatto
1705 2442 1860 2497 C03»

1286 2514 1546 2568 Silvester
1571 2516 1726 2568 annis
1749 2514 1933 2584 viginti
1960 2530 2089 2580 uno,
2121 2530 2271 2569 men-

1215 2584 1364 2639 sibus
1419 2586 1692 2640 undecim.
1754 2585 1877 2641 Fuit
1934 2589 2273 2655 temporibus

1215 2656 1577 2723 Coiistautini,
1609 2676 1635 2709 a
1662 2658 1961 2712 Consulatu
1990 2658 2268 2713 Valusiani

1216 2740 1268 2799 et
1298 2726 1529 2782 Anniani
1552 2772 1567 2794 ,
1594 2746 1656 2782 ex
1686 2729 1772 2784 die
1807 2728 1975 2799 pridie
2000 2728 2271 2785 Kalendas

1219 2798 1534 2871 Februarii,
1580 2816 1746 2871 usque
1776 2798 1825 2854 in
1874 2802 2014 2856 diem
2049 2802 2269 2870 (pridie)

1216 2870 1576 2925 Kalendarum
1596 2871 1996 2939 Ianuariarum,
2011 2873 2277 2929 Constan-

1221 2945 1333 2996 tina
1360 2952 1416 2997 et
1439 2945 1635 2999 Albino
1658 2944 1815 2999 Cass.

1292 3013 1503 3069 Marcus
1557 3032 1773 3070 menses
1827 3032 1942 3082 vin,
2002 3016 2117 3072 dies
2180 3034 2271 3071 xx.

1219 3083 1343 3138 Fuit
1388 3087 1724 3154 temporibus
1767 3088 2140 3153 Constantini,
2172 3088 2276 3144 Nc-

1222 3157 1439 3223 potiauo
1461 3166 1517 3210 et
1540 3158 1793 3212 Facundo
1817 3158 2175 3225 Consulibus;
2207 3176 2271 3214 ex

1217 3229 1304 3283 die
1334 3246 1401 3282 xv
1430 3229 1700 3301 Kalendas
1746 3230 2054 3291 Februarii.
2106 3248 2275 3301 usque

1218 3301 1268 3352 in
1294 3300 1434 3353 diem
1468 3300 1739 3356 Nauarnm
1771 3304 2107 3371 Octobrium,
2133 3300 2276 3358 Can-

1218 3371 1424 3424 sulibus
1449 3374 1794 3442 snpradictis.

1287 3443 1535 3498 Julianus
1557 3460 1728 3499 annos
1754 3445 2087 3515 quindecim,
2116 3461 2273 3501 men-

1219 3529 1307 3568 ses
1331 3515 1488 3577 duos,
1510 3518 1625 3572 dies
1647 3532 1763 3572 Sex.
1791 3518 1915 3572 Fuit
1937 3518 2273 3586 temporibus

1218 3586 1558 3652 Constantis,
1593 3605 1620 3641 a
1673 3591 1965 3643 COItsttluitt
2012 3589 2270 3644 Feliciani

1218 3667 1271 3711 et
1302 3660 1517 3720 ’l‘ltiani.
1550 3676 1613 3715 ex
1644 3659 1733 3715 die
1764 3678 1851 3716 vni
1882 3662 2000 3715 ldus
2033 3662 2271 3716 Februa-

1219 3729 1316 3804 rii,
1371 3732 1420 3783 in
1469 3733 1611 3804 diem
1662 3733 1832 3797 pridie
1879 3734 2001 3788 Idus
2039 3734 2263 3804 Aprilis,

1216 3801 1536 3858 Constantio
1570 3803 1604 3857 V
1639 3812 1694 3858 et
1720 3806 2036 3859 Cmtstatttio
2060 3801 2271 3859 Casam

1216 3869 1561 3928 Consulibus.
1636 3876 1732 3930 llic
1784 3882 1976 3930 multas
2041 3876 2270 3930 fabricas

1220 3944 1371 4011 fecit,
1414 3945 1691 4001 basilicam
1735 3947 1789 4003 in
1833 3948 1913 4003 via
1946 3947 2266 4012 Portucusi,

1219 4016 1471 4085 milliaria
1509 4032 1598 4080 ιιι;
1636 4020 1910 4073 basiliCam
1945 4022 1994 4073 in
2032 4020 2113 4073 via
2150 4019 2272 4080 Fiat

1218 4089 1417 4159 minia,
1471 4092 1727 4146 milliaria
1772 4108 1841 4155 ιι,
1889 4108 2008 4159 qua:
2048 4102 2270 4146 Vocatur

1221 4158 1515 4226 Valentini;
1566 4162 1841 4217 basilicam
1872 4163 2102 4229 Iuliam,
2150 4180 2268 4235 qme

1214 4243 1295 4305 est
1337 4235 1558 4305 regione
1589 4249 1691 4298 vn,
1733 4235 1883 4305 juxta
1934 4236 2108 4289 lorum
2155 4233 2268 4288 Divi

1214 4304 1463 4373 Trajani;
1508 4303 1787 4361 basilicam
1820 4318 1969 4361 trans
1994 4306 2231 4361 Tiberim
2252 4348 2265 4371 ,

1216 4379 1437 4445 regione
1466 4392 1579 4440 xiv,
1608 4376 1757 4445 iuxta
1787 4378 2097 4440 Callistum;
2129 4378 2269 4430 basi-

1216 4451 1370 4502 licam
1414 4450 1464 4502 in
1494 4447 1575 4500 via
1624 4450 1870 4517 Aurelia,
1924 4449 2176 4505 milliaria
2211 4463 2268 4503 ιιι

1216 4520 1281 4572 ad
1313 4519 1609 4573 Callistum.

1288 4590 1536 4645 Liberius
1590 4590 1686 4663 luit
1740 4592 2079 4663 temporibus
2130 4589 2270 4645 Con-

1218 4666 1422 4725 stantii,
1450 4677 1517 4717 ex
1568 4662 1656 4718 die
1686 4678 1740 4719 ιι
1772 4662 2038 4718 Kalendas
2058 4662 2263 4723 Iunias,

1219 4736 1271 4788 in
1336 4736 1505 4789 diem.
1552 4772 1567 4786 .
1610 4773 1625 4790 .
1670 4775 1683 4789 .
1732 4776 1745 4789 .
1792 4776 1805 4788 .
1847 4754 1874 4789 a
1948 4736 2271 4790 Consulibus

1218 4806 1534 4862 Constantio
1559 4796 1597 4859 V
1619 4820 1670 4864 ct
1691 4807 2009 4864 Constantio
2032 4808 2268 4864 Ctesare.

1860 5138 1882 5171 ³
1904 5136 1984 5189 Al.
2010 5138 2136 5189 Octo

3276 377 3379 431 454

2556 490 2636 547 SC
2651 491 2658 535 Ἴ
2672 491 2681 540 l
2696 489 3144 548 ELSTRATIUS.

2330 582 2519 645 tribus.
2547 582 2735 637 diebus
2764 585 2943 651 viginti
2970 583 3230 653 quinque.
3263 583 3383 639 Fuit

2333 656 2662 723 tenipotibns
2718 653 3038 708 Diocletiani
3108 672 3158 708 ιιι
3218 656 3385 710 Maxi-

2334 726 2494 778 miani
2516 768 2528 787 ,
2566 742 2627 778 ex
2672 724 2759 778 die
2790 726 2959 790 pridie
2990 725 3259 781 Kalendas
3289 728 3384 781 .In-

2334 796 2431 850 Iias
2452 838 2466 859 ,
2498 814 2525 849 a
2557 794 2881 850 Consulibus
2922 798 3252 852 Diocletiano
3282 799 3342 852 Vl
3366 840 3381 866 ,

2333 876 2389 921 et
2414 868 2733 922 Constan:io
2764 867 2824 928 II,
2851 884 3017 937 usque
3048 871 3097 922 in
3127 873 3385 925 (clausula-

2336 948 2443 991 tum
2513 940 2821 993 Iliorletiani
2871 938 2939 993 IX
2988 949 3043 995 et
3083 941 3383 997 Maximiani

2336 1010 2467 1064 VIII.
2502 1011 2618 1076 Quo
2661 1021 2904 1079 tt-ntpnt'c
2943 1011 3040 1066 fuit
3082 1016 3385 1081 persrcutio

2333 1092 2386 1136 et
2411 1084 2638 1137 cessavit
2667 1082 3026 1150 Episcopatus
3047 1100 3218 1141 annos
3241 1102 3312 1140 vn
3340 1085 3382 1151 ⁸,

2334 1169 2508 1209 mens.
2528 1171 2608 1231 γι,
2637 1155 2752 1209 dies
2783 1171 2912 1209 xxv.

2402 1295 2687 1350 Marcellus
2730 1314 2869 1351 anno
2902 1314 2947 1361 t,
2989 1299 3265 1354 mensibus
3298 1316 3381 1368 vt,

2333 1366 2532 1440 diebus
2548 1383 2638 1422 xx.
2668 1368 2792 1423 Fuit
2813 1372 3146 1440 temporibus
3171 1366 3386 1427 Maxen4

2335 1438 2392 1493 tii
2433 1454 2461 1492 a
2504 1438 2795 1494 Consulatu
2838 1438 3141 1496 Maximiani
3185 1444 3385 1499 Hercu-

2335 1510 2402 1564 lei
2433 1508 2477 1564 Χ
2503 1520 2558 1565 et
2582 1511 2884 1566 Maximiani
2932 1512 3130 1568 Galerii
3156 1514 3265 1580 VII,
3297 1533 3385 1573 us-

2334 1596 2438 1652 que
2461 1588 2578 1651 post
2608 1584 2952 1638 Consulatum
2986 1585 3027 1639 Χ
3058 1598 3109 1641 et
3140 1587 3247 1641 VII.

2408 1725 2674 1797 Eusebius
2714 1743 2927 1783 menses
2954 1743 3025 1793 tv,
3057 1728 3173 1784 dies
3204 1745 3322 1797 xvi,
3356 1745 3385 1785 a

2337 1813 2424 1851 xiv
2464 1796 2747 1869 Kalendas
2780 1801 2921 1862 Maii,
2957 1817 3126 1869 usque
3158 1802 3209 1856 in
3241 1796 3387 1858 diem

2339 1883 2429 1923 xvi
2459 1868 2723 1925 Kalendas
2751 1868 3108 1940 Septembris.

2411 2013 2674 2066 Miltiades
2705 2018 2858 2068 anuis
2888 2016 3079 2082 tribus,
3115 2018 3391 2073 mensibus

2340 2097 2455 2145 sex,
2479 2084 2667 2139 diebus
2690 2097 2833 2150 acta,
2863 2102 2891 2139 a
2916 2087 3001 2141 die
3028 2101 3181 2142 sexto
3213 2090 3393 2147 Nonas

2341 2155 2530 2219 Julius,
2560 2175 2585 2205 ιι
2610 2155 2902 2209 Consulatu
2931 2157 3251 2214 Maximiano
3276 2158 3391 2217 VIII

2343 2227 2459 2300 §tlIII
2480 2269 2493 2291 ,
2521 2228 2665 2300 quod
2711 2228 2807 2281 fuit
2839 2244 3024 2284 mense
3053 2230 3390 2300 Septembri,

2346 2298 2640 2371 Volusiano
2667 2311 2720 2353 et
2761 2300 2989 2365 Rulino,
3034 2298 3202 2371 usque
3231 2305 3281 2357 in
3336 2298 3393 2359 nt

2346 2369 2465 2422 Idus
2489 2370 2747 2433 Januarii,
2783 2372 3071 2427 Volusiano
3108 2369 3159 2429 et
3181 2376 3393 2432 Aniano

2344 2438 2688 2495 Consulibus.

2416 2513 2688 2584 Sylvester
2710 2516 2863 2570 anuis
2882 2514 3071 2585 viginti
3090 2533 3215 2582 uno,
3245 2534 3397 2574 inen-

2344 2584 2496 2637 sibus
2560 2588 2825 2640 undecim.
2882 2587 3002 2641 Fuit
3064 2590 3395 2657 temporibus

2344 2658 2703 2722 Constantini,
2737 2676 2765 2711 ιι
2795 2659 3085 2715 Consolatu
3118 2661 3397 2717 Volusiani

2346 2736 2399 2800 tit
2430 2726 2648 2800 Aniuni,
2681 2744 2743 2783 ex
2786 2729 2872 2783 die
2915 2732 3084 2800 ptidtc
3127 2731 3398 2787 Kalendas

2348 2796 2666 2875 Februarii,
2721 2796 2987 2875 usque'in
3036 2799 3176 2857 diem
3229 2804 3401 2875 pridie

2348 2869 2708 2924 Kalendarum
2738 2872 3111 2927 Ianuariarum
3135 2869 3401 2931 Constan-

2350 2948 2462 2994 tino
2489 2953 2541 2996 et
2565 2944 2760 2998 Albino
2786 2945 3130 3000 Consulibus.

2421 3012 2627 3067 Martius
2695 3032 2908 3071 menses
2942 3034 3084 3087 vni,
3140 3018 3256 3074 dies
3305 3037 3396 3076 xx.

2350 3082 2468 3137 Fuit
2512 3088 2843 3153 temporibus
2888 3082 3261 3156 Constantini,
3292 3091 3397 3147 Ne-

2352 3156 2569 3220 potiaua
2591 3169 2643 3209 et
2671 3156 2922 3212 Facundo
2940 3161 3261 3215 Consulibus
3281 3205 3295 3227 ,
3328 3168 3394 3218 ex'

2348 3227 2436 3302 die
2462 3243 2558 3302 xv“
2582 3228 2806 3282 Kalend.
2842 3228 3116 3286 Februarii
3144 3250 3316 3302 usque
3340 3235 3398 3290 in

2349 3301 2490 3354 diem
2523 3300 2789 3354 Nonarum
2817 3301 3158 3369 Octobrium,
3192 3300 3400 3362 Consu-

2349 3369 2488 3425 libus
2518 3374 2859 3440 supradictis.

2417 3442 2588 3497 Julius
2611 3460 2780 3497 annos
2802 3445 3131 3515 quindecim,
3155 3458 3396 3503 niensem

2347 3529 2532 3589 unum,
2561 3516 2674 3569 dies
2697 3519 2965 3572 undecim.
2994 3518 3114 3572 Fuit
3141 3523 3401 3589 tempori-

2347 3585 2445 3639 bus
2473 3588 2840 3654 COnSLIntini,
2872 3606 2897 3640 a
2930 3590 3223 3644 Consulatu
3255 3585 3397 3646 Foli-

2345 3660 2481 3710 ciani
2513 3671 2563 3710 et
2586 3659 2777 3713 Titiani
2805 3677 2869 3714 ex
2892 3664 2980 3717 die
3005 3678 3092 3715 vni
3150 3662 3272 3718 Idus
3299 3664 3399 3719 Fc-

2347 3728 2569 3804 brmu-ii,
2605 3733 2655 3784 in
2695 3733 2835 3785 diem
2868 3733 3040 3795 pridie
3074 3733 3196 3789 Idus
3241 3737 3401 3804 Apri-

2347 3800 2446 3865 Iis,
2497 3801 2815 3857 Constantio
2864 3804 2922 3869 ν,
2974 3814 3030 3859 et
3078 3800 3399 3863 Constantia

2344 3873 2557 3928 Cazsare
2587 3873 2929 3930 Consulibus.
2964 3877 3057 3931 lIic
3088 3879 3284 3933 multas
3321 3882 3398 3933 fa-

2348 3944 2522 3999 bricas
2568 3945 2713 4000 fecit.
2762 3978 2832 3987 -—
2875 3942 3155 4003 Bistlicatn
3209 3953 3259 4004 iti
3312 3953 3393 4004 via

2344 4014 2626 4071 Pot-tuensi
2653 4018 2904 4072 milliario
2929 4036 3003 4075 nt.
3032 4020 3312 4075 Basilicam
3340 4024 3407 4076 in

2342 4089 2424 4142 via
2468 4090 2730 4145 Flaminia
2773 4092 3024 4146 milliario
3050 4108 3120 4156 ll,
3154 4111 3271 4158 qur.
3297 4110 3392 4147 va-

2340 4171 2495 4214 catur
2524 4161 2833 4225 Valentini;
2862 4164 3145 4218 Basilicam
3167 4164 3389 4229 Juliam,

2342 4248 2473 4303 {piae
2513 4244 2594 4286 est
2640 4235 2856 4303 regione
2884 4251 2982 4292 vn.
3021 4235 3173 4301 juxta
3216 4237 3389 4289 forum

2342 4301 2385 4355 D
2437 4300 3198 4373 Trajani,'Basilicatn’trans
3234 4306 3393 4362 'l‘ibe-
3478 4368 3483 4371 ν

2342 4377 2741 4455 τριηριγτθείιιηθ
2770 4391 2880 4455 xlv,
2910 4378 3063 4455 juxta
3103 4375 3386 4455 Calistom,

2344 4445 2628 4500 Basilicam
2660 4448 2712 4499 in
2744 4450 2822 4501 via
2851 4448 3099 4515 Aurelia,
3141 4450 3393 4506 milliaria

2344 4519 2502 4571 tertio
2525 4518 2588 4570 ad
2619 4515 2896 4572 Calistltttt.

2416 4586 2663 4643 Liberius
2721 4589 2819 4643 fuit
2870 4592 3201 4657 temporibus
3252 4594 3395 4649 Cott-

2342 4663 2586 4719 stantini.
2616 4677 2685 4715 ex
2711 4662 2799 4716 die
2828 4678 2878 4717 xi
2926 4663 3151 4719 Kalend.
3179 4664 3391 4731 lunias,

2345 4731 2398 4785 in
2434 4732 2599 4788 diem.
2644 4772 2657 4786 .
2704 4770 2718 4786 .
2764 4772 2777 4787 .
2819 4750 2848 4787 a
2894 4736 3218 4793 Consulibus
3254 4740 3400 4794 Con-

2344 4805 2543 4859 stantia
2569 4803 2635 4870 ν,
2666 4815 2722 4861 et
2742 4805 3058 4864 Constantio
3087 4808 3323 4865 starc.

1794 5214 1962 5252 verum
1983 5201 2033 5252 in
2059 5200 2179 5252 Cod.
2206 5200 2430 5251 Gramen
2454 5199 2655 5251 habetur
2680 5206 2731 5253 ut
2753 5212 2839 5254 itas
2857 5202 3119 5256 edidimus.

1861 5264 1881 5296 ⁸
1905 5262 2266 5331 Papebrocltius
2306 5261 2421 5329 tegit
2462 5277 2479 5315 .'
2518 5277 2631 5314 ann.
2669 5280 2734 5326 IV,
2771 5280 2975 5319 menses
3013 5282 3078 5332 vi,
3120 5268 3229 5319 dies
3269 5283 3401 5334 xxv;

534 5412 3380 5437 Μ

82 5480 91 5637 ξ
725 5504 1454 5618 DISQUISITIO
1494 5504 1999 5591 GALLICE
2080 5502 2744 5593 ADORNATA.

534 5646 624 5703 DE
660 5646 1168 5706 PRECEDENTIS
1200 5644 1554 5705 CATALOGI
1602 5646 1897 5711 EPOCHA,
1949 5645 2273 5703 AUCTORE
2312 5647 2403 5702 ET
2455 5644 2967 5706 AUCTORI'I'A‘I‘E.

86 5644 91 5881 i
203 5800 461 5877 Postquam
486 5810 622 5865 Itum:
656 5808 948 5881 catdlogttm
992 5812 1087 5868 sub
1132 5812 1309 5868 oculos
1357 5813 1562 5869 tectoria
1597 5828 1689 5881 ρο·
1870 5810 2023 5867 Telle
2049 5820 2132 5866 est
2164 5811 2209 5864 la
2234 5810 2546 5881 Chronique
2568 5810 2666 5867 des
2689 5811 2930 5870 Pantil’es
2963 5817 2967 5871 l

203 5800 461 5877 Postquam
486 5810 622 5865 Itum:
656 5808 948 5885 catdlogttm
992 5812 1087 5868 sub
1132 5812 1309 5868 oculos
1357 5813 1562 5869 tectoria
1597 5828 1689 5886 po-

92 5898 101 5977 ;
148 5906 282 5964 iure,
308 5903 563 5969 sequentia
594 5905 903 5977 sulijuuguut
928 5902 1119 5960 eruditi
1151 5903 1470 5960 Benedictini
1505 5919 1523 5959 :

92 5952 111 6319 l

1870 5810 2023 5867 Telle
2049 5820 2132 5866 est
2164 5811 2209 5864 la
2234 5810 2546 5882 Chronique
2568 5810 2666 5867 des
2689 5811 2930 5870 Pantil’es
2963 5815 3220 5877 Ramains
3264 5838 3399 5882 con-

1809 5919 1914 5959 nue
1932 5917 2061 5959 satis
2088 5903 2137 5957 le
2166 5917 2290 5957 nom
2322 5901 2391 5958 de
2415 5901 2696 5975 cataloguc
2727 5898 2791 5962 de
2822 5904 3035 5965 Libcre.
3081 5913 3256 5971 Avant
3279 5914 3401 5975 d’en
