  <div class='ocr_page' id='page_1' title='image "/cluster/home/n/w/nwhite01/storage/ocr_20150623/13/hvd.32044015471295/241.png"; bbox 0 0 3950 6350; ppageno 0'>
   <div class='ocr_carea' id='block_1_1' title="bbox 319 229 420 286">
    <p class='ocr_par' dir='ltr' id='par_1_1' title="bbox 319 229 420 286">
     <span class='ocr_line' id='line_1_1' title="bbox 319 229 420 286; baseline 0.02 -2"><span class='ocrx_word' id='word_1_1' title='bbox 319 229 420 286; x_wconf 80' lang='grc'><strong>471</strong></span> 
     </span>
    </p>
   </div>
   <div class='ocr_carea' id='block_1_2' title="bbox 1507 227 2445 287">
    <p class='ocr_par' dir='ltr' id='par_1_2' title="bbox 1507 227 2445 287">
     <span class='ocr_line' id='line_1_2' title="bbox 1507 227 2445 287; baseline 0.002 -3"><span class='ocrx_word' id='word_1_2' title='bbox 1507 227 1940 287; x_wconf 85' lang='lat' dir='ltr'><strong>THEODOSIUS</strong></span> <span class='ocrx_word' id='word_1_3' title='bbox 1979 228 2068 286; x_wconf 84' lang='lat' dir='ltr'><strong>ET</strong></span> <span class='ocrx_word' id='word_1_4' title='bbox 2109 227 2445 286; x_wconf 72' lang='lat' dir='ltr'><strong>PACATUS.</strong></span> 
     </span>
    </p>
   </div>
   <div class='ocr_carea' id='block_1_3' title="bbox 3524 231 3636 288">
    <p class='ocr_par' dir='ltr' id='par_1_3' title="bbox 3524 231 3636 288">
     <span class='ocr_line' id='line_1_3' title="bbox 3524 231 3636 288; baseline -0.009 0"><span class='ocrx_word' id='word_1_5' title='bbox 3524 231 3636 288; x_wconf 66' lang='lat'><strong>472</strong></span> 
     </span>
    </p>
   </div>
   <div class='ocr_carea' id='block_1_4' title="bbox 321 343 3636 422">
    <p class='ocr_par' dir='ltr' id='par_1_4' title="bbox 321 343 3636 422">
     <span class='ocr_line' id='line_1_4' title="bbox 321 343 3636 422; baseline 0.002 -22"><span class='ocrx_word' id='word_1_6' title='bbox 321 352 452 400; x_wconf 86' lang='lat' dir='ltr'><strong>vant</strong></span> <span class='ocrx_word' id='word_1_7' title='bbox 475 343 697 416; x_wconf 85' lang='lat' dir='ltr'><strong>jésuite,</strong></span> <span class='ocrx_word' id='word_1_8' title='bbox 735 343 1026 401; x_wconf 88' lang='lat' dir='ltr'><strong>fortement</strong></span> <span class='ocrx_word' id='word_1_9' title='bbox 1059 345 1371 401; x_wconf 83' lang='lat' dir='ltr'><strong>combattue</strong></span> <span class='ocrx_word' id='word_1_10' title='bbox 1412 357 1510 415; x_wconf 87' lang='lat' dir='ltr'><strong>par</strong></span> <span class='ocrx_word' id='word_1_11' title='bbox 1537 344 1586 400; x_wconf 90' lang='lat' dir='ltr'><strong>le</strong></span> <span class='ocrx_word' id='word_1_12' title='bbox 1615 343 1755 401; x_wconf 81' lang='lat' dir='ltr'><strong>Pére</strong></span> <span class='ocrx_word' id='word_1_13' title='bbox 1795 343 1922 416; x_wconf 86' lang='lat' dir='ltr'><strong>Pagi</strong></span> <span class='ocrx_word' id='word_1_14' title='bbox 1950 357 2006 420; x_wconf 72' lang='grc' dir='ltr'><strong>Α</strong></span> <span class='ocrx_word' id='word_1_15' title='bbox 2029 345 2285 418; x_wconf 83' lang='lat' dir='ltr'><strong>pothéses</strong></span> <span class='ocrx_word' id='word_1_16' title='bbox 2309 362 2444 418; x_wconf 87' lang='lat' dir='ltr'><strong>pour</strong></span> <span class='ocrx_word' id='word_1_17' title='bbox 2463 360 2526 404; x_wconf 91' lang='lat' dir='ltr'><strong>ce</strong></span> <span class='ocrx_word' id='word_1_18' title='bbox 2548 347 2773 419; x_wconf 86' lang='lat' dir='ltr'><strong>qu’elles</strong></span> <span class='ocrx_word' id='word_1_19' title='bbox 2805 355 2950 414; x_wconf 86' lang='lat' dir='ltr'><strong>sont;</strong></span> <span class='ocrx_word' id='word_1_20' title='bbox 2983 348 3119 405; x_wconf 88' lang='lat' dir='ltr'><strong>mais</strong></span> <span class='ocrx_word' id='word_1_21' title='bbox 3137 347 3340 406; x_wconf 88' lang='lat' dir='ltr'><strong>devant</strong></span> <span class='ocrx_word' id='word_1_22' title='bbox 3363 348 3636 422; x_wconf 80' lang='lat' dir='ltr'><strong>quelque~</strong></span> 
     </span>
    </p>
   </div>
   <div class='ocr_carea' id='block_1_5' title="bbox 327 436 1931 512">
    <p class='ocr_par' dir='ltr' id='par_1_5' title="bbox 327 436 1931 512">
     <span class='ocr_line' id='line_1_5' title="bbox 327 436 1931 512; baseline 0.001 -19"><span class='ocrx_word' id='word_1_23' title='bbox 327 437 406 512; x_wconf 89' lang='lat' dir='ltr'><strong>(a)</strong></span> <span class='ocrx_word' id='word_1_24' title='bbox 429 452 496 495; x_wconf 90' lang='lat' dir='ltr'><strong>en</strong></span> <span class='ocrx_word' id='word_1_25' title='bbox 519 453 585 494; x_wconf 87' lang='lat' dir='ltr'><strong>ce</strong></span> <span class='ocrx_word' id='word_1_26' title='bbox 606 438 803 510; x_wconf 81' lang='lat' dir='ltr'><strong>qu‘elle</strong></span> <span class='ocrx_word' id='word_1_27' title='bbox 832 447 917 495; x_wconf 90' lang='lat' dir='ltr'><strong>est</strong></span> <span class='ocrx_word' id='word_1_28' title='bbox 961 439 1140 494; x_wconf 85' lang='lat' dir='ltr'><strong>lausse</strong></span> <span class='ocrx_word' id='word_1_29' title='bbox 1165 437 1303 494; x_wconf 85' lang='lat' dir='ltr'><strong>dans</strong></span> <span class='ocrx_word' id='word_1_30' title='bbox 1332 453 1388 494; x_wconf 88' lang='lat' dir='ltr'><strong>sa</strong></span> <span class='ocrx_word' id='word_1_31' title='bbox 1415 436 1733 510; x_wconf 81' lang='lat' dir='ltr'><strong>généralité.</strong></span> <span class='ocrx_word' id='word_1_32' title='bbox 1758 439 1931 510; x_wconf 82' lang='lat' dir='ltr'><strong>expli-</strong></span> 
     </span>
    </p>
   </div>
   <div class='ocr_carea' id='block_1_6' title="bbox 299 526 1931 606">
    <p class='ocr_par' dir='ltr' id='par_1_6' title="bbox 299 526 1931 606">
     <span class='ocr_line' id='line_1_6' title="bbox 299 526 1931 606; baseline 0 -18"><span class='ocrx_word' id='word_1_33' title='bbox 299 526 304 532; x_wconf 78' lang='grc'><em>’</em></span> <span class='ocrx_word' id='word_1_34' title='bbox 329 549 466 605; x_wconf 86' lang='lat' dir='ltr'><strong>quer</strong></span> <span class='ocrx_word' id='word_1_35' title='bbox 487 533 752 606; x_wconf 83' lang='lat' dir='ltr'><strong>quelques</strong></span> <span class='ocrx_word' id='word_1_36' title='bbox 773 547 992 589; x_wconf 90' lang='lat' dir='ltr'><strong>erreurs</strong></span> <span class='ocrx_word' id='word_1_37' title='bbox 1015 533 1309 588; x_wconf 87' lang='lat' dir='ltr'><strong>commises</strong></span> <span class='ocrx_word' id='word_1_38' title='bbox 1342 547 1438 587; x_wconf 90' lang='lat' dir='ltr'><strong>sur</strong></span> <span class='ocrx_word' id='word_1_39' title='bbox 1467 534 1546 588; x_wconf 88' lang='lat' dir='ltr'><strong>les</strong></span> <span class='ocrx_word' id='word_1_40' title='bbox 1572 533 1730 600; x_wconf 90' lang='lat' dir='ltr'><strong>jours</strong></span> <span class='ocrx_word' id='word_1_41' title='bbox 1757 543 1809 588; x_wconf 91' lang='lat' dir='ltr'><strong>et</strong></span> <span class='ocrx_word' id='word_1_42' title='bbox 1851 533 1931 589; x_wconf 86' lang='lat' dir='ltr'><strong>les</strong></span> 
     </span>
    </p>
   </div>
   <div class='ocr_carea' id='block_1_7' title="bbox 327 626 1930 700">
    <p class='ocr_par' dir='ltr' id='par_1_7' title="bbox 327 626 1930 700">
     <span class='ocr_line' id='line_1_7' title="bbox 327 626 1930 700; baseline 0.001 -18"><span class='ocrx_word' id='word_1_43' title='bbox 327 627 490 694; x_wconf 92' lang='lat' dir='ltr'><strong>mois,</strong></span> <span class='ocrx_word' id='word_1_44' title='bbox 509 643 577 682; x_wconf 92' lang='lat' dir='ltr'><strong>au</strong></span> <span class='ocrx_word' id='word_1_45' title='bbox 606 643 801 700; x_wconf 81' lang='lat' dir='ltr'><strong>moyen</strong></span> <span class='ocrx_word' id='word_1_46' title='bbox 831 627 993 684; x_wconf 90' lang='lat' dir='ltr'><strong>d‘une</strong></span> <span class='ocrx_word' id='word_1_47' title='bbox 1021 626 1257 699; x_wconf 87' lang='lat' dir='ltr'><strong>méprise</strong></span> <span class='ocrx_word' id='word_1_48' title='bbox 1283 643 1572 684; x_wconf 83' lang='lat' dir='ltr'><strong>commune</strong></span> <span class='ocrx_word' id='word_1_49' title='bbox 1595 628 1684 699; x_wconf 89' lang='lat' dir='ltr'><strong>qui</strong></span> <span class='ocrx_word' id='word_1_50' title='bbox 1717 627 1930 684; x_wconf 74' lang='lat' dir='ltr'><strong>eht‘fait</strong></span> 
     </span>
    </p>
   </div>
   <div class='ocr_carea' id='block_1_8' title="bbox 328 720 1931 794">
    <p class='ocr_par' dir='ltr' id='par_1_8' title="bbox 328 720 1931 794">
     <span class='ocr_line' id='line_1_8' title="bbox 328 720 1931 794; baseline 0.001 -17"><span class='ocrx_word' id='word_1_51' title='bbox 328 720 562 792; x_wconf 89' lang='lat' dir='ltr'><strong>prendre</strong></span> <span class='ocrx_word' id='word_1_52' title='bbox 610 737 750 792; x_wconf 89' lang='lat' dir='ltr'><strong>pnur</strong></span> <span class='ocrx_word' id='word_1_53' title='bbox 775 723 826 778; x_wconf 90' lang='lat' dir='ltr'><strong>le</strong></span> <span class='ocrx_word' id='word_1_54' title='bbox 864 723 990 792; x_wconf 89' lang='lat' dir='ltr'><strong>jour</strong></span> <span class='ocrx_word' id='word_1_55' title='bbox 1015 722 1082 778; x_wconf 90' lang='lat' dir='ltr'><strong>de</strong></span> <span class='ocrx_word' id='word_1_56' title='bbox 1113 722 1161 777; x_wconf 87' lang='lat' dir='ltr'><strong>la</strong></span> <span class='ocrx_word' id='word_1_57' title='bbox 1188 731 1329 778; x_wconf 92' lang='lat' dir='ltr'><strong>mort</strong></span> <span class='ocrx_word' id='word_1_58' title='bbox 1367 721 1436 777; x_wconf 92' lang='lat' dir='ltr'><strong>de</strong></span> <span class='ocrx_word' id='word_1_59' title='bbox 1467 721 1538 778; x_wconf 90' lang='lat' dir='ltr'><strong>tel</strong></span> <span class='ocrx_word' id='word_1_60' title='bbox 1569 738 1638 776; x_wconf 91' lang='lat' dir='ltr'><strong>nu</strong></span> <span class='ocrx_word' id='word_1_61' title='bbox 1673 721 1743 776; x_wconf 74' lang='grc' dir='ltr'><strong>ιρι</strong></span> <span class='ocrx_word' id='word_1_62' title='bbox 1783 721 1931 794; x_wconf 87' lang='lat' dir='ltr'><strong>Pape</strong></span> 
     </span>
    </p>
   </div>
   <div class='ocr_carea' id='block_1_9' title="bbox 327 816 1931 890">
    <p class='ocr_par' dir='ltr' id='par_1_9' title="bbox 327 816 1931 890">
     <span class='ocr_line' id='line_1_9' title="bbox 327 816 1931 890; baseline -0.001 -14"><span class='ocrx_word' id='word_1_63' title='bbox 327 819 468 876; x_wconf 90' lang='lat' dir='ltr'><strong>cclui</strong></span> <span class='ocrx_word' id='word_1_64' title='bbox 495 820 565 876; x_wconf 91' lang='lat' dir='ltr'><strong>de</strong></span> <span class='ocrx_word' id='word_1_65' title='bbox 591 834 648 876; x_wconf 88' lang='lat' dir='ltr'><strong>sa</strong></span> <span class='ocrx_word' id='word_1_66' title='bbox 677 819 975 890; x_wconf 87' lang='lat' dir='ltr'><strong>sépulture,</strong></span> <span class='ocrx_word' id='word_1_67' title='bbox 1015 819 1207 876; x_wconf 78' lang='lat' dir='ltr'><strong>inserit</strong></span> <span class='ocrx_word' id='word_1_68' title='bbox 1231 834 1328 890; x_wconf 89' lang='lat' dir='ltr'><strong>par</strong></span> <span class='ocrx_word' id='word_1_69' title='bbox 1354 835 1424 874; x_wconf 91' lang='lat' dir='ltr'><strong>un</strong></span> <span class='ocrx_word' id='word_1_70' title='bbox 1453 816 1614 874; x_wconf 82' lang='lat' dir='ltr'><strong>motif</strong></span> <span class='ocrx_word' id='word_1_71' title='bbox 1636 833 1706 874; x_wconf 92' lang='lat' dir='ltr'><strong>ou</strong></span> <span class='ocrx_word' id='word_1_72' title='bbox 1732 833 1829 887; x_wconf 89' lang='lat' dir='ltr'><strong>par</strong></span> <span class='ocrx_word' id='word_1_73' title='bbox 1859 833 1931 874; x_wconf 90' lang='lat' dir='ltr'><strong>un</strong></span> 
     </span>
    </p>
   </div>
   <div class='ocr_carea' id='block_1_10' title="bbox 329 909 1927 984">
    <p class='ocr_par' dir='ltr' id='par_1_10' title="bbox 329 909 1927 984">
     <span class='ocr_line' id='line_1_10' title="bbox 329 909 1927 984; baseline -0.001 -17"><span class='ocrx_word' id='word_1_74' title='bbox 329 922 486 969; x_wconf 88' lang='lat' dir='ltr'><strong>autre</strong></span> <span class='ocrx_word' id='word_1_75' title='bbox 509 926 578 967; x_wconf 92' lang='lat' dir='ltr'><strong>au</strong></span> <span class='ocrx_word' id='word_1_76' title='bbox 605 912 933 969; x_wconf 88' lang='lat' dir='ltr'><strong>calendrier.</strong></span> <span class='ocrx_word' id='word_1_77' title='bbox 975 911 1124 970; x_wconf 87' lang='lat' dir='ltr'><strong>Nous</strong></span> <span class='ocrx_word' id='word_1_78' title='bbox 1151 912 1386 969; x_wconf 90' lang='lat' dir='ltr'><strong>laissons</strong></span> <span class='ocrx_word' id='word_1_79' title='bbox 1414 910 1687 968; x_wconf 82' lang='lat' dir='ltr'><strong>d’ailleurs</strong></span> <span class='ocrx_word' id='word_1_80' title='bbox 1713 925 1804 967; x_wconf 91' lang='lat' dir='ltr'><strong>ces</strong></span> <span class='ocrx_word' id='word_1_81' title='bbox 1827 909 1927 984; x_wconf 80' lang='lat' dir='ltr'><strong>hy-</strong></span> 
     </span>
    </p>
   </div>
   <div class='ocr_carea' id='block_1_11' title="bbox 402 1052 1187 1142">
    <p class='ocr_par' dir='ltr' id='par_1_11' title="bbox 402 1052 1187 1142">
     <span class='ocr_line' id='line_1_11' title="bbox 402 1052 1187 1142; baseline -0.003 -34"><span class='ocrx_word' id='word_1_82' title='bbox 402 1053 483 1126; x_wconf 80' lang='grc' dir='ltr'><strong>(α)</strong></span> <span class='ocrx_word' id='word_1_83' title='bbox 523 1052 700 1142; x_wconf 74' lang='lat' dir='ltr'><strong>Critia.</strong></span> <span class='ocrx_word' id='word_1_84' title='bbox 741 1053 958 1122; x_wconf 75' lang='lat' dir='ltr'><strong>Annal.,</strong></span> <span class='ocrx_word' id='word_1_85' title='bbox 989 1062 1122 1109; x_wconf 90' lang='lat' dir='ltr'><strong>tom.</strong></span> <span class='ocrx_word' id='word_1_86' title='bbox 1148 1068 1187 1108; x_wconf 82' lang='grc' dir='ltr'><strong>ι.</strong></span> 
     </span>
    </p>
   </div>
   <div class='ocr_carea' id='block_1_12' title="bbox 1421 1257 2554 1331">
    <p class='ocr_par' dir='ltr' id='par_1_12' title="bbox 1421 1257 2554 1331">
     <span class='ocr_line' id='line_1_12' title="bbox 1421 1257 2554 1331; baseline -0.004 0"><span class='ocrx_word' id='word_1_87' title='bbox 1421 1257 1592 1331; x_wconf 65' lang='grc' dir='ltr'><strong>Διπῄο</strong></span> <span class='ocrx_word' id='word_1_88' title='bbox 1645 1283 1878 1330; x_wconf 77' lang='lat' dir='ltr'><strong>DOMINI</strong></span> <span class='ocrx_word' id='word_1_89' title='bbox 1922 1283 2554 1329; x_wconf 77' lang='lat' dir='ltr'><strong>cccuxx—cccxcrv.</strong></span> 
     </span>
    </p>
   </div>
   <div class='ocr_carea' id='block_1_13' title="bbox 2038 438 3643 517">
    <p class='ocr_par' dir='ltr' id='par_1_13' title="bbox 2038 438 3643 517">
     <span class='ocr_line' id='line_1_13' title="bbox 2038 438 3643 517; baseline 0.006 -23"><span class='ocrx_word' id='word_1_90' title='bbox 2038 438 2141 496; x_wconf 88' lang='lat' dir='ltr'><strong>fnis</strong></span> <span class='ocrx_word' id='word_1_91' title='bbox 2168 441 2468 498; x_wconf 88' lang='lat' dir='ltr'><strong>combattre</strong></span> <span class='ocrx_word' id='word_1_92' title='bbox 2507 450 2563 497; x_wconf 91' lang='lat' dir='ltr'><strong>et</strong></span> <span class='ocrx_word' id='word_1_93' title='bbox 2605 441 2868 498; x_wconf 87' lang='lat' dir='ltr'><strong>réf&#39;ormer</strong></span> <span class='ocrx_word' id='word_1_94' title='bbox 2912 444 2964 499; x_wconf 88' lang='lat' dir='ltr'><strong>le</strong></span> <span class='ocrx_word' id='word_1_95' title='bbox 2999 442 3293 517; x_wconf 85' lang='lat' dir='ltr'><strong>Catalngue</strong></span> <span class='ocrx_word' id='word_1_96' title='bbox 3330 445 3400 501; x_wconf 91' lang='lat' dir='ltr'><strong>de</strong></span> <span class='ocrx_word' id='word_1_97' title='bbox 3438 445 3643 504; x_wconf 82' lang='lat' dir='ltr'><strong>Lihére</strong></span> 
     </span>
    </p>
   </div>
   <div class='ocr_carea' id='block_1_14' title="bbox 2037 534 3640 610">
    <p class='ocr_par' dir='ltr' id='par_1_14' title="bbox 2037 534 3640 610">
     <span class='ocr_line' id='line_1_14' title="bbox 2037 534 3640 610; baseline 0.006 -20"><span class='ocrx_word' id='word_1_98' title='bbox 2037 534 2172 590; x_wconf 87' lang='lat' dir='ltr'><strong>dans</strong></span> <span class='ocrx_word' id='word_1_99' title='bbox 2198 536 2436 590; x_wconf 88' lang='lat' dir='ltr'><strong>certains</strong></span> <span class='ocrx_word' id='word_1_100' title='bbox 2470 535 2686 602; x_wconf 73' lang='lat' dir='ltr'><strong>details,</strong></span> <span class='ocrx_word' id='word_1_101' title='bbox 2727 553 2864 594; x_wconf 88' lang='lat' dir='ltr'><strong>nons</strong></span> <span class='ocrx_word' id='word_1_102' title='bbox 2905 537 3133 594; x_wconf 89' lang='lat' dir='ltr'><strong>devions</strong></span> <span class='ocrx_word' id='word_1_103' title='bbox 3169 556 3236 594; x_wconf 90' lang='lat' dir='ltr'><strong>au</strong></span> <span class='ocrx_word' id='word_1_104' title='bbox 3267 540 3448 610; x_wconf 82' lang='lat' dir='ltr'><strong>public</strong></span> <span class='ocrx_word' id='word_1_105' title='bbox 3485 549 3640 599; x_wconf 84' lang='lat' dir='ltr'><strong>cette</strong></span> 
     </span>
    </p>
   </div>
   <div class='ocr_carea' id='block_1_15' title="bbox 2036 629 3647 709">
    <p class='ocr_par' dir='ltr' id='par_1_15' title="bbox 2036 629 3647 709">
     <span class='ocr_line' id='line_1_15' title="bbox 2036 629 3647 709; baseline 0.006 -25"><span class='ocrx_word' id='word_1_106' title='bbox 2036 629 2360 700; x_wconf 79' lang='lat' dir='ltr'><strong>explication</strong></span> <span class='ocrx_word' id='word_1_107' title='bbox 2376 629 2617 698; x_wconf 85' lang='lat' dir='ltr'><strong>franche,</strong></span> <span class='ocrx_word' id='word_1_108' title='bbox 2648 630 2735 702; x_wconf 91' lang='lat' dir='ltr'><strong>qui</strong></span> <span class='ocrx_word' id='word_1_109' title='bbox 2766 630 3048 688; x_wconf 87' lang='lat' dir='ltr'><strong>n&#39;affaiblit</strong></span> <span class='ocrx_word' id='word_1_110' title='bbox 3072 649 3139 688; x_wconf 94' lang='lat' dir='ltr'><strong>en</strong></span> <span class='ocrx_word' id='word_1_111' title='bbox 3171 633 3287 690; x_wconf 92' lang='lat' dir='ltr'><strong>rien</strong></span> <span class='ocrx_word' id='word_1_112' title='bbox 3321 634 3352 690; x_wconf 79' lang='grc' dir='ltr'>ξι</span> <span class='ocrx_word' id='word_1_113' title='bbox 3375 650 3472 690; x_wconf 84' lang='lat' dir='ltr'><strong>nos</strong></span> <span class='ocrx_word' id='word_1_114' title='bbox 3493 651 3647 709; x_wconf 76' lang='lat' dir='ltr'><strong>yeux</strong></span> 
     </span>
    </p>
   </div>
   <div class='ocr_carea' id='block_1_16' title="bbox 2037 724 3648 800">
    <p class='ocr_par' dir='ltr' id='par_1_16' title="bbox 2037 724 3648 800">
     <span class='ocr_line' id='line_1_16' title="bbox 2037 724 3648 800; baseline 0.002 -20"><span class='ocrx_word' id='word_1_115' title='bbox 2037 724 2411 795; x_wconf 83' lang='lat' dir='ltr'><strong>l‘importance</strong></span> <span class='ocrx_word' id='word_1_116' title='bbox 2447 724 2515 781; x_wconf 91' lang='lat' dir='ltr'><strong>de</strong></span> <span class='ocrx_word' id='word_1_117' title='bbox 2538 740 2600 782; x_wconf 92' lang='lat' dir='ltr'><strong>ce</strong></span> <span class='ocrx_word' id='word_1_118' title='bbox 2627 735 2966 790; x_wconf 90' lang='lat' dir='ltr'><strong>monument,</strong></span> <span class='ocrx_word' id='word_1_119' title='bbox 2993 726 3099 781; x_wconf 86' lang='lat' dir='ltr'><strong>l&#39;un</strong></span> <span class='ocrx_word' id='word_1_120' title='bbox 3129 726 3226 783; x_wconf 84' lang='lat' dir='ltr'><strong>des</strong></span> <span class='ocrx_word' id='word_1_121' title='bbox 3255 728 3372 800; x_wconf 82' lang='lat' dir='ltr'><strong>plus</strong></span> <span class='ocrx_word' id='word_1_122' title='bbox 3409 727 3648 786; x_wconf 87' lang='lat' dir='ltr'><strong>authen-</strong></span> 
     </span>
    </p>
   </div>
   <div class='ocr_carea' id='block_1_17' title="bbox 2041 816 3181 890">
    <p class='ocr_par' dir='ltr' id='par_1_17' title="bbox 2041 816 3181 890">
     <span class='ocr_line' id='line_1_17' title="bbox 2041 816 3181 890; baseline 0.005 -18"><span class='ocrx_word' id='word_1_123' title='bbox 2041 816 2218 888; x_wconf 78' lang='lat' dir='ltr'><strong>tiques</strong></span> <span class='ocrx_word' id='word_1_124' title='bbox 2243 816 2311 873; x_wconf 92' lang='lat' dir='ltr'><strong>de</strong></span> <span class='ocrx_word' id='word_1_125' title='bbox 2336 826 2487 875; x_wconf 89' lang='lat' dir='ltr'><strong>toute</strong></span> <span class='ocrx_word' id='word_1_126' title='bbox 2510 816 2810 890; x_wconf 79' lang='lat' dir='ltr'><strong>l‘antiquité</strong></span> <span class='ocrx_word' id='word_1_127' title='bbox 2844 817 3181 878; x_wconf 85' lang='lat' dir='ltr'><strong>chrétienne.</strong></span> 
     </span>
    </p>
   </div>
   <div class='ocr_carea' id='block_1_18' title="bbox 631 1424 3352 1600">
    <p class='ocr_par' dir='ltr' id='par_1_18' title="bbox 631 1424 3352 1600">
     <span class='ocr_line' id='line_1_18' title="bbox 631 1424 3352 1600; baseline -0.003 -3"><span class='ocrx_word' id='word_1_128' title='bbox 631 1431 2194 1600; x_wconf 85' lang='lat' dir='ltr'><strong>THEODOSIUS</strong></span> <span class='ocrx_word' id='word_1_129' title='bbox 2370 1424 3352 1594; x_wconf 79' lang='lat' dir='ltr'><strong>MAGNUS</strong></span> 
     </span>
    </p>
   </div>
   <div class='ocr_carea' id='block_1_19' title="bbox 1280 1717 2750 1870">
    <p class='ocr_par' dir='ltr' id='par_1_19' title="bbox 1280 1717 2750 1870">
     <span class='ocr_line' id='line_1_19' title="bbox 1280 1717 2750 1870; baseline 0 -4"><span class='ocrx_word' id='word_1_130' title='bbox 1280 1726 1546 1868; x_wconf 89' lang='lat' dir='ltr'><strong>ET</strong></span> <span class='ocrx_word' id='word_1_131' title='bbox 1679 1717 2750 1870; x_wconf 81' lang='lat' dir='ltr'><strong>PACATUS.</strong></span> 
     </span>
    </p>
   </div>
   <div class='ocr_carea' id='block_1_20' title="bbox 1321 1910 2932 2098">
    <p class='ocr_par' dir='ltr' id='par_1_20' title="bbox 1321 1910 2932 2098">
     <span class='ocr_line' id='line_1_20' title="bbox 1321 1910 2932 2098; baseline -0.027 -36"><span class='ocrx_word' id='word_1_132' title='bbox 1321 1910 2288 2098; x_wconf 45' lang='lat' dir='ltr'><strong>gmw—me?“</strong></span> <span class='ocrx_word' id='word_1_133' title='bbox 2321 1920 2932 2098; x_wconf 45' lang='grc' dir='ltr'><strong>,ὅ</strong></span> 
     </span>
    </p>
   </div>
   <div class='ocr_carea' id='block_1_21' title="bbox 469 2153 535 2210">
    <p class='ocr_par' dir='ltr' id='par_1_21' title="bbox 469 2153 535 2210">
     <span class='ocr_line' id='line_1_21' title="bbox 469 2153 535 2210; baseline 0 -8"><span class='ocrx_word' id='word_1_134' title='bbox 469 2153 535 2210; x_wconf 58' lang='grc' dir='ltr'><strong>(ἢ</strong></span> 
     </span>
    </p>
   </div>
   <div class='ocr_carea' id='block_1_22' title="bbox 1689 2065 2386 2182">
    <p class='ocr_par' dir='ltr' id='par_1_22' title="bbox 1689 2065 2386 2182">
     <span class='ocr_line' id='line_1_22' title="bbox 1689 2065 2386 2182; baseline -0.006 -23"><span class='ocrx_word' id='word_1_135' title='bbox 1689 2074 1931 2176; x_wconf 59' lang='lat' dir='ltr'><strong>tanta</strong></span> <span class='ocrx_word' id='word_1_136' title='bbox 2003 2065 2386 2182; x_wconf 66' lang='lat' dir='ltr'><strong>mima.&quot;</strong></span> 
     </span>
    </p>
   </div>
   <div class='ocr_carea' id='block_1_23' title="bbox 337 2260 3664 2332">
    <p class='ocr_par' dir='ltr' id='par_1_23' title="bbox 337 2260 3664 2332">
     <span class='ocr_line' id='line_1_23' title="bbox 337 2260 3664 2332; baseline -0.004 0"><span class='ocrx_word' id='word_1_137' title='bbox 337 2270 682 2332; x_wconf 79' lang='lat' dir='ltr'><strong>EXIIIBENS</strong></span> <span class='ocrx_word' id='word_1_138' title='bbox 729 2265 1238 2329; x_wconf 79' lang='lat' dir='ltr'><strong>PANEGYRICUM</strong></span> <span class='ocrx_word' id='word_1_139' title='bbox 1278 2263 1531 2324; x_wconf 76' lang='lat' dir='ltr'><strong>PACATI</strong></span> <span class='ocrx_word' id='word_1_140' title='bbox 1567 2261 1967 2321; x_wconf 82' lang='lat' dir='ltr'><strong>THEODOSIO</strong></span> <span class='ocrx_word' id='word_1_141' title='bbox 2005 2261 2250 2320; x_wconf 81' lang='lat' dir='ltr'><strong>MAGNO</strong></span> <span class='ocrx_word' id='word_1_142' title='bbox 2286 2260 2582 2332; x_wconf 83' lang='lat' dir='ltr'><strong>DICTUM,</strong></span> <span class='ocrx_word' id='word_1_143' title='bbox 2631 2261 2699 2320; x_wconf 84' lang='lat' dir='ltr'><strong>IN</strong></span> <span class='ocrx_word' id='word_1_144' title='bbox 2746 2261 2958 2321; x_wconf 81' lang='lat' dir='ltr'><strong>VICEM</strong></span> <span class='ocrx_word' id='word_1_145' title='bbox 3025 2261 3510 2322; x_wconf 67' lang='lat' dir='ltr'><strong>PREFATIONIS</strong></span> <span class='ocrx_word' id='word_1_146' title='bbox 3559 2263 3664 2320; x_wconf 78' lang='lat' dir='ltr'><strong>AD</strong></span> 
     </span>
    </p>
   </div>
   <div class='ocr_carea' id='block_1_24' title="bbox 1489 2354 2512 2415">
    <p class='ocr_par' dir='ltr' id='par_1_24' title="bbox 1489 2354 2512 2415">
     <span class='ocr_line' id='line_1_24' title="bbox 1489 2354 2512 2415; baseline -0.001 -3"><span class='ocrx_word' id='word_1_147' title='bbox 1489 2357 1714 2415; x_wconf 87' lang='lat' dir='ltr'><strong>lLLlUS</strong></span> <span class='ocrx_word' id='word_1_148' title='bbox 1749 2354 2220 2414; x_wconf 81' lang='lat' dir='ltr'><strong>lMPEBATORlS</strong></span> <span class='ocrx_word' id='word_1_149' title='bbox 2259 2355 2512 2412; x_wconf 83' lang='lat' dir='ltr'><strong>OPEBA.</strong></span> 
     </span>
    </p>
   </div>
   <div class='ocr_carea' id='block_1_25' title="bbox 1323 2472 2676 2540">
    <p class='ocr_par' dir='ltr' id='par_1_25' title="bbox 1323 2472 2676 2540">
     <span class='ocr_line' id='line_1_25' title="bbox 1323 2472 2676 2540; baseline 0 -14"><span class='ocrx_word' id='word_1_150' title='bbox 1323 2475 1444 2539; x_wconf 81' lang='lat' dir='ltr'><strong>(Ex</strong></span> <span class='ocrx_word' id='word_1_151' title='bbox 1488 2475 1780 2540; x_wconf 77' lang='lat' dir='ltr'><strong>Panegyric.</strong></span> <span class='ocrx_word' id='word_1_152' title='bbox 1826 2472 1964 2528; x_wconf 85' lang='lat' dir='ltr'><strong>Vett.</strong></span> <span class='ocrx_word' id='word_1_153' title='bbox 2009 2474 2181 2527; x_wconf 83' lang='lat' dir='ltr'><strong>Jacobi</strong></span> <span class='ocrx_word' id='word_1_154' title='bbox 2221 2475 2286 2526; x_wconf 91' lang='lat' dir='ltr'><strong>de</strong></span> <span class='ocrx_word' id='word_1_155' title='bbox 2328 2472 2378 2525; x_wconf 89' lang='lat' dir='ltr'><strong>la</strong></span> <span class='ocrx_word' id='word_1_156' title='bbox 2421 2473 2676 2538; x_wconf 81' lang='lat' dir='ltr'><strong>Baume.)</strong></span> 
     </span>
    </p>
   </div>
   <div class='ocr_carea' id='block_1_26' title="bbox 559 2695 1730 2762">
    <p class='ocr_par' dir='ltr' id='par_1_26' title="bbox 559 2695 1730 2762">
     <span class='ocr_line' id='line_1_26' title="bbox 559 2695 1730 2762; baseline -0.007 -2"><span class='ocrx_word' id='word_1_157' title='bbox 559 2699 1029 2762; x_wconf 81' lang='lat' dir='ltr'><strong>INTRODUCTIO</strong></span> <span class='ocrx_word' id='word_1_158' title='bbox 1067 2699 1161 2757; x_wconf 77' lang='lat' dir='ltr'><strong>AD</strong></span> <span class='ocrx_word' id='word_1_159' title='bbox 1204 2695 1730 2756; x_wconf 80' lang='lat' dir='ltr'><strong>PANEGVRICUM.</strong></span> 
     </span>
    </p>
   </div>
   <div class='ocr_carea' id='block_1_27' title="bbox 451 2813 1832 2893">
    <p class='ocr_par' dir='ltr' id='par_1_27' title="bbox 451 2813 1832 2893">
     <span class='ocr_line' id='line_1_27' title="bbox 451 2813 1832 2893; baseline -0.005 -17"><span class='ocrx_word' id='word_1_160' title='bbox 451 2822 480 2893; x_wconf 83' lang='lat'><strong>§</strong></span> <span class='ocrx_word' id='word_1_161' title='bbox 523 2821 564 2876; x_wconf 88' lang='grc'><strong>1.</strong></span> <span class='ocrx_word' id='word_1_162' title='bbox 607 2818 776 2874; x_wconf 73' lang='lat' dir='ltr'><strong>Index</strong></span> <span class='ocrx_word' id='word_1_163' title='bbox 801 2816 1196 2891; x_wconf 85' lang='lat' dir='ltr'><strong>chronologicus</strong></span> <span class='ocrx_word' id='word_1_164' title='bbox 1230 2825 1489 2887; x_wconf 82' lang='lat' dir='ltr'><strong>gestorum</strong></span> <span class='ocrx_word' id='word_1_165' title='bbox 1535 2813 1832 2870; x_wconf 81' lang='lat' dir='ltr'><strong>Theodosii.</strong></span> 
     </span>
    </p>
   </div>
   <div class='ocr_carea' id='block_1_28' title="bbox 375 2930 1905 3002">
    <p class='ocr_par' dir='ltr' id='par_1_28' title="bbox 375 2930 1905 3002">
     <span class='ocr_line' id='line_1_28' title="bbox 375 2930 1905 3002; baseline -0.005 -9"><span class='ocrx_word' id='word_1_166' title='bbox 375 2939 527 2993; x_wconf 80' lang='lat' dir='ltr'><strong>Anno</strong></span> <span class='ocrx_word' id='word_1_167' title='bbox 559 2935 627 2992; x_wconf 83' lang='grc' dir='ltr'><strong>υ.</strong></span> <span class='ocrx_word' id='word_1_168' title='bbox 675 2934 734 2992; x_wconf 90' lang='lat' dir='ltr'><strong>C.</strong></span> <span class='ocrx_word' id='word_1_169' title='bbox 771 2933 942 3001; x_wconf 74' lang='grc'><strong>1098,</strong></span> <span class='ocrx_word' id='word_1_170' title='bbox 968 2932 1160 2990; x_wconf 83' lang='lat' dir='ltr'><strong>Christi</strong></span> <span class='ocrx_word' id='word_1_171' title='bbox 1189 2931 1318 2999; x_wconf 72' lang='grc'><strong>545,</strong></span> <span class='ocrx_word' id='word_1_172' title='bbox 1339 2930 1663 2988; x_wconf 71' lang='lat' dir='ltr'><strong>Constantini</strong></span> <span class='ocrx_word' id='word_1_173' title='bbox 1693 2932 1818 3002; x_wconf 86' lang='lat' dir='ltr'><strong>imp.</strong></span> <span class='ocrx_word' id='word_1_174' title='bbox 1849 2931 1905 2987; x_wconf 90' lang='lat'><strong>9.</strong></span> 
     </span>
    </p>
   </div>
   <div class='ocr_carea' id='block_1_29' title="bbox 414 3023 1944 3096">
    <p class='ocr_par' dir='ltr' id='par_1_29' title="bbox 414 3023 1944 3096">
     <span class='ocr_line' id='line_1_29' title="bbox 414 3023 1944 3096; baseline -0.004 -11"><span class='ocrx_word' id='word_1_175' title='bbox 414 3027 635 3085; x_wconf 81' lang='lat' dir='ltr'><strong>Flavius</strong></span> <span class='ocrx_word' id='word_1_176' title='bbox 655 3025 998 3083; x_wconf 86' lang='lat' dir='ltr'><strong>Theodosius</strong></span> <span class='ocrx_word' id='word_1_177' title='bbox 1025 3024 1239 3092; x_wconf 90' lang='lat' dir='ltr'><strong>Senior,</strong></span> <span class='ocrx_word' id='word_1_178' title='bbox 1265 3026 1380 3080; x_wconf 84' lang='lat' dir='ltr'><strong>sive</strong></span> <span class='ocrx_word' id='word_1_179' title='bbox 1400 3023 1644 3096; x_wconf 83' lang='lat' dir='ltr'><strong>Magnus.</strong></span> <span class='ocrx_word' id='word_1_180' title='bbox 1670 3033 1822 3094; x_wconf 89' lang='lat' dir='ltr'><strong>patre</strong></span> <span class='ocrx_word' id='word_1_181' title='bbox 1839 3039 1944 3080; x_wconf 91' lang='lat' dir='ltr'><strong>non</strong></span> 
     </span>
    </p>
   </div>
   <div class='ocr_carea' id='block_1_30' title="bbox 342 3117 1946 3189">
    <p class='ocr_par' dir='ltr' id='par_1_30' title="bbox 342 3117 1946 3189">
     <span class='ocr_line' id='line_1_30' title="bbox 342 3117 1946 3189; baseline -0.004 -10"><span class='ocrx_word' id='word_1_182' title='bbox 342 3121 657 3189; x_wconf 89' lang='lat' dir='ltr'><strong>Theodoro,</strong></span> <span class='ocrx_word' id='word_1_183' title='bbox 691 3128 752 3176; x_wconf 92' lang='lat' dir='ltr'><strong>ut</strong></span> <span class='ocrx_word' id='word_1_184' title='bbox 776 3119 852 3175; x_wconf 88' lang='lat' dir='ltr'><strong>ait</strong></span> <span class='ocrx_word' id='word_1_185' title='bbox 872 3119 1009 3176; x_wconf 79' lang='lat' dir='ltr'><strong>Aur.</strong></span> <span class='ocrx_word' id='word_1_186' title='bbox 1042 3118 1250 3184; x_wconf 83' lang='lat' dir='ltr'><strong>Victor,</strong></span> <span class='ocrx_word' id='word_1_187' title='bbox 1269 3117 1363 3173; x_wconf 87' lang='lat' dir='ltr'><strong>sed</strong></span> <span class='ocrx_word' id='word_1_188' title='bbox 1385 3117 1719 3180; x_wconf 84' lang='lat' dir='ltr'><strong>Theodosio.</strong></span> <span class='ocrx_word' id='word_1_189' title='bbox 1750 3125 1806 3172; x_wconf 89' lang='lat' dir='ltr'><strong>et</strong></span> <span class='ocrx_word' id='word_1_190' title='bbox 1831 3131 1946 3173; x_wconf 88' lang='lat' dir='ltr'><strong>ma-</strong></span> 
     </span>
    </p>
   </div>
   <div class='ocr_carea' id='block_1_31' title="bbox 341 3208 1948 3281">
    <p class='ocr_par' dir='ltr' id='par_1_31' title="bbox 341 3208 1948 3281">
     <span class='ocr_line' id='line_1_31' title="bbox 341 3208 1948 3281; baseline -0.005 -9"><span class='ocrx_word' id='word_1_191' title='bbox 341 3226 427 3272; x_wconf 90' lang='lat' dir='ltr'><strong>tre</strong></span> <span class='ocrx_word' id='word_1_192' title='bbox 453 3213 800 3272; x_wconf 87' lang='lat' dir='ltr'><strong>Thermantia</strong></span> <span class='ocrx_word' id='word_1_193' title='bbox 822 3253 838 3277; x_wconf 92' lang='lat'><strong>,</strong></span> <span class='ocrx_word' id='word_1_194' title='bbox 871 3211 1111 3268; x_wconf 89' lang='lat' dir='ltr'><strong>nascitur</strong></span> <span class='ocrx_word' id='word_1_195' title='bbox 1138 3211 1192 3266; x_wconf 91' lang='lat' dir='ltr'><strong>in</strong></span> <span class='ocrx_word' id='word_1_196' title='bbox 1237 3208 1495 3281; x_wconf 83' lang='lat' dir='ltr'><strong>Hispania</strong></span> <span class='ocrx_word' id='word_1_197' title='bbox 1517 3251 1531 3274; x_wconf 98' lang='lat'><strong>,</strong></span> <span class='ocrx_word' id='word_1_198' title='bbox 1567 3208 1654 3264; x_wconf 92' lang='lat' dir='ltr'><strong>ubi</strong></span> <span class='ocrx_word' id='word_1_199' title='bbox 1686 3208 1948 3265; x_wconf 90' lang='lat' dir='ltr'><strong>educatus</strong></span> 
     </span>
    </p>
   </div>
   <div class='ocr_carea' id='block_1_32' title="bbox 341 3301 1947 3375">
    <p class='ocr_par' dir='ltr' id='par_1_32' title="bbox 341 3301 1947 3375">
     <span class='ocr_line' id='line_1_32' title="bbox 341 3301 1947 3375; baseline -0.005 -8"><span class='ocrx_word' id='word_1_200' title='bbox 341 3318 429 3367; x_wconf 89' lang='lat' dir='ltr'><strong>est</strong></span> <span class='ocrx_word' id='word_1_201' title='bbox 459 3310 511 3364; x_wconf 92' lang='lat' dir='ltr'><strong>in</strong></span> <span class='ocrx_word' id='word_1_202' title='bbox 537 3312 675 3364; x_wconf 87' lang='lat' dir='ltr'><strong>urbe</strong></span> <span class='ocrx_word' id='word_1_203' title='bbox 701 3305 879 3364; x_wconf 87' lang='lat' dir='ltr'><strong>Cauca</strong></span> <span class='ocrx_word' id='word_1_204' title='bbox 905 3306 1176 3364; x_wconf 68' lang='lat' dir='ltr'><strong>Gallzecia:</strong></span> <span class='ocrx_word' id='word_1_205' title='bbox 1199 3303 1496 3375; x_wconf 73' lang='lat' dir='ltr'><strong>provincias</strong></span> <span class='ocrx_word' id='word_1_206' title='bbox 1515 3345 1531 3371; x_wconf 90' lang='lat'><strong>,</strong></span> <span class='ocrx_word' id='word_1_207' title='bbox 1557 3311 1616 3358; x_wconf 92' lang='lat' dir='ltr'><strong>ut</strong></span> <span class='ocrx_word' id='word_1_208' title='bbox 1647 3301 1816 3360; x_wconf 80' lang='lat' dir='ltr'><strong>refert</strong></span> <span class='ocrx_word' id='word_1_209' title='bbox 1844 3303 1947 3360; x_wconf 89' lang='grc' dir='ltr'><strong>Ζο-</strong></span> 
     </span>
    </p>
   </div>
   <div class='ocr_carea' id='block_1_33' title="bbox 342 3395 1946 3471">
    <p class='ocr_par' dir='ltr' id='par_1_33' title="bbox 342 3395 1946 3471">
     <span class='ocr_line' id='line_1_33' title="bbox 342 3395 1946 3471; baseline -0.004 -11"><span class='ocrx_word' id='word_1_210' title='bbox 342 3404 513 3460; x_wconf 89' lang='lat' dir='ltr'><strong>simus</strong></span> <span class='ocrx_word' id='word_1_211' title='bbox 537 3446 552 3471; x_wconf 88' lang='lat'><strong>,</strong></span> <span class='ocrx_word' id='word_1_212' title='bbox 581 3403 667 3460; x_wconf 89' lang='lat' dir='ltr'><strong>vel</strong></span> <span class='ocrx_word' id='word_1_213' title='bbox 693 3413 752 3458; x_wconf 91' lang='lat' dir='ltr'><strong>ut</strong></span> <span class='ocrx_word' id='word_1_214' title='bbox 792 3400 1136 3460; x_wconf 83' lang='lat' dir='ltr'><strong>Marcellinus</strong></span> <span class='ocrx_word' id='word_1_215' title='bbox 1162 3399 1268 3466; x_wconf 87' lang='lat' dir='ltr'><strong>ait,</strong></span> <span class='ocrx_word' id='word_1_216' title='bbox 1304 3397 1506 3456; x_wconf 75' lang='lat' dir='ltr'><strong>Italicae</strong></span> <span class='ocrx_word' id='word_1_217' title='bbox 1545 3399 1598 3455; x_wconf 94' lang='lat' dir='ltr'><strong>in</strong></span> <span class='ocrx_word' id='word_1_218' title='bbox 1626 3395 1844 3469; x_wconf 89' lang='lat' dir='ltr'><strong>Trajani</strong></span> <span class='ocrx_word' id='word_1_219' title='bbox 1866 3440 1881 3465; x_wconf 93' lang='lat'><strong>,</strong></span> <span class='ocrx_word' id='word_1_220' title='bbox 1913 3413 1946 3454; x_wconf 88' lang='lat' dir='ltr'><strong>a</strong></span> 
     </span>
    </p>
   </div>
   <div class='ocr_carea' id='block_1_34' title="bbox 343 3494 1153 3569">
    <p class='ocr_par' dir='ltr' id='par_1_34' title="bbox 343 3494 1153 3569">
     <span class='ocr_line' id='line_1_34' title="bbox 343 3494 1153 3569; baseline -0.007 -15"><span class='ocrx_word' id='word_1_221' title='bbox 343 3513 450 3569; x_wconf 88' lang='lat' dir='ltr'><strong>quo</strong></span> <span class='ocrx_word' id='word_1_222' title='bbox 477 3510 651 3568; x_wconf 85' lang='lat' dir='ltr'><strong>genus</strong></span> <span class='ocrx_word' id='word_1_223' title='bbox 678 3495 930 3562; x_wconf 77' lang='lat' dir='ltr'><strong>ducebat,</strong></span> <span class='ocrx_word' id='word_1_224' title='bbox 961 3494 1153 3566; x_wconf 88' lang='lat' dir='ltr'><strong>patria.</strong></span> 
     </span>
    </p>
   </div>
   <div class='ocr_carea' id='block_1_35' title="bbox 346 3605 1946 3676">
    <p class='ocr_par' dir='ltr' id='par_1_35' title="bbox 346 3605 1946 3676">
     <span class='ocr_line' id='line_1_35' title="bbox 346 3605 1946 3676; baseline -0.003 -10"><span class='ocrx_word' id='word_1_225' title='bbox 346 3610 444 3666; x_wconf 77' lang='lat' dir='ltr'><strong>An.</strong></span> <span class='ocrx_word' id='word_1_226' title='bbox 473 3609 540 3665; x_wconf 80' lang='grc' dir='ltr'><strong>Η.</strong></span> <span class='ocrx_word' id='word_1_227' title='bbox 574 3609 820 3676; x_wconf 58' lang='grc'><strong>01119,</strong></span> <span class='ocrx_word' id='word_1_228' title='bbox 844 3607 1036 3664; x_wconf 74' lang='lat' dir='ltr'><strong>Christi</strong></span> <span class='ocrx_word' id='word_1_229' title='bbox 1063 3606 1202 3675; x_wconf 73' lang='lat'><strong>366,</strong></span> <span class='ocrx_word' id='word_1_230' title='bbox 1243 3606 1598 3662; x_wconf 80' lang='lat' dir='ltr'><strong>Valentiniani</strong></span> <span class='ocrx_word' id='word_1_231' title='bbox 1635 3617 1683 3664; x_wconf 91' lang='lat' dir='ltr'><strong>et</strong></span> <span class='ocrx_word' id='word_1_232' title='bbox 1715 3605 1946 3662; x_wconf 77' lang='lat' dir='ltr'><strong>Valentis</strong></span> 
     </span>
    </p>
   </div>
   <div class='ocr_carea' id='block_1_36' title="bbox 632 3701 1656 3777">
    <p class='ocr_par' dir='ltr' id='par_1_36' title="bbox 632 3701 1656 3777">
     <span class='ocr_line' id='line_1_36' title="bbox 632 3701 1656 3777; baseline -0.004 -17"><span class='ocrx_word' id='word_1_233' title='bbox 632 3706 800 3777; x_wconf 80' lang='lat' dir='ltr'><strong><em>Augg.</em></strong></span> <span class='ocrx_word' id='word_1_234' title='bbox 849 3704 976 3776; x_wconf 88' lang='lat' dir='ltr'><strong>imp.</strong></span> <span class='ocrx_word' id='word_1_235' title='bbox 1001 3704 1070 3771; x_wconf 77' lang='grc'><strong>5,</strong></span> <span class='ocrx_word' id='word_1_236' title='bbox 1103 3701 1363 3757; x_wconf 86' lang='lat' dir='ltr'><strong>Theodos.</strong></span> <span class='ocrx_word' id='word_1_237' title='bbox 1396 3711 1538 3758; x_wconf 72' lang='lat' dir='ltr'><strong>artat.</strong></span> <span class='ocrx_word' id='word_1_238' title='bbox 1564 3702 1656 3757; x_wconf 94' lang='lat'><strong>2|.</strong></span> 
     </span>
    </p>
   </div>
   <div class='ocr_carea' id='block_1_37' title="bbox 419 3816 1944 3889">
    <p class='ocr_par' dir='ltr' id='par_1_37' title="bbox 419 3816 1944 3889">
     <span class='ocr_line' id='line_1_37' title="bbox 419 3816 1944 3889; baseline -0.002 -12"><span class='ocrx_word' id='word_1_239' title='bbox 419 3819 556 3878; x_wconf 91' lang='lat' dir='ltr'><strong>Cum</strong></span> <span class='ocrx_word' id='word_1_240' title='bbox 603 3825 752 3876; x_wconf 88' lang='lat' dir='ltr'><strong>esset</strong></span> <span class='ocrx_word' id='word_1_241' title='bbox 790 3817 969 3874; x_wconf 89' lang='lat' dir='ltr'><strong>adhuc</strong></span> <span class='ocrx_word' id='word_1_242' title='bbox 1013 3816 1336 3874; x_wconf 89' lang='lat' dir='ltr'><strong>adolescens</strong></span> <span class='ocrx_word' id='word_1_243' title='bbox 1365 3819 1626 3889; x_wconf 69' lang='lat' dir='ltr'><strong>prmclara</strong></span> <span class='ocrx_word' id='word_1_244' title='bbox 1677 3819 1865 3874; x_wconf 86' lang='lat' dir='ltr'><strong>habuit</strong></span> <span class='ocrx_word' id='word_1_245' title='bbox 1892 3819 1944 3874; x_wconf 92' lang='lat' dir='ltr'><strong>in</strong></span> 
     </span>
    </p>
   </div>
   <div class='ocr_carea' id='block_1_38' title="bbox 345 3909 1942 3985">
    <p class='ocr_par' dir='ltr' id='par_1_38' title="bbox 345 3909 1942 3985">
     <span class='ocr_line' id='line_1_38' title="bbox 345 3909 1942 3985; baseline 0.001 -19"><span class='ocrx_word' id='word_1_246' title='bbox 345 3923 500 3985; x_wconf 88' lang='lat' dir='ltr'><strong>patre</strong></span> <span class='ocrx_word' id='word_1_247' title='bbox 541 3911 752 3968; x_wconf 63' lang='lat' dir='ltr'><strong>bellica;</strong></span> <span class='ocrx_word' id='word_1_248' title='bbox 775 3910 994 3966; x_wconf 88' lang='lat' dir='ltr'><strong>virtutis</strong></span> <span class='ocrx_word' id='word_1_249' title='bbox 1021 3909 1307 3980; x_wconf 77' lang='lat' dir='ltr'><strong>exempla,</strong></span> <span class='ocrx_word' id='word_1_250' title='bbox 1341 3926 1574 3983; x_wconf 90' lang='lat' dir='ltr'><strong>namque</strong></span> <span class='ocrx_word' id='word_1_251' title='bbox 1607 3912 1651 3968; x_wconf 90' lang='lat' dir='ltr'><strong>is</strong></span> <span class='ocrx_word' id='word_1_252' title='bbox 1680 3911 1942 3980; x_wconf 88' lang='lat' dir='ltr'><strong>Francos,</strong></span> 
     </span>
    </p>
   </div>
   <div class='ocr_carea' id='block_1_39' title="bbox 343 4001 1946 4072">
    <p class='ocr_par' dir='ltr' id='par_1_39' title="bbox 343 4001 1946 4072">
     <span class='ocr_line' id='line_1_39' title="bbox 343 4001 1946 4072; baseline 0.001 -10"><span class='ocrx_word' id='word_1_253' title='bbox 343 4016 402 4062; x_wconf 90' lang='lat' dir='ltr'><strong>et</strong></span> <span class='ocrx_word' id='word_1_254' title='bbox 425 4005 668 4062; x_wconf 80' lang='lat' dir='ltr'><strong>Saxonas</strong></span> <span class='ocrx_word' id='word_1_255' title='bbox 692 4004 759 4060; x_wconf 87' lang='lat' dir='ltr'><strong>ad</strong></span> <span class='ocrx_word' id='word_1_256' title='bbox 782 4003 1031 4060; x_wconf 80' lang='lat' dir='ltr'><strong>Rhenum</strong></span> <span class='ocrx_word' id='word_1_257' title='bbox 1056 4014 1114 4060; x_wconf 88' lang='lat' dir='ltr'><strong>et</strong></span> <span class='ocrx_word' id='word_1_258' title='bbox 1141 4001 1390 4060; x_wconf 89' lang='lat' dir='ltr'><strong>Vahalim</strong></span> <span class='ocrx_word' id='word_1_259' title='bbox 1419 4004 1472 4060; x_wconf 93' lang='lat' dir='ltr'><strong>in</strong></span> <span class='ocrx_word' id='word_1_260' title='bbox 1501 4004 1722 4060; x_wconf 83' lang='lat' dir='ltr'><strong>Batavia</strong></span> <span class='ocrx_word' id='word_1_261' title='bbox 1746 4049 1760 4072; x_wconf 95' lang='lat'><strong>,</strong></span> <span class='ocrx_word' id='word_1_262' title='bbox 1796 4015 1852 4062; x_wconf 90' lang='lat' dir='ltr'><strong>et</strong></span> <span class='ocrx_word' id='word_1_263' title='bbox 1879 4006 1946 4063; x_wconf 91' lang='lat' dir='ltr'><strong>ad</strong></span> 
     </span>
    </p>
   </div>
   <div class='ocr_carea' id='block_1_40' title="bbox 344 4097 893 4155">
    <p class='ocr_par' dir='ltr' id='par_1_40' title="bbox 344 4097 893 4155">
     <span class='ocr_line' id='line_1_40' title="bbox 344 4097 893 4155; baseline -0.007 0"><span class='ocrx_word' id='word_1_264' title='bbox 344 4097 643 4155; x_wconf 88' lang='lat' dir='ltr'><strong>Bononiam</strong></span> <span class='ocrx_word' id='word_1_265' title='bbox 668 4099 893 4154; x_wconf 88' lang='lat' dir='ltr'><strong>attrivit.</strong></span> 
     </span>
    </p>
   </div>
   <div class='ocr_carea' id='block_1_41' title="bbox 342 4193 1952 4263">
    <p class='ocr_par' dir='ltr' id='par_1_41' title="bbox 342 4193 1952 4263">
     <span class='ocr_line' id='line_1_41' title="bbox 342 4193 1952 4263; baseline -0.001 -12"><span class='ocrx_word' id='word_1_266' title='bbox 342 4194 444 4251; x_wconf 79' lang='lat' dir='ltr'><strong>An.</strong></span> <span class='ocrx_word' id='word_1_267' title='bbox 480 4194 549 4251; x_wconf 90' lang='lat' dir='ltr'><strong>U.</strong></span> <span class='ocrx_word' id='word_1_268' title='bbox 573 4193 806 4263; x_wconf 79' lang='lat' dir='ltr'><strong>C.H20,</strong></span> <span class='ocrx_word' id='word_1_269' title='bbox 839 4193 1030 4250; x_wconf 76' lang='lat' dir='ltr'><strong>Christi</strong></span> <span class='ocrx_word' id='word_1_270' title='bbox 1069 4193 1174 4251; x_wconf 75' lang='lat'><strong>367</strong></span> <span class='ocrx_word' id='word_1_271' title='bbox 1201 4236 1216 4261; x_wconf 93' lang='lat'><strong>,</strong></span> <span class='ocrx_word' id='word_1_272' title='bbox 1252 4193 1604 4249; x_wconf 81' lang='lat' dir='ltr'><strong>Valentiniani</strong></span> <span class='ocrx_word' id='word_1_273' title='bbox 1623 4205 1670 4248; x_wconf 87' lang='lat' dir='ltr'><strong>et</strong></span> <span class='ocrx_word' id='word_1_274' title='bbox 1719 4193 1952 4249; x_wconf 84' lang='lat' dir='ltr'><strong>Valentis</strong></span> 
     </span>
    </p>
   </div>
   <div class='ocr_carea' id='block_1_42' title="bbox 379 4285 1910 4360">
    <p class='ocr_par' dir='ltr' id='par_1_42' title="bbox 379 4285 1910 4360">
     <span class='ocr_line' id='line_1_42' title="bbox 379 4285 1910 4360; baseline -0.002 -15"><span class='ocrx_word' id='word_1_275' title='bbox 379 4288 552 4360; x_wconf 80' lang='lat' dir='ltr'><strong><em>Augg.</em></strong></span> <span class='ocrx_word' id='word_1_276' title='bbox 581 4289 711 4360; x_wconf 86' lang='lat' dir='ltr'><strong>imp.</strong></span> <span class='ocrx_word' id='word_1_277' title='bbox 737 4289 790 4355; x_wconf 76' lang='grc'><strong>4,</strong></span> <span class='ocrx_word' id='word_1_278' title='bbox 822 4287 1060 4344; x_wconf 78' lang='lat' dir='ltr'><strong>Gratiani</strong></span> <span class='ocrx_word' id='word_1_279' title='bbox 1093 4289 1223 4358; x_wconf 88' lang='lat' dir='ltr'><strong>imp.</strong></span> <span class='ocrx_word' id='word_1_280' title='bbox 1250 4287 1314 4356; x_wconf 92' lang='grc'><strong>1,</strong></span> <span class='ocrx_word' id='word_1_281' title='bbox 1347 4285 1603 4342; x_wconf 82' lang='lat' dir='ltr'><strong>Theodos.</strong></span> <span class='ocrx_word' id='word_1_282' title='bbox 1634 4295 1774 4342; x_wconf 78' lang='lat' dir='ltr'><strong>wtat.</strong></span> <span class='ocrx_word' id='word_1_283' title='bbox 1817 4287 1910 4342; x_wconf 85' lang='lat'><strong>22.</strong></span> 
     </span>
    </p>
   </div>
   <div class='ocr_carea' id='block_1_43' title="bbox 414 4363 1951 4452">
    <p class='ocr_par' dir='ltr' id='par_1_43' title="bbox 414 4363 1951 4452">
     <span class='ocr_line' id='line_1_43' title="bbox 414 4363 1951 4452; baseline 0.001 -16"><span class='ocrx_word' id='word_1_284' title='bbox 414 4380 752 4438; x_wconf 78' lang='lat' dir='ltr'><strong>Theodosius</strong></span> <span class='ocrx_word' id='word_1_285' title='bbox 781 4390 934 4452; x_wconf 89' lang='lat' dir='ltr'><strong>pater</strong></span> <span class='ocrx_word' id='word_1_286' title='bbox 965 4363 1018 4436; x_wconf 86' lang='lat' dir='ltr'><strong>in</strong></span> <span class='ocrx_word' id='word_1_287' title='bbox 1051 4380 1385 4436; x_wconf 86' lang='lat' dir='ltr'><strong>Britanniam</strong></span> <span class='ocrx_word' id='word_1_288' title='bbox 1413 4394 1535 4435; x_wconf 93' lang='lat' dir='ltr'><strong>cum</strong></span> <span class='ocrx_word' id='word_1_289' title='bbox 1565 4381 1808 4436; x_wconf 82' lang='lat' dir='ltr'><strong>exercitu</strong></span> <span class='ocrx_word' id='word_1_290' title='bbox 1823 4382 1951 4438; x_wconf 83' lang='lat' dir='ltr'><strong>mis-</strong></span> 
     </span>
    </p>
   </div>
   <div class='ocr_carea' id='block_1_44' title="bbox 342 4474 1948 4548">
    <p class='ocr_par' dir='ltr' id='par_1_44' title="bbox 342 4474 1948 4548">
     <span class='ocr_line' id='line_1_44' title="bbox 342 4474 1948 4548; baseline -0.001 -15"><span class='ocrx_word' id='word_1_291' title='bbox 342 4490 440 4533; x_wconf 85' lang='lat' dir='ltr'><strong>sus</strong></span> <span class='ocrx_word' id='word_1_292' title='bbox 460 4476 819 4548; x_wconf 85' lang='lat' dir='ltr'><strong>quadriennio</strong></span> <span class='ocrx_word' id='word_1_293' title='bbox 866 4485 1032 4532; x_wconf 89' lang='lat' dir='ltr'><strong>totam</strong></span> <span class='ocrx_word' id='word_1_294' title='bbox 1063 4484 1253 4547; x_wconf 85' lang='lat' dir='ltr'><strong>pacat,</strong></span> <span class='ocrx_word' id='word_1_295' title='bbox 1283 4474 1630 4531; x_wconf 90' lang='lat' dir='ltr'><strong>Valentinum</strong></span> <span class='ocrx_word' id='word_1_296' title='bbox 1657 4483 1948 4547; x_wconf 85' lang='lat' dir='ltr'><strong>tyrannum</strong></span> 
     </span>
    </p>
   </div>
   <div class='ocr_carea' id='block_1_45' title="bbox 341 4569 1948 4643">
    <p class='ocr_par' dir='ltr' id='par_1_45' title="bbox 341 4569 1948 4643">
     <span class='ocr_line' id='line_1_45' title="bbox 341 4569 1948 4643; baseline 0.001 -17"><span class='ocrx_word' id='word_1_297' title='bbox 341 4569 620 4643; x_wconf 88' lang='lat' dir='ltr'><strong>opprimit.</strong></span> <span class='ocrx_word' id='word_1_298' title='bbox 674 4571 915 4643; x_wconf 86' lang='lat' dir='ltr'><strong>Utroque</strong></span> <span class='ocrx_word' id='word_1_299' title='bbox 957 4572 1009 4626; x_wconf 93' lang='lat' dir='ltr'><strong>in</strong></span> <span class='ocrx_word' id='word_1_300' title='bbox 1066 4570 1211 4626; x_wconf 91' lang='lat' dir='ltr'><strong>bello</strong></span> <span class='ocrx_word' id='word_1_301' title='bbox 1254 4569 1620 4627; x_wconf 83' lang='lat' dir='ltr'><strong>Theodosium</strong></span> <span class='ocrx_word' id='word_1_302' title='bbox 1667 4570 1768 4626; x_wconf 89' lang='lat' dir='ltr'><strong>sub</strong></span> <span class='ocrx_word' id='word_1_303' title='bbox 1795 4581 1948 4642; x_wconf 89' lang='lat' dir='ltr'><strong>patre</strong></span> 
     </span>
    </p>
   </div>
   <div class='ocr_carea' id='block_1_46' title="bbox 337 4664 1950 4732">
    <p class='ocr_par' dir='ltr' id='par_1_46' title="bbox 337 4664 1950 4732">
     <span class='ocr_line' id='line_1_46' title="bbox 337 4664 1950 4732; baseline 0.002 -14"><span class='ocrx_word' id='word_1_304' title='bbox 337 4664 604 4732; x_wconf 79' lang='lat' dir='ltr'><strong>meruisse</strong></span> <span class='ocrx_word' id='word_1_305' title='bbox 632 4665 836 4720; x_wconf 91' lang='lat' dir='ltr'><strong>indicat</strong></span> <span class='ocrx_word' id='word_1_306' title='bbox 855 4665 1196 4728; x_wconf 85' lang='lat' dir='ltr'><strong>Ammianus,</strong></span> <span class='ocrx_word' id='word_1_307' title='bbox 1219 4679 1340 4720; x_wconf 93' lang='lat' dir='ltr'><strong>cum</strong></span> <span class='ocrx_word' id='word_1_308' title='bbox 1368 4665 1443 4719; x_wconf 90' lang='lat' dir='ltr'><strong>ait</strong></span> <span class='ocrx_word' id='word_1_309' title='bbox 1472 4665 1763 4719; x_wconf 78' lang='lat' dir='ltr'><strong>Maximum</strong></span> <span class='ocrx_word' id='word_1_310' title='bbox 1793 4677 1950 4721; x_wconf 86' lang='lat' dir='ltr'><strong>ante-</strong></span> 
     </span>
    </p>
   </div>
   <div class='ocr_carea' id='block_1_47' title="bbox 340 4757 1948 4833">
    <p class='ocr_par' dir='ltr' id='par_1_47' title="bbox 340 4757 1948 4833">
     <span class='ocr_line' id='line_1_47' title="bbox 340 4757 1948 4833; baseline 0.001 -20"><span class='ocrx_word' id='word_1_311' title='bbox 340 4775 502 4833; x_wconf 87' lang='lat' dir='ltr'><strong>quam</strong></span> <span class='ocrx_word' id='word_1_312' title='bbox 533 4759 586 4815; x_wconf 92' lang='lat' dir='ltr'><strong>in</strong></span> <span class='ocrx_word' id='word_1_313' title='bbox 620 4759 894 4814; x_wconf 74' lang='lat' dir='ltr'><strong>Britannia</strong></span> <span class='ocrx_word' id='word_1_314' title='bbox 928 4758 1268 4833; x_wconf 89' lang='lat' dir='ltr'><strong>tyrannidem</strong></span> <span class='ocrx_word' id='word_1_315' title='bbox 1295 4758 1644 4829; x_wconf 85' lang='lat' dir='ltr'><strong>reprimeret,</strong></span> <span class='ocrx_word' id='word_1_316' title='bbox 1670 4757 1948 4815; x_wconf 77' lang='lat' dir='ltr'><strong>Theodosii</strong></span> 
     </span>
    </p>
   </div>
   <div class='ocr_carea' id='block_1_48' title="bbox 343 4851 1598 4926">
    <p class='ocr_par' dir='ltr' id='par_1_48' title="bbox 343 4851 1598 4926">
     <span class='ocr_line' id='line_1_48' title="bbox 343 4851 1598 4926; baseline 0.002 -21"><span class='ocrx_word' id='word_1_317' title='bbox 343 4853 598 4926; x_wconf 80' lang='lat' dir='ltr'><strong>principis</strong></span> <span class='ocrx_word' id='word_1_318' title='bbox 618 4853 673 4908; x_wconf 89' lang='lat' dir='ltr'><strong>in</strong></span> <span class='ocrx_word' id='word_1_319' title='bbox 698 4851 974 4908; x_wconf 79' lang='lat' dir='ltr'><strong>Britannia</strong></span> <span class='ocrx_word' id='word_1_320' title='bbox 996 4853 1390 4908; x_wconf 80' lang='lat' dir='ltr'><strong>commilitonem</strong></span> <span class='ocrx_word' id='word_1_321' title='bbox 1418 4852 1598 4924; x_wconf 80' lang='lat' dir='ltr'><strong>fuisse.</strong></span> 
     </span>
    </p>
   </div>
   <div class='ocr_carea' id='block_1_49' title="bbox 343 4964 1945 5034">
    <p class='ocr_par' dir='ltr' id='par_1_49' title="bbox 343 4964 1945 5034">
     <span class='ocr_line' id='line_1_49' title="bbox 343 4964 1945 5034; baseline 0.001 -12"><span class='ocrx_word' id='word_1_322' title='bbox 343 4964 447 5024; x_wconf 76' lang='lat' dir='ltr'><strong>An.</strong></span> <span class='ocrx_word' id='word_1_323' title='bbox 479 4967 547 5023; x_wconf 82' lang='grc' dir='ltr'><strong>Π.</strong></span> <span class='ocrx_word' id='word_1_324' title='bbox 577 4967 636 5023; x_wconf 83' lang='lat' dir='ltr'><strong>C.</strong></span> <span class='ocrx_word' id='word_1_325' title='bbox 673 4967 836 5027; x_wconf 77' lang='lat' dir='ltr'><strong>H25,</strong></span> <span class='ocrx_word' id='word_1_326' title='bbox 863 4966 1058 5023; x_wconf 79' lang='lat' dir='ltr'><strong>Christi</strong></span> <span class='ocrx_word' id='word_1_327' title='bbox 1085 4967 1216 5034; x_wconf 79' lang='lat'><strong>570,</strong></span> <span class='ocrx_word' id='word_1_328' title='bbox 1259 4966 1607 5023; x_wconf 83' lang='lat' dir='ltr'><strong>Valentiniani</strong></span> <span class='ocrx_word' id='word_1_329' title='bbox 1635 4979 1680 5024; x_wconf 88' lang='lat' dir='ltr'><strong>et</strong></span> <span class='ocrx_word' id='word_1_330' title='bbox 1713 4969 1945 5024; x_wconf 85' lang='lat' dir='ltr'><strong>Valentis</strong></span> 
     </span>
    </p>
   </div>
   <div class='ocr_carea' id='block_1_50' title="bbox 381 5058 1903 5134">
    <p class='ocr_par' dir='ltr' id='par_1_50' title="bbox 381 5058 1903 5134">
     <span class='ocr_line' id='line_1_50' title="bbox 381 5058 1903 5134; baseline 0.002 -20"><span class='ocrx_word' id='word_1_331' title='bbox 381 5061 550 5132; x_wconf 80' lang='lat' dir='ltr'><strong>Augg.</strong></span> <span class='ocrx_word' id='word_1_332' title='bbox 574 5062 703 5133; x_wconf 85' lang='lat' dir='ltr'><strong>imp.</strong></span> <span class='ocrx_word' id='word_1_333' title='bbox 737 5062 793 5130; x_wconf 88' lang='lat'><strong>7,</strong></span> <span class='ocrx_word' id='word_1_334' title='bbox 817 5058 1057 5116; x_wconf 84' lang='lat' dir='ltr'><strong>Gratiani</strong></span> <span class='ocrx_word' id='word_1_335' title='bbox 1093 5061 1218 5134; x_wconf 89' lang='lat' dir='ltr'><strong>imp.</strong></span> <span class='ocrx_word' id='word_1_336' title='bbox 1247 5061 1313 5128; x_wconf 70' lang='grc'><strong>4,</strong></span> <span class='ocrx_word' id='word_1_337' title='bbox 1349 5059 1604 5116; x_wconf 82' lang='lat' dir='ltr'><strong>Theodos.</strong></span> <span class='ocrx_word' id='word_1_338' title='bbox 1636 5072 1778 5117; x_wconf 80' lang='lat' dir='ltr'><strong>(ctat.</strong></span> <span class='ocrx_word' id='word_1_339' title='bbox 1811 5063 1903 5118; x_wconf 82' lang='lat'><strong>25.</strong></span> 
     </span>
    </p>
   </div>
   <div class='ocr_carea' id='block_1_51' title="bbox 415 5151 1942 5225">
    <p class='ocr_par' dir='ltr' id='par_1_51' title="bbox 415 5151 1942 5225">
     <span class='ocr_line' id='line_1_51' title="bbox 415 5151 1942 5225; baseline 0.003 -19"><span class='ocrx_word' id='word_1_340' title='bbox 415 5151 756 5208; x_wconf 72' lang='lat' dir='ltr'><strong>TheodOsius</strong></span> <span class='ocrx_word' id='word_1_341' title='bbox 799 5163 952 5223; x_wconf 90' lang='lat' dir='ltr'><strong>pater</strong></span> <span class='ocrx_word' id='word_1_342' title='bbox 1001 5162 1122 5225; x_wconf 90' lang='lat' dir='ltr'><strong>post</strong></span> <span class='ocrx_word' id='word_1_343' title='bbox 1152 5163 1396 5224; x_wconf 90' lang='lat' dir='ltr'><strong>pacatam</strong></span> <span class='ocrx_word' id='word_1_344' title='bbox 1440 5152 1771 5210; x_wconf 85' lang='lat' dir='ltr'><strong>Britanniam</strong></span> <span class='ocrx_word' id='word_1_345' title='bbox 1803 5153 1942 5211; x_wconf 83' lang='lat' dir='ltr'><strong>Cou-</strong></span> 
     </span>
    </p>
   </div>
   <div class='ocr_carea' id='block_1_52' title="bbox 339 5245 936 5316">
    <p class='ocr_par' dir='ltr' id='par_1_52' title="bbox 339 5245 936 5316">
     <span class='ocr_line' id='line_1_52' title="bbox 339 5245 936 5316; baseline -0.005 -14"><span class='ocrx_word' id='word_1_346' title='bbox 339 5246 752 5316; x_wconf 83' lang='lat' dir='ltr'><strong>stantinopolim</strong></span> <span class='ocrx_word' id='word_1_347' title='bbox 778 5245 936 5302; x_wconf 83' lang='lat' dir='ltr'><strong>redit.</strong></span> 
     </span>
    </p>
   </div>
   <div class='ocr_carea' id='block_1_53' title="bbox 341 5337 1939 5405">
    <p class='ocr_par' dir='ltr' id='par_1_53' title="bbox 341 5337 1939 5405">
     <span class='ocr_line' id='line_1_53' title="bbox 341 5337 1939 5405; baseline 0.004 -13"><span class='ocrx_word' id='word_1_348' title='bbox 341 5338 445 5392; x_wconf 82' lang='lat' dir='ltr'><strong>An.</strong></span> <span class='ocrx_word' id='word_1_349' title='bbox 507 5337 575 5394; x_wconf 81' lang='grc' dir='ltr'><strong>υ.</strong></span> <span class='ocrx_word' id='word_1_350' title='bbox 621 5337 890 5404; x_wconf 72' lang='grc'><strong>(3.1125,</strong></span> <span class='ocrx_word' id='word_1_351' title='bbox 923 5337 1112 5394; x_wconf 80' lang='lat' dir='ltr'><strong>Christi</strong></span> <span class='ocrx_word' id='word_1_352' title='bbox 1137 5338 1266 5405; x_wconf 78' lang='lat'><strong>572,</strong></span> <span class='ocrx_word' id='word_1_353' title='bbox 1326 5338 1588 5394; x_wconf 87' lang='lat' dir='ltr'><strong>Valentin.</strong></span> <span class='ocrx_word' id='word_1_354' title='bbox 1629 5349 1678 5396; x_wconf 89' lang='lat' dir='ltr'><strong>et</strong></span> <span class='ocrx_word' id='word_1_355' title='bbox 1730 5339 1939 5399; x_wconf 85' lang='lat' dir='ltr'><strong>Valent.</strong></span> 
     </span>
    </p>
   </div>
   <div class='ocr_carea' id='block_1_54' title="bbox 378 5431 1903 5505">
    <p class='ocr_par' dir='ltr' id='par_1_54' title="bbox 378 5431 1903 5505">
     <span class='ocr_line' id='line_1_54' title="bbox 378 5431 1903 5505; baseline 0.003 -20"><span class='ocrx_word' id='word_1_356' title='bbox 378 5431 548 5505; x_wconf 81' lang='lat' dir='ltr'><strong>Augg.</strong></span> <span class='ocrx_word' id='word_1_357' title='bbox 575 5433 704 5505; x_wconf 87' lang='lat' dir='ltr'><strong>imp.</strong></span> <span class='ocrx_word' id='word_1_358' title='bbox 733 5433 787 5500; x_wconf 91' lang='lat'><strong>9,</strong></span> <span class='ocrx_word' id='word_1_359' title='bbox 817 5433 1058 5488; x_wconf 85' lang='lat' dir='ltr'><strong>Gratian.</strong></span> <span class='ocrx_word' id='word_1_360' title='bbox 1098 5434 1225 5505; x_wconf 89' lang='lat' dir='ltr'><strong>imp.</strong></span> <span class='ocrx_word' id='word_1_361' title='bbox 1255 5433 1289 5489; x_wconf 90' lang='lat'><strong>6</strong></span> <span class='ocrx_word' id='word_1_362' title='bbox 1314 5474 1331 5500; x_wconf 89' lang='lat'><strong>,</strong></span> <span class='ocrx_word' id='word_1_363' title='bbox 1356 5433 1618 5489; x_wconf 77' lang='lat' dir='ltr'><strong>Theodos.</strong></span> <span class='ocrx_word' id='word_1_364' title='bbox 1641 5445 1784 5494; x_wconf 74' lang='lat' dir='ltr'><strong>artat.</strong></span> <span class='ocrx_word' id='word_1_365' title='bbox 1811 5437 1903 5492; x_wconf 91' lang='lat'><strong>27.</strong></span> 
     </span>
    </p>
   </div>
   <div class='ocr_carea' id='block_1_55' title="bbox 413 5526 1940 5600">
    <p class='ocr_par' dir='ltr' id='par_1_55' title="bbox 413 5526 1940 5600">
     <span class='ocr_line' id='line_1_55' title="bbox 413 5526 1940 5600; baseline 0.003 -19"><span class='ocrx_word' id='word_1_366' title='bbox 413 5526 550 5582; x_wconf 90' lang='lat' dir='ltr'><strong>Dum</strong></span> <span class='ocrx_word' id='word_1_367' title='bbox 585 5538 737 5598; x_wconf 88' lang='lat' dir='ltr'><strong>pater</strong></span> <span class='ocrx_word' id='word_1_368' title='bbox 763 5536 875 5583; x_wconf 92' lang='lat' dir='ltr'><strong>tum</strong></span> <span class='ocrx_word' id='word_1_369' title='bbox 891 5529 1129 5600; x_wconf 90' lang='lat' dir='ltr'><strong>equitum</strong></span> <span class='ocrx_word' id='word_1_370' title='bbox 1157 5528 1413 5599; x_wconf 79' lang='lat' dir='ltr'><strong>magister</strong></span> <span class='ocrx_word' id='word_1_371' title='bbox 1438 5529 1768 5584; x_wconf 82' lang='lat' dir='ltr'><strong>Alamannos</strong></span> <span class='ocrx_word' id='word_1_372' title='bbox 1795 5538 1940 5586; x_wconf 89' lang='lat' dir='ltr'><strong>metu</strong></span> 
     </span>
    </p>
   </div>
   <div class='ocr_carea' id='block_1_56' title="bbox 340 5616 1942 5693">
    <p class='ocr_par' dir='ltr' id='par_1_56' title="bbox 340 5616 1942 5693">
     <span class='ocr_line' id='line_1_56' title="bbox 340 5616 1942 5693; baseline 0.003 -21"><span class='ocrx_word' id='word_1_373' title='bbox 340 5616 621 5688; x_wconf 87' lang='lat' dir='ltr'><strong>dispersos</strong></span> <span class='ocrx_word' id='word_1_374' title='bbox 651 5616 938 5692; x_wconf 77' lang='lat' dir='ltr'><strong>aggressus</strong></span> <span class='ocrx_word' id='word_1_375' title='bbox 969 5636 1066 5692; x_wconf 91' lang='lat' dir='ltr'><strong>per</strong></span> <span class='ocrx_word' id='word_1_376' title='bbox 1097 5621 1335 5676; x_wconf 76' lang='lat' dir='ltr'><strong>Bhtelias</strong></span> <span class='ocrx_word' id='word_1_377' title='bbox 1378 5621 1575 5692; x_wconf 84' lang='lat' dir='ltr'><strong>partim</strong></span> <span class='ocrx_word' id='word_1_378' title='bbox 1605 5621 1787 5688; x_wconf 57' lang='lat' dir='ltr'><strong>caedit.</strong></span> <span class='ocrx_word' id='word_1_379' title='bbox 1821 5637 1942 5693; x_wconf 86' lang='lat' dir='ltr'><strong>par-</strong></span> 
     </span>
    </p>
   </div>
   <div class='ocr_carea' id='block_1_57' title="bbox 337 5709 1938 5788">
    <p class='ocr_par' dir='ltr' id='par_1_57' title="bbox 337 5709 1938 5788">
     <span class='ocr_line' id='line_1_57' title="bbox 337 5709 1938 5788; baseline 0.003 -24"><span class='ocrx_word' id='word_1_380' title='bbox 337 5711 435 5764; x_wconf 89' lang='lat' dir='ltr'><strong>tim</strong></span> <span class='ocrx_word' id='word_1_381' title='bbox 462 5712 516 5766; x_wconf 93' lang='lat' dir='ltr'><strong>in</strong></span> <span class='ocrx_word' id='word_1_382' title='bbox 550 5711 762 5769; x_wconf 87' lang='lat' dir='ltr'><strong>Italiam</strong></span> <span class='ocrx_word' id='word_1_383' title='bbox 798 5714 1022 5770; x_wconf 90' lang='lat' dir='ltr'><strong>abducit</strong></span> <span class='ocrx_word' id='word_1_384' title='bbox 1046 5757 1061 5780; x_wconf 88' lang='lat'><strong>,</strong></span> <span class='ocrx_word' id='word_1_385' title='bbox 1089 5715 1206 5788; x_wconf 87' lang='lat' dir='ltr'><strong>ipse</strong></span> <span class='ocrx_word' id='word_1_386' title='bbox 1235 5714 1438 5772; x_wconf 68' lang='lat' dir='ltr'><strong>Mmsia:</strong></span> <span class='ocrx_word' id='word_1_387' title='bbox 1464 5709 1572 5770; x_wconf 76' lang='lat' dir='ltr'><strong>dux</strong></span> <span class='ocrx_word' id='word_1_388' title='bbox 1603 5729 1730 5770; x_wconf 90' lang='lat' dir='ltr'><strong>cum</strong></span> <span class='ocrx_word' id='word_1_389' title='bbox 1760 5722 1938 5781; x_wconf 85' lang='lat' dir='ltr'><strong>esset,</strong></span> 
     </span>
    </p>
   </div>
   <div class='ocr_carea' id='block_1_58' title="bbox 341 5799 1940 5880">
    <p class='ocr_par' dir='ltr' id='par_1_58' title="bbox 341 5799 1940 5880">
     <span class='ocr_line' id='line_1_58' title="bbox 341 5799 1940 5880; baseline 0.004 -23"><span class='ocrx_word' id='word_1_390' title='bbox 341 5799 543 5861; x_wconf 70' lang='lat' dir='ltr'><strong>bellum</strong></span> <span class='ocrx_word' id='word_1_391' title='bbox 591 5817 778 5863; x_wconf 85' lang='lat' dir='ltr'><strong>contra</strong></span> <span class='ocrx_word' id='word_1_392' title='bbox 811 5807 1028 5877; x_wconf 80' lang='lat' dir='ltr'><strong>Quados</strong></span> <span class='ocrx_word' id='word_1_393' title='bbox 1073 5807 1275 5866; x_wconf 78' lang='lat' dir='ltr'><strong>infelici</strong></span> <span class='ocrx_word' id='word_1_394' title='bbox 1307 5808 1456 5867; x_wconf 79' lang='lat' dir='ltr'><strong>exitu</strong></span> <span class='ocrx_word' id='word_1_395' title='bbox 1499 5806 1808 5880; x_wconf 79' lang='lat' dir='ltr'><strong>susceptum</strong></span> <span class='ocrx_word' id='word_1_396' title='bbox 1857 5806 1940 5864; x_wconf 51' lang='lat' dir='ltr'><strong>in:</strong></span> 
     </span>
    </p>
   </div>
   <div class='ocr_carea' id='block_1_59' title="bbox 1975 2696 3614 2775">
    <p class='ocr_par' dir='ltr' id='par_1_59' title="bbox 1975 2696 3614 2775">
     <span class='ocr_line' id='line_1_59' title="bbox 1975 2696 3614 2775; baseline 0.004 -23"><span class='ocrx_word' id='word_1_397' title='bbox 1975 2700 2024 2762; x_wconf 88' lang='lat' dir='ltr'><strong>B</strong></span> <span class='ocrx_word' id='word_1_398' title='bbox 2053 2705 2263 2753; x_wconf 85' lang='lat' dir='ltr'><strong>staurat</strong></span> <span class='ocrx_word' id='word_1_399' title='bbox 2289 2705 2342 2754; x_wconf 88' lang='lat' dir='ltr'><strong>et</strong></span> <span class='ocrx_word' id='word_1_400' title='bbox 2369 2696 2649 2756; x_wconf 88' lang='lat' dir='ltr'><strong>Sarmatas</strong></span> <span class='ocrx_word' id='word_1_401' title='bbox 2679 2699 2926 2772; x_wconf 87' lang='lat' dir='ltr'><strong>reprimit</strong></span> <span class='ocrx_word' id='word_1_402' title='bbox 2953 2700 3277 2772; x_wconf 80' lang='lat' dir='ltr'><strong>(Ammianus</strong></span> <span class='ocrx_word' id='word_1_403' title='bbox 3326 2701 3364 2756; x_wconf 92' lang='lat' dir='ltr'><strong>l.</strong></span> <span class='ocrx_word' id='word_1_404' title='bbox 3398 2701 3614 2775; x_wconf 76' lang='lat' dir='ltr'><strong>xxvut).</strong></span> 
     </span>
    </p>
   </div>
   <div class='ocr_carea' id='block_1_60' title="bbox 2049 2789 3646 2866">
    <p class='ocr_par' dir='ltr' id='par_1_60' title="bbox 2049 2789 3646 2866">
     <span class='ocr_line' id='line_1_60' title="bbox 2049 2789 3646 2866; baseline 0.004 -20"><span class='ocrx_word' id='word_1_405' title='bbox 2049 2790 2149 2846; x_wconf 78' lang='lat' dir='ltr'><strong>An.</strong></span> <span class='ocrx_word' id='word_1_406' title='bbox 2181 2791 2250 2848; x_wconf 77' lang='grc' dir='ltr'><strong>ΙΙ.</strong></span> <span class='ocrx_word' id='word_1_407' title='bbox 2273 2789 2332 2848; x_wconf 89' lang='lat' dir='ltr'><strong>C.</strong></span> <span class='ocrx_word' id='word_1_408' title='bbox 2361 2792 2525 2860; x_wconf 82' lang='lat' dir='ltr'><strong>H26,</strong></span> <span class='ocrx_word' id='word_1_409' title='bbox 2555 2790 2750 2849; x_wconf 78' lang='lat' dir='ltr'><strong>Christi</strong></span> <span class='ocrx_word' id='word_1_410' title='bbox 2769 2794 2898 2862; x_wconf 79' lang='lat'><strong>575,</strong></span> <span class='ocrx_word' id='word_1_411' title='bbox 2937 2793 3206 2851; x_wconf 86' lang='lat' dir='ltr'><strong>Valentin.</strong></span> <span class='ocrx_word' id='word_1_412' title='bbox 3232 2805 3282 2850; x_wconf 85' lang='lat' dir='ltr'><strong>et</strong></span> <span class='ocrx_word' id='word_1_413' title='bbox 3319 2793 3521 2853; x_wconf 78' lang='lat' dir='ltr'><strong>Valent.</strong></span> <span class='ocrx_word' id='word_1_414' title='bbox 3554 2797 3646 2866; x_wconf 87' lang='grc'><strong>10,</strong></span> 
     </span>
    </p>
   </div>
   <div class='ocr_carea' id='block_1_61' title="bbox 2406 2886 3609 2956">
    <p class='ocr_par' dir='ltr' id='par_1_61' title="bbox 2406 2886 3609 2956">
     <span class='ocr_line' id='line_1_61' title="bbox 2406 2886 3609 2956; baseline 0.002 -14"><span class='ocrx_word' id='word_1_415' title='bbox 2406 2886 2646 2943; x_wconf 83' lang='lat' dir='ltr'><strong>Gratiani</strong></span> <span class='ocrx_word' id='word_1_416' title='bbox 2668 2888 2721 2954; x_wconf 90' lang='lat'><strong>7,</strong></span> <span class='ocrx_word' id='word_1_417' title='bbox 2751 2886 3010 2944; x_wconf 86' lang='lat' dir='ltr'><strong>Theodos.</strong></span> <span class='ocrx_word' id='word_1_418' title='bbox 3042 2897 3182 2944; x_wconf 63' lang='lat' dir='ltr'><strong>attat.</strong></span> <span class='ocrx_word' id='word_1_419' title='bbox 3196 2888 3288 2945; x_wconf 88' lang='lat'><strong>28.</strong></span> <span class='ocrx_word' id='word_1_420' title='bbox 3600 2948 3609 2956; x_wconf 64' lang='grc'><strong>,</strong></span> 
     </span>
    </p>
   </div>
   <div class='ocr_carea' id='block_1_62' title="bbox 2119 2977 3656 3058">
    <p class='ocr_par' dir='ltr' id='par_1_62' title="bbox 2119 2977 3656 3058">
     <span class='ocr_line' id='line_1_62' title="bbox 2119 2977 3656 3058; baseline 0.004 -24"><span class='ocrx_word' id='word_1_421' title='bbox 2119 2977 2462 3036; x_wconf 86' lang='lat' dir='ltr'><strong>Theodosius</strong></span> <span class='ocrx_word' id='word_1_422' title='bbox 2508 2990 2660 3050; x_wconf 90' lang='lat' dir='ltr'><strong>pater</strong></span> <span class='ocrx_word' id='word_1_423' title='bbox 2708 2979 2950 3058; x_wconf 85' lang='lat' dir='ltr'><strong>Firmum</strong></span> <span class='ocrx_word' id='word_1_424' title='bbox 3001 2980 3197 3038; x_wconf 70' lang='lat' dir='ltr'><strong>Africa:</strong></span> <span class='ocrx_word' id='word_1_425' title='bbox 3247 2995 3536 3054; x_wconf 82' lang='lat' dir='ltr'><strong>tyrannum</strong></span> <span class='ocrx_word' id='word_1_426' title='bbox 3584 2983 3656 3040; x_wconf 87' lang='lat' dir='ltr'><strong>ad</strong></span> 
     </span>
    </p>
   </div>
   <div class='ocr_carea' id='block_1_63' title="bbox 2049 3073 3656 3146">
    <p class='ocr_par' dir='ltr' id='par_1_63' title="bbox 2049 3073 3656 3146">
     <span class='ocr_line' id='line_1_63' title="bbox 2049 3073 3656 3146; baseline 0.003 -17"><span class='ocrx_word' id='word_1_427' title='bbox 2049 3073 2380 3130; x_wconf 88' lang='lat' dir='ltr'><strong>deditionem</strong></span> <span class='ocrx_word' id='word_1_428' title='bbox 2408 3075 2584 3146; x_wconf 86' lang='lat' dir='ltr'><strong>cogit,</strong></span> <span class='ocrx_word' id='word_1_429' title='bbox 2612 3073 2773 3146; x_wconf 89' lang='lat' dir='ltr'><strong>atque</strong></span> <span class='ocrx_word' id='word_1_430' title='bbox 2811 3075 3007 3132; x_wconf 90' lang='lat' dir='ltr'><strong>iterum</strong></span> <span class='ocrx_word' id='word_1_431' title='bbox 3051 3076 3404 3133; x_wconf 89' lang='lat' dir='ltr'><strong>rebellantem</strong></span> <span class='ocrx_word' id='word_1_432' title='bbox 3454 3077 3522 3134; x_wconf 91' lang='lat' dir='ltr'><strong>ad</strong></span> <span class='ocrx_word' id='word_1_433' title='bbox 3577 3079 3656 3134; x_wconf 86' lang='lat' dir='ltr'><strong>Ia-</strong></span> 
     </span>
    </p>
   </div>
   <div class='ocr_carea' id='block_1_64' title="bbox 2048 3169 3656 3244">
    <p class='ocr_par' dir='ltr' id='par_1_64' title="bbox 2048 3169 3656 3244">
     <span class='ocr_line' id='line_1_64' title="bbox 2048 3169 3656 3244; baseline 0.004 -20"><span class='ocrx_word' id='word_1_434' title='bbox 2048 3184 2247 3242; x_wconf 90' lang='lat' dir='ltr'><strong>queum</strong></span> <span class='ocrx_word' id='word_1_435' title='bbox 2276 3169 2446 3242; x_wconf 86' lang='lat' dir='ltr'><strong>adigit</strong></span> <span class='ocrx_word' id='word_1_436' title='bbox 2469 3169 2844 3242; x_wconf 80' lang='lat' dir='ltr'><strong>(Ammianus).</strong></span> <span class='ocrx_word' id='word_1_437' title='bbox 2869 3170 3016 3227; x_wconf 81' lang='lat' dir='ltr'><strong>Idem</strong></span> <span class='ocrx_word' id='word_1_438' title='bbox 3041 3171 3374 3244; x_wconf 86' lang='lat' dir='ltr'><strong>Carthagine</strong></span> <span class='ocrx_word' id='word_1_439' title='bbox 3392 3174 3446 3229; x_wconf 89' lang='lat' dir='ltr'><strong>in</strong></span> <span class='ocrx_word' id='word_1_440' title='bbox 3470 3171 3656 3231; x_wconf 81' lang='lat' dir='ltr'><strong>Africa</strong></span> 
     </span>
    </p>
   </div>
   <div class='ocr_carea' id='block_1_65' title="bbox 2051 3264 3658 3338">
    <p class='ocr_par' dir='ltr' id='par_1_65' title="bbox 2051 3264 3658 3338">
     <span class='ocr_line' id='line_1_65' title="bbox 2051 3264 3658 3338; baseline 0.004 -20"><span class='ocrx_word' id='word_1_441' title='bbox 2051 3273 2174 3334; x_wconf 90' lang='lat' dir='ltr'><strong>post</strong></span> <span class='ocrx_word' id='word_1_442' title='bbox 2208 3273 2518 3335; x_wconf 89' lang='lat' dir='ltr'><strong>susceptum</strong></span> <span class='ocrx_word' id='word_1_443' title='bbox 2548 3264 2874 3336; x_wconf 84' lang='lat' dir='ltr'><strong>baptismum</strong></span> <span class='ocrx_word' id='word_1_444' title='bbox 2898 3266 3234 3338; x_wconf 88' lang='lat' dir='ltr'><strong>iniquissima</strong></span> <span class='ocrx_word' id='word_1_445' title='bbox 3263 3281 3399 3323; x_wconf 89' lang='lat' dir='ltr'><strong>nece</strong></span> <span class='ocrx_word' id='word_1_446' title='bbox 3425 3266 3658 3324; x_wconf 77' lang='lat' dir='ltr'><strong>affectus</strong></span> 
     </span>
    </p>
   </div>
   <div class='ocr_carea' id='block_1_66' title="bbox 2049 3358 3660 3435">
    <p class='ocr_par' dir='ltr' id='par_1_66' title="bbox 2049 3358 3660 3435">
     <span class='ocr_line' id='line_1_66' title="bbox 2049 3358 3660 3435; baseline 0.004 -21"><span class='ocrx_word' id='word_1_447' title='bbox 2049 3368 2134 3414; x_wconf 87' lang='lat' dir='ltr'><strong>est</strong></span> <span class='ocrx_word' id='word_1_448' title='bbox 2166 3374 2197 3414; x_wconf 89' lang='lat' dir='ltr'><strong>a</strong></span> <span class='ocrx_word' id='word_1_449' title='bbox 2217 3359 2470 3427; x_wconf 83' lang='lat' dir='ltr'><strong>Valente,</strong></span> <span class='ocrx_word' id='word_1_450' title='bbox 2496 3359 2641 3431; x_wconf 91' lang='lat' dir='ltr'><strong>quod</strong></span> <span class='ocrx_word' id='word_1_451' title='bbox 2675 3358 2799 3415; x_wconf 86' lang='lat' dir='ltr'><strong>huic</strong></span> <span class='ocrx_word' id='word_1_452' title='bbox 2825 3359 2894 3416; x_wconf 90' lang='lat' dir='ltr'><strong>de</strong></span> <span class='ocrx_word' id='word_1_453' title='bbox 2924 3375 3245 3417; x_wconf 89' lang='lat' dir='ltr'><strong>successore</strong></span> <span class='ocrx_word' id='word_1_454' title='bbox 3282 3377 3378 3433; x_wconf 91' lang='lat' dir='ltr'><strong>per</strong></span> <span class='ocrx_word' id='word_1_455' title='bbox 3415 3362 3660 3435; x_wconf 86' lang='lat' dir='ltr'><strong>magicas</strong></span> 
     </span>
    </p>
   </div>
   <div class='ocr_carea' id='block_1_67' title="bbox 2050 3455 3662 3528">
    <p class='ocr_par' dir='ltr' id='par_1_67' title="bbox 2050 3455 3662 3528">
     <span class='ocr_line' id='line_1_67' title="bbox 2050 3455 3662 3528; baseline 0.004 -20"><span class='ocrx_word' id='word_1_456' title='bbox 2050 3463 2196 3511; x_wconf 85' lang='lat' dir='ltr'><strong>artes</strong></span> <span class='ocrx_word' id='word_1_457' title='bbox 2217 3455 2510 3526; x_wconf 90' lang='lat' dir='ltr'><strong>inquirenti</strong></span> <span class='ocrx_word' id='word_1_458' title='bbox 2537 3497 2551 3522; x_wconf 97' lang='lat'><strong>,</strong></span> <span class='ocrx_word' id='word_1_459' title='bbox 2581 3455 2755 3526; x_wconf 89' lang='lat' dir='ltr'><strong>prima</strong></span> <span class='ocrx_word' id='word_1_460' title='bbox 2783 3455 2924 3511; x_wconf 91' lang='lat' dir='ltr'><strong>illius</strong></span> <span class='ocrx_word' id='word_1_461' title='bbox 2965 3457 3204 3512; x_wconf 90' lang='lat' dir='ltr'><strong>nominis</strong></span> <span class='ocrx_word' id='word_1_462' title='bbox 3225 3456 3496 3513; x_wconf 88' lang='lat' dir='ltr'><strong>elementa</strong></span> <span class='ocrx_word' id='word_1_463' title='bbox 3527 3473 3662 3528; x_wconf 80' lang='lat' dir='ltr'><strong>pro-</strong></span> 
     </span>
    </p>
   </div>
   <div class='ocr_carea' id='block_1_68' title="bbox 2049 3546 3652 3622">
    <p class='ocr_par' dir='ltr' id='par_1_68' title="bbox 2049 3546 3652 3622">
     <span class='ocr_line' id='line_1_68' title="bbox 2049 3546 3652 3622; baseline 0.001 -18"><span class='ocrx_word' id='word_1_464' title='bbox 2049 3546 2158 3604; x_wconf 86' lang='lat' dir='ltr'><strong>dita</strong></span> <span class='ocrx_word' id='word_1_465' title='bbox 2203 3547 2433 3604; x_wconf 80' lang='lat' dir='ltr'><strong>fuissent</strong></span> <span class='ocrx_word' id='word_1_466' title='bbox 2478 3548 2686 3604; x_wconf 75' lang='lat' dir='ltr'><strong>Tur-:00.</strong></span> <span class='ocrx_word' id='word_1_467' title='bbox 2735 3547 3054 3604; x_wconf 87' lang='lat' dir='ltr'><strong>Theodorus</strong></span> <span class='ocrx_word' id='word_1_468' title='bbox 3095 3564 3225 3605; x_wconf 86' lang='lat' dir='ltr'><strong>vero</strong></span> <span class='ocrx_word' id='word_1_469' title='bbox 3268 3549 3414 3622; x_wconf 90' lang='lat' dir='ltr'><strong>quod</strong></span> <span class='ocrx_word' id='word_1_470' title='bbox 3444 3550 3548 3606; x_wconf 91' lang='lat' dir='ltr'><strong>sibi</strong></span> <span class='ocrx_word' id='word_1_471' title='bbox 3576 3551 3652 3606; x_wconf 89' lang='lat' dir='ltr'><strong>ob</strong></span> 
     </span>
    </p>
   </div>
   <div class='ocr_carea' id='block_1_69' title="bbox 2051 3641 3662 3715">
    <p class='ocr_par' dir='ltr' id='par_1_69' title="bbox 2051 3641 3662 3715">
     <span class='ocr_line' id='line_1_69' title="bbox 2051 3641 3662 3715; baseline 0.003 -18"><span class='ocrx_word' id='word_1_472' title='bbox 2051 3643 2369 3698; x_wconf 87' lang='lat' dir='ltr'><strong>affinitatem</strong></span> <span class='ocrx_word' id='word_1_473' title='bbox 2402 3643 2635 3698; x_wconf 90' lang='lat' dir='ltr'><strong>nominis</strong></span> <span class='ocrx_word' id='word_1_474' title='bbox 2663 3641 2950 3714; x_wconf 89' lang='lat' dir='ltr'><strong>imperium</strong></span> <span class='ocrx_word' id='word_1_475' title='bbox 2981 3652 3366 3715; x_wconf 67' lang='lat' dir='ltr'><strong>praesumeret,</strong></span> <span class='ocrx_word' id='word_1_476' title='bbox 3406 3644 3662 3702; x_wconf 71' lang='lat' dir='ltr'><strong>scelesta:</strong></span> 
     </span>
    </p>
   </div>
   <div class='ocr_carea' id='block_1_70' title="bbox 2050 3735 3659 3810">
    <p class='ocr_par' dir='ltr' id='par_1_70' title="bbox 2050 3735 3659 3810">
     <span class='ocr_line' id='line_1_70' title="bbox 2050 3735 3659 3810; baseline 0.002 -18"><span class='ocrx_word' id='word_1_477' title='bbox 2050 3736 2322 3806; x_wconf 78' lang='lat' dir='ltr'><strong>Cupidinis</strong></span> <span class='ocrx_word' id='word_1_478' title='bbox 2344 3735 2520 3806; x_wconf 89' lang='lat' dir='ltr'><strong>justas</strong></span> <span class='ocrx_word' id='word_1_479' title='bbox 2547 3750 2738 3808; x_wconf 74' lang='lat' dir='ltr'><strong>poenas</strong></span> <span class='ocrx_word' id='word_1_480' title='bbox 2766 3736 3044 3808; x_wconf 83' lang='lat' dir='ltr'><strong>persolvit.</strong></span> <span class='ocrx_word' id='word_1_481' title='bbox 3074 3737 3344 3805; x_wconf 58' lang='lat' dir='ltr'><strong>Quaesitus</strong></span> <span class='ocrx_word' id='word_1_482' title='bbox 3366 3737 3433 3792; x_wconf 89' lang='lat' dir='ltr'><strong>ad</strong></span> <span class='ocrx_word' id='word_1_483' title='bbox 3467 3753 3659 3810; x_wconf 91' lang='lat' dir='ltr'><strong>parem</strong></span> 
     </span>
    </p>
   </div>
   <div class='ocr_carea' id='block_1_71' title="bbox 2049 3828 3661 3902">
    <p class='ocr_par' dir='ltr' id='par_1_71' title="bbox 2049 3828 3661 3902">
     <span class='ocr_line' id='line_1_71' title="bbox 2049 3828 3661 3902; baseline 0.002 -17"><span class='ocrx_word' id='word_1_484' title='bbox 2049 3828 2388 3885; x_wconf 83' lang='lat' dir='ltr'><strong>subeundam</strong></span> <span class='ocrx_word' id='word_1_485' title='bbox 2420 3838 2624 3886; x_wconf 90' lang='lat' dir='ltr'><strong>sortem</strong></span> <span class='ocrx_word' id='word_1_486' title='bbox 2657 3829 2950 3886; x_wconf 84' lang='lat' dir='ltr'><strong>Theodosii</strong></span> <span class='ocrx_word' id='word_1_487' title='bbox 2989 3829 3131 3886; x_wconf 82' lang='lat' dir='ltr'><strong>[ilius</strong></span> <span class='ocrx_word' id='word_1_488' title='bbox 3161 3831 3273 3902; x_wconf 88' lang='lat' dir='ltr'><strong>jam</strong></span> <span class='ocrx_word' id='word_1_489' title='bbox 3320 3831 3514 3888; x_wconf 85' lang='lat' dir='ltr'><strong>bellica</strong></span> <span class='ocrx_word' id='word_1_490' title='bbox 3539 3833 3661 3890; x_wconf 87' lang='lat' dir='ltr'><strong>vir-</strong></span> 
     </span>
    </p>
   </div>
   <div class='ocr_carea' id='block_1_72' title="bbox 2053 3923 3292 3998">
    <p class='ocr_par' dir='ltr' id='par_1_72' title="bbox 2053 3923 3292 3998">
     <span class='ocr_line' id='line_1_72' title="bbox 2053 3923 3292 3998; baseline 0.001 -19"><span class='ocrx_word' id='word_1_491' title='bbox 2053 3932 2165 3980; x_wconf 90' lang='lat' dir='ltr'><strong>tute</strong></span> <span class='ocrx_word' id='word_1_492' title='bbox 2187 3923 2524 3982; x_wconf 89' lang='lat' dir='ltr'><strong>clarissimus</strong></span> <span class='ocrx_word' id='word_1_493' title='bbox 2554 3925 2674 3998; x_wconf 79' lang='lat' dir='ltr'><strong>fuga</strong></span> <span class='ocrx_word' id='word_1_494' title='bbox 2699 3942 2812 3982; x_wconf 72' lang='lat' dir='ltr'><strong>suzc</strong></span> <span class='ocrx_word' id='word_1_495' title='bbox 2844 3926 3006 3982; x_wconf 87' lang='lat' dir='ltr'><strong>saluti</strong></span> <span class='ocrx_word' id='word_1_496' title='bbox 3033 3926 3292 3998; x_wconf 83' lang='lat' dir='ltr'><strong>providit.</strong></span> 
     </span>
    </p>
   </div>
   <div class='ocr_carea' id='block_1_73' title="bbox 2051 4016 3658 4090">
    <p class='ocr_par' dir='ltr' id='par_1_73' title="bbox 2051 4016 3658 4090">
     <span class='ocr_line' id='line_1_73' title="bbox 2051 4016 3658 4090; baseline 0.004 -18"><span class='ocrx_word' id='word_1_497' title='bbox 2051 4017 2152 4072; x_wconf 83' lang='lat' dir='ltr'><strong>An.</strong></span> <span class='ocrx_word' id='word_1_498' title='bbox 2188 4016 2254 4074; x_wconf 84' lang='lat' dir='ltr'><strong>L’.</strong></span> <span class='ocrx_word' id='word_1_499' title='bbox 2287 4016 2348 4075; x_wconf 89' lang='lat' dir='ltr'><strong>C.</strong></span> <span class='ocrx_word' id='word_1_500' title='bbox 2380 4019 2542 4089; x_wconf 72' lang='lat' dir='ltr'><strong>H52,</strong></span> <span class='ocrx_word' id='word_1_501' title='bbox 2577 4019 2769 4076; x_wconf 84' lang='lat' dir='ltr'><strong>Christi</strong></span> <span class='ocrx_word' id='word_1_502' title='bbox 2809 4020 2943 4087; x_wconf 72' lang='lat'><strong>379,</strong></span> <span class='ocrx_word' id='word_1_503' title='bbox 2978 4019 3215 4076; x_wconf 76' lang='lat' dir='ltr'><strong>Gratiani</strong></span> <span class='ocrx_word' id='word_1_504' title='bbox 3244 4020 3344 4090; x_wconf 81' lang='grc'><strong>15,</strong></span> <span class='ocrx_word' id='word_1_505' title='bbox 3385 4019 3658 4078; x_wconf 70' lang='lat' dir='ltr'><strong>Valentia.</strong></span> 
     </span>
    </p>
   </div>
   <div class='ocr_carea' id='block_1_74' title="bbox 2439 4113 3254 4189">
    <p class='ocr_par' dir='ltr' id='par_1_74' title="bbox 2439 4113 3254 4189">
     <span class='ocr_line' id='line_1_74' title="bbox 2439 4113 3254 4189; baseline 0.005 -21"><span class='ocrx_word' id='word_1_506' title='bbox 2439 4118 2563 4189; x_wconf 84' lang='lat' dir='ltr'><strong>jun.</strong></span> <span class='ocrx_word' id='word_1_507' title='bbox 2597 4115 2631 4170; x_wconf 82' lang='lat'><strong>5</strong></span> <span class='ocrx_word' id='word_1_508' title='bbox 2657 4155 2673 4181; x_wconf 89' lang='lat'><strong>,</strong></span> <span class='ocrx_word' id='word_1_509' title='bbox 2702 4113 2959 4170; x_wconf 81' lang='lat' dir='ltr'><strong>Theodos.</strong></span> <span class='ocrx_word' id='word_1_510' title='bbox 2995 4125 3138 4170; x_wconf 77' lang='lat' dir='ltr'><strong>wtat.</strong></span> <span class='ocrx_word' id='word_1_511' title='bbox 3162 4116 3254 4172; x_wconf 65' lang='lat'><strong>34.</strong></span> 
     </span>
    </p>
   </div>
   <div class='ocr_carea' id='block_1_75' title="bbox 2127 4209 3660 4286">
    <p class='ocr_par' dir='ltr' id='par_1_75' title="bbox 2127 4209 3660 4286">
     <span class='ocr_line' id='line_1_75' title="bbox 2127 4209 3660 4286; baseline 0.004 -20"><span class='ocrx_word' id='word_1_512' title='bbox 2127 4209 2258 4266; x_wconf 90' lang='lat' dir='ltr'><strong>Cum</strong></span> <span class='ocrx_word' id='word_1_513' title='bbox 2301 4210 2592 4268; x_wconf 89' lang='lat' dir='ltr'><strong>Gratianus</strong></span> <span class='ocrx_word' id='word_1_514' title='bbox 2632 4212 2917 4283; x_wconf 90' lang='lat' dir='ltr'><strong>imperium</strong></span> <span class='ocrx_word' id='word_1_515' title='bbox 2957 4227 2986 4268; x_wconf 90' lang='lat' dir='ltr'><strong>a</strong></span> <span class='ocrx_word' id='word_1_516' title='bbox 3017 4212 3304 4270; x_wconf 86' lang='lat' dir='ltr'><strong>Germanis</strong></span> <span class='ocrx_word' id='word_1_517' title='bbox 3351 4211 3660 4286; x_wconf 83' lang='lat' dir='ltr'><strong>Gelhisque</strong></span> 
     </span>
    </p>
   </div>
   <div class='ocr_carea' id='block_1_76' title="bbox 2052 4304 3659 4376">
    <p class='ocr_par' dir='ltr' id='par_1_76' title="bbox 2052 4304 3659 4376">
     <span class='ocr_line' id='line_1_76' title="bbox 2052 4304 3659 4376; baseline 0.004 -18"><span class='ocrx_word' id='word_1_518' title='bbox 2052 4304 2374 4376; x_wconf 81' lang='lat' dir='ltr'><strong>gravissime</strong></span> <span class='ocrx_word' id='word_1_519' title='bbox 2418 4315 2666 4362; x_wconf 82' lang='lat' dir='ltr'><strong>vexatum</strong></span> <span class='ocrx_word' id='word_1_520' title='bbox 2697 4305 2930 4371; x_wconf 85' lang='lat' dir='ltr'><strong>videret,</strong></span> <span class='ocrx_word' id='word_1_521' title='bbox 2960 4305 3326 4364; x_wconf 85' lang='lat' dir='ltr'><strong>Theodosium</strong></span> <span class='ocrx_word' id='word_1_522' title='bbox 3359 4324 3426 4364; x_wconf 83' lang='lat' dir='ltr'><strong>ex</strong></span> <span class='ocrx_word' id='word_1_523' title='bbox 3469 4309 3659 4366; x_wconf 81' lang='lat' dir='ltr'><strong>Italica</strong></span> 
     </span>
    </p>
   </div>
   <div class='ocr_carea' id='block_1_77' title="bbox 2057 4399 3658 4471">
    <p class='ocr_par' dir='ltr' id='par_1_77' title="bbox 2057 4399 3658 4471">
     <span class='ocr_line' id='line_1_77' title="bbox 2057 4399 3658 4471; baseline 0.005 -21"><span class='ocrx_word' id='word_1_524' title='bbox 2057 4399 2225 4466; x_wconf 88' lang='lat' dir='ltr'><strong>patria</strong></span> <span class='ocrx_word' id='word_1_525' title='bbox 2255 4441 2269 4464; x_wconf 96' lang='lat'><strong>,</strong></span> <span class='ocrx_word' id='word_1_526' title='bbox 2301 4413 2410 4470; x_wconf 92' lang='lat' dir='ltr'><strong>quo</strong></span> <span class='ocrx_word' id='word_1_527' title='bbox 2440 4414 2500 4455; x_wconf 91' lang='lat' dir='ltr'><strong>se</strong></span> <span class='ocrx_word' id='word_1_528' title='bbox 2551 4407 2673 4471; x_wconf 90' lang='lat' dir='ltr'><strong>post</strong></span> <span class='ocrx_word' id='word_1_529' title='bbox 2705 4400 2873 4471; x_wconf 89' lang='lat' dir='ltr'><strong>patris</strong></span> <span class='ocrx_word' id='word_1_530' title='bbox 2907 4411 3136 4456; x_wconf 89' lang='lat' dir='ltr'><strong>mortem</strong></span> <span class='ocrx_word' id='word_1_531' title='bbox 3167 4400 3236 4457; x_wconf 92' lang='lat' dir='ltr'><strong>ad</strong></span> <span class='ocrx_word' id='word_1_532' title='bbox 3272 4401 3658 4459; x_wconf 85' lang='lat' dir='ltr'><strong>declinandam</strong></span> 
     </span>
    </p>
   </div>
   <div class='ocr_carea' id='block_1_78' title="bbox 2053 4492 3660 4568">
    <p class='ocr_par' dir='ltr' id='par_1_78' title="bbox 2053 4492 3660 4568">
     <span class='ocr_line' id='line_1_78' title="bbox 2053 4492 3660 4568; baseline 0.004 -20"><span class='ocrx_word' id='word_1_533' title='bbox 2053 4492 2299 4548; x_wconf 86' lang='lat' dir='ltr'><strong>Valentis</strong></span> <span class='ocrx_word' id='word_1_534' title='bbox 2327 4493 2583 4549; x_wconf 82' lang='lat' dir='ltr'><strong>ferociam</strong></span> <span class='ocrx_word' id='word_1_535' title='bbox 2616 4505 2922 4564; x_wconf 88' lang='lat' dir='ltr'><strong>receperat,</strong></span> <span class='ocrx_word' id='word_1_536' title='bbox 2946 4507 3231 4552; x_wconf 89' lang='lat' dir='ltr'><strong>evocatum</strong></span> <span class='ocrx_word' id='word_1_537' title='bbox 3260 4497 3473 4568; x_wconf 92' lang='lat' dir='ltr'><strong>imperii</strong></span> <span class='ocrx_word' id='word_1_538' title='bbox 3523 4513 3660 4554; x_wconf 87' lang='lat' dir='ltr'><strong>con-</strong></span> 
     </span>
    </p>
   </div>
   <div class='ocr_carea' id='block_1_79' title="bbox 2053 4587 3658 4664">
    <p class='ocr_par' dir='ltr' id='par_1_79' title="bbox 2053 4587 3658 4664">
     <span class='ocr_line' id='line_1_79' title="bbox 2053 4587 3658 4664; baseline 0.004 -21"><span class='ocrx_word' id='word_1_539' title='bbox 2053 4598 2258 4643; x_wconf 89' lang='lat' dir='ltr'><strong>sortem</strong></span> <span class='ocrx_word' id='word_1_540' title='bbox 2301 4587 2428 4642; x_wconf 85' lang='lat' dir='ltr'><strong>facit</strong></span> <span class='ocrx_word' id='word_1_541' title='bbox 2459 4587 2643 4644; x_wconf 90' lang='lat' dir='ltr'><strong>Sirmii</strong></span> <span class='ocrx_word' id='word_1_542' title='bbox 2672 4589 2829 4662; x_wconf 68' lang='lat' dir='ltr'><strong>(qua:</strong></span> <span class='ocrx_word' id='word_1_543' title='bbox 2858 4589 3048 4645; x_wconf 67' lang='lat' dir='ltr'><strong>civitas</strong></span> <span class='ocrx_word' id='word_1_544' title='bbox 3094 4599 3179 4646; x_wconf 84' lang='lat' dir='ltr'><strong>est</strong></span> <span class='ocrx_word' id='word_1_545' title='bbox 3209 4589 3418 4664; x_wconf 87' lang='lat' dir='ltr'><strong>Illyrii)</strong></span> <span class='ocrx_word' id='word_1_546' title='bbox 3446 4607 3536 4647; x_wconf 80' lang='lat' dir='ltr'><strong>xrv</strong></span> <span class='ocrx_word' id='word_1_547' title='bbox 3561 4603 3658 4648; x_wconf 91' lang='lat' dir='ltr'><strong>aut</strong></span> 
     </span>
    </p>
   </div>
   <div class='ocr_carea' id='block_1_80' title="bbox 2045 4679 3656 4750">
    <p class='ocr_par' dir='ltr' id='par_1_80' title="bbox 2045 4679 3656 4750">
     <span class='ocr_line' id='line_1_80' title="bbox 2045 4679 3656 4750; baseline 0.006 -16"><span class='ocrx_word' id='word_1_548' title='bbox 2045 4679 2201 4750; x_wconf 83' lang='lat' dir='ltr'><strong>juxta</strong></span> <span class='ocrx_word' id='word_1_549' title='bbox 2227 4681 2508 4737; x_wconf 89' lang='lat' dir='ltr'><strong>Socratem</strong></span> <span class='ocrx_word' id='word_1_550' title='bbox 2539 4698 2650 4737; x_wconf 79' lang='lat' dir='ltr'><strong>xvrt</strong></span> <span class='ocrx_word' id='word_1_551' title='bbox 2690 4681 2796 4738; x_wconf 85' lang='lat' dir='ltr'><strong>kal.</strong></span> <span class='ocrx_word' id='word_1_552' title='bbox 2841 4681 3002 4739; x_wconf 91' lang='lat' dir='ltr'><strong>Febr.</strong></span> <span class='ocrx_word' id='word_1_553' title='bbox 3038 4682 3230 4740; x_wconf 89' lang='lat' dir='ltr'><strong>Statim</strong></span> <span class='ocrx_word' id='word_1_554' title='bbox 3261 4683 3557 4741; x_wconf 86' lang='lat' dir='ltr'><strong>Gratianus</strong></span> <span class='ocrx_word' id='word_1_555' title='bbox 3601 4687 3656 4744; x_wconf 89' lang='lat' dir='ltr'><strong>in</strong></span> 
     </span>
    </p>
   </div>
   <div class='ocr_carea' id='block_1_81' title="bbox 2049 4771 3655 4846">
    <p class='ocr_par' dir='ltr' id='par_1_81' title="bbox 2049 4771 3655 4846">
     <span class='ocr_line' id='line_1_81' title="bbox 2049 4771 3655 4846; baseline 0.005 -18"><span class='ocrx_word' id='word_1_556' title='bbox 2049 4771 2398 4828; x_wconf 88' lang='lat' dir='ltr'><strong>Occidentem</strong></span> <span class='ocrx_word' id='word_1_557' title='bbox 2451 4774 2726 4846; x_wconf 86' lang='lat' dir='ltr'><strong>profectus</strong></span> <span class='ocrx_word' id='word_1_558' title='bbox 2756 4775 3086 4832; x_wconf 86' lang='lat' dir='ltr'><strong>Alamannos</strong></span> <span class='ocrx_word' id='word_1_559' title='bbox 3120 4776 3310 4833; x_wconf 85' lang='lat' dir='ltr'><strong>vincit.</strong></span> <span class='ocrx_word' id='word_1_560' title='bbox 3339 4777 3655 4836; x_wconf 88' lang='lat' dir='ltr'><strong>Theodosio</strong></span> 
     </span>
    </p>
   </div>
   <div class='ocr_carea' id='block_1_82' title="bbox 2049 4867 3655 4944">
    <p class='ocr_par' dir='ltr' id='par_1_82' title="bbox 2049 4867 3655 4944">
     <span class='ocr_line' id='line_1_82' title="bbox 2049 4867 3655 4944; baseline 0.004 -22"><span class='ocrx_word' id='word_1_561' title='bbox 2049 4868 2405 4922; x_wconf 89' lang='lat' dir='ltr'><strong>committitur</strong></span> <span class='ocrx_word' id='word_1_562' title='bbox 2431 4867 2669 4924; x_wconf 82' lang='lat' dir='ltr'><strong>Orientis</strong></span> <span class='ocrx_word' id='word_1_563' title='bbox 2699 4885 2850 4925; x_wconf 91' lang='lat' dir='ltr'><strong>cura.</strong></span> <span class='ocrx_word' id='word_1_564' title='bbox 2877 4869 2927 4926; x_wconf 89' lang='lat' dir='ltr'><strong>ls</strong></span> <span class='ocrx_word' id='word_1_565' title='bbox 2955 4870 3185 4938; x_wconf 90' lang='lat' dir='ltr'><strong>Gothos,</strong></span> <span class='ocrx_word' id='word_1_566' title='bbox 3237 4871 3503 4944; x_wconf 85' lang='lat' dir='ltr'><strong>Scythas,</strong></span> <span class='ocrx_word' id='word_1_567' title='bbox 3534 4873 3655 4929; x_wconf 86' lang='lat' dir='ltr'><strong>Tai-</strong></span> 
     </span>
    </p>
   </div>
   <div class='ocr_carea' id='block_1_83' title="bbox 2051 4960 3651 5040">
    <p class='ocr_par' dir='ltr' id='par_1_83' title="bbox 2051 4960 3651 5040">
     <span class='ocr_line' id='line_1_83' title="bbox 2051 4960 3651 5040; baseline 0.004 -25"><span class='ocrx_word' id='word_1_568' title='bbox 2051 4960 2219 5029; x_wconf 84' lang='lat' dir='ltr'><strong>falos,</strong></span> <span class='ocrx_word' id='word_1_569' title='bbox 2255 4961 2498 5027; x_wconf 84' lang='lat' dir='ltr'><strong>llunnos,</strong></span> <span class='ocrx_word' id='word_1_570' title='bbox 2543 4961 2822 5019; x_wconf 66' lang='lat' dir='ltr'><strong>foederatis</strong></span> <span class='ocrx_word' id='word_1_571' title='bbox 2872 4964 3384 5040; x_wconf 32' lang='lat' dir='ltr'><strong>viribus&#39;adversus</strong></span> <span class='ocrx_word' id='word_1_572' title='bbox 3424 4981 3486 5021; x_wconf 88' lang='lat' dir='ltr'><strong>se</strong></span> <span class='ocrx_word' id='word_1_573' title='bbox 3516 4982 3651 5022; x_wconf 87' lang='lat' dir='ltr'><strong>con-</strong></span> 
     </span>
    </p>
   </div>
   <div class='ocr_carea' id='block_1_84' title="bbox 2049 5058 3653 5131">
    <p class='ocr_par' dir='ltr' id='par_1_84' title="bbox 2049 5058 3653 5131">
     <span class='ocr_line' id='line_1_84' title="bbox 2049 5058 3653 5131; baseline 0.004 -21"><span class='ocrx_word' id='word_1_574' title='bbox 2049 5070 2269 5127; x_wconf 86' lang='lat' dir='ltr'><strong>gressos</strong></span> <span class='ocrx_word' id='word_1_575' title='bbox 2297 5072 2421 5112; x_wconf 84' lang='lat' dir='ltr'><strong>cum</strong></span> <span class='ocrx_word' id='word_1_576' title='bbox 2454 5072 2646 5128; x_wconf 88' lang='lat' dir='ltr'><strong>magna</strong></span> <span class='ocrx_word' id='word_1_577' title='bbox 2678 5069 2858 5130; x_wconf 78' lang='lat' dir='ltr'><strong>Strage</strong></span> <span class='ocrx_word' id='word_1_578' title='bbox 2880 5058 3157 5114; x_wconf 90' lang='lat' dir='ltr'><strong>eThracia</strong></span> <span class='ocrx_word' id='word_1_579' title='bbox 3183 5059 3363 5131; x_wconf 89' lang='lat' dir='ltr'><strong>pellit,</strong></span> <span class='ocrx_word' id='word_1_580' title='bbox 3392 5074 3420 5114; x_wconf 90' lang='lat' dir='ltr'><strong>a</strong></span> <span class='ocrx_word' id='word_1_581' title='bbox 3452 5059 3653 5131; x_wconf 89' lang='lat' dir='ltr'><strong>quibus</strong></span> 
     </span>
    </p>
   </div>
   <div class='ocr_carea' id='block_1_85' title="bbox 2050 5147 3651 5221">
    <p class='ocr_par' dir='ltr' id='par_1_85' title="bbox 2050 5147 3651 5221">
     <span class='ocr_line' id='line_1_85' title="bbox 2050 5147 3651 5221; baseline 0.003 -17"><span class='ocrx_word' id='word_1_582' title='bbox 2050 5149 2291 5218; x_wconf 86' lang='lat' dir='ltr'><strong>acceptis</strong></span> <span class='ocrx_word' id='word_1_583' title='bbox 2313 5147 2594 5205; x_wconf 91' lang='lat' dir='ltr'><strong>obsidibus</strong></span> <span class='ocrx_word' id='word_1_584' title='bbox 2635 5148 2845 5205; x_wconf 90' lang='lat' dir='ltr'><strong>firmata</strong></span> <span class='ocrx_word' id='word_1_585' title='bbox 2878 5165 3008 5221; x_wconf 89' lang='lat' dir='ltr'><strong>pace</strong></span> <span class='ocrx_word' id='word_1_586' title='bbox 3037 5151 3102 5205; x_wconf 87' lang='lat' dir='ltr'><strong>ad</strong></span> <span class='ocrx_word' id='word_1_587' title='bbox 3139 5150 3454 5207; x_wconf 87' lang='lat' dir='ltr'><strong>Gratianum</strong></span> <span class='ocrx_word' id='word_1_588' title='bbox 3489 5153 3651 5209; x_wconf 89' lang='lat' dir='ltr'><strong>redit.</strong></span> 
     </span>
    </p>
   </div>
   <div class='ocr_carea' id='block_1_86' title="bbox 2051 5239 3220 5318">
    <p class='ocr_par' dir='ltr' id='par_1_86' title="bbox 2051 5239 3220 5318">
     <span class='ocr_line' id='line_1_86' title="bbox 2051 5239 3220 5318; baseline 0.003 -21"><span class='ocrx_word' id='word_1_589' title='bbox 2051 5241 2328 5315; x_wconf 71' lang='lat' dir='ltr'><strong>(Sozam,</strong></span> <span class='ocrx_word' id='word_1_590' title='bbox 2363 5239 2533 5308; x_wconf 84' lang='lat' dir='ltr'><strong>Idat.,</strong></span> <span class='ocrx_word' id='word_1_591' title='bbox 2565 5241 2844 5310; x_wconf 85' lang='lat' dir='ltr'><strong>Prosper.,</strong></span> <span class='ocrx_word' id='word_1_592' title='bbox 2871 5242 3220 5318; x_wconf 83' lang='lat' dir='ltr'><strong>Theodoret.)</strong></span> 
     </span>
    </p>
   </div>
   <div class='ocr_carea' id='block_1_87' title="bbox 2049 5335 3648 5409">
    <p class='ocr_par' dir='ltr' id='par_1_87' title="bbox 2049 5335 3648 5409">
     <span class='ocr_line' id='line_1_87' title="bbox 2049 5335 3648 5409; baseline 0.003 -17"><span class='ocrx_word' id='word_1_593' title='bbox 2049 5336 2150 5392; x_wconf 81' lang='lat' dir='ltr'><strong>Au.</strong></span> <span class='ocrx_word' id='word_1_594' title='bbox 2189 5335 2256 5393; x_wconf 91' lang='lat' dir='ltr'><strong>U.</strong></span> <span class='ocrx_word' id='word_1_595' title='bbox 2289 5337 2348 5392; x_wconf 76' lang='grc' dir='ltr'><strong>ϐ.</strong></span> <span class='ocrx_word' id='word_1_596' title='bbox 2379 5337 2542 5402; x_wconf 77' lang='grc'><strong>1135,</strong></span> <span class='ocrx_word' id='word_1_597' title='bbox 2570 5336 2762 5392; x_wconf 88' lang='lat' dir='ltr'><strong>Christi</strong></span> <span class='ocrx_word' id='word_1_598' title='bbox 2801 5337 2907 5394; x_wconf 75' lang='lat'><strong>580</strong></span> <span class='ocrx_word' id='word_1_599' title='bbox 2930 5379 2948 5405; x_wconf 88' lang='lat'><strong>,</strong></span> <span class='ocrx_word' id='word_1_600' title='bbox 2970 5337 3210 5394; x_wconf 80' lang='lat' dir='ltr'><strong>Gratiani</strong></span> <span class='ocrx_word' id='word_1_601' title='bbox 3250 5341 3340 5409; x_wconf 75' lang='lat' dir='ltr'><strong>M,</strong></span> <span class='ocrx_word' id='word_1_602' title='bbox 3381 5339 3648 5398; x_wconf 78' lang='lat' dir='ltr'><strong>Valentia.</strong></span> 
     </span>
    </p>
   </div>
   <div class='ocr_carea' id='block_1_88' title="bbox 2259 5429 3427 5506">
    <p class='ocr_par' dir='ltr' id='par_1_88' title="bbox 2259 5429 3427 5506">
     <span class='ocr_line' id='line_1_88' title="bbox 2259 5429 3427 5506; baseline 0.006 -23"><span class='ocrx_word' id='word_1_603' title='bbox 2259 5433 2373 5494; x_wconf 82' lang='lat' dir='ltr'><strong>inn.</strong></span> <span class='ocrx_word' id='word_1_604' title='bbox 2407 5430 2463 5498; x_wconf 85' lang='lat'><strong>6,</strong></span> <span class='ocrx_word' id='word_1_605' title='bbox 2507 5429 2795 5487; x_wconf 86' lang='lat' dir='ltr'><strong>Theodosii</strong></span> <span class='ocrx_word' id='word_1_606' title='bbox 2826 5431 2868 5488; x_wconf 85' lang='lat' dir='ltr'><strong>ll</strong></span> <span class='ocrx_word' id='word_1_607' title='bbox 2901 5433 3028 5506; x_wconf 87' lang='lat' dir='ltr'><strong>imp.</strong></span> <span class='ocrx_word' id='word_1_608' title='bbox 3061 5433 3098 5488; x_wconf 77' lang='lat'><strong>2</strong></span> <span class='ocrx_word' id='word_1_609' title='bbox 3123 5475 3137 5498; x_wconf 94' lang='lat'><strong>,</strong></span> <span class='ocrx_word' id='word_1_610' title='bbox 3159 5443 3301 5490; x_wconf 67' lang='lat' dir='ltr'><strong>atat.</strong></span> <span class='ocrx_word' id='word_1_611' title='bbox 3335 5435 3427 5492; x_wconf 77' lang='lat'><strong>55.</strong></span> 
     </span>
    </p>
   </div>
   <div class='ocr_carea' id='block_1_89' title="bbox 2117 5523 3649 5600">
    <p class='ocr_par' dir='ltr' id='par_1_89' title="bbox 2117 5523 3649 5600">
     <span class='ocr_line' id='line_1_89' title="bbox 2117 5523 3649 5600; baseline 0.003 -21"><span class='ocrx_word' id='word_1_612' title='bbox 2117 5523 2458 5580; x_wconf 88' lang='lat' dir='ltr'><strong>Theodosius</strong></span> <span class='ocrx_word' id='word_1_613' title='bbox 2509 5526 2740 5596; x_wconf 89' lang='lat' dir='ltr'><strong>primum</strong></span> <span class='ocrx_word' id='word_1_614' title='bbox 2801 5527 2993 5582; x_wconf 90' lang='lat' dir='ltr'><strong>consul</strong></span> <span class='ocrx_word' id='word_1_615' title='bbox 3025 5526 3434 5583; x_wconf 68' lang='lat' dir='ltr'><strong>Thessalonica:</strong></span> <span class='ocrx_word' id='word_1_616' title='bbox 3498 5527 3649 5600; x_wconf 83' lang='lat' dir='ltr'><strong>gravi</strong></span> 
     </span>
    </p>
   </div>
   <div class='ocr_carea' id='block_1_90' title="bbox 2047 5619 3648 5691">
    <p class='ocr_par' dir='ltr' id='par_1_90' title="bbox 2047 5619 3648 5691">
     <span class='ocr_line' id='line_1_90' title="bbox 2047 5619 3648 5691; baseline 0.001 -16"><span class='ocrx_word' id='word_1_617' title='bbox 2047 5621 2238 5675; x_wconf 90' lang='lat' dir='ltr'><strong>morbo</strong></span> <span class='ocrx_word' id='word_1_618' title='bbox 2263 5629 2550 5690; x_wconf 89' lang='lat' dir='ltr'><strong>correptus</strong></span> <span class='ocrx_word' id='word_1_619' title='bbox 2570 5619 2636 5675; x_wconf 90' lang='lat' dir='ltr'><strong>ab</strong></span> <span class='ocrx_word' id='word_1_620' title='bbox 2667 5619 2892 5676; x_wconf 85' lang='lat' dir='ltr'><strong>Acholio</strong></span> <span class='ocrx_word' id='word_1_621' title='bbox 2923 5621 3040 5691; x_wconf 88' lang='lat' dir='ltr'><strong>ejus</strong></span> <span class='ocrx_word' id='word_1_622' title='bbox 3069 5621 3219 5676; x_wconf 86' lang='lat' dir='ltr'><strong>urbis</strong></span> <span class='ocrx_word' id='word_1_623' title='bbox 3243 5620 3486 5676; x_wconf 91' lang='lat' dir='ltr'><strong>antistite</strong></span> <span class='ocrx_word' id='word_1_624' title='bbox 3527 5621 3648 5676; x_wconf 91' lang='lat' dir='ltr'><strong>viro</strong></span> 
     </span>
    </p>
   </div>
   <div class='ocr_carea' id='block_1_91' title="bbox 2045 5713 3645 5786">
    <p class='ocr_par' dir='ltr' id='par_1_91' title="bbox 2045 5713 3645 5786">
     <span class='ocr_line' id='line_1_91' title="bbox 2045 5713 3645 5786; baseline 0.001 -16"><span class='ocrx_word' id='word_1_625' title='bbox 2045 5713 2390 5770; x_wconf 86' lang='lat' dir='ltr'><strong>sanctissimo</strong></span> <span class='ocrx_word' id='word_1_626' title='bbox 2420 5714 2723 5786; x_wconf 86' lang='lat' dir='ltr'><strong>baptizatur</strong></span> <span class='ocrx_word' id='word_1_627' title='bbox 2750 5757 2764 5782; x_wconf 88' lang='lat'><strong>,</strong></span> <span class='ocrx_word' id='word_1_628' title='bbox 2796 5715 3086 5786; x_wconf 89' lang='lat' dir='ltr'><strong>statimque</strong></span> <span class='ocrx_word' id='word_1_629' title='bbox 3117 5715 3469 5771; x_wconf 87' lang='lat' dir='ltr'><strong>convalescit.</strong></span> <span class='ocrx_word' id='word_1_630' title='bbox 3512 5715 3645 5772; x_wconf 90' lang='lat' dir='ltr'><strong>San-</strong></span> 
     </span>
    </p>
   </div>
   <div class='ocr_carea' id='block_1_92' title="bbox 2044 5804 3639 5880">
    <p class='ocr_par' dir='ltr' id='par_1_92' title="bbox 2044 5804 3639 5880">
     <span class='ocr_line' id='line_1_92' title="bbox 2044 5804 3639 5880; baseline -0.001 -14"><span class='ocrx_word' id='word_1_631' title='bbox 2044 5809 2113 5867; x_wconf 92' lang='lat' dir='ltr'><strong>cit</strong></span> <span class='ocrx_word' id='word_1_632' title='bbox 2138 5823 2195 5864; x_wconf 88' lang='lat' dir='ltr'><strong>ttt</strong></span> <span class='ocrx_word' id='word_1_633' title='bbox 2225 5804 2330 5866; x_wconf 71' lang='lat' dir='ltr'><strong>Ral.</strong></span> <span class='ocrx_word' id='word_1_634' title='bbox 2365 5806 2520 5864; x_wconf 81' lang='lat' dir='ltr'><strong>Mart.</strong></span> <span class='ocrx_word' id='word_1_635' title='bbox 2546 5819 2604 5864; x_wconf 85' lang='lat' dir='ltr'><strong>nt</strong></span> <span class='ocrx_word' id='word_1_636' title='bbox 2645 5825 2712 5867; x_wconf 90' lang='lat' dir='ltr'><strong>ne</strong></span> <span class='ocrx_word' id='word_1_637' title='bbox 2739 5811 2858 5880; x_wconf 89' lang='lat' dir='ltr'><strong>quis</strong></span> <span class='ocrx_word' id='word_1_638' title='bbox 2887 5807 3049 5865; x_wconf 76' lang='lat' dir='ltr'><strong>aliain</strong></span> <span class='ocrx_word' id='word_1_639' title='bbox 3076 5808 3235 5866; x_wconf 84' lang='lat' dir='ltr'><strong>fidem</strong></span> <span class='ocrx_word' id='word_1_640' title='bbox 3266 5805 3639 5880; x_wconf 73' lang='lat' dir='ltr'><strong>profiteretur,</strong></span> 
     </span>
    </p>
   </div>
  </div>
