3950 6350
288 286 360 340 75
1155 293 1645 357 I‘ANEGYRICUS
1688 298 1934 359 PACATI
1974 303 2368 366 TIIEODOSIO
2408 310 2673 372 DIC'I'US.

3449 328 3560 388 474

240 403 353 457 nisi
401 418 564 474 quam
628 403 891 462 Damasus
936 408 1175 476 pontifex
1226 410 1503 469 Romanus
1544 421 1601 470 et
1658 415 1853 474 Petrus
1878 421 1934 485 Α
1960 421 2060 478 An.
2094 423 2160 481 U.
2188 423 2248 483 C.
2280 428 2439 499 1157,
2474 428 2666 487 Christi
2693 435 2821 501 584,
2858 435 3123 496 Valentia.
3150 441 3237 509 Ill;
3277 441 3561 503 Theodosii

240 496 652 554 Alexandrinus
695 516 725 555 a
769 500 897 557 divo
928 502 1088 559 Petro
1116 517 1396 579 acceptam
1428 508 1677 566 ﬁdelibus
1709 528 1851 584 pra:-

243 591 601 661 scripserant.
632 593 972 653 Procnrante
1007 598 1265 657 Gratiano
1291 644 1307 669 ,
1342 615 1627 675 propterea
1661 608 1803 678 quod
1832 652 1846 677 ,

240 695 299 738 ut
334 685 407 739 ait
430 685 704 755 Socrates,
733 689 1073 749 Theodosius
1102 706 1392 766 aegrotaret
1426 717 1437 750 :
1470 715 1570 771 pax
1604 701 1852 760 ﬁrmatur

238 790 367 831 cum
391 777 585 835 Gothis
624 797 718 836 vm
740 781 851 837 kal.
880 785 1128 842 Decemb.
1155 788 1443 846 Maximum
1470 793 1848 867 philosophum

236 872 506 945 Cynicum
537 918 552 941 ,
582 876 650 932 de
672 894 782 949 quo
813 880 978 936 multa
1020 882 1076 937 in
1106 882 1308 940 Juliani
1338 885 1452 941 Vita
1498 887 1643 944 dicta
1683 900 1849 959 sunt,

239 980 273 1021 ο
299 965 904 1039 Constantinopolitana
924 1013 938 1035 .
967 974 1053 1028 cui
1084 975 1131 1030 is
1153 988 1405 1044 praeerat,
1434 980 1663 1036 ecclesia
1698 984 1852 1053 pellit

240 1055 587 1114 Theodosius
616 1058 799 1133 (Greg.
836 1061 1145 1137 Naziaaz.).
1177 1064 1703 1141 Constantinopolim
1761 1073 1848 1129 in-

235 1166 465 1223 gressus
501 1169 633 1210 xvttt
680 1153 789 1211 kal.
847 1156 1245 1225 Dec.,Arianis
1308 1162 1570 1219 ecclesias
1636 1164 1847 1223 adimit.

237 1243 568 1316 Gregorium
600 1247 997 1306 Nazianzenum
1043 1252 1098 1308 in
1147 1253 1432 1309 ecclesiam
1460 1254 1756 1314 introducit
1796 1275 1848 1315 v1

236 1333 353 1392 kal.
373 1338 629 1396 Decemb.
654 1338 922 1414 (Socrates
949 1386 965 1410 ,
993 1343 1223 1413 fdatius,

234 1472 343 1529 An.
381 1474 448 1533 U.
476 1474 536 1531 C.
569 1477 733 1543 11511,
768 1477 959 1534 Christi
1007 1479 1135 1547 581,
1170 1479 1409 1537 Gratiani
1442 1484 1545 1551 15,
1583 1484 1839 1544 Valentia.

516 1572 641 1643 jua.
670 1572 721 1637 7;
747 1570 1000 1627 Theodos.
1049 1573 1175 1646 imp.
1210 1576 1266 1642 5,
1292 1584 1430 1632 tetat.
1461 1578 1549 1634 56.

310 1706 657 1765 Theodosius
710 1710 1099 1770 Athanaricum
1129 1714 1432 1774 Gmhorum
1462 1734 1643 1791 regem
1674 1735 1702 1775 a
1729 1722 1846 1778 suis

235 1801 497 1872 pulsum,
529 1817 685 1858 suam
737 1819 896 1876 opem
941 1804 1412 1881 Constantinopoli
1459 1811 1837 1883 implorantem
1871 1831 1916 1891 Β
1946 1843 2009 1898 Α,

235 1895 643 1966 perhonoriﬁce
671 1898 875 1969 excipit
901 1916 955 1955 111
984 1900 1061 1956 id.
1092 1900 1319 1958 Januar.
1352 1905 1716 1977 eamdemque
1748 1924 1838 1963 \‘Ill

231 1988 348 2047 kal.
365 1990 526 2048 Febr.
542 2004 812 2050 mortuum
825 1997 987 2068 regiis
1012 1999 1171 2069 plane
1192 2003 1468 2073 exsequiis
1494 2003 1837 2062 cohonestet.

233 2081 356 2152 Qua
410 2084 705 2142 Theodosii
749 2089 1147 2159 magnilicentia
1197 2092 1407 2149 deliniti
1450 2093 1613 2151 Gothi
1650 2096 1719 2151 ab
1759 2097 1843 2153 in-

231 2180 641 2237 cursationihus
682 2182 959 2239 abstinent
987 2185 1007 2256 (
1035 2184 1205 2254 ldat.,
1234 2186 1497 2256 Zosimus,
1564 2187 1839 2261 Prosper.,

233 2269 479 2327 Marce”.
506 2271 729 2347 Comes).
757 2275 1119 2333 Eodemanno
1141 2280 1376 2336 secunda
1424 2282 1666 2355 synodus
1693 2299 1841 2339 tecu-

233 2367 453 2423 menica
506 2366 979 2442 ConstantinOpoli
1036 2373 1217 2429 habita
1259 2384 1374 2441 est,
1403 2376 1454 2429 in
1493 2393 1596 2447 qua
1628 2378 1696 2433 ab
1737 2379 1842 2435 150

234 2462 514 2534 episc0pis
535 2477 727 2521 contra
756 2466 1127 2525 Macedonium
1155 2471 1222 2526 de
1247 2471 1481 2542 Spiritus
1506 2475 1679 2530 sancti
1705 2475 1840 2531 divi-

235 2557 414 2614 nitate
440 2558 716 2617 decretum
746 2561 950 2619 editum
980 2573 1065 2620 est
1091 2580 1213 2621 cum
1249 2565 1370 2622 ﬁdei
1401 2566 1683 2639 Symbolo.

237 2696 340 2753 Aa.
382 2696 447 2754 U.
480 2697 540 2755 C.
570 2698 741 2769 1155,
773 2701 967 2759 Christi
992 2703 1130 2771 382,
1159 2704 1399 2761 Gratiani
1443 2707 1533 2773 16;
1578 2707 1835 2765 Theodos.

775 2796 904 2864 intp.
933 2795 968 2850 4
989 2840 1004 2864 ,
1038 2807 1177 2853 artat.
1211 2799 1301 2854 57.

311 2908 652 2967 Theodosius
679 2912 1037 2969 Valentiniani
1065 2914 1274 2986 Magni,
1307 2931 1450 2972 anno
1478 2916 1680 2974 Christi
1710 2919 1840 2990 575,

238 3003 291 3067 in
322 3003 516 3061 Galliis
543 3006 683 3077 apud
714 3007 1129 3079 Bcrgentionem
1160 3026 1281 3065 cum
1320 3011 1630 3080 Quadorqu
1654 3014 1845 3085 legatis

240 3113 564 3169 responsum
597 3099 772 3169 daret,
804 3102 1092 3172 apoplexia
1121 3106 1317 3159 mortui
1342 3105 1574 3161 cadaver
1592 3106 1845 3176 deporta-

238 3199 350 3247 tum
380 3208 434 3247 tx
460 3190 570 3247 kal.
599 3192 753 3248 Mart.
797 3195 945 3266 regia
974 3196 1339 3253 munificentia
1369 3200 1587 3269 exeipit.
1619 3199 1839 3256 Interim
1868 3236 1913 3300 ε

239 3281 496 3340 Clemens
537 3284 800 3341 Maximus
846 3286 965 3357 (sic
994 3289 1139 3344 enim
1181 3305 1210 3344 a
1245 3290 1451 3346 Severo
1497 3291 1841 3365 appellatur)

240 3378 451 3449 origine
482 3380 776 3436 Britannus
808 3382 859 3436 in
880 3382 1175 3440 Britanniis
1205 3372 1837 3458 tyrannidem-occupat,

149 3540 157 3547 _
236 3481 290 3527 et
326 3473 461 3529 sedc
510 3473 724 3545 imperii
761 3475 1017 3533 Treveris
1040 3478 1328 3546 collocata,
1379 3480 1641 3536 victorem
1675 3482 1841 3538 ﬁlium

237 3563 451 3635 imperii
473 3578 784 3625 consortem
808 3568 1030 3626 adhibet
1055 3569 1336 3640 (Zosimus,
1370 3553 1632 3643 socrates,
1661 3574 1837 3632 Aurel.

251 3658 464 3733 Victor).

239 3783 334 3840 Aa.
367 3782 437 3841 U.
468 3782 531 3841 C.
560 3785 715 3853 1156,
738 3784 931 3843 Christi
955 3788 1081 3856 585,
1106 3786 1346 3845 Gratiani
1377 3792 1466 3859 17,
1500 3791 1761 3850 Valentia.
1784 3793 1838 3861 9;

642 3879 898 3938 Theodos.
930 3883 1055 3956 imp.
1088 3884 1153 3951 5,
1183 3895 1322 3940 atat.
1352 3886 1440 3941 58.

307 3995 653 4075 Theodosius
680 3998 846 4055 lilium
880 4001 1172 4057 Arcadium
1210 4003 1509 4076 Augustum
1552 4006 1679 4063 facit
1706 4023 1839 4077 xvtt,

239 4090 343 4155 vel,
371 4074 524 4145 utait
553 4091 828 4161 Socrates,
853 4110 940 4149 xrv
954 4094 1063 4150 kal.
1091 4074 1839 4169 Febr..adquemmoderan-

238 4184 363 4239 dum
415 4187 678 4242 Arsenius
723 4188 804 4244 vir
844 4204 948 4244 non
1001 4190 1177 4247 minus
1229 4192 1537 4264 integritate
1589 4211 1837 4264 tuorum,

240 4292 399 4348 quam
425 4279 734 4337 eruditione
765 4282 1014 4354 insignis,
1045 4299 1076 4338 a
1100 4285 1329 4342 Damaso
1361 4287 1502 4357 Papa
1529 4287 1841 4346 Constanti-

239 4371 479 4440 nopolim
513 4373 766 4429 mittitur.
797 4375 931 4431 Cum
954 4376 1216 4432 Maximus
1236 4390 1499 4452 tyrannus
1522 4382 1836 4442 Gratianum

2493 525 2620 594 imp.
2652 524 2713 592 6,
2742 537 2882 585 tetat.
2928 531 3020 587 59.

2028 610 2368 670 Theodosius
2395 616 2680 676 Persarum
2708 621 2899 694 legatis
2920 627 2986 682 ad
3010 642 3069 685 se
3094 626 3558 707 Constantinopo-

1957 703 2047 758 lim
2081 706 2230 776 pacis
2256 710 2501 778 petenda:
2547 727 2706 770 causa
2754 716 2936 774 missis
2964 729 3147 777 votum
3177 738 3245 780 eo
3285 703 3558 786 lubentius

1955 801 2147 856 annuit
2165 802 2308 873 quod
2336 804 2405 860 de
2429 806 2569 862 bello
2595 808 2864 868 adversus
2886 813 3173 873 Maximum
3195 822 3438 891 gerendo
3465 839 3560 881 co-

1953 894 2169 964 gitaret.
2202 897 2411 953 Relicto
2440 900 2618 974 itaque
2656 902 3131 981 Constantinopoli
3167 912 3403 972 Arcadio
3444 918 3555 974 lilio

1954 1004 2076 1046 cum
2101 993 2326 1062 Augusti
2353 997 2569 1054 nomine
2593 1040 2609 1066 ,
2657 998 3099 1062 Valentinianum
3147 1008 3553 1073 Thessalonica:

1952 1089 2225 1143 convenit.
2258 1089 2479 1148 Interim
2504 1094 2553 1150 ei
2585 1110 2650 1150 ex
2680 1095 2903 1153 Placilla
2934 1116 3122 1165 uxore.
3148 1113 3207 1160 ut
3235 1107 3387 1163 aiunt
3409 1108 3546 1167 ldat.

1952 1189 2006 1235 et
2052 1180 2289 1239 Marcell.
2315 1227 2329 1252 ,
2357 1193 2595 1244 nascitur
2635 1188 2906 1248 Honorius
2930 1210 2965 1248 v
2992 1195 3065 1250 id.
3098 1197 3376 1268 Septemb.
3406 1200 3550 1259 The-

1954 1276 2166 1333 mistius
2195 1292 2402 1338 sextam
2453 1285 2758 1343 orationem
2810 1288 3121 1347 Theodosio
3163 1296 3546 1368 panegyricam

1257 1344 1594 1403 Marcellinus
1616 1348 1840 1423 Comes).

1953 1370 2099 1427 dicit.
2134 1373 2331 1430 Iterum
2362 1377 2681 1435 Ambrosius
2706 1382 2772 1437 ad
2804 1383 3096 1443 Maximum
3138 1344 3362 1461 legamus;
3382 1392 3549 1449 mitti.

1952 1473 2039 1520 tur
2062 1466 2128 1521 ad
2152 1467 2390 1526 Gratiani
2419 1486 2616 1544 corpus
2640 1478 3019 1547 repetendum.

1898 1550 1909 1559 ’
1949 1558 2049 1617 An.
2083 1560 2151 1618 U.
2190 1561 2250 1620 C.
2296 1566 2457 1637 1158,
2482 1567 2677 1627 Christi
2715 1572 2843 1642 585,
2883 1575 3144 1634 Valentia.
3179 1594 3238 1648 tt;
3273 1581 3550 1642 Theodosii

2482 1663 2609 1738 imp.
2638 1667 2691 1732 7,
2738 1678 2876 1723 ωιαι.
2912 1669 3002 1726 40.

2018 1748 2358 1807 Theodosius
2385 1753 2618 1811 Arcadio
2640 1758 2885 1831 Augusto
2913 1764 3255 1821 consulatum
3282 1766 3395 1823 dat.

2032 1885 2046 1900 .
2079 1844 2146 1901 U.
2178 1845 2237 1902 C.
2270 1848 2433 1917 H59,
2464 1849 2657 1907 Christi
2682 1854 2808 1921 586,
2846 1856 3111 1914 Valentia.
3138 1859 3228 1928 i2;
3259 1861 3544 1919 Theodosii

2473 1944 2600 2015 imp.
2644 1948 2697 2012 8,
2744 1959 2883 2003 telat.
2924 1951 3015 2006 41.

2015 2030 2315 2088 Honorium
2349 2032 2619 2094 Caesarem
2653 2039 2813 2095 simul
2843 2050 2899 2097 et
2925 2044 3202 2101 consulem
3250 2045 3395 2114 facit;
3426 2047 3543 2119 ipse

1946 2140 2051 2181 una
2077 2142 2199 2183 cum
2226 2127 2462 2187 Arcadio
2506 2132 2879 2206 triumphans,
2930 2147 2991 2194 ut
3012 2140 3257 2198 referunt
3299 2143 3501 2200 Idalios
3525 2187 3540 2212 ,

1944 2219 2305 2290 Marcellinus,
2328 2225 3143 2305 Zosimus,Constantinopolim
3169 2237 3469 2308 ingreditur
3492 2255 3544 2294 tv

1946 2312 2018 2368 id.
2052 2314 2305 2370 Octobris
2337 2318 2427 2374 ubi
2476 2320 2697 2376 I'Iacilla
2746 2325 2928 2395 priore
2975 2328 3209 2401 conjuge
3240 2331 3542 2401 exstincta,

1944 2405 2152 2463 Gallam
2198 2409 2489 2467 Placidiam
2518 2414 2884 2473 Valentiniani
2932 2419 3176 2478 Senioris
3222 2432 3276 2479 et
3312 2424 3542 2482 Justinte

1944 2499 2110 2556 ﬁliam
2143 2518 2205 2559 ea
2249 2506 2564 2563 conditione
2598 2507 2747 2566 ducit
2776 2554 2791 2578 ,
2822 2513 2994 2584 inquit
3033 2515 3280 2572 Zosimus
3301 2560 3315 2583 ,
3348 2530 3405 2574 ut
3429 2519 3540 2601 jam

1944 2596 2257 2655 meditatam
2309 2602 2489 2657 animo
2547 2612 2602 2659 et
2649 2610 2972 2676 promissam
3032 2612 3231 2682 saepius
3282 2596 3542 2671 adversus

1943 2690 2232 2747 Maximum
2265 2695 2667 2765 expeditionem
2695 2715 2864 2771 ocyus
2891 2704 3186 2760 conﬁceret
3215 2723 3228 2758 :
3264 2705 3545 2776 promissis

1944 2787 2114 2851 stetit,
2142 2788 2433 2860 statimque
2459 2790 2727 2847 Justinam
2758 2809 2885 2875 cum
2922 2798 3035 2853 ﬁlio
3068 2798 3445 2857 Valentiniano
3490 2811 3545 2859 et

1944 2878 2054 2935 ﬁlia
2078 2881 2228 2938 Galla
2259 2886 2485 2941 navibus
2515 2888 2821 2959 impositam
2849 2890 3077 2948 Romam
3100 2893 3334 2965 ablegat.

1945 2975 2047 3032 Αη.
2084 2976 2152 3034 U.
2186 2978 2247 3035 C.
2274 2981 2416 3039 1140
2436 3024 2451 3050 ,
2480 2982 2671 3039 Christi
2693 2986 2819 3054 587,
2869 2986 3129 3044 Valentia.
3157 2991 3246 3058 15;
3270 2991 3547 3048 Theodosii

2472 3078 2598 3151 imp.
2647 3079 2701 3147 9,
2746 3091 2885 3136 wtat.
2925 3082 3017 3138 42.

2017 3165 2357 3226 Theodosius
2385 3186 2507 3226 cum
2535 3171 2646 3228 ﬁlio
2671 3172 2928 3241 Arcadio,
2962 3184 3021 3231 ut
3045 3176 3121 3232 ait
3142 3177 3363 3246 Itlatius,
3385 3181 3545 3251 quin-

1946 3262 2232 3332 quennalia
2254 3264 2492 3321 celebrat
2522 3267 2909 3325 indictionibus
2940 3281 2993 3325 et
3017 3271 3175 3326 ludis.
3201 3272 3317 3329 Sub
3338 3273 3389 3327 id
3417 3282 3545 3329 tem-

1946 3370 2045 3425 pus
2075 3365 2213 3413 teste
2252 3358 2565 3417 Mareellino
2616 3362 2880 3420 Maximus
2920 3374 3147 3436 repente
3202 3366 3254 3421 in
3289 3367 3492 3423 Italiam
3524 3411 3537 3434 ,

1944 3465 2053 3521 quo
2084 3450 2524 3511 Valentinianum
2566 3473 2685 3513 cum
2738 3469 2912 3516 matre
2944 3470 2999 3517 et
3027 3476 3217 3517 sorore
3254 3462 3544 3519 advenisse

1944 3543 2212 3611 audierat,
2238 3547 2508 3617 irrumpit.
2543 3550 2639 3607 Ille
2657 3565 2799 3609 metu
2824 3555 3108 3625 perculsus
3137 3556 3335 3611 iterum
3365 3557 3540 3613 Thes-

1944 3637 2241 3693 salonicam
2269 3640 2336 3695 ad
2358 3642 2726 3702 Theodosium
2757 3649 2886 3719 fugit
2916 3691 2930 3715 ,
2958 3651 3044 3705 cui
3073 3651 3544 3721 quidcm‘tendcre

1943 3730 1999 3786 in
2031 3732 2260 3787 transitu
2288 3734 2515 3792 insidias
2542 3737 2805 3797 Maximus
2828 3742 3030 3799 frustra
3056 3745 3267 3801 nititur.

1944 3828 2044 3883 Αη.
2072 3828 2138 3885 U.
2169 3830 2227 3885 C.
2262 3831 2424 3899 HM,
2452 3831 2645 3890 Christi
2689 3837 2795 3894 588
2821 3880 2835 3902 ,
2878 3837 3138 3895 Valentia.
3167 3841 3254 3909 M;
3282 3840 3536 3899 Theodos.

2442 3930 2569 3998 imp.
2618 3930 2686 3986 10
2711 3974 2725 3997 ,
2754 3943 2893 3987 a'tat.
2944 3933 3037 3991 45.

2014 4020 2147 4075 Cum
2179 4020 2515 4079 Theodosius
2536 4024 2833 4080 secundum
2863 4027 3052 4082 consul
3074 4027 3141 4083 ad
3174 4027 3373 4085 bellum
3404 4043 3539 4085 con-

1946 4118 2025 4166 tra
2073 4112 2361 4169 Maximum
2404 4130 2527 4171 sese
2577 4128 2957 4188 compararet,
3012 4134 3211 4175 novum
3263 4121 3535 4190 quoddam

1946 4205 2323 4277 tributigenus
2365 4208 2721 4265 Antiochenis
2773 4209 3061 4268 indixerat.
3116 4212 3196 4266 Illi
3233 4212 3541 4268 exacerbati

1947 4296 2180 4354 Placillec
2207 4307 2441 4355 statuam
2465 4316 2711 4357 eversam
2739 4317 2835 4373 per
2860 4303 3145 4357 ludibrium
3175 4312 3410 4375 raptant,
3431 4321 3533 4374 qua

1944 4392 2138 4462 injuria
2183 4394 2533 4449 vehementer
2576 4404 2881 4449 commotus
2936 4394 3313 4460 Theodosius,
3358 4397 3540 4453 missis

238 4462 573 4519 Germanicis
602 4465 760 4523 bellis
781 4468 1119 4525 debilitatum
1152 4487 1440 4543 aggressus
1468 4475 1715 4547 Lugduni
1746 4496 1836 4536 vtn
1937 4486 2049 4556 jam
2078 4484 2170 4555 qui
2216 4499 2403 4553 ptenas
2441 4496 2757 4556 expeterent
2806 4487 3070 4542 militibus
3096 4529 3109 4552 ,
3143 4487 3386 4545 Flaviani
3430 4489 3542 4546 Au-

239 4554 343 4611 kal.
376 4557 531 4629 Sept.
583 4559 708 4615 dolo
735 4576 832 4633 per
861 4564 1285 4634 Andragathiutn
1317 4571 1675 4638 peremisset,
1720 4573 1765 4628 is
1806 4590 1835 4630 a

241 4649 623 4707 Valentiniano
649 4654 714 4708 ad
740 4655 952 4725 imperii
969 4656 1306 4726 societatem,
1324 4670 1377 4714 at
1400 4676 1467 4717 ex
1490 4667 1835 4733 necessitate,
1866 4637 1918 4696 Β

237 4743 564 4800 admittitur.
614 4745 953 4804 Theodosius
1006 4750 1125 4820 ejus
1176 4752 1367 4823 legalis
1415 4753 1464 4809 id
1510 4755 1683 4826 ipsum
1717 4771 1745 4812 a
1778 4774 1838 4815 se

238 4842 641 4911 postulantibus
672 4844 808 4899 nihil
835 4847 969 4901 certi
1012 4847 1326 4917 respondit,
1379 4865 1447 4905 ne
1478 4850 1687 4908 insidia:
1710 4869 1843 4925 quo-

235 4952 339 5008 que
387 4935 770 4993 Valentiniano
804 4938 1005 5010 juniori
1054 4942 1123 4997 ab
1156 4942 1348 4999 eodem
1391 4945 1622 5001 Maximo
1662 4958 1838 5004 strue-

235 5043 452 5095 rentur,
483 5042 773 5101 antequam
798 5034 1041 5090 collectis
1068 5038 1242 5108 copiis
1276 5040 1464 5109 pupilli
1497 5042 1838 5112 imperatoris

236 5125 523 5195 pueritiam
549 5127 717 5181 armis
743 5136 928 5197 posset
975 5131 1158 5186 tutari.
1209 5131 1319 5186 Hoc
1364 5133 1725 5192 subodoratus
1756 5147 1837 5209 ty-

232 5234 475 5282 rannus.
523 5222 767 5291 quamvis
804 5223 981 5280 foedus
1023 5239 1145 5280 cum
1179 5225 1556 5284 Valentiniano
1600 5229 1832 5298 inisset,

230 5304 598 5371 Mediolanum
632 5316 717 5372 ubi
752 5316 1157 5375 Valentinianus
1195 5322 1515 5377 versabatur
1542 5332 1836 5392 .veuturus,

220 5424 588 5481 numerosum
608 5411 904 5467 exercitum
931 5422 1177 5483 apparat.
1198 5413 1292 5471 Ille
1321 5431 1443 5472 cum
1473 5426 1646 5474 matre
1668 5417 1838 5474 Justi-

230 5522 298 5563 na
334 5516 391 5562 et
445 5506 624 5563 Probo
666 5507 954 5581 Hyparcho
990 5508 1431 5568 Thessalonicam
1464 5513 1631 5585 fugit,
1660 5513 1837 5571 Theo-

226 5600 373 5655 dosii
397 5615 555 5669 opem
582 5601 989 5672 imploraturus.
1019 5602 1279 5659 Martinus
1307 5605 1541 5661 Maximo
1568 5607 1831 5679 prazdixe-

228 5706 321 5752 rat
354 5695 591 5752 futurum
625 5707 682 5752 ut
707 5697 751 5752 si
786 5697 837 5753 in
863 5697 1067 5753 Italiam
1111 5698 1376 5755 adversus
1399 5699 1831 5758 Valentinianum

228 5792 477 5869 veniret,
503 5793 680 5863 primo
709 5793 925 5867 quidem
954 5794 1155 5864 impetu
1190 5794 1367 5850 victor
1390 5802 1555 5864 esset,
1585 5805 1639 5852 at
1670 5813 1835 5869 parvo

226 5876 365 5959 post
392 5874 636 5959 tcmpore
659 5870 880 5959 periret,
909 5879 968 5944 ut
990 5889 1166 5961 rcipsa
1191 5873 1433 5959 contigit.

1944 4579 2300 4635 tiocbensium
2341 4581 2579 4652 episcopi
2629 4582 2801 4636 saneti
2841 4588 2896 4635 et
2937 4582 3219 4653 prudentis
3262 4584 3365 4639 viri
3395 4584 3541 4655 lega-

1947 4675 2092 4729 tione
2117 4674 2381 4746 placatur.
2406 4674 2625 4730 Interim
2656 4674 2920 4730 Maximus
2948 4687 3089 4744 t0ta,
3114 4686 3310 4748 praeter
3338 4677 3543 4734 Medio-

1944 4769 2220 4825 Ianensem
2259 4770 2448 4825 urbem
2480 4785 2641 4842 quam
2672 4771 2908 4841 episcopi
2939 4772 3023 4826 sui
3060 4772 3333 4829 Ambrosii
3380 4788 3541 4829 sanc-

1943 4863 2071 4919 titas
2113 4874 2169 4919 et
2207 4863 2470 4919 industria
2510 4867 2786 4931 servavit,
2825 4873 3029 4920 vastata
3083 4865 3227 4921 Italia
3257 4866 3308 4920 in
3338 4865 3536 4922 Urbem

1942 4957 2232 5026 cogitabat.
2261 4955 2442 5024 Quare
2467 4955 2808 5010 Theodosius
2838 4965 3148 5012 sanctorum
3184 4958 3539 5028 inprimisque

1940 5050 2167 5107 Joannis
2193 5048 2556 5105 Anachoretze
2585 5066 2649 5104 ac
2668 5050 2931 5121 Senuphii
2955 5050 3204 5120 precibus
3232 5063 3538 5108 commoms

1945 5145 2243 5215 Aquileiam
2292 5144 2595 5200 contendit.
2648 5144 2776 5211 llic,
2808 5156 2865 5200 ut
2905 5146 2981 5199 ait
3008 5144 3287 5210 Socrates,
3320 5144 3539 5202 Maximi

1941 5239 2239 5295 exercitum
2264 5241 2423 5310 plane
2447 5240 2593 5296 delet
2624 5257 2671 5295 rt
2704 5239 2811 5295 kal.
2843 5241 3017 5313 Sept.,
3050 5256 3283 5311 eumque
3319 5250 3533 5311 captum

1941 5342 2050 5389 eta
2082 5332 2375 5390 Theodosii
2414 5334 2584 5390 oculis
2619 5333 2911 5391 abductum
2964 5336 3083 5389 irati
3126 5334 3327 5389 milites
3376 5334 3538 5404 regiis

1940 5426 2276 5483 ornamentis
2302 5435 2507 5483 exuunt
2531 5438 2586 5484 et
2626 5427 2962 5483 interﬁciunt
3002 5427 3163 5483 tertio
3193 5426 3261 5481 ab
3288 5426 3536 5497 Aquileia

1942 5520 2221 5587 milliario,
2242 5520 2352 5575 kal.
2383 5520 2522 5591 Aug.
2559 5519 2742 5577 Victor
2773 5521 2986 5575 Maximi
3018 5519 3158 5573 ﬁlius
3190 5518 3331 5573 haud
3365 5517 3536 5573 multo

1940 5624 2063 5684 post
2097 5628 2192 5684 per
2230 5613 2584 5684 Arbogastem
2628 5614 2880 5669 comitem
2934 5613 2985 5667 in
3032 5611 3225 5669 Galliis
3272 5612 3540 5679 occiditur

1940 5704 2246 5778 (Zosimus).
2295 5705 2697 5777 Andragathius
2749 5707 2866 5777 ejus
2918 5720 3101 5763 comes
3130 5750 3145 5775 ,
3197 5707 3287 5778 qui
3335 5705 3534 5762 fretum

1941 5798 2147 5854 Ionium
2201 5799 2420 5879 tenebat
2443 5814 2565 5855 eum
2600 5798 2815 5883 ingenti
2842 5800 3059 5883 classe,
3108 5799 3291 5857 audita
3324 5798 3540 5857 Maximi

1943 5894 2076 5949 nece
2098 5901 2219 5950 sese
2250 5874 2583 5964 praecipitem
2607 5886 2661 5949 in
2690 5874 2838 5953 mare
2862 5876 3026 5951 misit;
