3950 6350
339 221 451 276 m
1243 218 1730 287 PANEGYlllCllS
1770 218 1948 297 ritca

2060 216 2446 297 resonos“)
2489 217 2753 276 merus.
3543 212 3649 277 trs

334 338 533 406 exeipit
576 338 754 411 Solem,
803 355 861 391 uc
893 336 1245 407 ileﬁrientibus
1293 336 1440 407 terris
1480 335 1669 390 sociale
1708 336 1945 413 miscetur
1973 340 2020 409 Α
2049 332 2359 411 sanciendis
2390 334 2598 413 legibus
2640 333 2986 407 providentia
3024 330 3101 402 (ιι.
3139 331 3251 402 15);
3284 330 3334 385 in
3366 328 3431 395 iis
3458 328 3651 401 quibus

333 433 666 485 elementum.
698 430 966 485 Pra-terea
1010 430 1105 483 luit
1135 430 1186 487 ei
1228 445 1348 484 cum
1400 428 1637 491 Ausonio
1678 414 1979 501 Burdegaﬁ

332 525 477 581 leusi
524 540 715 596 magna
757 523 1112 588 familiaritas,
1153 524 1247 595 qui
1279 539 1399 578 cum
1435 523 1808 589 proconsulem
1840 537 1947 578 non

331 633 453 681 uno
486 616 540 672 iu
576 619 693 672 loco
719 618 988 688 appellat,
1026 617 1238 689 ipsique
1268 616 1523 671 nonnulla
1567 616 1855 685 Opusciila,
1892 625 1949 670 ut

331 713 752 785 epigrammata,
809 711 994 769 ludum
1047 710 1404 781 sapientium,
1459 708 1941 781 technopa'guion,

338 814 405 861 et
434 807 1073 878 grammaticomastigem
1100 803 1394 874 inscripsit.
1411 804 1673 859 Eumdt-m
1692 803 1945 858 eximium

331 910 559 972 poetam
590 902 825 973 appellat
851 899 989 973 Idyl.
1039 901 1089 953 7.
1120 898 1326 954 Tamen
1373 908 1550 953 utrum
1600 898 1739 953 idem
1787 896 1949 952 fuerit

330 1010 465 1051 cum
495 1010 583 1059 eo,
618 994 773 1064 cujus
804 1003 1024 1050 exstant
1054 992 1270 1063 psalmi,
1304 992 1599 1069 bymuique
1627 991 1852 1061 aliquot,
1886 1005 1949 1046 ac

328 1089 444 1144 alia
475 1086 718 1143 carmina
742 1130 755 1153 ,
788 1098 843 1141 et
872 1088 926 1142 in
962 1087 1025 1142 iis
1057 1085 1283 1157 epistola
1309 1085 1545 1156 elegiai-a
1575 1083 1642 1138 ad
1682 1086 1952 1159 Augusto-

329 1183 645 1238 dunensem
680 1180 990 1250 episcojmm
1011 1221 1025 1245 ,
1051 1179 1261 1232 dubitat
1291 1177 1431 1232 idem
1461 1177 1608 1231 Elias
1639 1176 1863 1233 Vim-tus
1895 1176 1950 1230 in

330 1274 673 1331 Ausonium.
708 1272 901 1328 Noster
924 1286 1055 1326 vero
1078 1270 1269 1325 Petrus
1295 1268 1617 1325 Franciscus
1645 1266 1951 1323 Chitfletius

330 1366 392 1421 in
431 1367 663 1421 Paulino
693 1366 962 1420 illustrato
1010 1373 1168 1434 negat
1216 1364 1358 1419 hunc
1405 1362 1657 1417 PaCatum
1703 1374 1948 1416 ausurum

330 1458 595 1515 eumdem
629 1457 797 1513 fuisse
826 1466 989 1527 atque
1019 1457 1082 1521 is,
1116 1456 1204 1524 qui
1235 1455 1301 1509 ad
1330 1453 1589 1510 Urauium
1619 1454 1866 1508 scribens
1890 1454 1946 1509 S.

331 1551 554 1607 Paulini
584 1549 763 1606 Vitam
794 1551 971 1603 vincta
1004 1549 1244 1602 numeris
1269 1549 1514 1601 oratione
1541 1546 1867 1615 scripturum
1891 1560 1951 1615 se

329 1652 643 1713 receperat.
674 1642 781 1697 Sed
815 1643 954 1695 hunc
981 1639 1238 1694 Pacatum
1287 1650 1471 1692 nostro
1514 1637 1685 1693 tribus
1719 1647 1776 1693 et
1820 1652 1951 1708 qua-

2053 427 2417 482 comntittercl
2462 412 2688 497 arcana,
2726 442 2860 495 quos
2902 435 3244 499 promoveret
3274 422 3341 478 ad
3370 420 3651 493 magistra-

2052 530 2161 589 tns,
2198 521 2489 597 seligemlis
2532 500 2814 597 prudentia
2851 520 2927 596 (η.
2968 518 3077 593 l5);
3108 519 3322 595 egregia
3354 518 3407 587 in
3444 517 3648 589 amicos

2053 617 2187 673 fides
2216 618 2290 687 (ιι.
2319 615 2434 688 16),
2462 617 2514 672 in
2536 616 2897 688 exsequendis
2923 615 3201 685 promiSsis
3227 611 3508 682 religio(n.
3534 606 3647 680 17);

2050 727 2176 782 erga
2207 726 2299 765 eos
2327 726 2555 785 quorum
2588 710 2865 764 ambitioni
2900 726 2996 780 pro
3029 709 3435 781 magistratuum
3467 704 3651 781 pauci-

2053 814 2160 860 tate
2201 805 2378 860 facere
2420 806 2552 859 satis
2590 820 2696 858 non
2730 814 2964 877 poterat,
2997 803 3289 874 singularis
3342 788 3648 863 litm‘ianilas

2051 898 2461 959 commendatur
2492 900 2569 973 (tt.
2600 896 2717 969 20).

2127 992 2366 1049 Secunda
2391 1007 2530 1063 pars.
2550 992 2706 1044 —De
2737 989 2967 1063 publicis
2992 989 3111 1061 ejus
3138 986 3447 1043 virtutibus.
3477 984 3647 1054 Quam

2054 1085 2226 1140 bonus
2246 1095 2299 1140 et
2328 1085 2505 1139 civilis
2536 1084 2586 1137 in
2615 1083 2960 1139 admittendis
2988 1082 3052 1136 ad
3084 1097 3142 1137 se
3170 1079 3443 1144 omnibus,
3478 1079 3528 1132 in
3557 1062 3651 1132 eo?

2053 1160 2172 1233 rum
2205 1177 2438 1248 querelis
2469 1176 2751 1255 audiendis
2780 1175 2855 1247 (η.
2890 1175 3006 1246 2t).
3037 1175 3109 1229 [ie
3153 1174 3301 1226 vultu
3331 1188 3437 1227 non
3472 1171 3651 1226 minus
3686 1176 3699 1183 '

2055 1276 2324 1337 hostibus.
2352 1290 2513 1347 quam
2552 1273 2765 1329 civibus
2816 1285 2997 1327 notus.
3038 1270 3405 1335 Mcmorantur
3431 1268 3549 1339 ejus
3576 1265 3655 1319 \i-

2052 1369 2239 1424 ctoria:
2268 1369 2334 1423 de
2360 1368 2550 1424 Gothis
2578 1413 2593 1436 ,
2631 1367 2859 1432 Hunnis,
2888 1364 3193 1430 Saracenis,
3227 1362 3463 1435 Scythis,
3488 1361 3657 1427 Alba-

2055 1463 2160 1529 nis,
2184 1474 2235 1517 et
2266 1462 2442 1518 Persis
2468 1461 2543 1535 (η.
2568 1462 2684 1534 22).
2713 1459 2769 1515 In
2801 1471 3096 1516 extremam
3123 1457 3419 1513 Galliarum
3444 1464 3649 1527 partem

2054 1572 2175 1611 cum
2205 1556 2443 1613 exercitu
2477 1555 2821 1629 progreditur
2857 1556 3115 1608 adversus
3146 1551 3434 1607 Maximum
3464 1548 3652 1605 Gallize

2055 1660 2375 1725 tyrannum,
2418 1650 2710 1704 multarum
2741 1649 3011 1718 legionum
3062 1644 3366 1715 delectione
3411 1641 3497 1715 (ιι.
3529 1641 3649 1727 25),

332 1738 587 1808 dragiuta
637 1735 794 1791 anuis
833 1734 1105 1807 juniorem
1152 1733 1229 1789 ait
1277 1732 1344 1787 ad
1386 1748 1545 1803 quem
1587 1731 1945 1805 Symmachus
1976 1743 2025 1805 Β
2052 1740 2406 1813 quinquennii
2440 1741 2756 1813 impunitate
2787 1738 3057 1805 inﬂatum;
3087 1748 3368 1808 perempto
3394 1733 3652 1789 Gratiano

335 1832 508 1887 mittit
538 1830 820 1901 epistolam
852 1828 918 1885 12
948 1830 983 1884 Ι.
1012 1843 1104 1899 vin
1130 1869 1145 1893 ,
1176 1836 1228 1883 et
1259 1842 1347 1897 ep.
1378 1827 1448 1883 58
1479 1836 1534 1882 et
1560 1826 1629 1883 69
1662 1827 1779 1882 libri
1813 1842 1887 1882 ix.

408 1924 799 1978 Pronuntiatus
835 1929 919 1975 est
950 1920 1037 1976 hic
1064 1922 1420 1992 panegyricus
1446 1937 1536 1975 an.
1570 1919 1772 1975 Christi
1798 1919 1896 1975 39l
1928 1961 1944 1988 ,

336 2019 643 2074 secundum
671 2015 963 2071 Haloandri
992 2018 1229 2070 rationes
1254 2056 1269 2082 ,
1302 2014 1366 2069 ad
1398 2013 1509 2069 kal.
1546 2015 1852 2086 Septembr.
1890 2024 1947 2069 ut

339 2110 504 2166 tradit
556 2108 903 2164 Marcellinus
929 2105 1154 2175 Comes;
1209 2107 1417 2172 Βυιιιςιι,
1446 2123 1554 2180 quo
1602 2108 1825 2163 relatam
1879 2107 1948 2164 de

339 2203 578 2260 llaximo
612 2214 841 2274 tyranno
872 2201 1149 2256 victoriam
1172 2200 1532 2271 gratulaturus
1559 2217 1588 2256 e
1617 2200 1790 2257 Gallia
1820 2201 1949 2255 mis-

339 2314 433 2354 sus
457 2307 611 2363 erat;
649 2313 831 2352 coram
862 2297 1211 2366 imperatore,
1242 2312 1401 2368 quem
1434 2298 1764 2366 compellare
1813 2313 1950 2366 prae-

340 2404 554 2447 sentem
587 2390 835 2457 videtur;
868 2396 1149 2460 spectante
1176 2400 1397 2449 senatu.
1430 2399 1486 2445 ut
1529 2391 1642 2461 ipse
1670 2390 1744 2444 ait
1776 2405 1945 2462 pane-

341 2484 513 2558 gyrici
550 2484 709 2555 hujus
740 2483 917 2540 initio.

743 2621 774 2697 δ
815 2621 903 2683 ΙΙΙ.
945 2622 1199 2695 Synoptis
1227 2622 1546 2695 panegyrici.

417 2756 731 2812 Exordium.
755 2788 827 2798 —
852 2757 984 2812 Cum
1020 2757 1186 2812 multa
1216 2757 1317 2812 sibi
1357 2756 1556 2812 dicenti
1586 2766 1786 2812 metum
1820 2756 1952 2813 all‘e-

339 2857 500 2915 rant,
539 2861 651 2905 tum
692 2852 742 2905 in
778 2849 965 2922 primis
1004 2851 1338 2906 commoveri
1376 2866 1434 2906 se
1465 2852 1560 2919 ait,
1594 2852 1736 2923 quod
1766 2867 1949 2907 coram

339 2947 710 3017 imperatore,
742 2958 924 3001 coram
956 2957 1168 3010 senatu,
1198 2945 1408 3013 Roniaa,
1441 2945 1603 3001 homo
1647 2946 1832 3003 Gallus
1872 2947 1955 3002 di-

336 3050 429 3097 cat
460 3058 473 3093 :
507 3039 768 3097 accedere
794 3055 854 3096 se
886 3049 1066 3096 tamen
1094 3041 1161 3095 ad
1190 3042 1514 3097 laudandum
1548 3042 1953 3114 Themloainm;

2052 1835 2105 1889 in
2130 1836 2299 1913 Gallia
2334 1835 2605 1903 caulibus,
2634 1834 2840 1906 rapinis
2860 1876 2874 1900 ,
2902 1843 2953 1889 et
3004 1833 3149 1887 omni
3181 1845 3382 1902 genere
3421 1826 3654 1885 crudeli-

2054 1914 2177 1989 tatis
2208 1940 2543 2001 grassantem
2578 1930 2657 1999 (n.
2687 1926 2800 2000 9.4).
2830 1925 2945 1993 Non
2981 1926 3099 1981 sine
3127 1925 3311 1979 divino
3340 1921 3544 1993 auxilio
3571 1921 3650 1973 fa-

2051 2036 2220 2093 ctum,
2266 2036 2318 2103 nt
2348 2035 2608 2099 tyrannus
2635 2022 2725 2078 ille
2755 2020 2926 2077 fwdus
2955 2037 3076 2075 cum
3107 2017 3415 2077 Theodosio
3445 2024 3653 2070 utcum-

2051 2135 2156 2191 que
2185 2118 2375 2175 initmn
2427 2118 2651 2171 violaret
2686 2119 2761 2189 (η.
2794 2114 2909 2187 '50),
2937 2125 2995 2168 ut
3034 2111 3328 2167 Theodosii
3358 2109 3649 2164 adventum

2050 2213 2318 2268 sustinere
2349 2226 2453 2265 non
2492 2209 2726 2281 potuerit
2756 2210 2830 2282 (ιι.
2864 2207 2981 2281 51),
3008 2218 3064 2261 ιιι
3094 2207 3159 2261 ad
3188 2205 3398 2277 Asciain
3428 2202 3671 2277 fluvium'

2052 2304 2204 2361 fusus
2224 2319 2286 2359 ac
2315 2304 2471 2373 plane
2492 2303 2705 2358 deletus
2730 2300 2803 2358 sit
2832 2302 2913 2369 (ιι.
2950 2299 3065 2370 52),
3100 2311 3155 2352 ut
3190 2295 3480 2352 Marcellini
3503 2294 3650 2366 pari-

2054 2409 2136 2455 ter
2161 2397 2432 2469 exercitus
2461 2395 2775 2469 proﬂigatus
2798 2400 2866 2449 sit
2896 2392 2973 2467 (η.
3000 2391 3117 2463 35).
3152 2391 3487 2447 Theodosius
3518 2389 3653 2458 abji-

2052 2492 2214 2549 cienti
2244 2506 2395 2549 arma
2423 2490 2586 2565 vitam
2615 2489 2883 2544 condonat
2902 2489 2980 2561 (η.
3000 2486 3117 2561 56).
3139 2485 3453 2541 Ηωιιιοιιιὶιιι
3472 2482 3652 2553 ingre-

2052 2588 2197 2641 ditur
2248 2586 2417 2640 victor
2452 2604 2464 2639 :
2519 2594 2722 2656 quanto
2762 2584 3077 2663 populorum
3105 2593 3369 2645 concursu
3403 2575 3492 2650 (ιι.
3525 2573 3651 2647 57).
3689 2636 3705 2648 ,

2055 2682 2317 2737 Maximus
2358 2696 2465 2751 quo
2516 2680 2684 2751 fugiat
2732 2677 2993 2742 incertus,
3029 2674 3270 2747 Aquileia
3312 2688 3373 2729 se
3427 2670 3655 2727 includit

2055 2780 2135 2839 (ιι.
2164 2775 2279 2850 58).
2314 2776 2429 2831 Huc
2457 2792 2581 2831 eum
2633 2774 2875 2830 exercitu
2918 2772 3053 2829 mira
3075 2769 3351 2826 celeritate
3403 2766 3656 2823 convolat

2054 2868 2396 2926 Theodosius
2419 2870 2496 2942 (η.
2526 2865 2641 2939 59);
2676 2867 2913 2936 singulas
2951 2865 3292 2935 imperatoris
3323 2862 3549 2916 virtutes
3601 2859 3653 2941 in

2061 2966 2217 3043 hujus
2246 2964 2498 3034 triumphi
2520 2976 2722 3032 partem
2751 2962 2964 3025 venisse
2992 2978 3004 3014 :
3041 2962 3091 3014 iu
3122 2959 3311 3029 primis
3341 2956 3652 3015 felicitatem

2057 3076 2159 3131 qua
2195 3058 2390 3113 factum
2420 3067 2500 3110 est
2543 3068 2601 3110 ut
2634 3054 2900 3109 Maximus
2928 3052 3229 3108 voluntaria
3272 3066 3403 3106 nece
3450 3047 3655 3118 turpioe

335 3142 392 3190 ει
423 3136 553 3205 (Ima
586 3134 747 3205 ¹υ¹¹Βο
774 3136 1013 3190 meorum
1040 3136 1329 3213 intervallo
1349 3152 1466 3191 eam
1494 3138 1563 3193 οδ
1586 3152 1699 3192 rem
1724 3126 1950 3193 “O'W'ﬂl
1978 3139 2026 3207 Ε
2061 3126 2199 3218 rem,
2222 3151 2397 3224 qualis
2423 3149 2612 3204 sceleri
2646 3149 2965 3212 debebatur,
3000 3156 3226 3201 mortem
3274 3161 3377 3197 non
3407 3142 3656 3212 effugerit

333 3231 593 3295 venerit,
642 3236 699 3284 et
740 3230 861 3299 quia
906 3229 1159 3285 laudandi
1202 3232 1463 3302 principis
1507 3231 1651 3287 nulla
1692 3232 1954 3287 incumbit

332 3326 671 3381 necessitas.

408 3416 750 3473 Distributio.
783 3448 852 3458 —
889 3417 1113 3483 Videtur
1140 3418 1253 3475 ba‘c
1283 3419 1491 3485 esse:l.
1527 3420 1633 3473 vita
1660 3418 1953 3476 Theodosii

333 3513 584 3584 privata;
618 3511 681 3565 ll.
712 3513 817 3565 vita
850 3512 1093 3583 ejusdem
1129 3514 1339 3584 publica
1380 3513 1648 3569 laudatur.

414 3603 604 3661 Prima
622 3621 760 3675 pars.
791 3634 865 3646 —
885 3605 1223 3662 Theodosius
1253 3606 1590 3663 ditlicilliinis
1616 3609 1953 3680 temporibus

332 3704 479 3759 ideo
507 3721 534 3757 a
565 3702 827 3759 Gratiano
849 3704 901 3759 in
931 3705 1140 3775 imperii
1170 3707 1483 3761 sticietatem
1531 3705 1870 3775 adsciscitur,
1897 3716 1955 3763 ut

331 3796 699 3853 inclinantem
725 3795 779 3851 iu
804 3811 1044 3867 praeceps
1064 3797 1449 3867 rempublicam
1481 3800 1744 3854 sustineat
1774 3798 1851 3873 (η,
1870 3798 1950 3871 2).

327 3890 458 3948 Non
497 3890 661 3944 alium
709 3890 1015 3960 eligendum
1070 3890 1238 3946 fuisse
1280 3890 1582 3956 declarant,
1615 3892 1734 3962 ejus
1782 3895 1954 3963 patria

332 3984 413 4057 (η.
452 3982 541 4052 4),
570 3984 807 4052 parentis
844 3983 1106 4053 yictorire,
1140 3982 1333 4039 domus
1352 3983 1613 4053 splendor
1635 3986 1709 4054 (η.
1742 3982 1819 4056 5),
1847 3983 1954 4040 lor-

333 4092 446 4132 mze
482 4077 796 4146 priestantia
827 4078 905 4152 (η.
941 4077 1021 4147 6),
1050 4087 1183 4132 tetas
1213 4079 1419 4150 integra
1475 4091 1527 4134 et
1558 4060 1765 4134 matura
1788 4081 1955 4150 impe-

332 4172 422 4228 rio
454 4174 536 4238 (η.
570 4170 647 4242 7).
682 4172 729 4226 Α
773 4172 1000 4227 fortuna
1037 4172 1196 4227 donis
1229 4175 1422 4229 transit
1464 4174 1530 4229 ad
1569 4176 1732 4230 animi
1777 4154 1951 4232 dotes.

339 4266 491 4323 Usus
538 4266 667 4323 belli
723 4283 831 4338 quo
876 4282 1007 4337 puer
1050 4268 1162 4338 jam
1221 4268 1524 4339 fingebatur
1553 4270 1619 4325 ad
1666 4272 1952 4340 imperium

340 4362 421 4433 (ιι.
458 4359 539 4431 8),
567 4376 656 4414 res
676 4361 937 4431 przeclare
977 4363 1028 4418 in
1056 4364 1197 4420 bello
1238 4376 1405 4436 gestio
1439 4366 1514 4437 (η.
1547 4346 1656 4438 l0),
1693 4340 1953 4439 modestia

344 4455 396 4509 in
440 4454 747 4510 recusando
774 4455 1095 4531 imperio(n.
1129 4444 1239 4529 il),
1270 4459 1325 4535 in
1356 4459 1545 4517 eodem
1566 4432 1956 4523 administrari:-

347 4548 418 4605 do
440 4548 862 4621 minuendisque
912 4551 1162 4622 palatinis
1201 4553 1505 4623 sumptibus
1550 4552 1849 4637 frugalius,
1894 4552 1948 4608 in
1977 4544 2033 4606 D

2057 3249 2134 3320 (ιι.
2161 3245 2275 3316 40);
2305 3257 2355 3298 ιιι
2379 3246 2645 3313 Spoliatus
2690 3244 2852 3314 regiis
2893 3240 3227 3297 ornamentis
3265 3239 3329 3293 ad
3362 3236 3656 3293 Theodosii

2057 3340 2220 3407 pedes
2240 3339 2487 3408 captivus
2510 3338 2775 3392 adductus
2793 3336 2870 3407 (ιι.
2897 3335 3013 3406 45);
3033 3344 3089 3388 ιιι
3118 3335 3295 3389 statim
3329 3332 3656 3402 ab'impera-

2057 3434 2191 3488 toris
2236 3442 2534 3501 conspectu
2583 3430 2845 3499 abductus
2893 3446 2960 3486 eo
3005 3429 3176 3485 inscio
3217 3437 3533 3497 peremptus
3583 3425 3656 3480 sit

2059 3526 2137 3597 (η.
2163 3522 2279 3597 Η);
2317 3524 2530 3579 futurus
2552 3525 2786 3595 posteris
2810 3522 3092 3576 vindicata}
3121 3518 3421 3593 tyrannidis
3467 3534 3620 3572 cxem
3646 3550 3649 3555 ›

2059 3621 2225 3688 plum.
2275 3616 2557 3687 Laudatur
2594 3632 2800 3670 smnma
2854 3615 3073 3671 victoris
3103 3614 3393 3669 clementia
3420 3612 3495 3681 (ιι.
3530 3610 3648 3683 lii),

2057 3711 2279 3776 Cinnae,
2331 3712 2515 3787 Syllae,
2570 3709 2741 3777 Matii,
2795 3707 3026 3764 Ca-saris
3076 3705 3354 3761 dissimilis
3385 3703 3475 3777 (ιι.
3513 3701 3649 3771 46).

2058 3805 2349 3862 Theodosii
2375 3807 2428 3860 in
2460 3804 2657 3861 Urbem
2692 3803 2989 3873 ingressus.
3040 3800 3211 3871 Leges
3234 3799 3300 3854 ab
3340 3812 3408 3853 eo
3438 3797 3653 3867 sapien-

2059 3910 2141 3957 ter
2170 3902 2479 3955 instaurata:
2509 3898 2587 3971 (η.
2619 3895 2734 3970 47).

2130 3994 2424 4052 Conclusio.
2461 4023 2533 4034 —-
2570 3993 2905 4047 Postremum
2968 3990 3069 4045 sibi
3123 3988 3453 4061 gratulatur,
3509 3984 3651 4057 quod

2062 4099 2329 4145 tantarum
2377 4104 2556 4143 rerum
2592 4087 2743 4142 testis
2776 4086 2985 4141 futurus
3012 4101 3042 4139 e
3072 4084 3246 4141 Gallia
3310 4084 3531 4136 Romam
3563 4096 3652 4134 ve-

2061 4184 2221 4239 nerit.
2267 4182 2477 4250 Quanta
2520 4181 2799 4235 alacritate
2824 4178 3173 4249 excipiendus
3202 4178 3327 4231 sita
3366 4175 3477 4229 suis
3525 4173 3653 4225 civi.

2061 4278 2183 4342 bus,
2210 4292 2272 4331 ea
2314 4292 2431 4345 quae
2466 4260 2544 4353 ibi
2589 4274 2783 4329 viderit
2816 4280 3153 4347 narraturus;
3205 4284 3307 4339 qua
3348 4267 3652 4323 auditorum
3690 4282 3693 4287 ‘

2061 4370 2366 4440 frequentia
2398 4354 2697 4438 stipamlus,
2723 4374 2778 4423 et
2807 4381 2964 4437 quam
2992 4364 3160 4421 multa
3188 4362 3359 4432 poetis
3386 4371 3440 4419 et
3461 4369 3648 4415 orato-

2064 4467 2213 4523 ribus
2238 4464 2678 4535 suppeditaturus
2702 4470 3017 4533 argumenta
3048 4457 3342 4515 scribendi.

366 4705 2937 4732 W-

1035 4840 1477 4927 INCIPIT
1567 4845 1997 4931 PACATI
2082 4844 2959 4945 PANEGYRICUS.

1771 5035 2244 5107 meo

426 5163 464 5219 Ι.
502 5162 710 5234 Siquis
736 5178 972 5234 unquam
1015 5163 1132 5230 fuit,
1158 5163 1457 5247 imperator
1484 5166 1743 5239 Auguste,
1782 5166 1873 5239 qui
1904 5177 1957 5251 te

358 5267 622 5329 prasente
658 5258 899 5317 dicturus
923 5260 938 5291 ί
966 5268 1091 5317 ante
1136 5260 1510 5335 trepidaverit.
1561 5278 1683 5325 eum
1715 5262 1958 5334 profecto

2065 5184 2152 5225 me
2180 5184 2301 5226 esse
2343 5181 2395 5226 et
2428 5171 2543 5241 ipse
2570 5176 2768 5242 sentio,
2811 5183 2866 5231 et
2905 5174 3032 5229 hisa
3057 5172 3150 5251 qui
3195 5171 3480 5229 consilium
3515 5179 3661 5226 tuum

2067 5265 2393 5337 participant
2425 5267 2597 5323 videri
2628 5283 2789 5339 posse
2825 5269 3003 5325 video.
3044 5266 3178 5324 Nam
3220 5281 3343 5349 cum
3374 5275 3424 5321 te
3449 5279 3665 5335 semper

1716 5397 2301 5463 INTERPRETATIO.

423 5502 450 5531 ι
482 5491 587 5562 Qui
615 5491 705 5548 tibi
734 5504 851 5551 sunt
876 5509 908 5548 α
932 5495 1184 5553 consiliis.

1890 5586 2127 5655 NOTAE.

423 5706 792 5805 ingentem.
791 5705 1143 5805 trepidaverit.
1171 5706 1230 5766 In
1260 5706 1548 5776 Pithaano
1587 5707 1776 5767 codice
1807 5716 1907 5775 est,
1929 5710 2054 5797 jure
2078 5719 2454 5801 trepidaverit;
2493 5717 2845 5805 Bertiniensi,
2873 5719 2927 5793 in
2964 5734 3022 5776 re
3056 5717 3402 5795 trepidaverit,
3440 5716 3494 5785 in
3542 5716 3666 5780 aliis

354 5796 447 5849 ore
482 5779 833 5857 trepidaverit,
