3950 6350
468 247 576 308 479

1646 236 2080 298 THEODOSIUS
2119 239 2209 297 ET
2249 236 2590 297 PACATUS.

3629 237 3721 298 480

468 372 613 428 ultra
658 384 849 428 omnes
893 378 1040 428 retro
1097 367 1372 442 principes
1426 364 1637 422 laudari
1677 365 2016 438 oportuerit,
2041 373 2068 403 ἰ
2095 367 2145 429 Α
2175 365 2306 432 mni,
2349 363 2545 432 fateor,
2590 360 2792 419 laboris
2833 358 3071 417 officium
3097 357 3210 430 ipsa
3257 358 3600 418 taciturnitate
3622 377 3727 420 cor-

473 481 618 523 nunc
649 480 811 538 porro
836 465 974 521 ultra
1006 479 1166 537 quam
1223 463 1356 518 alias
1401 461 1726 534 praedicatus
1776 475 1870 526 es,
1903 459 1957 514 in
2008 473 2072 515 ea

474 561 610 618 urbe
639 561 924 619 conveniat
949 559 1178 634 dicendo
1203 559 1488 624 celebrari,
1513 557 1670 628 cujus
1687 566 1742 613 et
1768 557 2073 613 libertatem

471 657 494 690 ³
525 664 766 712 armatus
801 654 1105 722 asseruisti,
1155 654 1427 711 etanxisti
1479 653 1794 725 dignitatem
1834 661 2072 720 togatus,

473 763 582 820 quo
632 747 847 804 tandem
895 747 1060 804 modo
1103 747 1362 820 consequi
1404 745 1743 818 maiestatem
1795 747 2076 817 utriusque

474 849 714 897 vestrum
756 841 1005 898 Oratione
1033 856 1149 897 mea
1176 851 1365 909 potero
1387 882 1401 906 ,
1429 841 1531 896 hoc
1562 839 1834 912 praecipue
1857 840 1910 894 in
1942 849 2078 895 tem-

472 947 626 1008 pore,
662 949 771 1006 quo
794 933 815 965 ³
838 935 1002 991 ambo
1042 935 1112 989 ita
1141 945 1330 990 mutuo
1351 933 1623 1000 crevistis,
1646 941 1706 988 ut
1735 947 1834 988 nec
1860 941 1917 988 tu
1964 933 2078 988 fue-

473 1027 548 1083 ris
576 1027 752 1082 adhuc
780 1027 953 1098 major
973 1070 990 1095 ,
1014 1043 1116 1083 nec
1147 1027 1235 1082 illa
1264 1025 1497 1083 felicior?
1532 1026 1644 1082 Huc
1686 1025 1894 1082 accedit
1919 1026 2076 1082 audi-

476 1128 563 1176 tor
583 1129 826 1188 senatus,
857 1119 944 1176 cni
966 1135 1089 1176 cum
1114 1119 1338 1175 difficile
1363 1121 1433 1174 sit
1465 1135 1561 1190 pro
1588 1135 1776 1176 amore
1802 1134 1909 1188 quo
1939 1119 1991 1176 in
2026 1131 2078 1176 te

477 1211 734 1283 praeditus
763 1212 936 1269 estde
979 1222 1030 1269 te
1075 1212 1388 1278 satisfieri,
1425 1210 1452 1250 δ
1485 1221 1595 1267 tum
1643 1211 1940 1278 difficilius,
1983 1226 2080 1282 pro

477 1306 713 1379 ingenita
741 1307 764 1339 ⁸
794 1316 956 1379 atque
1009 1306 1352 1362 hereditaria
1401 1305 1593 1362 orandi
1639 1305 1918 1374 facultate,
1971 1321 2078 1362 non

484 1414 608 1457 esse
628 1400 845 1456 fastidio
868 1399 1056 1457 rudem
1087 1401 1228 1456 hunc
1250 1409 1306 1456 et
1334 1400 1594 1456 incultum
1626 1396 1946 1472 transalpini
1969 1416 2083 1456 ser-

478 1495 654 1550 monis
675 1495 977 1560 hnrrorem,
999 1491 1298 1564 praesertim
1325 1509 1447 1549 cum
1467 1493 1716 1549 absurdrr.
1739 1494 2082 1565 sinistraeque

471 1587 748 1659 iactantia:
768 1587 1145 1660 possitvideri,
1171 1587 1255 1644 his
1277 1599 1553 1645 ostentare
1572 1588 1903 1656 facundiam,
1919 1605 2080 1661 quam

477 1681 546 1738 de
574 1697 764 1738 eorum
789 1683 937 1738 fonte
967 1694 1276 1738 manantem
1302 1685 1352 1738 in
1382 1692 1602 1738 nostros
1629 1699 1798 1754 usque
1826 1698 1958 1739 usus
1987 1683 2083 1739 de-

2177 472 2452 527 rumpere.
2509 466 2534 504 6
2585 455 2664 513 Ita
2722 454 2850 510 dum
2900 452 3161 526 obsequio
3212 453 3527 523 interpretor
3572 453 3726 528 impu-

2177 550 2440 616 dentiam,
2493 548 2620 605 dum
2690 549 2742 604 in
2818 547 3068 604 eumdem
3138 544 3406 603 hominem
3465 563 3563 604 non
3620 559 3728 620 puto

2176 647 2468 703 convenire
2492 643 2744 717 gaudium
2775 654 2829 699 et
2858 642 3157 709 silentium,
3187 642 3320 697 duas
3347 656 3432 698 res
3457 641 3732 701 diversissi-

2180 755 2295 796 tnas
2327 741 2476 812 jnnxi
2509 758 2522 793 :
2551 750 2751 795 metum
2773 748 2827 794 et
2853 739 3238 794 temeritatem.
3266 736 3402 806 Quin
3441 747 3493 793 et
3519 738 3637 794 illud
3660 756 3732 799 me

2180 834 2393 906 impulit
2418 832 2484 888 ad
2515 831 2801 888 dicendum
2822 872 2838 894 ,
2871 831 3013 904 quod
3038 840 3097 886 ut
3116 831 3351 888 dicerem
3379 832 3551 888 nullus
3577 833 3734 906 adige-

2179 930 2290 987 bat.
2325 932 2346 962 ²
2378 928 2496 985 Νοη
2539 928 2686 986 enim
2725 929 2836 999 jam
2869 935 3054 984 coacta
3100 925 3358 993 laudatio,
3400 936 3454 983 et
3496 943 3735 996 expressae

2180 1036 2326 1082 metu
2382 1039 2542 1080 voces
2588 1022 2887 1094 periculum
2919 1018 2948 1058 ιι
2994 1020 3192 1077 silentii
3223 1020 3508 1076 redimunt.
3558 1022 3733 1093 Fuerit,
3793 1011 3802 1021 ’

2180 1121 2480 1190 abieritque
2512 1120 2681 1176 tristis
2712 1118 2802 1173 illa
2843 1117 2864 1149 ³
2907 1116 3172 1173 facundiae
3201 1117 3502 1172 ancillantis
3527 1119 3739 1174 necessi-

2182 1223 2285 1280 tas,
2325 1213 2340 1251 ί
2373 1227 2494 1269 cum
2522 1212 2542 1242 ‘
2575 1222 2786 1268 trucem
2810 1210 3087 1290 dominum
3107 1224 3267 1265 auras
3286 1224 3473 1265 omnes
3489 1208 3739 1282 plausuum

2182 1309 2518 1381 publicorum
2547 1315 2770 1363 ventosa
2811 1305 3175 1378 popularitate
3201 1313 3499 1375 captantem
3542 1303 3741 1360 mendax

2182 1403 2479 1458 assentatio
2508 1401 2782 1467 titillabat,
2812 1415 2934 1455 cum
2965 1399 3164 1470 gratias
3186 1398 3411 1469 agebant
3435 1397 3680 1466 dolentes,
3696 1406 3743 1455 et

2185 1504 2470 1568 tyrannum
2502 1509 2606 1550 non
2643 1493 2970 1566 przcdicasse
2993 1490 3297 1565 tyrannidis
3327 1491 3585 1546 accusatio
3612 1507 3746 1546 voca-

2182 1589 2360 1647 batur.
2394 1587 2546 1644 Nunc
2577 1602 2674 1658 par
2693 1586 2906 1642 dicendi
2936 1584 3257 1656 tacendique
3279 1583 3517 1652 libertas;
3542 1595 3592 1640 et
3611 1600 3744 1656 quam

2187 1694 2494 1754 promptum
2519 1680 2742 1738 laudare
2772 1680 3094 1752 principem,
3128 1689 3236 1734 tam
3271 1689 3443 1734 tutum
3472 1679 3667 1734 siluisse
3691 1679 3746 1736 de

477 1776 673 1832 rivatio
693 1792 813 1834 sera
838 1776 1096 1833 traduxit.
1117 1787 1138 1816 ο
1163 1777 1368 1845 Quibus
1394 1775 1644 1848 equidem
1676 1778 1924 1849 cogitatis
1943 1776 2082 1834 adeo
2111 1778 2158 1838 B
2185 1775 2449 1848 principe.
2483 1773 2638 1831 Libet
2678 1774 2840 1844 igitur
2871 1771 3138 1828 redditam
3170 1769 3499 1842 postliminio
3525 1771 3748 1826 securita-

475 1869 767 1938 sollicitor,
787 1881 846 1926 ut
874 1886 979 1927 non
1005 1885 1102 1926 eos
1130 1879 1334 1925 tantum
1369 1869 1530 1926 hodie
1557 1870 1793 1927 arbitrer
1822 1871 2086 1928 interesse

475 1977 614 2036 quos
640 1978 832 2029 cerno,
857 1963 950 2019 sed
975 1964 1234 2020 assistere
1259 1965 1650 2035 obversarique
1681 1963 1893 2020 dicturo
1918 1963 2084 2022 Cato-

480 2071 580 2114 nes
629 2057 799 2128 ipsos,
831 2066 884 2113 et
908 2055 1135 2123 Tullios,
1169 2066 1226 2112 et
1248 2056 1590 2125 Hortensius,
1621 2071 1918 2129 omnesque
1964 2057 2086 2113 illos

475 2157 721 2205 oratores
748 2159 962 2221 putem,
993 2150 1082 2221 qui
1134 2165 1222 2207 me
1249 2150 1270 2182 '
1299 2150 1352 2206 in
1387 2151 1620 2221 posteris
1669 2151 1784 2207 suis
1835 2147 2081 2207 audiunt.

478 2243 553 2300 Ita
591 2242 875 2313 multiplici
913 2244 1321 2300 circumventus
1351 2253 1521 2311 metu,
1571 2246 1727 2318 quasi
1759 2261 1950 2316 parum
1986 2246 2083 2302 ha.

476 2336 634 2393 beam
658 2338 847 2394 timere
872 2336 1014 2410 quod
1039 2337 1218 2406 video,
1251 2337 1273 2369 ⁸
1299 2338 1456 2395 video
1481 2339 1627 2412 quod
1657 2340 1898 2397 timeam.

551 2431 618 2487 Il.
651 2431 787 2501 Quid
818 2434 985 2506 ergo?
1016 2449 1263 2490 novusne
1286 2449 1372 2490 me
1390 2449 1561 2508 pavor
1593 2445 1649 2492 et
1675 2433 1703 2474 ἀ
1723 2437 1941 2506 inepina
1969 2445 2080 2494 tre-

479 2524 688 2596 pidatio
718 2525 773 2581 in
813 2525 934 2598 ipso
963 2527 1176 2584 dicendi
1223 2537 1472 2598 tempore
1517 2529 1909 2602 deprehendit?
1954 2531 2082 2586 Mihi

478 2631 612 2674 vero
645 2618 679 2672 ii
708 2633 899 2674 omnes
943 2620 1140 2690 quibus
1182 2630 1204 2658 ε
1235 2621 1558 2678 altrinsecus
1582 2622 1762 2692 jac-tor
1799 2634 1965 2678 :estus
1991 2623 2082 2679 diu

481 2719 607 2766 ante
637 2711 902 2780 meditati,
927 2712 1195 2784 longeque
1226 2715 1497 2786 prospecti
1517 2724 1660 2772 sunt.
1692 2715 1800 2772 Sed
1830 2731 1951 2771 cum
1983 2716 2078 2771 ad-

481 2805 773 2860 tniratione
833 2806 1096 2861 virtutum
1143 2815 1355 2862 tuarum
1409 2809 1424 2839 ¹
1471 2811 1540 2863 ab
1571 2809 1761 2864 ultimo
1787 2809 2084 2866 Galliarum

483 2909 726 2960 recessu,
757 2912 862 2967 qua
892 2898 1042 2954 littus
1071 2898 1271 2956 Oceani
1298 2901 1580 2958 cadentem
1611 2903 1817 2976 excipit
1845 2905 2038 2973 solem,
2063 2904 2081 2943 τ

481 2997 538 3046 et
581 2989 961 3048 deficientibus
1001 2994 1163 3050 terris
1191 2997 1394 3052 sociale
1436 2998 1692 3054 miscetur
1731 2998 2081 3067 elementum,

483 3087 550 3141 ad
595 3087 957 3143 contuendum
989 3099 1059 3158 te,
1095 3090 1540 3161 adorandumque
1584 3109 1981 3165 preperassem,
2028 3103 2087 3150 ttt

2188 1880 2295 1926 tem
2329 1867 2597 1940 loquendo
2627 1865 2894 1938 experiri:
2925 1866 3055 1922 libet
3085 1866 3331 1935 inquam,
3367 1865 3488 1935 quia
3512 1866 3744 1921 neminem

2187 1965 2359 2035 magis
2381 1961 2588 2019 laudari
2607 1962 2988 2034 imperatorem
3011 1959 3170 2018 decet
3193 1962 3207 2012 t'
3241 1973 3402 2031 quam
3423 1974 3576 2032 quem
3600 1959 3748 2015 minus

2189 2074 2416 2117 necesse
2442 2067 2548 2114 εει.

2261 2153 2349 2209 lll.
2383 2153 2398 2184 ⁸
2428 2153 2503 2208 De
2534 2162 2587 2208 te
2636 2151 2799 2222 igitur
2830 2149 2962 2206 mihi
2989 2148 3261 2205 sermonis
3289 2148 3444 2218 hujus
3490 2145 3748 2216 auspicium

2189 2247 2292 2302 crit
2314 2245 2402 2301 ille
2439 2244 2710 2301 felicitatis
2739 2242 2969 2314 publicas
3024 2255 3227 2311 auspex
3260 2242 3280 2272 ⁸
3306 2241 3442 2306 dies,
3473 2239 3558 2311 qui
3586 2248 3633 2294 te
3659 2238 3748 2309 pri-

2189 2355 2310 2396 mus
2334 2338 2678 2410 inauguravit
2707 2338 2954 2408 imperio.
2997 2335 3130 2391 Nam
3156 2343 3218 2391 ut
3247 2335 3442 2390 divinis
3475 2333 3625 2389 rebus
3647 2348 3752 2402 ope-

2189 2434 2440 2492 rantesin
2462 2447 2582 2489 eam
2604 2433 2726 2488 cmli
2774 2432 2980 2503 plagam
3000 2429 3020 2462 ³
3042 2445 3134 2486 ora
3157 2429 3562 2486 convertimnsa
3578 2427 3750 2499 qualu-

2188 2529 2266 2586 cis
2279 2527 2556 2586 exordium
2569 2526 2756 2593 est,sic
2767 2541 2869 2597 ego
2881 2534 2998 2580 vota
3014 2524 3306 2580 verborum
3319 2539 3436 2596 quae
3447 2523 3568 2577 olim
3581 2534 3751 2577 nuncu-

2191 2638 2442 2695 paveram
2471 2623 2766 2686 soluturus,
2792 2620 2844 2674 id
2873 2619 3120 2674 oratione
3143 2633 3264 2674 mea
3306 2627 3514 2688 tempus
3531 2615 3750 2686 arripiam

2189 2730 2299 2788 quo
2325 2715 2564 2770 Romana
2580 2714 2668 2769 lux
2685 2713 2871 2783 cmpit.
2887 2711 3110 2768 .lacebat
3133 2707 3607 2766 innumerabilibus
3623 2705 3750 2761 malis

2187 2810 2439 2883 mgra,vel
2457 2809 2632 2880 potius
2645 2808 2894 2874 dixerim,
2909 2806 2930 2837 ‘
2942 2806 3248 2862 exanimata
3263 2804 3577 2876 respublica,
3593 2800 3752 2856 barba-

2189 2905 2263 2962 ris
2279 2903 2584 2960 nationibus
2596 2903 2841 2958 Romano
2856 2901 3061 2956 nomini
3076 2901 3217 2956 velut
3235 2900 3467 2972 quodam
3489 2895 3670 2953 diluvio
3680 2909 3752 2949 su-

2190 2999 2440 3072 perfusis.
2471 3001 2492 3032 ⁵
2520 2998 2626 3055 Sed
2652 3013 2867 3070 parcam
2890 2995 3156 3068 replicare
3180 3009 3397 3060 causas,
3416 3005 3467 3050 et
3484 2993 3505 3024 ⁸
3527 2992 3752 3062 placatum

2187 3095 2382 3166 vulgus
2411 3092 2708 3150 offendere.
2734 3090 2865 3147 Nam
2891 3106 3016 3146 cum
3046 3104 3141 3161 per
3162 3103 3222 3145 se
3249 3088 3414 3144 vivax
3441 3087 3510 3143 sit
3536 3081 3752 3141 recorda-

484 3179 622 3238 bona
645 3197 764 3254 qnze
789 3183 1012 3240 auribus
1036 3199 1289 3256 ceperam
1314 3185 1477 3242 etiam
1501 3186 1616 3242 risu
1649 3202 1966 3260 usurparem
1989 3207 2001 3242 :
2021 3189 2088 3243 ti-
2118 3179 2164 3244 C
2197 3188 2272 3245 tio
2297 3188 2687 3256 calamitatum,
2721 3196 2834 3242 tum
2869 3183 2895 3222 ι
2947 3182 3079 3240 mihi
3106 3191 3287 3238 metus
3316 3181 3452 3237 hanc
3481 3178 3751 3251 gaudiorum

1856 3327 2442 3386 INTERPRETATIO.

557 3451 582 3480 ο
613 3440 771 3516 Nunc
796 3459 913 3516 cum
940 3453 1128 3515 prater
1164 3443 1348 3516 laudes
1393 3443 1581 3516 quibus
1631 3443 1755 3499 olim
1805 3443 2086 3499 celebratus

483 3530 558 3580 es,
585 3515 876 3570 laudandus
895 3519 966 3571 sis
993 3517 1046 3570 in
1068 3533 1132 3572 ea
1156 3515 1277 3570 urbe
1291 3558 1308 3582 ,
1327 3515 1436 3571 etc.

555 3585 584 3626 ι’
616 3585 1091 3661 Propterinnatam
1123 3597 1167 3641 et
1185 3603 1337 3656 quam
1367 3587 1714 3661 arntajoribus
1744 3603 1982 3661 occepere
2007 3587 2086 3658 {a-

486 3658 752 3732 cundiam,
792 3659 1062 3732 difﬁcilius
1079 3669 1158 3732 est
1182 3659 1490 3732 utimpolita
1508 3658 1565 3732 et
1585 3658 1886 3732 imperfecta
1907 3658 2086 3714 honti-

493 3729 578 3803 nis
605 3739 769 3803 trans,
790 3730 944 3803 Alpes
979 3731 1089 3784 nati
1115 3731 1282 3784 oratio
1323 3747 1428 3785 non
1465 3731 1620 3785 twdio
1648 3729 1907 3803 sit,atque
1958 3732 2087 3786 adeo

488 3800 705 3855 horrida
727 3800 990 3855 videatur.

565 3884 588 3945 ς
615 3872 768 3945 Quod
791 3873 996 3945 quidem
1016 3874 1092 3938 vita
1119 3891 1196 3928 me
1225 3875 1444 3945 cruciat,
1475 3885 1554 3942 ut,
1583 3885 1688 3932 etc.

558 3940 585 3980 ι¹
615 3940 928 4012 Repentinus
956 3954 1117 4000 metus
1144 3946 1354 4003 invasit.

561 4025 587 4060 ε
617 4014 663 4072 U
669 4025 849 4088 traque
876 4034 941 4073 ea:
969 4027 1134 4091 parte.

2270 3442 2288 3483 ί
2321 3441 2390 3498 Et
2416 3443 2656 3498 extremis
2682 3442 2831 3497 terris
2857 3439 3080 3513 cingitur
3107 3437 3369 3505 Oceanus,
3407 3434 3474 3490 ad
3527 3441 3571 3488 te
3603 3431 3750 3486 riden-

2193 3516 2338 3580 dum,
2365 3525 2473 3571 etc.

2265 3575 2410 3643 K‘Sic
2464 3587 2589 3642 dum
2629 3585 2862 3656 obsequii
2919 3585 3126 3638 nomine
3169 3597 3360 3638 excuso
3403 3575 3750 3652 impudentiam.

2265 3657 2294 3697 ιι
2322 3660 2476 3728 Quod
2509 3670 2591 3714 est
2620 3661 2672 3713 in
2697 3657 2924 3712 silentio.
3167 3727 3175 3729 Α
3259 3727 3269 3729 _
3411 3728 3418 3729 γ
3629 3719 3638 3729 ,

2272 3730 2287 3769 ί
2320 3727 2448 3787 Cum
2475 3730 2696 3803 improbi
2726 3737 3065 3803 assentatores
3087 3727 3372 3803 palpabunt
3393 3728 3600 3794 ferocem
3624 3727 3753 3803 impe-

2193 3814 2417 3859 ratorem
2448 3798 2680 3877 publicos
2723 3804 2941 3877 plausus
2964 3798 3108 3877 inani
3135 3798 3414 3877 ambitione
3433 3799 3750 3877 αητξιραηίῗξξ·

2267 3878 2281 3951 ἶ
2325 3858 2493 3951 Qual"
2525 3858 3068 3951 ευηιηυὲηιιαμάᾳηᾴί
3101 3872 3374 3951 necessitas
3403 3883 3501 3920 non
3524 3858 3748 3951 incunth

2265 3946 2291 3986 ¹ί
2337 3947 2521 4002 Vereor
2548 3963 2612 4000 ne
2641 3946 2907 4016 prwsentis
2933 3945 3088 4019 hujus
3118 3944 3316 4000 lwtitiw
3361 3954 3558 3996 sensum
3599 3944 3750 3990 rerum

2195 4020 2418 4076 tristium
2444 4019 2802 4076 recordatione
2828 4019 3077 4074 minuant.

2027 4130 2257 4189 ΝΟΤΔΕ.

557 4246 579 4276 ²
609 4243 874 4320 Armatus.
903 4244 1108 4320 Nempe
1134 4245 1278 4320 victo
1299 4287 1314 4310 ,
1334 4260 1600 4320 caesoque
1639 4245 1872 4320 Maximo
1903 4254 2088 4320 tyran-

489 4331 582 4390 no.
615 4317 863 4390 Togatus,
894 4318 945 4372 id
974 4326 1080 4384 est,
1113 4317 1534 4384 sapientissimis
1562 4317 1791 4390 legibus.

561 4388 582 4419 ³
606 4388 788 4445 Ambo.
823 4391 1016 4454 Roma,
1048 4400 1102 4445 et
1132 4390 1495 4447 Theodosius.

564 4459 602 4542 ⁸.
617 4462 780 4533 Atque
799 4462 1147 4518 han-editoria.
1181 4462 1239 4518 ln
1266 4463 1388 4519 aliis
1414 4474 1518 4532 est,
1542 4473 1696 4535 atque
1718 4463 1846 4519 adeo
1876 4463 2096 4519 Incredi-

497 4540 655 4585 (aria.

565 4602 600 4678 "_
619 4600 684 4656 In
715 4605 940 4678 posteris
957 4606 1085 4659 suis.
1134 4604 1296 4673 Quasi
1331 4605 1492 4662 hodie
1519 4607 1572 4664 in
1600 4607 1834 4678 posteris
1861 4607 1972 4664 suis
2005 4625 2094 4665 re-

493 4674 825 4729 viviscentes
849 4676 977 4730 ltuic
1001 4691 1134 4732 mea:
1157 4681 1392 4733 orationi
1422 4674 1903 4735 coram—intersint.

566 4744 946 4822 f_Video_quid
983 4749 1206 4822 timeant.
1243 4749 1374 4822 lllnd
1418 4749 1589 4815 uideo,
1647 4751 1791 4822 Quod
1835 4752 1990 4822 abest
2039 4753 2091 4808 ill

495 4816 734 4872 editione
780 4817 1041 4880 Puteana.
1094 4821 1398 4876 addendum
1422 4823 1594 4878 visunt
1627 4816 1710 4878 est
1735 4838 1801 4877 ex
1849 4821 2095 4879 Livineio

495 4901 549 4965 et
573 4889 854 4965 Balduino.
885 4889 1092 4945 Sensus
1113 4907 1242 4946 vero
1263 4903 1379 4958 est,
1407 4896 1560 4965 quasi
1585 4912 1690 4950 non
1723 4893 1853 4948 satis
1884 4897 2095 4952 timoris

496 4961 794 5034 incutiant,
829 4976 950 5029 qua:
982 4974 1267 5019 versantur
1293 4965 1363 5020 ob
1397 4961 1605 5034 oculos,
1639 4980 1835 5034 nempe
1873 4977 2096 5022 senatus

496 5044 550 5088 et
576 5033 892 5104 imperator;
921 5044 1216 5090 occurrunt
1234 5046 1494 5105 praeterea
1515 5039 1634 5094 alia:
1660 5033 1872 5092 timoris
1888 5053 2090 5108 causae,

493 5113 964 5231 neqtpegeterum
1008 5118 1284 5162 oratorum
1310 5109 1584 5180 cogitatio,
1617 5125 1753 5181 quos
1785 5108 1872 5165 hic
1897 5110 2092 5166 intueri

495 5192 626 5231 min
651 5193 698 5231 vt
741 5192 855 5231 eor.

495 5192 626 5232 ῐηιιιι
651 5192 855 5233 Videor.

565 5249 727 5304 ΙΙ.-¹
748 5249 824 5304 Ab
843 5249 1024 5304 ultimo
1039 5246 1569 5307 Galliarumrecessu.
1593 5253 1672 5308 Ab
1687 5252 2096 5320 Aquitania,nbi

493 5333 676 5377 natum
697 5364 710 5386 ,
762 5330 818 5376 et
849 5320 974 5376 inde
1009 5321 1232 5376 Romam
1265 5326 1491 5379 missum
1524 5324 1781 5380 Pacatutn
1836 5325 2094 5380 diximus.

562 5395 583 5424 ³
617 5391 738 5468 Non
785 5395 942 5468 enim.
991 5392 1251 5462 Respexit
1298 5395 1364 5450 ad
1423 5396 1553 5452 illud
1603 5396 1746 5452 Plin.
1792 5412 1986 5468 paneg.
2037 5413 2093 5453 η.

489 5463 526 5591 Ξ
621 5463 802 5591 ἓέανθ
851 5465 1036 5520 abeant
1081 5481 1228 5522 uoces
1285 5467 1393 5523 illae
1421 5510 1436 5538 ,
1481 5485 1609 5541 quas
1648 5463 1814 5524 metus
1844 5463 2098 5543 exprime-

525 5553 554 5590 a
583 5578 599 5591 .
713 5577 727 5591 .

525 5545 599 5602 at,
621 5548 727 5592 etc.

496 5604 896 5736 ὥέῃιῑμξεαηάὶαε
919 5609 1238 5667 ancillantis.
1273 5610 1540 5669 Serviletn
1572 5611 1628 5669 in
1675 5611 1895 5670 modum
1943 5612 2097 5669 blan-

655 5699 665 5732 I
704 5720 716 5735 ι

655 5699 716 5735 Ις.

497 5804 521 5830 ξι
563 5751 584 5782 ⁸
611 5751 1153 5830 Τναεεοπ,άοιηὶηυῆι.
1187 5755 1393 5816 Alludit
1419 5756 1486 5815 ad
1510 5753 1806 5827 Neronum;
1837 5746 2100 5816 Domitia.

493 5828 799 5895 horumque
820 5828 1085 5897 tempera.

2266 4249 2439 4305 lll.—
2473 4249 2487 4280 ¹
2507 4247 2644 4322 Dele
2655 4249 2830 4322 igitur.
2846 4249 3182 4322 Pulmannus
3210 4245 3364 4322 legit,
3391 4245 3472 4322 det
3496 4242 3642 4322 igitur
3653 4231 3752 4322 τιξὶᾒὶ

2194 4323 2355 4396 hujus
2375 4321 2623 4396 sermonis
2643 4309 2847 4396 initium
2867 4322 2976 4391 ille,
2991 4331 3099 4380 etc.
3121 4319 3198 4376 lta
3212 4309 3380 4376 etiam
3398 4309 3751 4376 Ant.'Sconh0-

2195 4393 2318 4450 vius
2346 4410 2414 4448 ex
2447 4393 2619 4448 veteri
2646 4393 2855 4448 codice.

2271 4468 2292 4498 ς
2323 4465 2478 4529 Dm,
2516 4465 2605 4535 qui
2635 4475 2682 4519 ιε
2710 4466 2924 4534 primus.
2957 4464 3080 4521 Dies
3107 4479 3216 4536 quo
3242 4461 3574 4536 Theodosius
3599 4471 3626 4510 ³
3645 4453 3754 4536 GP:

2201 4539 2351 4594 tiano
2373 4524 2604 4608 primum
2631 4537 2696 4592 ad
2710 4524 2794 4591 'im
2805 4536 2937 4606 perii
2955 4524 3270 4592 societatem
3300 4544 3386 4591 est
3413 4531 3652 4608 adscitus,
3673 4524 3752 4608 fuit

2203 4593 2448 4666 decim'us
2477 4622 2706 4679 quartus
2746 4593 2837 4662 aut
2883 4610 3034 4677 juxta
3082 4608 3364 4666 Socratem
3402 4621 3506 4662 xvn
3536 4601 3634 4658 kal.
3675 4593 3752 4651 Fce
3784 4651 3794 4666 .

2127 4670 2178 4736 D
2206 4682 2408 4739 bruarii
2439 4670 2566 4736 anni
2594 4678 2798 4736 Christi
2821 4670 2945 4738 37-9.

2272 4778 2292 4808 ³
2333 4775 2440 4831 Ora
2479 4776 2841 4830 convertimus.
2882 4775 3006 4832 Fuit
3043 4776 3158 4831 lucc
3185 4773 3316 4848 olim
3348 4767 3754 4848 paganorumlli:

2199 4850 2321 4904 dem
2361 4862 2413 4904 et
2453 4849 2883 4903 Christianorum
2927 4846 3286 4910 consuetudo,
3321 4842 3380 4900 ut
3419 4842 3483 4897 ad
3527 4842 3751 4893 orientem

2199 4923 2370 4977 Solem
2399 4921 2645 4976 conversi
2676 4934 2864 4991 preces
2890 4935 3017 4975 suas
3049 4919 3367 4991 funderent.
3393 4912 3608 4991 Tertull:
3639 4910 3754 4991 Alig-

2202 4992 2367 5064 loget.
2399 4992 2468 5047 ad
2489 4982 2689 5064 gentes
2711 4991 2779 5046 de
2801 4989 3125 5048 Christianis
3161 5009 3173 5044 :
3207 4989 3563 5064 Suspiciunt,
3593 4982 3750 5064 infl‘ﬁ‘l'

2198 5058 2357 5120 solem
2377 5081 2469 5119 nos
2489 5058 2732 5127 adorare,
2759 5065 2899 5136 quod
2942 5064 3220 5136 innotuerit
3266 5063 3336 5136 ad
3369 5058 3585 5136 Orientis
3618 5060 3755 5136 relqui;

2202 5119 2318 5191 nem
2353 5137 2554 5210 precari
2583 5151 2602 5190 :
2631 5119 2731 5210 sed
2758 5119 2818 5210 e'tr
2834 5135 3063 5210 plerique
3099 5133 3422 5210 alienatione
3443 5119 3698 5210 aliquando
3717 5120 3754 5167 ει

2201 5203 2425 5264 caelestia
2451 5208 2728 5270 adorandi,
2753 5209 2820 5260 ad
2837 5203 3164 5262 rsolis‘Ortum
3190 5205 3327 5260 labia
3353 5203 3586 5277 cibi-alis...

2273 5260 2632 5334 {Emathiam
2661 5260 2970 5344 respublica.
2991 5260 3037 5334 Α
3061 5260 3387 5343 Ὀρνιιιωιὶε,
3414 5260 3753 5330 Gotthis,SC)"

2203 5350 2418 5422 thisque
2437 5351 2758 5422 gravissime
2783 5361 2992 5407 vexata.

2273 5447 2295 5478 "
2326 5421 2458 5502 Sed,
2485 5461 2717 5518 parcam.
2758 5444 2813 5500 ld
2841 5454 2944 5510 est,
2991 5443 3090 5518 sed
3133 5441 3416 5518 abstinebo
3461 5451 3490 5491 a
3531 5421 3745 5518 pervesti-

2200 5518 2394 5590 gandis
2420 5509 2499 5573 tot
2527 5519 2793 5573 malorum
2818 5509 3018 5574 cauSis.
3050 5517 3195 5573 Infra
3231 5534 3286 5572 n.
3315 5513 3370 5580 6,
3399 5521 3596 5584 parcam
3627 5509 3752 5552 arco-

2205 5607 2328 5646 num
2351 5591 2550 5646 cmleste
2572 5591 2773 5645 rimari.

2278 5683 2608 5757 ‘5Pfacatum
2653 5682 2862 5757 uulgus,
2890 5681 3224 5757 'Aliilegnnt
3250 5680 3512 5757 placatum
3524 5668 3663 5757 uicit:
3667 5663 3756 5757 ,ἐξ

2205 5745 2350 5884 gicat
2376 5755 2520 5840 nolle
2568 5771 2630 5812 se
2649 5745 2870 5812 Vulnus
2898 5753 3034 5812 illud
3067 5745 3281 5827 imperii
3305 5752 3415 5822 jam
3443 5745 3666 5804 sanatum

2257 5843 2419 5884 reare.
3049 5863 3062 5869 -
