  <div class='ocr_page' id='page_1' title='image "/cluster/home/n/w/nwhite01/storage/ocr_20150623/13/hvd.32044015471295/246.png"; bbox 0 0 3950 6350; ppageno 0'>
   <div class='ocr_carea' id='block_1_1' title="bbox 293 340 400 399">
    <p class='ocr_par' dir='ltr' id='par_1_1' title="bbox 293 340 400 399">
     <span class='ocr_line' id='line_1_1' title="bbox 293 340 400 399; baseline -0.009 -1"><span class='ocrx_word' id='word_1_1' title='bbox 293 340 400 399; x_wconf 66' lang='grc'><strong>681</strong></span> 
     </span>
    </p>
   </div>
   <div class='ocr_carea' id='block_1_2' title="bbox 1191 332 2710 399">
    <p class='ocr_par' dir='ltr' id='par_1_2' title="bbox 1191 332 2710 399">
     <span class='ocr_line' id='line_1_2' title="bbox 1191 332 2710 399; baseline -0.001 -2"><span class='ocrx_word' id='word_1_2' title='bbox 1191 333 1683 399; x_wconf 74' lang='lat' dir='ltr'><strong>PANEGYBICUS</strong></span> <span class='ocrx_word' id='word_1_3' title='bbox 1718 332 1969 395; x_wconf 83' lang='lat' dir='ltr'><strong>PACATI</strong></span> <span class='ocrx_word' id='word_1_4' title='bbox 2009 332 2401 399; x_wconf 84' lang='lat' dir='ltr'><strong>&#39;I‘HEODOSIO</strong></span> <span class='ocrx_word' id='word_1_5' title='bbox 2441 336 2710 397; x_wconf 88' lang='lat' dir='ltr'><strong>DIC’I‘US.</strong></span> 
     </span>
    </p>
   </div>
   <div class='ocr_carea' id='block_1_3' title="bbox 3494 334 3603 399">
    <p class='ocr_par' dir='ltr' id='par_1_3' title="bbox 3494 334 3603 399">
     <span class='ocr_line' id='line_1_3' title="bbox 3494 334 3603 399; baseline -0.018 0"><span class='ocrx_word' id='word_1_6' title='bbox 3494 334 3603 399; x_wconf 69' lang='grc'><strong>482</strong></span> 
     </span>
    </p>
   </div>
   <div class='ocr_carea' id='block_1_4' title="bbox 296 454 3608 530">
    <p class='ocr_par' dir='ltr' id='par_1_4' title="bbox 296 454 3608 530">
     <span class='ocr_line' id='line_1_4' title="bbox 296 454 3608 530; baseline 0.002 -19"><span class='ocrx_word' id='word_1_7' title='bbox 296 455 649 530; x_wconf 77' lang='lat' dir='ltr'><strong>przeseutium</strong></span> <span class='ocrx_word' id='word_1_8' title='bbox 726 454 900 512; x_wconf 84' lang='lat' dir='ltr'><strong>lucem</strong></span> <span class='ocrx_word' id='word_1_9' title='bbox 967 455 1202 513; x_wconf 89' lang='lat' dir='ltr'><strong>tristium</strong></span> <span class='ocrx_word' id='word_1_10' title='bbox 1258 460 1776 515; x_wconf 80' lang='lat' dir='ltr'><strong>commemoratione</strong></span> <span class='ocrx_word' id='word_1_11' title='bbox 1830 458 1905 514; x_wconf 86' lang='lat' dir='ltr'><strong>fu-</strong></span> <span class='ocrx_word' id='word_1_12' title='bbox 1932 458 2200 529; x_wconf 78' lang='lat' dir='ltr'><strong>Agibus;</strong></span> <span class='ocrx_word' id='word_1_13' title='bbox 2250 458 2389 515; x_wconf 90' lang='lat' dir='ltr'><strong>adde</strong></span> <span class='ocrx_word' id='word_1_14' title='bbox 2434 459 2794 515; x_wconf 85' lang='lat' dir='ltr'><strong>auriferorum</strong></span> <span class='ocrx_word' id='word_1_15' title='bbox 2828 472 2961 530; x_wconf 91' lang='lat' dir='ltr'><strong>opes</strong></span> <span class='ocrx_word' id='word_1_16' title='bbox 3010 457 3318 527; x_wconf 85' lang='lat' dir='ltr'><strong>fluminum,</strong></span> <span class='ocrx_word' id='word_1_17' title='bbox 3348 459 3488 516; x_wconf 86' lang='lat' dir='ltr'><strong>adde</strong></span> <span class='ocrx_word' id='word_1_18' title='bbox 3520 477 3608 517; x_wconf 88' lang='lat' dir='ltr'><strong>ra-</strong></span> 
     </span>
    </p>
   </div>
   <div class='ocr_carea' id='block_1_5' title="bbox 294 550 1901 625">
    <p class='ocr_par' dir='ltr' id='par_1_5' title="bbox 294 550 1901 625">
     <span class='ocr_line' id='line_1_5' title="bbox 294 550 1901 625; baseline 0 -18"><span class='ocrx_word' id='word_1_19' title='bbox 294 566 476 607; x_wconf 90' lang='lat' dir='ltr'><strong>scare.</strong></span> <span class='ocrx_word' id='word_1_20' title='bbox 508 550 722 607; x_wconf 81' lang='lat' dir='ltr'><strong>Faciam</strong></span> <span class='ocrx_word' id='word_1_21' title='bbox 762 567 893 623; x_wconf 87' lang='lat' dir='ltr'><strong>ergo</strong></span> <span class='ocrx_word' id='word_1_22' title='bbox 931 551 1072 622; x_wconf 88' lang='lat' dir='ltr'><strong>quod</strong></span> <span class='ocrx_word' id='word_1_23' title='bbox 1107 552 1287 609; x_wconf 88' lang='lat' dir='ltr'><strong>facere</strong></span> <span class='ocrx_word' id='word_1_24' title='bbox 1317 563 1635 625; x_wconf 68' lang='lat' dir='ltr'><strong>praestantes</strong></span> <span class='ocrx_word' id='word_1_25' title='bbox 1675 552 1901 609; x_wconf 90' lang='lat' dir='ltr'><strong>scientia</strong></span> 
     </span>
    </p>
   </div>
   <div class='ocr_carea' id='block_1_6' title="bbox 294 643 1904 716">
    <p class='ocr_par' dir='ltr' id='par_1_6' title="bbox 294 643 1904 716">
     <span class='ocr_line' id='line_1_6' title="bbox 294 643 1904 716; baseline 0 -17"><span class='ocrx_word' id='word_1_26' title='bbox 294 643 543 701; x_wconf 87' lang='lat' dir='ltr'><strong>medicos</strong></span> <span class='ocrx_word' id='word_1_27' title='bbox 562 659 707 715; x_wconf 77' lang='lat' dir='ltr'><strong>sar-pe</strong></span> <span class='ocrx_word' id='word_1_28' title='bbox 726 644 860 711; x_wconf 91' lang='lat' dir='ltr'><strong>vidi;</strong></span> <span class='ocrx_word' id='word_1_29' title='bbox 883 644 1113 700; x_wconf 89' lang='lat' dir='ltr'><strong>altorum</strong></span> <span class='ocrx_word' id='word_1_30' title='bbox 1136 646 1418 701; x_wconf 83' lang='lat' dir='ltr'><strong>vulnerum</strong></span> <span class='ocrx_word' id='word_1_31' title='bbox 1435 647 1734 711; x_wconf 80' lang='lat' dir='ltr'><strong>cicatrices,</strong></span> <span class='ocrx_word' id='word_1_32' title='bbox 1755 655 1904 716; x_wconf 85' lang='lat' dir='ltr'><strong>post-</strong></span> 
     </span>
    </p>
   </div>
   <div class='ocr_carea' id='block_1_7' title="bbox 293 739 1904 811">
    <p class='ocr_par' dir='ltr' id='par_1_7' title="bbox 293 739 1904 811">
     <span class='ocr_line' id='line_1_7' title="bbox 293 739 1904 811; baseline 0.001 -18"><span class='ocrx_word' id='word_1_33' title='bbox 293 754 465 811; x_wconf 75' lang='lat' dir='ltr'><strong>qUam</strong></span> <span class='ocrx_word' id='word_1_34' title='bbox 506 750 685 795; x_wconf 90' lang='lat' dir='ltr'><strong>cutem</strong></span> <span class='ocrx_word' id='word_1_35' title='bbox 715 739 946 795; x_wconf 86' lang='lat' dir='ltr'><strong>sanitate</strong></span> <span class='ocrx_word' id='word_1_36' title='bbox 981 739 1276 805; x_wconf 80' lang='lat' dir='ltr'><strong>duxerunt,</strong></span> <span class='ocrx_word' id='word_1_37' title='bbox 1306 757 1466 796; x_wconf 89' lang='lat' dir='ltr'><strong>manu</strong></span> <span class='ocrx_word' id='word_1_38' title='bbox 1498 740 1765 809; x_wconf 88' lang='lat' dir='ltr'><strong>pendente</strong></span> <span class='ocrx_word' id='word_1_39' title='bbox 1796 750 1904 795; x_wconf 85' lang='lat' dir='ltr'><strong>tra-</strong></span> 
     </span>
    </p>
   </div>
   <div class='ocr_carea' id='block_1_8' title="bbox 293 832 1903 904">
    <p class='ocr_par' dir='ltr' id='par_1_8' title="bbox 293 832 1903 904">
     <span class='ocr_line' id='line_1_8' title="bbox 293 832 1903 904; baseline -0.002 -15"><span class='ocrx_word' id='word_1_40' title='bbox 293 833 481 900; x_wconf 88' lang='lat' dir='ltr'><strong>ctabo,</strong></span> <span class='ocrx_word' id='word_1_41' title='bbox 529 832 906 903; x_wconf 67' lang='lat' dir='ltr'><strong>praesensisse,</strong></span> <span class='ocrx_word' id='word_1_42' title='bbox 946 843 1003 889; x_wconf 91' lang='lat' dir='ltr'><strong>et</strong></span> <span class='ocrx_word' id='word_1_43' title='bbox 1033 833 1275 904; x_wconf 86' lang='lat' dir='ltr'><strong>singulos</strong></span> <span class='ocrx_word' id='word_1_44' title='bbox 1321 835 1709 904; x_wconf 87' lang='lat' dir='ltr'><strong>universosque</strong></span> <span class='ocrx_word' id='word_1_45' title='bbox 1755 832 1903 904; x_wconf 84' lang='lat' dir='ltr'><strong>rogi-</strong></span> 
     </span>
    </p>
   </div>
   <div class='ocr_carea' id='block_1_9' title="bbox 295 929 1903 1000">
    <p class='ocr_par' dir='ltr' id='par_1_9' title="bbox 295 929 1903 1000">
     <span class='ocr_line' id='line_1_9' title="bbox 295 929 1903 1000; baseline 0.002 -17"><span class='ocrx_word' id='word_1_46' title='bbox 295 935 451 984; x_wconf 83' lang='lat' dir='ltr'><strong>tasse</strong></span> <span class='ocrx_word' id='word_1_47' title='bbox 493 937 803 995; x_wconf 90' lang='lat' dir='ltr'><strong>contentus,</strong></span> <span class='ocrx_word' id='word_1_48' title='bbox 832 944 899 982; x_wconf 92' lang='lat' dir='ltr'><strong>an</strong></span> <span class='ocrx_word' id='word_1_49' title='bbox 926 943 1048 984; x_wconf 91' lang='lat' dir='ltr'><strong>cum</strong></span> <span class='ocrx_word' id='word_1_50' title='bbox 1079 930 1220 986; x_wconf 90' lang='lat' dir='ltr'><strong>inter</strong></span> <span class='ocrx_word' id='word_1_51' title='bbox 1248 946 1438 987; x_wconf 89' lang='lat' dir='ltr'><strong>omnes</strong></span> <span class='ocrx_word' id='word_1_52' title='bbox 1485 932 1716 1000; x_wconf 83' lang='lat' dir='ltr'><strong>liqueret</strong></span> <span class='ocrx_word' id='word_1_53' title='bbox 1746 929 1903 987; x_wconf 61' lang='lat' dir='ltr'><strong>fessis</strong></span> 
     </span>
    </p>
   </div>
   <div class='ocr_carea' id='block_1_10' title="bbox 194 1022 1901 1095">
    <p class='ocr_par' dir='ltr' id='par_1_10' title="bbox 194 1022 1901 1095">
     <span class='ocr_line' id='line_1_10' title="bbox 194 1022 1901 1095; baseline -0.001 -17"><span class='ocrx_word' id='word_1_54' title='bbox 194 1022 203 1029; x_wconf 87' lang='grc'><em>’</em></span> <span class='ocrx_word' id='word_1_55' title='bbox 295 1024 469 1078; x_wconf 85' lang='lat' dir='ltr'><strong>rebus</strong></span> <span class='ocrx_word' id='word_1_56' title='bbox 501 1022 848 1091; x_wconf 90' lang='lat' dir='ltr'><strong>medendum,</strong></span> <span class='ocrx_word' id='word_1_57' title='bbox 879 1023 970 1078; x_wconf 86' lang='lat' dir='ltr'><strong>tali</strong></span> <span class='ocrx_word' id='word_1_58' title='bbox 1021 1022 1203 1093; x_wconf 87' lang='lat' dir='ltr'><strong>aliquo</strong></span> <span class='ocrx_word' id='word_1_59' title='bbox 1231 1024 1347 1080; x_wconf 91' lang='lat' dir='ltr'><strong>viro</strong></span> <span class='ocrx_word' id='word_1_60' title='bbox 1376 1024 1601 1095; x_wconf 86' lang='lat' dir='ltr'><strong>publicis</strong></span> <span class='ocrx_word' id='word_1_61' title='bbox 1630 1024 1901 1094; x_wconf 78' lang='lat' dir='ltr'><strong>guberna-</strong></span> 
     </span>
    </p>
   </div>
   <div class='ocr_carea' id='block_1_11' title="bbox 295 1116 1903 1189">
    <p class='ocr_par' dir='ltr' id='par_1_11' title="bbox 295 1116 1903 1189">
     <span class='ocr_line' id='line_1_11' title="bbox 295 1116 1903 1189; baseline -0.001 -16"><span class='ocrx_word' id='word_1_62' title='bbox 295 1117 438 1173; x_wconf 82' lang='lat' dir='ltr'><strong>culis</strong></span> <span class='ocrx_word' id='word_1_63' title='bbox 450 1117 815 1183; x_wconf 80' lang='lat' dir='ltr'><strong>adtnoveudo,</strong></span> <span class='ocrx_word' id='word_1_64' title='bbox 829 1118 957 1187; x_wconf 86' lang='lat' dir='ltr'><strong>qui&quot;</strong></span> <span class='ocrx_word' id='word_1_65' title='bbox 978 1116 1323 1189; x_wconf 76' lang='lat' dir='ltr'><strong>imperatoris</strong></span> <span class='ocrx_word' id='word_1_66' title='bbox 1339 1119 1497 1173; x_wconf 89' lang='lat' dir='ltr'><strong>unius</strong></span> <span class='ocrx_word' id='word_1_67' title='bbox 1519 1126 1758 1173; x_wconf 90' lang='lat' dir='ltr'><strong>tueretur</strong></span> <span class='ocrx_word' id='word_1_68' title='bbox 1771 1126 1903 1172; x_wconf 66' lang='lat' dir='ltr'><strong>aeta-</strong></span> 
     </span>
    </p>
   </div>
   <div class='ocr_carea' id='block_1_12' title="bbox 297 1212 1904 1285">
    <p class='ocr_par' dir='ltr' id='par_1_12' title="bbox 297 1212 1904 1285">
     <span class='ocr_line' id='line_1_12' title="bbox 297 1212 1904 1285; baseline 0.001 -18"><span class='ocrx_word' id='word_1_69' title='bbox 297 1220 432 1276; x_wconf 89' lang='lat' dir='ltr'><strong>tem,</strong></span> <span class='ocrx_word' id='word_1_70' title='bbox 457 1214 480 1245; x_wconf 81' lang='grc'>⁸</span> <span class='ocrx_word' id='word_1_71' title='bbox 510 1212 734 1268; x_wconf 82' lang='lat' dir='ltr'><strong>alterius</strong></span> <span class='ocrx_word' id='word_1_72' title='bbox 747 1213 962 1284; x_wconf 72' lang='lat' dir='ltr'><strong>juvaret</strong></span> <span class='ocrx_word' id='word_1_73' title='bbox 979 1213 1247 1281; x_wconf 84' lang='lat' dir='ltr'><strong>laborem,</strong></span> <span class='ocrx_word' id='word_1_74' title='bbox 1268 1214 1602 1285; x_wconf 85' lang='lat' dir='ltr'><strong>potuerimus</strong></span> <span class='ocrx_word' id='word_1_75' title='bbox 1626 1212 1904 1283; x_wconf 89' lang='lat' dir='ltr'><strong>hujusmo-</strong></span> 
     </span>
    </p>
   </div>
   <div class='ocr_carea' id='block_1_13' title="bbox 296 1305 1901 1379">
    <p class='ocr_par' dir='ltr' id='par_1_13' title="bbox 296 1305 1901 1379">
     <span class='ocr_line' id='line_1_13' title="bbox 296 1305 1901 1379; baseline -0.001 -17"><span class='ocrx_word' id='word_1_76' title='bbox 296 1305 351 1362; x_wconf 92' lang='lat' dir='ltr'><strong>di</strong></span> <span class='ocrx_word' id='word_1_77' title='bbox 383 1307 684 1379; x_wconf 85' lang='lat' dir='ltr'><strong>principem</strong></span> <span class='ocrx_word' id='word_1_78' title='bbox 727 1306 811 1362; x_wconf 91' lang='lat' dir='ltr'><strong>vel</strong></span> <span class='ocrx_word' id='word_1_79' title='bbox 834 1316 1043 1377; x_wconf 89' lang='lat' dir='ltr'><strong>optare.</strong></span> <span class='ocrx_word' id='word_1_80' title='bbox 1072 1305 1130 1362; x_wconf 93' lang='lat' dir='ltr'><strong>In</strong></span> <span class='ocrx_word' id='word_1_81' title='bbox 1161 1308 1569 1379; x_wconf 87' lang='lat' dir='ltr'><strong>integroitaque</strong></span> <span class='ocrx_word' id='word_1_82' title='bbox 1598 1322 1710 1362; x_wconf 91' lang='lat' dir='ltr'><strong>rem</strong></span> <span class='ocrx_word' id='word_1_83' title='bbox 1734 1317 1901 1362; x_wconf 92' lang='lat' dir='ltr'><strong>totam</strong></span> 
     </span>
    </p>
   </div>
   <div class='ocr_carea' id='block_1_14' title="bbox 297 1399 1903 1471">
    <p class='ocr_par' dir='ltr' id='par_1_14' title="bbox 297 1399 1903 1471">
     <span class='ocr_line' id='line_1_14' title="bbox 297 1399 1903 1471; baseline 0 -16"><span class='ocrx_word' id='word_1_84' title='bbox 297 1413 423 1455; x_wconf 84' lang='lat' dir='ltr'><strong>esse</strong></span> <span class='ocrx_word' id='word_1_85' title='bbox 461 1399 741 1465; x_wconf 86' lang='lat' dir='ltr'><strong>faciamus,</strong></span> <span class='ocrx_word' id='word_1_86' title='bbox 765 1410 820 1456; x_wconf 92' lang='lat' dir='ltr'><strong>et</strong></span> <span class='ocrx_word' id='word_1_87' title='bbox 861 1399 913 1454; x_wconf 90' lang='lat' dir='ltr'><strong>iu</strong></span> <span class='ocrx_word' id='word_1_88' title='bbox 956 1400 1186 1471; x_wconf 90' lang='lat' dir='ltr'><strong>quodam</strong></span> <span class='ocrx_word' id='word_1_89' title='bbox 1214 1401 1365 1457; x_wconf 85' lang='lat' dir='ltr'><strong>orbis</strong></span> <span class='ocrx_word' id='word_1_90' title='bbox 1391 1410 1653 1457; x_wconf 88' lang='lat' dir='ltr'><strong>terrarum</strong></span> <span class='ocrx_word' id='word_1_91' title='bbox 1682 1400 1903 1457; x_wconf 92' lang='lat' dir='ltr'><strong>comitio</strong></span> 
     </span>
    </p>
   </div>
   <div class='ocr_carea' id='block_1_15' title="bbox 298 1492 1901 1565">
    <p class='ocr_par' dir='ltr' id='par_1_15' title="bbox 298 1492 1901 1565">
     <span class='ocr_line' id='line_1_15' title="bbox 298 1492 1901 1565; baseline 0.001 -20"><span class='ocrx_word' id='word_1_92' title='bbox 298 1492 469 1563; x_wconf 65' lang='lat' dir='ltr'><strong>quaeri</strong></span> <span class='ocrx_word' id='word_1_93' title='bbox 502 1504 751 1563; x_wconf 88' lang='lat' dir='ltr'><strong>putemus</strong></span> <span class='ocrx_word' id='word_1_94' title='bbox 799 1492 1048 1564; x_wconf 90' lang='lat' dir='ltr'><strong>quisnam</strong></span> <span class='ocrx_word' id='word_1_95' title='bbox 1105 1493 1179 1549; x_wconf 85' lang='lat' dir='ltr'><strong>sit</strong></span> <span class='ocrx_word' id='word_1_96' title='bbox 1225 1494 1317 1550; x_wconf 88' lang='lat' dir='ltr'><strong>ille</strong></span> <span class='ocrx_word' id='word_1_97' title='bbox 1343 1495 1431 1565; x_wconf 92' lang='lat' dir='ltr'><strong>qui</strong></span> <span class='ocrx_word' id='word_1_98' title='bbox 1463 1493 1659 1550; x_wconf 80' lang='lat' dir='ltr'><strong>debeat</strong></span> <span class='ocrx_word' id='word_1_99' title='bbox 1700 1503 1901 1549; x_wconf 85' lang='lat' dir='ltr'><strong>tantam</strong></span> 
     </span>
    </p>
   </div>
   <div class='ocr_carea' id='block_1_16' title="bbox 299 1585 1906 1651">
    <p class='ocr_par' dir='ltr' id='par_1_16' title="bbox 299 1585 1906 1651">
     <span class='ocr_line' id='line_1_16' title="bbox 299 1585 1906 1651; baseline 0 -11"><span class='ocrx_word' id='word_1_100' title='bbox 299 1585 507 1641; x_wconf 83' lang='lat' dir='ltr'><strong>molem</strong></span> <span class='ocrx_word' id='word_1_101' title='bbox 548 1585 751 1651; x_wconf 88' lang='lat' dir='ltr'><strong>subire,</strong></span> <span class='ocrx_word' id='word_1_102' title='bbox 798 1592 854 1641; x_wconf 88' lang='lat' dir='ltr'><strong>et</strong></span> <span class='ocrx_word' id='word_1_103' title='bbox 896 1586 1138 1641; x_wconf 88' lang='lat' dir='ltr'><strong>nutantia</strong></span> <span class='ocrx_word' id='word_1_104' title='bbox 1184 1586 1446 1642; x_wconf 72' lang='lat' dir='ltr'><strong>Romana:</strong></span> <span class='ocrx_word' id='word_1_105' title='bbox 1474 1588 1550 1643; x_wconf 88' lang='lat' dir='ltr'><strong>rei</strong></span> <span class='ocrx_word' id='word_1_106' title='bbox 1597 1586 1701 1641; x_wconf 88' lang='lat' dir='ltr'><strong>fata</strong></span> <span class='ocrx_word' id='word_1_107' title='bbox 1734 1586 1906 1642; x_wconf 86' lang='lat' dir='ltr'><strong>susci-</strong></span> 
     </span>
    </p>
   </div>
   <div class='ocr_carea' id='block_1_17' title="bbox 299 1676 1900 1751">
    <p class='ocr_par' dir='ltr' id='par_1_17' title="bbox 299 1676 1900 1751">
     <span class='ocr_line' id='line_1_17' title="bbox 299 1676 1900 1751; baseline 0.001 -18"><span class='ocrx_word' id='word_1_108' title='bbox 299 1692 452 1748; x_wconf 87' lang='lat' dir='ltr'><strong>pere.</strong></span> <span class='ocrx_word' id='word_1_109' title='bbox 478 1676 670 1734; x_wconf 78' lang='lat' dir='ltr'><strong>Nonne</strong></span> <span class='ocrx_word' id='word_1_110' title='bbox 697 1678 743 1733; x_wconf 91' lang='lat' dir='ltr'><strong>is</strong></span> <span class='ocrx_word' id='word_1_111' title='bbox 763 1679 1003 1734; x_wconf 91' lang='lat' dir='ltr'><strong>omnium</strong></span> <span class='ocrx_word' id='word_1_112' title='bbox 1028 1678 1294 1751; x_wconf 78' lang='lat' dir='ltr'><strong>suffragiis</strong></span> <span class='ocrx_word' id='word_1_113' title='bbox 1317 1679 1594 1735; x_wconf 88' lang='lat' dir='ltr'><strong>hominum</strong></span> <span class='ocrx_word' id='word_1_114' title='bbox 1618 1683 1638 1713; x_wconf 73' lang='grc' dir='ltr'>θ</span> <span class='ocrx_word' id='word_1_115' title='bbox 1661 1679 1900 1735; x_wconf 87' lang='lat' dir='ltr'><strong>tributim</strong></span> 
     </span>
    </p>
   </div>
   <div class='ocr_carea' id='block_1_18' title="bbox 301 1772 1900 1845">
    <p class='ocr_par' dir='ltr' id='par_1_18' title="bbox 301 1772 1900 1845">
     <span class='ocr_line' id='line_1_18' title="bbox 301 1772 1900 1845; baseline 0 -17"><span class='ocrx_word' id='word_1_116' title='bbox 301 1772 760 1844; x_wconf 83' lang='lat' dir='ltr'><strong>centuriatimqae</strong></span> <span class='ocrx_word' id='word_1_117' title='bbox 807 1773 1098 1843; x_wconf 80' lang='lat' dir='ltr'><strong>legeretur,</strong></span> <span class='ocrx_word' id='word_1_118' title='bbox 1129 1773 1172 1804; x_wconf 81' lang='grc'><strong>¹⁰</strong></span> <span class='ocrx_word' id='word_1_119' title='bbox 1191 1776 1277 1830; x_wconf 91' lang='lat' dir='ltr'><strong>cui</strong></span> <span class='ocrx_word' id='word_1_120' title='bbox 1301 1773 1428 1829; x_wconf 83' lang='lat' dir='ltr'><strong>felix</strong></span> <span class='ocrx_word' id='word_1_121' title='bbox 1458 1776 1652 1845; x_wconf 88' lang='lat' dir='ltr'><strong>patria,</strong></span> <span class='ocrx_word' id='word_1_122' title='bbox 1683 1774 1767 1828; x_wconf 94' lang='lat' dir='ltr'><strong>cui</strong></span> <span class='ocrx_word' id='word_1_123' title='bbox 1799 1772 1900 1828; x_wconf 85' lang='lat' dir='ltr'><strong>do-</strong></span> 
     </span>
    </p>
   </div>
   <div class='ocr_carea' id='block_1_19' title="bbox 300 1864 1981 1952">
    <p class='ocr_par' dir='ltr' id='par_1_19' title="bbox 300 1864 1981 1952">
     <span class='ocr_line' id='line_1_19' title="bbox 300 1864 1981 1952; baseline -0.001 -30"><span class='ocrx_word' id='word_1_124' title='bbox 300 1881 421 1922; x_wconf 85' lang='lat' dir='ltr'><strong>mus</strong></span> <span class='ocrx_word' id='word_1_125' title='bbox 465 1866 637 1931; x_wconf 90' lang='lat' dir='ltr'><strong>clara,</strong></span> <span class='ocrx_word' id='word_1_126' title='bbox 693 1865 780 1921; x_wconf 91' lang='lat' dir='ltr'><strong>cui</strong></span> <span class='ocrx_word' id='word_1_127' title='bbox 815 1864 981 1921; x_wconf 91' lang='lat' dir='ltr'><strong>forma</strong></span> <span class='ocrx_word' id='word_1_128' title='bbox 1032 1866 1235 1934; x_wconf 89' lang='lat' dir='ltr'><strong>divina,</strong></span> <span class='ocrx_word' id='word_1_129' title='bbox 1264 1867 1351 1922; x_wconf 92' lang='lat' dir='ltr'><strong>cui</strong></span> <span class='ocrx_word' id='word_1_130' title='bbox 1378 1876 1510 1922; x_wconf 69' lang='lat' dir='ltr'><strong>aetas</strong></span> <span class='ocrx_word' id='word_1_131' title='bbox 1537 1868 1764 1938; x_wconf 88' lang='lat' dir='ltr'><strong>integra,</strong></span> <span class='ocrx_word' id='word_1_132' title='bbox 1812 1866 1899 1922; x_wconf 92' lang='lat' dir='ltr'><strong>cui</strong></span> <span class='ocrx_word' id='word_1_133' title='bbox 1931 1891 1981 1952; x_wconf 80' lang='grc' dir='ltr'><strong>Β</strong></span> 
     </span>
    </p>
   </div>
   <div class='ocr_carea' id='block_1_20' title="bbox 301 1957 1756 2031">
    <p class='ocr_par' dir='ltr' id='par_1_20' title="bbox 301 1957 1756 2031">
     <span class='ocr_line' id='line_1_20' title="bbox 301 1957 1756 2031; baseline -0.001 -17"><span class='ocrx_word' id='word_1_134' title='bbox 301 1957 618 2014; x_wconf 86' lang='lat' dir='ltr'><strong>militarium</strong></span> <span class='ocrx_word' id='word_1_135' title='bbox 645 1958 989 2030; x_wconf 80' lang='lat' dir='ltr'><strong>civiliumque</strong></span> <span class='ocrx_word' id='word_1_136' title='bbox 1016 1974 1200 2014; x_wconf 86' lang='lat' dir='ltr'><strong>rerum</strong></span> <span class='ocrx_word' id='word_1_137' title='bbox 1241 1975 1369 2015; x_wconf 91' lang='lat' dir='ltr'><strong>usus</strong></span> <span class='ocrx_word' id='word_1_138' title='bbox 1393 1959 1756 2031; x_wconf 77' lang='lat' dir='ltr'><strong>contigisset?</strong></span> 
     </span>
    </p>
   </div>
   <div class='ocr_carea' id='block_1_21' title="bbox 373 2048 1903 2124">
    <p class='ocr_par' dir='ltr' id='par_1_21' title="bbox 373 2048 1903 2124">
     <span class='ocr_line' id='line_1_21' title="bbox 373 2048 1903 2124; baseline 0.002 -18"><span class='ocrx_word' id='word_1_139' title='bbox 373 2050 461 2107; x_wconf 81' lang='lat' dir='ltr'><strong>IV.</strong></span> <span class='ocrx_word' id='word_1_140' title='bbox 493 2048 701 2107; x_wconf 84' lang='lat' dir='ltr'><strong>Cuncta</strong></span> <span class='ocrx_word' id='word_1_141' title='bbox 732 2050 895 2123; x_wconf 77' lang='lat' dir='ltr'><strong>igitur</strong></span> <span class='ocrx_word' id='word_1_142' title='bbox 920 2067 950 2106; x_wconf 90' lang='lat' dir='ltr'><strong>a</strong></span> <span class='ocrx_word' id='word_1_143' title='bbox 981 2051 1161 2122; x_wconf 86' lang='lat' dir='ltr'><strong>capite</strong></span> <span class='ocrx_word' id='word_1_144' title='bbox 1191 2054 1467 2123; x_wconf 75' lang='lat' dir='ltr'><strong>pI&#39;OpOSitO</strong></span> <span class='ocrx_word' id='word_1_145' title='bbox 1497 2053 1689 2108; x_wconf 88' lang='lat' dir='ltr'><strong>ordine</strong></span> <span class='ocrx_word' id='word_1_146' title='bbox 1717 2066 1903 2124; x_wconf 88' lang='lat' dir='ltr'><strong>prose-</strong></span> 
     </span>
    </p>
   </div>
   <div class='ocr_carea' id='block_1_22' title="bbox 303 2144 1905 2217">
    <p class='ocr_par' dir='ltr' id='par_1_22' title="bbox 303 2144 1905 2217">
     <span class='ocr_line' id='line_1_22' title="bbox 303 2144 1905 2217; baseline 0.001 -18"><span class='ocrx_word' id='word_1_147' title='bbox 303 2160 552 2216; x_wconf 87' lang='lat' dir='ltr'><strong>quamur,</strong></span> <span class='ocrx_word' id='word_1_148' title='bbox 565 2144 677 2211; x_wconf 86' lang='lat' dir='ltr'><strong>jam</strong></span> <span class='ocrx_word' id='word_1_149' title='bbox 702 2144 948 2217; x_wconf 89' lang='lat' dir='ltr'><strong>profecto</strong></span> <span class='ocrx_word' id='word_1_150' title='bbox 969 2146 1239 2201; x_wconf 78' lang='lat' dir='ltr'><strong>Constabit</strong></span> <span class='ocrx_word' id='word_1_151' title='bbox 1259 2161 1381 2201; x_wconf 92' lang='lat' dir='ltr'><strong>eum</strong></span> <span class='ocrx_word' id='word_1_152' title='bbox 1406 2145 1701 2216; x_wconf 86' lang='lat' dir='ltr'><strong>principem</strong></span> <span class='ocrx_word' id='word_1_153' title='bbox 1723 2145 1905 2201; x_wconf 85' lang='lat' dir='ltr'><strong>decla-</strong></span> 
     </span>
    </p>
   </div>
   <div class='ocr_carea' id='block_1_23' title="bbox 301 2239 1900 2311">
    <p class='ocr_par' dir='ltr' id='par_1_23' title="bbox 301 2239 1900 2311">
     <span class='ocr_line' id='line_1_23' title="bbox 301 2239 1900 2311; baseline -0.001 -13"><span class='ocrx_word' id='word_1_154' title='bbox 301 2251 477 2298; x_wconf 72' lang='lat' dir='ltr'><strong>ratum</strong></span> <span class='ocrx_word' id='word_1_155' title='bbox 506 2239 600 2311; x_wconf 87' lang='lat' dir='ltr'><strong>qui</strong></span> <span class='ocrx_word' id='word_1_156' title='bbox 621 2240 760 2296; x_wconf 87' lang='lat' dir='ltr'><strong>etab</strong></span> <span class='ocrx_word' id='word_1_157' title='bbox 783 2240 1037 2296; x_wconf 90' lang='lat' dir='ltr'><strong>omnibus</strong></span> <span class='ocrx_word' id='word_1_158' title='bbox 1064 2240 1165 2311; x_wconf 87' lang='lat' dir='ltr'><strong>legi</strong></span> <span class='ocrx_word' id='word_1_159' title='bbox 1182 2240 1453 2308; x_wconf 88' lang='lat' dir='ltr'><strong>debuerit,</strong></span> <span class='ocrx_word' id='word_1_160' title='bbox 1478 2250 1607 2297; x_wconf 70' lang='lat' dir='ltr'><strong>etes</strong></span> <span class='ocrx_word' id='word_1_161' title='bbox 1626 2240 1900 2296; x_wconf 90' lang='lat' dir='ltr'><strong>omnibus.</strong></span> 
     </span>
    </p>
   </div>
   <div class='ocr_carea' id='block_1_24' title="bbox 300 2331 1907 2405">
    <p class='ocr_par' dir='ltr' id='par_1_24' title="bbox 300 2331 1907 2405">
     <span class='ocr_line' id='line_1_24' title="bbox 300 2331 1907 2405; baseline -0.001 -16"><span class='ocrx_word' id='word_1_162' title='bbox 300 2331 434 2389; x_wconf 84' lang='lat' dir='ltr'><strong>Nam</strong></span> <span class='ocrx_word' id='word_1_163' title='bbox 468 2332 704 2404; x_wconf 85' lang='lat' dir='ltr'><strong>primum</strong></span> <span class='ocrx_word' id='word_1_164' title='bbox 736 2334 752 2364; x_wconf 84' lang='grc'>¹</span> <span class='ocrx_word' id='word_1_165' title='bbox 784 2333 879 2389; x_wconf 92' lang='lat' dir='ltr'><strong>tibi</strong></span> <span class='ocrx_word' id='word_1_166' title='bbox 908 2343 1083 2389; x_wconf 82' lang='lat' dir='ltr'><strong>mater</strong></span> <span class='ocrx_word' id='word_1_167' title='bbox 1108 2333 1364 2405; x_wconf 88' lang='lat' dir='ltr'><strong>Hispania</strong></span> <span class='ocrx_word' id='word_1_168' title='bbox 1396 2343 1500 2399; x_wconf 87' lang='lat' dir='ltr'><strong>est,</strong></span> <span class='ocrx_word' id='word_1_169' title='bbox 1539 2335 1701 2390; x_wconf 90' lang='lat' dir='ltr'><strong>terris</strong></span> <span class='ocrx_word' id='word_1_170' title='bbox 1729 2333 1907 2390; x_wconf 87' lang='lat' dir='ltr'><strong>omni-</strong></span> 
     </span>
    </p>
   </div>
   <div class='ocr_carea' id='block_1_25' title="bbox 300 2426 1909 2500">
    <p class='ocr_par' dir='ltr' id='par_1_25' title="bbox 300 2426 1909 2500">
     <span class='ocr_line' id='line_1_25' title="bbox 300 2426 1909 2500; baseline 0 -17"><span class='ocrx_word' id='word_1_171' title='bbox 300 2427 406 2483; x_wconf 87' lang='lat' dir='ltr'><strong>bus</strong></span> <span class='ocrx_word' id='word_1_172' title='bbox 435 2438 580 2482; x_wconf 82' lang='lat' dir='ltr'><strong>terra</strong></span> <span class='ocrx_word' id='word_1_173' title='bbox 609 2427 839 2495; x_wconf 73' lang='lat' dir='ltr'><strong>felicior,</strong></span> <span class='ocrx_word' id='word_1_174' title='bbox 859 2427 943 2482; x_wconf 89' lang='lat' dir='ltr'><strong>cui</strong></span> <span class='ocrx_word' id='word_1_175' title='bbox 967 2427 1300 2494; x_wconf 63' lang='lat' dir='ltr'><strong>excolenda},</strong></span> <span class='ocrx_word' id='word_1_176' title='bbox 1330 2437 1491 2500; x_wconf 91' lang='lat' dir='ltr'><strong>atque</strong></span> <span class='ocrx_word' id='word_1_177' title='bbox 1512 2427 1649 2483; x_wconf 88' lang='lat' dir='ltr'><strong>adeo</strong></span> <span class='ocrx_word' id='word_1_178' title='bbox 1673 2426 1909 2483; x_wconf 84' lang='lat' dir='ltr'><strong>ditandac</strong></span> 
     </span>
    </p>
   </div>
   <div class='ocr_carea' id='block_1_26' title="bbox 302 2520 1906 2593">
    <p class='ocr_par' dir='ltr' id='par_1_26' title="bbox 302 2520 1906 2593">
     <span class='ocr_line' id='line_1_26' title="bbox 302 2520 1906 2593; baseline -0.001 -15"><span class='ocrx_word' id='word_1_179' title='bbox 302 2521 606 2592; x_wconf 87' lang='lat' dir='ltr'><strong>impensius</strong></span> <span class='ocrx_word' id='word_1_180' title='bbox 618 2536 777 2593; x_wconf 90' lang='lat' dir='ltr'><strong>quam</strong></span> <span class='ocrx_word' id='word_1_181' title='bbox 800 2521 1014 2577; x_wconf 64' lang='lat' dir='ltr'><strong>caeteris</strong></span> <span class='ocrx_word' id='word_1_182' title='bbox 1032 2521 1283 2592; x_wconf 81' lang='lat' dir='ltr'><strong>gentibus</strong></span> <span class='ocrx_word' id='word_1_183' title='bbox 1305 2537 1590 2593; x_wconf 87' lang='lat' dir='ltr'><strong>supremus</strong></span> <span class='ocrx_word' id='word_1_184' title='bbox 1614 2520 1705 2577; x_wconf 90' lang='lat' dir='ltr'><strong>ille</strong></span> <span class='ocrx_word' id='word_1_185' title='bbox 1727 2536 1906 2576; x_wconf 89' lang='lat' dir='ltr'><strong>rerum</strong></span> 
     </span>
    </p>
   </div>
   <div class='ocr_carea' id='block_1_27' title="bbox 301 2613 1910 2683">
    <p class='ocr_par' dir='ltr' id='par_1_27' title="bbox 301 2613 1910 2683">
     <span class='ocr_line' id='line_1_27' title="bbox 301 2613 1910 2683; baseline -0.001 -12"><span class='ocrx_word' id='word_1_186' title='bbox 301 2614 598 2671; x_wconf 76' lang='lat' dir='ltr'><strong>fabricator</strong></span> <span class='ocrx_word' id='word_1_187' title='bbox 626 2613 867 2670; x_wconf 89' lang='lat' dir='ltr'><strong>indulsit.</strong></span> <span class='ocrx_word' id='word_1_188' title='bbox 899 2616 1031 2683; x_wconf 71' lang='lat' dir='ltr'><strong>Quae</strong></span> <span class='ocrx_word' id='word_1_189' title='bbox 1062 2630 1162 2672; x_wconf 91' lang='lat' dir='ltr'><strong>nec</strong></span> <span class='ocrx_word' id='word_1_190' title='bbox 1190 2616 1466 2672; x_wconf 83' lang='lat' dir='ltr'><strong>Austrinis</strong></span> <span class='ocrx_word' id='word_1_191' title='bbox 1502 2616 1734 2672; x_wconf 86' lang='lat' dir='ltr'><strong>obnoxia</strong></span> <span class='ocrx_word' id='word_1_192' title='bbox 1763 2615 1910 2671; x_wconf 72' lang='lat' dir='ltr'><strong>msti-</strong></span> 
     </span>
    </p>
   </div>
   <div class='ocr_carea' id='block_1_28' title="bbox 300 2708 1910 2783">
    <p class='ocr_par' dir='ltr' id='par_1_28' title="bbox 300 2708 1910 2783">
     <span class='ocr_line' id='line_1_28' title="bbox 300 2708 1910 2783; baseline 0 -16"><span class='ocrx_word' id='word_1_193' title='bbox 300 2708 427 2772; x_wconf 79' lang='lat' dir='ltr'><strong>bus,</strong></span> <span class='ocrx_word' id='word_1_194' title='bbox 471 2724 573 2766; x_wconf 90' lang='lat' dir='ltr'><strong>nec</strong></span> <span class='ocrx_word' id='word_1_195' title='bbox 600 2709 816 2766; x_wconf 85' lang='lat' dir='ltr'><strong>Arctois</strong></span> <span class='ocrx_word' id='word_1_196' title='bbox 858 2709 1100 2780; x_wconf 86' lang='lat' dir='ltr'><strong>subjecta</strong></span> <span class='ocrx_word' id='word_1_197' title='bbox 1130 2710 1443 2783; x_wconf 81' lang='lat' dir='ltr'><strong>frigoribus,</strong></span> <span class='ocrx_word' id='word_1_198' title='bbox 1476 2710 1651 2767; x_wconf 87' lang='lat' dir='ltr'><strong>media</strong></span> <span class='ocrx_word' id='word_1_199' title='bbox 1699 2710 1910 2767; x_wconf 82' lang='lat' dir='ltr'><strong>fovetur</strong></span> 
     </span>
    </p>
   </div>
   <div class='ocr_carea' id='block_1_29' title="bbox 301 2802 1910 2876">
    <p class='ocr_par' dir='ltr' id='par_1_29' title="bbox 301 2802 1910 2876">
     <span class='ocr_line' id='line_1_29' title="bbox 301 2802 1910 2876; baseline 0.001 -18"><span class='ocrx_word' id='word_1_200' title='bbox 301 2804 424 2859; x_wconf 81' lang='lat' dir='ltr'><strong>axis</strong></span> <span class='ocrx_word' id='word_1_201' title='bbox 455 2802 742 2873; x_wconf 90' lang='lat' dir='ltr'><strong>utriusque</strong></span> <span class='ocrx_word' id='word_1_202' title='bbox 766 2803 1051 2875; x_wconf 89' lang='lat' dir='ltr'><strong>temperie.</strong></span> <span class='ocrx_word' id='word_1_203' title='bbox 1080 2803 1215 2872; x_wconf 65' lang='lat' dir='ltr'><strong>Quae</strong></span> <span class='ocrx_word' id='word_1_204' title='bbox 1248 2803 1372 2859; x_wconf 92' lang='lat' dir='ltr'><strong>hinc</strong></span> <span class='ocrx_word' id='word_1_205' title='bbox 1401 2806 1421 2835; x_wconf 83' lang='lat'><strong>’</strong></span> <span class='ocrx_word' id='word_1_206' title='bbox 1451 2802 1722 2876; x_wconf 73' lang='lat' dir='ltr'><strong>Pyrenaeis</strong></span> <span class='ocrx_word' id='word_1_207' title='bbox 1755 2819 1910 2859; x_wconf 89' lang='lat' dir='ltr'><strong>mon-</strong></span> 
     </span>
    </p>
   </div>
   <div class='ocr_carea' id='block_1_30' title="bbox 305 2895 1908 2969">
    <p class='ocr_par' dir='ltr' id='par_1_30' title="bbox 305 2895 1908 2969">
     <span class='ocr_line' id='line_1_30' title="bbox 305 2895 1908 2969; baseline 0.001 -18"><span class='ocrx_word' id='word_1_208' title='bbox 305 2895 651 2962; x_wconf 77' lang='lat' dir='ltr'><strong>tibus,illinc</strong></span> <span class='ocrx_word' id='word_1_209' title='bbox 694 2895 894 2953; x_wconf 89' lang='lat' dir='ltr'><strong>Oceani</strong></span> <span class='ocrx_word' id='word_1_210' title='bbox 940 2896 1199 2963; x_wconf 67' lang='lat' dir='ltr'><strong>aestibus,</strong></span> <span class='ocrx_word' id='word_1_211' title='bbox 1257 2896 1382 2953; x_wconf 90' lang='lat' dir='ltr'><strong>inde</strong></span> <span class='ocrx_word' id='word_1_212' title='bbox 1430 2896 1697 2969; x_wconf 85' lang='lat' dir='ltr'><strong>Tyrrheni</strong></span> <span class='ocrx_word' id='word_1_213' title='bbox 1744 2897 1908 2953; x_wconf 88' lang='lat' dir='ltr'><strong>maris</strong></span> 
     </span>
    </p>
   </div>
   <div class='ocr_carea' id='block_1_31' title="bbox 302 2990 1910 3063">
    <p class='ocr_par' dir='ltr' id='par_1_31' title="bbox 302 2990 1910 3063">
     <span class='ocr_line' id='line_1_31' title="bbox 302 2990 1910 3063; baseline 0.001 -17"><span class='ocrx_word' id='word_1_214' title='bbox 302 2990 579 3047; x_wconf 88' lang='lat' dir='ltr'><strong>littoribus</strong></span> <span class='ocrx_word' id='word_1_215' title='bbox 608 3000 866 3047; x_wconf 89' lang='lat' dir='ltr'><strong>coronata</strong></span> <span class='ocrx_word' id='word_1_216' title='bbox 892 3000 1097 3047; x_wconf 87' lang='lat' dir='ltr'><strong>naturae</strong></span> <span class='ocrx_word' id='word_1_217' title='bbox 1121 2991 1335 3047; x_wconf 90' lang='lat' dir='ltr'><strong>solertis</strong></span> <span class='ocrx_word' id='word_1_218' title='bbox 1357 2991 1539 3063; x_wconf 77' lang='lat' dir='ltr'><strong>ingeni</strong></span> <span class='ocrx_word' id='word_1_219' title='bbox 1556 2992 1743 3048; x_wconf 90' lang='lat' dir='ltr'><strong>ovelut</strong></span> <span class='ocrx_word' id='word_1_220' title='bbox 1771 2992 1910 3048; x_wconf 90' lang='lat' dir='ltr'><strong>alter</strong></span> 
     </span>
    </p>
   </div>
   <div class='ocr_carea' id='block_1_32' title="bbox 302 3082 1911 3157">
    <p class='ocr_par' dir='ltr' id='par_1_32' title="bbox 302 3082 1911 3157">
     <span class='ocr_line' id='line_1_32' title="bbox 302 3082 1911 3157; baseline 0.002 -18"><span class='ocrx_word' id='word_1_221' title='bbox 302 3084 457 3139; x_wconf 87' lang='lat' dir='ltr'><strong>orbis</strong></span> <span class='ocrx_word' id='word_1_222' title='bbox 501 3082 814 3140; x_wconf 86' lang='lat' dir='ltr'><strong>includitur.</strong></span> <span class='ocrx_word' id='word_1_223' title='bbox 846 3084 1002 3141; x_wconf 85' lang='lat' dir='ltr'><strong>Adde</strong></span> <span class='ocrx_word' id='word_1_224' title='bbox 1048 3094 1129 3141; x_wconf 93' lang='lat' dir='ltr'><strong>tot</strong></span> <span class='ocrx_word' id='word_1_225' title='bbox 1174 3087 1419 3157; x_wconf 83' lang='lat' dir='ltr'><strong>egregias</strong></span> <span class='ocrx_word' id='word_1_226' title='bbox 1449 3086 1720 3152; x_wconf 84' lang='lat' dir='ltr'><strong>civitates,</strong></span> <span class='ocrx_word' id='word_1_227' title='bbox 1770 3086 1911 3142; x_wconf 90' lang='lat' dir='ltr'><strong>addc</strong></span> 
     </span>
    </p>
   </div>
   <div class='ocr_carea' id='block_1_33' title="bbox 300 3175 1914 3252">
    <p class='ocr_par' dir='ltr' id='par_1_33' title="bbox 300 3175 1914 3252">
     <span class='ocr_line' id='line_1_33' title="bbox 300 3175 1914 3252; baseline 0.001 -18"><span class='ocrx_word' id='word_1_228' title='bbox 300 3177 475 3246; x_wconf 87' lang='lat' dir='ltr'><strong>culta,</strong></span> <span class='ocrx_word' id='word_1_229' title='bbox 507 3175 821 3250; x_wconf 85' lang='lat' dir='ltr'><strong>incultaque</strong></span> <span class='ocrx_word' id='word_1_230' title='bbox 846 3177 1027 3235; x_wconf 88' lang='lat' dir='ltr'><strong>omnia</strong></span> <span class='ocrx_word' id='word_1_231' title='bbox 1056 3178 1141 3235; x_wconf 90' lang='lat' dir='ltr'><strong>vel</strong></span> <span class='ocrx_word' id='word_1_232' title='bbox 1171 3177 1429 3236; x_wconf 89' lang='lat' dir='ltr'><strong>fructibus</strong></span> <span class='ocrx_word' id='word_1_233' title='bbox 1471 3178 1649 3251; x_wconf 87' lang='lat' dir='ltr'><strong>plena,</strong></span> <span class='ocrx_word' id='word_1_234' title='bbox 1679 3178 1764 3237; x_wconf 91' lang='lat' dir='ltr'><strong>vel</strong></span> <span class='ocrx_word' id='word_1_235' title='bbox 1791 3194 1914 3252; x_wconf 87' lang='lat' dir='ltr'><strong>gre-</strong></span> 
     </span>
    </p>
   </div>
   <div class='ocr_carea' id='block_1_34' title="bbox 2007 550 3602 624">
    <p class='ocr_par' dir='ltr' id='par_1_34' title="bbox 2007 550 3602 624">
     <span class='ocr_line' id='line_1_34' title="bbox 2007 550 3602 624; baseline 0.001 -18"><span class='ocrx_word' id='word_1_236' title='bbox 2007 551 2265 607; x_wconf 90' lang='lat' dir='ltr'><strong>diantium</strong></span> <span class='ocrx_word' id='word_1_237' title='bbox 2283 552 2494 608; x_wconf 86' lang='lat' dir='ltr'><strong>metalla</strong></span> <span class='ocrx_word' id='word_1_238' title='bbox 2523 568 2879 622; x_wconf 89' lang='lat' dir='ltr'><strong>gemmarum.</strong></span> <span class='ocrx_word' id='word_1_239' title='bbox 2907 551 3035 608; x_wconf 91' lang='lat' dir='ltr'><strong>Scio</strong></span> <span class='ocrx_word' id='word_1_240' title='bbox 3057 550 3267 608; x_wconf 89' lang='lat' dir='ltr'><strong>fabulas</strong></span> <span class='ocrx_word' id='word_1_241' title='bbox 3296 563 3602 624; x_wconf 87' lang='lat' dir='ltr'><strong>poetarum,</strong></span> 
     </span>
    </p>
   </div>
   <div class='ocr_carea' id='block_1_35' title="bbox 2006 644 3603 718">
    <p class='ocr_par' dir='ltr' id='par_1_35' title="bbox 2006 644 3603 718">
     <span class='ocr_line' id='line_1_35' title="bbox 2006 644 3603 718; baseline 0.001 -20"><span class='ocrx_word' id='word_1_242' title='bbox 2006 644 2229 699; x_wconf 76' lang='lat' dir='ltr'><strong>auribus</strong></span> <span class='ocrx_word' id='word_1_243' title='bbox 2260 645 2560 701; x_wconf 88' lang='lat' dir='ltr'><strong>mulcendis</strong></span> <span class='ocrx_word' id='word_1_244' title='bbox 2590 654 2855 716; x_wconf 89' lang='lat' dir='ltr'><strong>repertas,</strong></span> <span class='ocrx_word' id='word_1_245' title='bbox 2907 645 3085 716; x_wconf 89' lang='lat' dir='ltr'><strong>aliqua</strong></span> <span class='ocrx_word' id='word_1_246' title='bbox 3115 645 3391 702; x_wconf 86' lang='lat' dir='ltr'><strong>nonnullis</strong></span> <span class='ocrx_word' id='word_1_247' title='bbox 3423 646 3603 718; x_wconf 88' lang='lat' dir='ltr'><strong>genti-</strong></span> 
     </span>
    </p>
   </div>
   <div class='ocr_carea' id='block_1_36' title="bbox 2006 722 3610 810">
    <p class='ocr_par' dir='ltr' id='par_1_36' title="bbox 2006 722 3610 810">
     <span class='ocr_line' id='line_1_36' title="bbox 2006 722 3610 810; baseline 0.002 -16"><span class='ocrx_word' id='word_1_248' title='bbox 2006 736 2109 794; x_wconf 90' lang='lat' dir='ltr'><strong>bus</strong></span> <span class='ocrx_word' id='word_1_249' title='bbox 2139 738 2451 794; x_wconf 91' lang='lat' dir='ltr'><strong>attribuisse</strong></span> <span class='ocrx_word' id='word_1_250' title='bbox 2480 738 2771 805; x_wconf 90' lang='lat' dir='ltr'><strong>miracula;</strong></span> <span class='ocrx_word' id='word_1_251' title='bbox 2817 754 2937 810; x_wconf 69' lang='lat' dir='ltr'><strong>qua:</strong></span> <span class='ocrx_word' id='word_1_252' title='bbox 2985 739 3007 770; x_wconf 85' lang='grc'><em>³</em></span> <span class='ocrx_word' id='word_1_253' title='bbox 3055 748 3113 795; x_wconf 86' lang='grc' dir='ltr'><strong>ιιι</strong></span> <span class='ocrx_word' id='word_1_254' title='bbox 3155 740 3265 795; x_wconf 91' lang='lat' dir='ltr'><strong>sint</strong></span> <span class='ocrx_word' id='word_1_255' title='bbox 3299 755 3449 807; x_wconf 79' lang='lat' dir='ltr'><strong>vera,</strong></span> <span class='ocrx_word' id='word_1_256' title='bbox 3480 722 3610 797; x_wconf 73' lang='lat' dir='ltr'><strong>sunt</strong></span> 
     </span>
    </p>
   </div>
   <div class='ocr_carea' id='block_1_37' title="bbox 2005 824 3664 903">
    <p class='ocr_par' dir='ltr' id='par_1_37' title="bbox 2005 824 3664 903">
     <span class='ocr_line' id='line_1_37' title="bbox 2005 824 3664 903; baseline 0.001 -17"><span class='ocrx_word' id='word_1_257' title='bbox 2005 831 2239 903; x_wconf 86' lang='lat' dir='ltr'><strong>singula.</strong></span> <span class='ocrx_word' id='word_1_258' title='bbox 2263 830 2373 887; x_wconf 84' lang='lat' dir='ltr'><strong>Nec</strong></span> <span class='ocrx_word' id='word_1_259' title='bbox 2399 830 2507 901; x_wconf 88' lang='lat' dir='ltr'><strong>jam</strong></span> <span class='ocrx_word' id='word_1_260' title='bbox 2540 831 2756 888; x_wconf 80' lang='lat' dir='ltr'><strong>excutio</strong></span> <span class='ocrx_word' id='word_1_261' title='bbox 2785 832 3089 887; x_wconf 90' lang='lat' dir='ltr'><strong>veritatem.</strong></span> <span class='ocrx_word' id='word_1_262' title='bbox 3125 832 3275 897; x_wconf 88' lang='lat' dir='ltr'><strong>Sint,</strong></span> <span class='ocrx_word' id='word_1_263' title='bbox 3307 840 3369 887; x_wconf 91' lang='lat' dir='ltr'><strong>ut</strong></span> <span class='ocrx_word' id='word_1_264' title='bbox 3414 832 3608 888; x_wconf 88' lang='lat' dir='ltr'><strong>scribi-</strong></span> <span class='ocrx_word' id='word_1_265' title='bbox 3660 824 3664 837; x_wconf 87' lang='grc'><em>’</em></span> 
     </span>
    </p>
   </div>
   <div class='ocr_carea' id='block_1_38' title="bbox 2008 922 3609 996">
    <p class='ocr_par' dir='ltr' id='par_1_38' title="bbox 2008 922 3609 996">
     <span class='ocr_line' id='line_1_38' title="bbox 2008 922 3609 996; baseline 0.002 -18"><span class='ocrx_word' id='word_1_266' title='bbox 2008 932 2116 991; x_wconf 89' lang='lat' dir='ltr'><strong>tur,</strong></span> <span class='ocrx_word' id='word_1_267' title='bbox 2141 922 2163 954; x_wconf 69' lang='lat'><strong>‘</strong></span> <span class='ocrx_word' id='word_1_268' title='bbox 2183 922 2420 996; x_wconf 83' lang='lat' dir='ltr'><strong>Gargara</strong></span> <span class='ocrx_word' id='word_1_269' title='bbox 2449 935 2709 994; x_wconf 83' lang='lat' dir='ltr'><strong>proventu</strong></span> <span class='ocrx_word' id='word_1_270' title='bbox 2732 925 2851 980; x_wconf 74' lang='lat' dir='ltr'><strong>beta</strong></span> <span class='ocrx_word' id='word_1_271' title='bbox 2877 924 3112 993; x_wconf 83' lang='lat' dir='ltr'><strong>triticeo,</strong></span> <span class='ocrx_word' id='word_1_272' title='bbox 3162 925 3184 956; x_wconf 86' lang='grc'><strong><em>⁵</em></strong></span> <span class='ocrx_word' id='word_1_273' title='bbox 3210 925 3450 981; x_wconf 80' lang='lat' dir='ltr'><strong>Mevania</strong></span> <span class='ocrx_word' id='word_1_274' title='bbox 3494 941 3609 982; x_wconf 85' lang='lat' dir='ltr'><strong>me-</strong></span> 
     </span>
    </p>
   </div>
   <div class='ocr_carea' id='block_1_39' title="bbox 2006 1015 3609 1088">
    <p class='ocr_par' dir='ltr' id='par_1_39' title="bbox 2006 1015 3609 1088">
     <span class='ocr_line' id='line_1_39' title="bbox 2006 1015 3609 1088; baseline 0.002 -18"><span class='ocrx_word' id='word_1_275' title='bbox 2006 1026 2251 1071; x_wconf 87' lang='lat' dir='ltr'><strong>moretur</strong></span> <span class='ocrx_word' id='word_1_276' title='bbox 2307 1025 2592 1083; x_wconf 91' lang='lat' dir='ltr'><strong>armento,</strong></span> <span class='ocrx_word' id='word_1_277' title='bbox 2638 1016 2659 1047; x_wconf 81' lang='grc'>⁶</span> <span class='ocrx_word' id='word_1_278' title='bbox 2702 1015 2995 1088; x_wconf 87' lang='lat' dir='ltr'><strong>Campania</strong></span> <span class='ocrx_word' id='word_1_279' title='bbox 3038 1030 3328 1074; x_wconf 90' lang='lat' dir='ltr'><strong>censeatur</strong></span> <span class='ocrx_word' id='word_1_280' title='bbox 3372 1019 3393 1050; x_wconf 92' lang='lat'><strong>&quot;</strong></span> <span class='ocrx_word' id='word_1_281' title='bbox 3424 1029 3609 1075; x_wconf 90' lang='lat' dir='ltr'><strong>monte</strong></span> 
     </span>
    </p>
   </div>
   <div class='ocr_carea' id='block_1_40' title="bbox 2005 1108 3607 1182">
    <p class='ocr_par' dir='ltr' id='par_1_40' title="bbox 2005 1108 3607 1182">
     <span class='ocr_line' id='line_1_40' title="bbox 2005 1108 3607 1182; baseline 0.002 -17"><span class='ocrx_word' id='word_1_282' title='bbox 2005 1108 2281 1175; x_wconf 86' lang='lat' dir='ltr'><strong>Gaurano,</strong></span> <span class='ocrx_word' id='word_1_283' title='bbox 2314 1110 2335 1141; x_wconf 83' lang='grc'>⁸</span> <span class='ocrx_word' id='word_1_284' title='bbox 2364 1108 2532 1182; x_wconf 84' lang='lat' dir='ltr'><strong>Lydia</strong></span> <span class='ocrx_word' id='word_1_285' title='bbox 2564 1109 2887 1180; x_wconf 68' lang='lat' dir='ltr'><strong>praedicetur</strong></span> <span class='ocrx_word' id='word_1_286' title='bbox 2924 1126 3085 1167; x_wconf 90' lang='lat' dir='ltr'><strong>amne</strong></span> <span class='ocrx_word' id='word_1_287' title='bbox 3127 1114 3148 1145; x_wconf 80' lang='lat'><strong><em>°</em></strong></span> <span class='ocrx_word' id='word_1_288' title='bbox 3194 1111 3447 1177; x_wconf 83' lang='lat' dir='ltr'><strong>Pactole;</strong></span> <span class='ocrx_word' id='word_1_289' title='bbox 3480 1112 3607 1168; x_wconf 89' lang='lat' dir='ltr'><strong>dum</strong></span> 
     </span>
    </p>
   </div>
   <div class='ocr_carea' id='block_1_41' title="bbox 2004 1207 3607 1280">
    <p class='ocr_par' dir='ltr' id='par_1_41' title="bbox 2004 1207 3607 1280">
     <span class='ocr_line' id='line_1_41' title="bbox 2004 1207 3607 1280; baseline -0.002 -15"><span class='ocrx_word' id='word_1_290' title='bbox 2004 1208 2281 1279; x_wconf 69' lang='lat' dir='ltr'><strong>Hispaniae</strong></span> <span class='ocrx_word' id='word_1_291' title='bbox 2334 1208 2427 1263; x_wconf 91' lang='lat' dir='ltr'><strong>uni</strong></span> <span class='ocrx_word' id='word_1_292' title='bbox 2478 1207 2740 1280; x_wconf 88' lang='lat' dir='ltr'><strong>quidquid</strong></span> <span class='ocrx_word' id='word_1_293' title='bbox 2792 1207 2992 1278; x_wconf 87' lang='lat' dir='ltr'><strong>ubique</strong></span> <span class='ocrx_word' id='word_1_294' title='bbox 3038 1208 3285 1265; x_wconf 87' lang='lat' dir='ltr'><strong>laudatur</strong></span> <span class='ocrx_word' id='word_1_295' title='bbox 3338 1216 3607 1279; x_wconf 79' lang='lat' dir='ltr'><strong>assurgat.</strong></span> 
     </span>
    </p>
   </div>
   <div class='ocr_carea' id='block_1_42' title="bbox 2006 1300 3612 1374">
    <p class='ocr_par' dir='ltr' id='par_1_42' title="bbox 2006 1300 3612 1374">
     <span class='ocr_line' id='line_1_42' title="bbox 2006 1300 3612 1374; baseline 0 -17"><span class='ocrx_word' id='word_1_296' title='bbox 2006 1300 2133 1358; x_wconf 67' lang='lat' dir='ltr'><strong>Haec</strong></span> <span class='ocrx_word' id='word_1_297' title='bbox 2154 1301 2474 1358; x_wconf 87' lang='lat' dir='ltr'><strong>durissimos</strong></span> <span class='ocrx_word' id='word_1_298' title='bbox 2504 1302 2725 1366; x_wconf 85' lang='lat' dir='ltr'><strong>milites.</strong></span> <span class='ocrx_word' id='word_1_299' title='bbox 2762 1302 2878 1358; x_wconf 68' lang='lat' dir='ltr'><strong>haec</strong></span> <span class='ocrx_word' id='word_1_300' title='bbox 2907 1302 3481 1374; x_wconf 68' lang='lat' dir='ltr'><strong>“experientissimos</strong></span> <span class='ocrx_word' id='word_1_301' title='bbox 3512 1302 3612 1359; x_wconf 87' lang='lat' dir='ltr'><strong>du—</strong></span> 
     </span>
    </p>
   </div>
   <div class='ocr_carea' id='block_1_43' title="bbox 2005 1394 3614 1463">
    <p class='ocr_par' dir='ltr' id='par_1_43' title="bbox 2005 1394 3614 1463">
     <span class='ocr_line' id='line_1_43' title="bbox 2005 1394 3614 1463; baseline 0.001 -12"><span class='ocrx_word' id='word_1_302' title='bbox 2005 1410 2119 1461; x_wconf 88' lang='lat' dir='ltr'><strong>ces,</strong></span> <span class='ocrx_word' id='word_1_303' title='bbox 2150 1394 2265 1451; x_wconf 65' lang='lat' dir='ltr'><strong>haec</strong></span> <span class='ocrx_word' id='word_1_304' title='bbox 2311 1394 2730 1451; x_wconf 87' lang='lat' dir='ltr'><strong>facundissimos</strong></span> <span class='ocrx_word' id='word_1_305' title='bbox 2760 1397 2801 1427; x_wconf 83' lang='grc'>¹¹</span> <span class='ocrx_word' id='word_1_306' title='bbox 2849 1406 3118 1463; x_wconf 89' lang='lat' dir='ltr'><strong>oratores,</strong></span> <span class='ocrx_word' id='word_1_307' title='bbox 3152 1398 3266 1452; x_wconf 56' lang='lat' dir='ltr'><strong>hac</strong></span> <span class='ocrx_word' id='word_1_308' title='bbox 3293 1399 3335 1429; x_wconf 79' lang='grc'>³³</span> <span class='ocrx_word' id='word_1_309' title='bbox 3376 1397 3614 1453; x_wconf 88' lang='lat' dir='ltr'><strong>clarissi-</strong></span> 
     </span>
    </p>
   </div>
   <div class='ocr_carea' id='block_1_44' title="bbox 2005 1491 3610 1564">
    <p class='ocr_par' dir='ltr' id='par_1_44' title="bbox 2005 1491 3610 1564">
     <span class='ocr_line' id='line_1_44' title="bbox 2005 1491 3610 1564; baseline 0.001 -18"><span class='ocrx_word' id='word_1_310' title='bbox 2005 1506 2125 1547; x_wconf 92' lang='lat' dir='ltr'><strong>mos</strong></span> <span class='ocrx_word' id='word_1_311' title='bbox 2144 1502 2295 1547; x_wconf 89' lang='lat' dir='ltr'><strong>vates</strong></span> <span class='ocrx_word' id='word_1_312' title='bbox 2320 1493 2493 1562; x_wconf 86' lang='lat' dir='ltr'><strong>parit:</strong></span> <span class='ocrx_word' id='word_1_313' title='bbox 2520 1492 2637 1547; x_wconf 85' lang='lat' dir='ltr'><strong>haec</strong></span> <span class='ocrx_word' id='word_1_314' title='bbox 2683 1491 2925 1559; x_wconf 78' lang='lat' dir='ltr'><strong>iudicum</strong></span> <span class='ocrx_word' id='word_1_315' title='bbox 2960 1501 3153 1560; x_wconf 86' lang='lat' dir='ltr'><strong>mater,</strong></span> <span class='ocrx_word' id='word_1_316' title='bbox 3174 1492 3291 1548; x_wconf 85' lang='lat' dir='ltr'><strong>haec</strong></span> <span class='ocrx_word' id='word_1_317' title='bbox 3311 1493 3610 1564; x_wconf 89' lang='lat' dir='ltr'><strong>principum</strong></span> 
     </span>
    </p>
   </div>
   <div class='ocr_carea' id='block_1_45' title="bbox 2005 1584 3610 1656">
    <p class='ocr_par' dir='ltr' id='par_1_45' title="bbox 2005 1584 3610 1656">
     <span class='ocr_line' id='line_1_45' title="bbox 2005 1584 3610 1656; baseline 0.001 -16"><span class='ocrx_word' id='word_1_318' title='bbox 2005 1597 2106 1641; x_wconf 77' lang='grc' dir='ltr'><strong>εει.</strong></span> <span class='ocrx_word' id='word_1_319' title='bbox 2141 1584 2268 1640; x_wconf 76' lang='lat' dir='ltr'><strong>Hzec</strong></span> <span class='ocrx_word' id='word_1_320' title='bbox 2301 1584 2595 1655; x_wconf 84' lang='lat' dir='ltr'><strong>Trajanum</strong></span> <span class='ocrx_word' id='word_1_321' title='bbox 2647 1584 2821 1652; x_wconf 92' lang='lat' dir='ltr'><strong>illum,</strong></span> <span class='ocrx_word' id='word_1_322' title='bbox 2870 1586 2986 1641; x_wconf 66' lang='lat' dir='ltr'><strong>haec</strong></span> <span class='ocrx_word' id='word_1_323' title='bbox 3027 1585 3285 1656; x_wconf 88' lang='lat' dir='ltr'><strong>deinceps</strong></span> <span class='ocrx_word' id='word_1_324' title='bbox 3314 1587 3610 1642; x_wconf 80' lang='lat' dir='ltr'><strong>Adrianum</strong></span> 
     </span>
    </p>
   </div>
   <div class='ocr_carea' id='block_1_46' title="bbox 2005 1678 3612 1751">
    <p class='ocr_par' dir='ltr' id='par_1_46' title="bbox 2005 1678 3612 1751">
     <span class='ocr_line' id='line_1_46' title="bbox 2005 1678 3612 1751; baseline 0.004 -19"><span class='ocrx_word' id='word_1_325' title='bbox 2005 1678 2156 1733; x_wconf 88' lang='lat' dir='ltr'><strong>misit</strong></span> <span class='ocrx_word' id='word_1_326' title='bbox 2186 1678 2446 1749; x_wconf 90' lang='lat' dir='ltr'><strong>imperio;</strong></span> <span class='ocrx_word' id='word_1_327' title='bbox 2503 1679 2628 1735; x_wconf 88' lang='lat' dir='ltr'><strong>huic</strong></span> <span class='ocrx_word' id='word_1_328' title='bbox 2678 1689 2731 1736; x_wconf 85' lang='lat' dir='ltr'><strong>te</strong></span> <span class='ocrx_word' id='word_1_329' title='bbox 2773 1679 2934 1736; x_wconf 91' lang='lat' dir='ltr'><strong>debet</strong></span> <span class='ocrx_word' id='word_1_330' title='bbox 2966 1681 3274 1751; x_wconf 84' lang='lat' dir='ltr'><strong>imperium.</strong></span> <span class='ocrx_word' id='word_1_331' title='bbox 3326 1680 3497 1739; x_wconf 87' lang='lat' dir='ltr'><strong>Cedat</strong></span> <span class='ocrx_word' id='word_1_332' title='bbox 3528 1682 3612 1738; x_wconf 91' lang='lat' dir='ltr'><strong>his</strong></span> 
     </span>
    </p>
   </div>
   <div class='ocr_carea' id='block_1_47' title="bbox 2008 1769 3613 1845">
    <p class='ocr_par' dir='ltr' id='par_1_47' title="bbox 2008 1769 3613 1845">
     <span class='ocr_line' id='line_1_47' title="bbox 2008 1769 3613 1845; baseline 0.004 -21"><span class='ocrx_word' id='word_1_333' title='bbox 2008 1770 2168 1825; x_wconf 64' lang='lat' dir='ltr'><strong>terris</strong></span> <span class='ocrx_word' id='word_1_334' title='bbox 2208 1769 2251 1802; x_wconf 74' lang='lat'><strong>“</strong></span> <span class='ocrx_word' id='word_1_335' title='bbox 2282 1778 2427 1825; x_wconf 78' lang='lat' dir='ltr'><strong>terra</strong></span> <span class='ocrx_word' id='word_1_336' title='bbox 2454 1769 2733 1827; x_wconf 89' lang='lat' dir='ltr'><strong>Cretensis</strong></span> <span class='ocrx_word' id='word_1_337' title='bbox 2763 1771 2913 1843; x_wconf 87' lang='lat' dir='ltr'><strong>parvi</strong></span> <span class='ocrx_word' id='word_1_338' title='bbox 2942 1771 3090 1828; x_wconf 87' lang='lat' dir='ltr'><strong>Jovis</strong></span> <span class='ocrx_word' id='word_1_339' title='bbox 3115 1773 3344 1845; x_wconf 84' lang='lat' dir='ltr'><strong>gloriata</strong></span> <span class='ocrx_word' id='word_1_340' title='bbox 3371 1775 3613 1831; x_wconf 85' lang='lat' dir='ltr'><strong>cunabu-</strong></span> 
     </span>
    </p>
   </div>
   <div class='ocr_carea' id='block_1_48' title="bbox 2006 1861 3612 1936">
    <p class='ocr_par' dir='ltr' id='par_1_48' title="bbox 2006 1861 3612 1936">
     <span class='ocr_line' id='line_1_48' title="bbox 2006 1861 3612 1936; baseline 0.007 -20"><span class='ocrx_word' id='word_1_341' title='bbox 2006 1861 2094 1930; x_wconf 89' lang='lat' dir='ltr'><strong>lis,</strong></span> <span class='ocrx_word' id='word_1_342' title='bbox 2127 1870 2182 1919; x_wconf 91' lang='lat' dir='ltr'><strong>et</strong></span> <span class='ocrx_word' id='word_1_343' title='bbox 2207 1864 2436 1934; x_wconf 85' lang='lat' dir='ltr'><strong>geminis</strong></span> <span class='ocrx_word' id='word_1_344' title='bbox 2465 1864 2510 1895; x_wconf 74' lang='lat'><em>“</em></span> <span class='ocrx_word' id='word_1_345' title='bbox 2540 1864 2697 1920; x_wconf 90' lang='lat' dir='ltr'><strong>Delos</strong></span> <span class='ocrx_word' id='word_1_346' title='bbox 2723 1874 2932 1936; x_wconf 86' lang='lat' dir='ltr'><strong>reptata</strong></span> <span class='ocrx_word' id='word_1_347' title='bbox 2960 1866 3297 1933; x_wconf 87' lang='lat' dir='ltr'><strong>numinibus,</strong></span> <span class='ocrx_word' id='word_1_348' title='bbox 3321 1870 3612 1927; x_wconf 89' lang='lat' dir='ltr'><strong>etalumno</strong></span> 
     </span>
    </p>
   </div>
   <div class='ocr_carea' id='block_1_49' title="bbox 2008 1953 3612 2020">
    <p class='ocr_par' dir='ltr' id='par_1_49' title="bbox 2008 1953 3612 2020">
     <span class='ocr_line' id='line_1_49' title="bbox 2008 1953 3612 2020; baseline 0.006 -9"><span class='ocrx_word' id='word_1_349' title='bbox 2008 1953 2241 2011; x_wconf 82' lang='lat' dir='ltr'><strong>Hercule</strong></span> <span class='ocrx_word' id='word_1_350' title='bbox 2282 1956 2494 2011; x_wconf 89' lang='lat' dir='ltr'><strong>nobiles</strong></span> <span class='ocrx_word' id='word_1_351' title='bbox 2544 1957 2587 1988; x_wconf 71' lang='grc' dir='ltr'><strong>ίδ</strong></span> <span class='ocrx_word' id='word_1_352' title='bbox 2636 1957 2858 2013; x_wconf 70' lang='lat' dir='ltr'><strong>Thebae.</strong></span> <span class='ocrx_word' id='word_1_353' title='bbox 2902 1957 3089 2016; x_wconf 86' lang='lat' dir='ltr'><strong>Fidem</strong></span> <span class='ocrx_word' id='word_1_354' title='bbox 3139 1971 3392 2018; x_wconf 87' lang='lat' dir='ltr'><strong>constare</strong></span> <span class='ocrx_word' id='word_1_355' title='bbox 3430 1964 3612 2020; x_wconf 85' lang='lat' dir='ltr'><strong>nesci-</strong></span> 
     </span>
    </p>
   </div>
   <div class='ocr_carea' id='block_1_50' title="bbox 2007 2048 3609 2125">
    <p class='ocr_par' dir='ltr' id='par_1_50' title="bbox 2007 2048 3609 2125">
     <span class='ocr_line' id='line_1_50' title="bbox 2007 2048 3609 2125; baseline 0.006 -22"><span class='ocrx_word' id='word_1_356' title='bbox 2007 2063 2127 2103; x_wconf 92' lang='lat' dir='ltr'><strong>mus</strong></span> <span class='ocrx_word' id='word_1_357' title='bbox 2157 2048 2374 2114; x_wconf 81' lang='lat' dir='ltr'><strong>auditis;</strong></span> <span class='ocrx_word' id='word_1_358' title='bbox 2406 2048 2564 2104; x_wconf 90' lang='lat' dir='ltr'><strong>deum</strong></span> <span class='ocrx_word' id='word_1_359' title='bbox 2598 2049 2747 2105; x_wconf 89' lang='lat' dir='ltr'><strong>dedit</strong></span> <span class='ocrx_word' id='word_1_360' title='bbox 2793 2050 3072 2122; x_wconf 87' lang='lat' dir='ltr'><strong>Hispania,</strong></span> <span class='ocrx_word' id='word_1_361' title='bbox 3130 2070 3289 2125; x_wconf 89' lang='lat' dir='ltr'><strong>quem</strong></span> <span class='ocrx_word' id='word_1_362' title='bbox 3340 2054 3609 2114; x_wconf 88' lang='lat' dir='ltr'><strong>videmus.</strong></span> 
     </span>
    </p>
   </div>
   <div class='ocr_carea' id='block_1_51' title="bbox 2086 2140 3613 2221">
    <p class='ocr_par' dir='ltr' id='par_1_51' title="bbox 2086 2140 3613 2221">
     <span class='ocr_line' id='line_1_51' title="bbox 2086 2140 3613 2221; baseline 0.007 -26"><span class='ocrx_word' id='word_1_363' title='bbox 2086 2141 2147 2196; x_wconf 87' lang='lat' dir='ltr'><strong>V.</strong></span> <span class='ocrx_word' id='word_1_364' title='bbox 2192 2142 2319 2196; x_wconf 80' lang='lat' dir='ltr'><strong>Erat</strong></span> <span class='ocrx_word' id='word_1_365' title='bbox 2345 2140 2503 2221; x_wconf 76' lang='lat' dir='ltr'><strong>iusta:</strong></span> <span class='ocrx_word' id='word_1_366' title='bbox 2531 2144 2995 2214; x_wconf 87' lang='lat' dir='ltr'><strong>compensationis</strong></span> <span class='ocrx_word' id='word_1_367' title='bbox 3036 2147 3287 2214; x_wconf 84' lang='lat' dir='ltr'><strong>oceasio,</strong></span> <span class='ocrx_word' id='word_1_368' title='bbox 3338 2157 3397 2204; x_wconf 92' lang='lat' dir='ltr'><strong>ut</strong></span> <span class='ocrx_word' id='word_1_369' title='bbox 3422 2151 3510 2221; x_wconf 90' lang='lat' dir='ltr'><strong>qui</strong></span> <span class='ocrx_word' id='word_1_370' title='bbox 3542 2149 3613 2206; x_wconf 90' lang='lat' dir='ltr'><strong>de</strong></span> 
     </span>
    </p>
   </div>
   <div class='ocr_carea' id='block_1_52' title="bbox 2007 2219 3607 2312">
    <p class='ocr_par' dir='ltr' id='par_1_52' title="bbox 2007 2219 3607 2312">
     <span class='ocr_line' id='line_1_52' title="bbox 2007 2219 3607 2312; baseline 0.008 -23"><span class='ocrx_word' id='word_1_371' title='bbox 2007 2236 2197 2307; x_wconf 66' lang='lat' dir='ltr'><strong>patriae</strong></span> <span class='ocrx_word' id='word_1_372' title='bbox 2229 2245 2331 2291; x_wconf 69' lang='lat' dir='ltr'><strong>tua:</strong></span> <span class='ocrx_word' id='word_1_373' title='bbox 2361 2219 2611 2293; x_wconf 80' lang='lat' dir='ltr'><strong>laudibus</strong></span> <span class='ocrx_word' id='word_1_374' title='bbox 2642 2238 2808 2309; x_wconf 77' lang='lat' dir='ltr'><strong>pauca</strong></span> <span class='ocrx_word' id='word_1_375' title='bbox 2840 2240 3124 2309; x_wconf 81' lang='lat' dir='ltr'><strong>dixissem,</strong></span> <span class='ocrx_word' id='word_1_376' title='bbox 3167 2244 3182 2274; x_wconf 88' lang='grc'>¹</span> <span class='ocrx_word' id='word_1_377' title='bbox 3221 2242 3389 2312; x_wconf 88' lang='lat' dir='ltr'><strong>patris</strong></span> <span class='ocrx_word' id='word_1_378' title='bbox 3415 2219 3607 2301; x_wconf 82' lang='lat' dir='ltr'><strong>saltem</strong></span> 
     </span>
    </p>
   </div>
   <div class='ocr_carea' id='block_1_53' title="bbox 2015 2328 3611 2406">
    <p class='ocr_par' dir='ltr' id='par_1_53' title="bbox 2015 2328 3611 2406">
     <span class='ocr_line' id='line_1_53' title="bbox 2015 2328 3611 2406; baseline 0.008 -23"><span class='ocrx_word' id='word_1_379' title='bbox 2015 2328 2308 2384; x_wconf 89' lang='lat' dir='ltr'><strong>virtutibus</strong></span> <span class='ocrx_word' id='word_1_380' title='bbox 2363 2330 2723 2401; x_wconf 70' lang='lat' dir='ltr'><strong>prmdicandis</strong></span> <span class='ocrx_word' id='word_1_381' title='bbox 2778 2333 3042 2403; x_wconf 81' lang='lat' dir='ltr'><strong>prolixius</strong></span> <span class='ocrx_word' id='word_1_382' title='bbox 3087 2335 3457 2406; x_wconf 90' lang='lat' dir='ltr'><strong>immorarer;</strong></span> <span class='ocrx_word' id='word_1_383' title='bbox 3514 2338 3611 2396; x_wconf 90' lang='lat' dir='ltr'><strong>sed</strong></span> 
     </span>
    </p>
   </div>
   <div class='ocr_carea' id='block_1_54' title="bbox 1986 2421 3613 2500">
    <p class='ocr_par' dir='ltr' id='par_1_54' title="bbox 1986 2421 3613 2500">
     <span class='ocr_line' id='line_1_54' title="bbox 1986 2421 3613 2500; baseline 0.008 -26"><span class='ocrx_word' id='word_1_384' title='bbox 1986 2421 2141 2493; x_wconf 71' lang='lat' dir='ltr'><strong>‘quid</strong></span> <span class='ocrx_word' id='word_1_385' title='bbox 2192 2421 2431 2478; x_wconf 86' lang='lat' dir='ltr'><strong>faciam?</strong></span> <span class='ocrx_word' id='word_1_386' title='bbox 2468 2422 2671 2480; x_wconf 87' lang='lat' dir='ltr'><strong>Novam</strong></span> <span class='ocrx_word' id='word_1_387' title='bbox 2700 2425 2993 2496; x_wconf 87' lang='lat' dir='ltr'><strong>quamdam</strong></span> <span class='ocrx_word' id='word_1_388' title='bbox 3023 2428 3201 2498; x_wconf 90' lang='lat' dir='ltr'><strong>patior</strong></span> <span class='ocrx_word' id='word_1_389' title='bbox 3230 2445 3294 2484; x_wconf 81' lang='lat' dir='ltr'><strong>ex</strong></span> <span class='ocrx_word' id='word_1_390' title='bbox 3325 2430 3477 2500; x_wconf 82' lang='lat' dir='ltr'><strong>capia</strong></span> <span class='ocrx_word' id='word_1_391' title='bbox 3508 2432 3613 2487; x_wconf 87' lang='lat' dir='ltr'><strong>dif-</strong></span> 
     </span>
    </p>
   </div>
   <div class='ocr_carea' id='block_1_55' title="bbox 2013 2513 3609 2591">
    <p class='ocr_par' dir='ltr' id='par_1_55' title="bbox 2013 2513 3609 2591">
     <span class='ocr_line' id='line_1_55' title="bbox 2013 2513 3609 2591; baseline 0.008 -22"><span class='ocrx_word' id='word_1_392' title='bbox 2013 2513 2335 2571; x_wconf 85' lang='lat' dir='ltr'><strong>ﬁcultatem.</strong></span> <span class='ocrx_word' id='word_1_393' title='bbox 2385 2514 2549 2583; x_wconf 89' lang='lat' dir='ltr'><strong>Quid,</strong></span> <span class='ocrx_word' id='word_1_394' title='bbox 2584 2517 2835 2589; x_wconf 90' lang='lat' dir='ltr'><strong>inquatn,</strong></span> <span class='ocrx_word' id='word_1_395' title='bbox 2869 2519 3103 2575; x_wconf 80' lang='lat' dir='ltr'><strong>faciam?</strong></span> <span class='ocrx_word' id='word_1_396' title='bbox 3148 2521 3281 2589; x_wconf 75' lang='lat' dir='ltr'><strong>Qua:</strong></span> <span class='ocrx_word' id='word_1_397' title='bbox 3304 2525 3324 2554; x_wconf 79' lang='grc'><strong>¹</strong></span> <span class='ocrx_word' id='word_1_398' title='bbox 3363 2522 3609 2591; x_wconf 78' lang='lat' dir='ltr'><strong>Rhenus,</strong></span> 
     </span>
    </p>
   </div>
   <div class='ocr_carea' id='block_1_56' title="bbox 2013 2610 3613 2684">
    <p class='ocr_par' dir='ltr' id='par_1_56' title="bbox 2013 2610 3613 2684">
     <span class='ocr_line' id='line_1_56' title="bbox 2013 2610 3613 2684; baseline 0.008 -20"><span class='ocrx_word' id='word_1_399' title='bbox 2013 2621 2105 2666; x_wconf 90' lang='lat' dir='ltr'><strong>aut</strong></span> <span class='ocrx_word' id='word_1_400' title='bbox 2134 2610 2358 2666; x_wconf 70' lang='lat' dir='ltr'><strong>Valtalis</strong></span> <span class='ocrx_word' id='word_1_401' title='bbox 2388 2611 2524 2666; x_wconf 90' lang='lat' dir='ltr'><strong>vidit</strong></span> <span class='ocrx_word' id='word_1_402' title='bbox 2555 2613 2886 2684; x_wconf 84' lang='lat' dir='ltr'><strong>aggrediar?</strong></span> <span class='ocrx_word' id='word_1_403' title='bbox 2925 2613 3044 2672; x_wconf 83' lang='lat' dir='ltr'><strong>Jam</strong></span> <span class='ocrx_word' id='word_1_404' title='bbox 3093 2633 3152 2674; x_wconf 88' lang='lat' dir='ltr'><strong>se</strong></span> <span class='ocrx_word' id='word_1_405' title='bbox 3184 2618 3317 2674; x_wconf 88' lang='lat' dir='ltr'><strong>mihi</strong></span> <span class='ocrx_word' id='word_1_406' title='bbox 3346 2617 3367 2649; x_wconf 88' lang='grc'><strong><em>³</em></strong></span> <span class='ocrx_word' id='word_1_407' title='bbox 3389 2619 3613 2676; x_wconf 87' lang='lat' dir='ltr'><strong>Sarma-</strong></span> 
     </span>
    </p>
   </div>
   <div class='ocr_carea' id='block_1_57' title="bbox 2012 2705 3612 2786">
    <p class='ocr_par' dir='ltr' id='par_1_57' title="bbox 2012 2705 3612 2786">
     <span class='ocr_line' id='line_1_57' title="bbox 2012 2705 3612 2786; baseline 0.011 -27"><span class='ocrx_word' id='word_1_408' title='bbox 2012 2705 2116 2762; x_wconf 90' lang='lat' dir='ltr'><strong>tica</strong></span> <span class='ocrx_word' id='word_1_409' title='bbox 2148 2705 2297 2761; x_wconf 83' lang='lat' dir='ltr'><strong>caede</strong></span> <span class='ocrx_word' id='word_1_410' title='bbox 2324 2707 2655 2778; x_wconf 88' lang='lat' dir='ltr'><strong>sanguineus</strong></span> <span class='ocrx_word' id='word_1_411' title='bbox 2685 2709 2821 2765; x_wconf 77' lang='lat' dir='ltr'><strong>Ister</strong></span> <span class='ocrx_word' id='word_1_412' title='bbox 2849 2709 3089 2780; x_wconf 91' lang='lat' dir='ltr'><strong>objiciet.</strong></span> <span class='ocrx_word' id='word_1_413' title='bbox 3142 2711 3401 2770; x_wconf 78' lang='lat' dir='ltr'><strong>Attritam</strong></span> <span class='ocrx_word' id='word_1_414' title='bbox 3447 2716 3612 2786; x_wconf 89' lang='lat' dir='ltr'><strong>pede-</strong></span> 
     </span>
    </p>
   </div>
   <div class='ocr_carea' id='block_1_58' title="bbox 2011 2798 3613 2882">
    <p class='ocr_par' dir='ltr' id='par_1_58' title="bbox 2011 2798 3613 2882">
     <span class='ocr_line' id='line_1_58' title="bbox 2011 2798 3613 2882; baseline 0.01 -29"><span class='ocrx_word' id='word_1_415' title='bbox 2011 2798 2217 2853; x_wconf 83' lang='lat' dir='ltr'><strong>stribus</strong></span> <span class='ocrx_word' id='word_1_416' title='bbox 2250 2799 2450 2868; x_wconf 63' lang='lat' dir='ltr'><strong>praeliis</strong></span> <span class='ocrx_word' id='word_1_417' title='bbox 2482 2799 2757 2857; x_wconf 86' lang='lat' dir='ltr'><strong>Bataviam</strong></span> <span class='ocrx_word' id='word_1_418' title='bbox 2788 2800 3063 2858; x_wconf 87' lang='lat' dir='ltr'><strong>referam?</strong></span> <span class='ocrx_word' id='word_1_419' title='bbox 3090 2804 3232 2861; x_wconf 83' lang='lat' dir='ltr'><strong>Saxo</strong></span> <span class='ocrx_word' id='word_1_420' title='bbox 3259 2821 3613 2882; x_wconf 87' lang='lat' dir='ltr'><strong>consumptus</strong></span> 
     </span>
    </p>
   </div>
   <div class='ocr_carea' id='block_1_59' title="bbox 2011 2892 3613 2973">
    <p class='ocr_par' dir='ltr' id='par_1_59' title="bbox 2011 2892 3613 2973">
     <span class='ocr_line' id='line_1_59' title="bbox 2011 2892 3613 2973; baseline 0.009 -25"><span class='ocrx_word' id='word_1_421' title='bbox 2011 2892 2171 2949; x_wconf 89' lang='lat' dir='ltr'><strong>bellis</strong></span> <span class='ocrx_word' id='word_1_422' title='bbox 2195 2895 2474 2951; x_wconf 88' lang='lat' dir='ltr'><strong>navalibus</strong></span> <span class='ocrx_word' id='word_1_423' title='bbox 2499 2895 2778 2952; x_wconf 73' lang='lat' dir='ltr'><strong>offeretur.</strong></span> <span class='ocrx_word' id='word_1_424' title='bbox 2812 2896 3110 2955; x_wconf 82' lang='lat' dir='ltr'><strong>Redactum</strong></span> <span class='ocrx_word' id='word_1_425' title='bbox 3138 2900 3204 2957; x_wconf 91' lang='lat' dir='ltr'><strong>ad</strong></span> <span class='ocrx_word' id='word_1_426' title='bbox 3239 2902 3462 2973; x_wconf 89' lang='lat' dir='ltr'><strong>paludes</strong></span> <span class='ocrx_word' id='word_1_427' title='bbox 3488 2919 3613 2962; x_wconf 90' lang='lat' dir='ltr'><strong>suas</strong></span> 
     </span>
    </p>
   </div>
   <div class='ocr_carea' id='block_1_60' title="bbox 2012 2988 3612 3061">
    <p class='ocr_par' dir='ltr' id='par_1_60' title="bbox 2012 2988 3612 3061">
     <span class='ocr_line' id='line_1_60' title="bbox 2012 2988 3612 3061; baseline 0.008 -16"><span class='ocrx_word' id='word_1_428' title='bbox 2012 2988 2233 3046; x_wconf 92' lang='lat' dir='ltr'><strong>Scotum</strong></span> <span class='ocrx_word' id='word_1_429' title='bbox 2286 2988 2475 3060; x_wconf 86' lang='lat' dir='ltr'><strong>loquar</strong></span> <span class='ocrx_word' id='word_1_430' title='bbox 2517 2990 2541 3045; x_wconf 85' lang='lat'><strong>?</strong></span> <span class='ocrx_word' id='word_1_431' title='bbox 2598 2990 2924 3061; x_wconf 83' lang='lat' dir='ltr'><strong>Compulsus</strong></span> <span class='ocrx_word' id='word_1_432' title='bbox 2984 2994 3035 3049; x_wconf 91' lang='lat' dir='ltr'><strong>in</strong></span> <span class='ocrx_word' id='word_1_433' title='bbox 3088 2996 3413 3055; x_wconf 89' lang='lat' dir='ltr'><strong>solitudines</strong></span> <span class='ocrx_word' id='word_1_434' title='bbox 3462 3002 3612 3057; x_wconf 89' lang='lat' dir='ltr'><strong>avias</strong></span> 
     </span>
    </p>
   </div>
   <div class='ocr_carea' id='block_1_61' title="bbox 2013 3081 3606 3157">
    <p class='ocr_par' dir='ltr' id='par_1_61' title="bbox 2013 3081 3606 3157">
     <span class='ocr_line' id='line_1_61' title="bbox 2013 3081 3606 3157; baseline 0.009 -20"><span class='ocrx_word' id='word_1_435' title='bbox 2013 3083 2193 3139; x_wconf 87' lang='lat' dir='ltr'><strong>omnis</strong></span> <span class='ocrx_word' id='word_1_436' title='bbox 2229 3081 2604 3150; x_wconf 80' lang='lat' dir='ltr'><strong>Alamannus,</strong></span> <span class='ocrx_word' id='word_1_437' title='bbox 2659 3092 2715 3140; x_wconf 88' lang='lat' dir='ltr'><strong>et</strong></span> <span class='ocrx_word' id='word_1_438' title='bbox 2760 3094 2989 3157; x_wconf 87' lang='lat' dir='ltr'><strong>uterque</strong></span> <span class='ocrx_word' id='word_1_439' title='bbox 3028 3087 3247 3146; x_wconf 80' lang='lat' dir='ltr'><strong>Maurus</strong></span> <span class='ocrx_word' id='word_1_440' title='bbox 3298 3104 3606 3152; x_wconf 89' lang='lat' dir='ltr'><strong>occurrent.</strong></span> 
     </span>
    </p>
   </div>
   <div class='ocr_carea' id='block_1_62' title="bbox 2014 3173 3611 3251">
    <p class='ocr_par' dir='ltr' id='par_1_62' title="bbox 2014 3173 3611 3251">
     <span class='ocr_line' id='line_1_62' title="bbox 2014 3173 3611 3251; baseline 0.008 -19"><span class='ocrx_word' id='word_1_441' title='bbox 2014 3173 2149 3232; x_wconf 87' lang='lat' dir='ltr'><strong>Cum</strong></span> <span class='ocrx_word' id='word_1_442' title='bbox 2200 3176 2363 3247; x_wconf 78' lang='lat' dir='ltr'><strong>igitur</strong></span> <span class='ocrx_word' id='word_1_443' title='bbox 2411 3176 2668 3248; x_wconf 85' lang='lat' dir='ltr'><strong>impediat</strong></span> <span class='ocrx_word' id='word_1_444' title='bbox 2720 3177 2875 3235; x_wconf 87' lang='lat' dir='ltr'><strong>turba</strong></span> <span class='ocrx_word' id='word_1_445' title='bbox 2920 3178 3218 3251; x_wconf 86' lang='lat' dir='ltr'><strong>dilectum;</strong></span> <span class='ocrx_word' id='word_1_446' title='bbox 3258 3184 3325 3240; x_wconf 91' lang='lat' dir='ltr'><strong>ad</strong></span> <span class='ocrx_word' id='word_1_447' title='bbox 3364 3186 3466 3244; x_wconf 88' lang='lat' dir='ltr'><strong>hoc</strong></span> <span class='ocrx_word' id='word_1_448' title='bbox 3509 3188 3611 3245; x_wconf 86' lang='lat' dir='ltr'><strong>viri</strong></span> 
     </span>
    </p>
   </div>
   <div class='ocr_carea' id='block_1_63' title="bbox 1842 3299 2075 3359">
    <p class='ocr_par' dir='ltr' id='par_1_63' title="bbox 1842 3299 2075 3359">
     <span class='ocr_line' id='line_1_63' title="bbox 1842 3299 2075 3359; baseline 0 -2"><span class='ocrx_word' id='word_1_449' title='bbox 1842 3299 2075 3359; x_wconf 75' lang='grc' dir='ltr'><strong>ΝΟΤιΕ.</strong></span> 
     </span>
    </p>
   </div>
   <div class='ocr_carea' id='block_1_64' title="bbox 377 3392 1982 3478">
    <p class='ocr_par' dir='ltr' id='par_1_64' title="bbox 377 3392 1982 3478">
     <span class='ocr_line' id='line_1_64' title="bbox 377 3392 1982 3478; baseline -0.001 -30"><span class='ocrx_word' id='word_1_450' title='bbox 377 3395 397 3427; x_wconf 76' lang='grc'><strong>⁷</strong></span> <span class='ocrx_word' id='word_1_451' title='bbox 426 3392 957 3478; x_wconf 49' lang='grc' dir='ltr'><strong>Ιηιρεταιοτὶε-ιιιεξιιε.</strong></span> <span class='ocrx_word' id='word_1_452' title='bbox 984 3392 1345 3478; x_wconf 65' lang='lat' dir='ltr'><strong>valentiniapi</strong></span> <span class='ocrx_word' id='word_1_453' title='bbox 1364 3393 1730 3478; x_wconf 42' lang='lat' dir='ltr'><strong>iunioris,.qtti</strong></span> <span class='ocrx_word' id='word_1_454' title='bbox 1761 3409 1907 3449; x_wconf 89' lang='lat' dir='ltr'><strong>mor-</strong></span> <span class='ocrx_word' id='word_1_455' title='bbox 1936 3393 1982 3458; x_wconf 86' lang='lat' dir='ltr'>C</span> 
     </span>
    </p>
   </div>
   <div class='ocr_carea' id='block_1_65' title="bbox 298 3466 1907 3538">
    <p class='ocr_par' dir='ltr' id='par_1_65' title="bbox 298 3466 1907 3538">
     <span class='ocr_line' id='line_1_65' title="bbox 298 3466 1907 3538; baseline -0.002 -14"><span class='ocrx_word' id='word_1_456' title='bbox 298 3477 401 3524; x_wconf 77' lang='lat' dir='ltr'><strong>tuo</strong></span> <span class='ocrx_word' id='word_1_457' title='bbox 452 3476 604 3535; x_wconf 87' lang='lat' dir='ltr'><strong>patre</strong></span> <span class='ocrx_word' id='word_1_458' title='bbox 644 3467 783 3538; x_wconf 89' lang='lat' dir='ltr'><strong>apud</strong></span> <span class='ocrx_word' id='word_1_459' title='bbox 832 3467 1245 3537; x_wconf 54' lang='lat' dir='ltr'><strong>Bc‘rgentiouetn</strong></span> <span class='ocrx_word' id='word_1_460' title='bbox 1286 3468 1341 3522; x_wconf 91' lang='lat' dir='ltr'><strong>in</strong></span> <span class='ocrx_word' id='word_1_461' title='bbox 1380 3466 1590 3535; x_wconf 86' lang='lat' dir='ltr'><strong>Galliis,</strong></span> <span class='ocrx_word' id='word_1_462' title='bbox 1623 3468 1739 3537; x_wconf 89' lang='lat' dir='ltr'><strong>ipse</strong></span> <span class='ocrx_word' id='word_1_463' title='bbox 1786 3482 1907 3522; x_wconf 89' lang='lat' dir='ltr'><strong>cum</strong></span> 
     </span>
    </p>
   </div>
   <div class='ocr_carea' id='block_1_66' title="bbox 296 3538 1912 3610">
    <p class='ocr_par' dir='ltr' id='par_1_66' title="bbox 296 3538 1912 3610">
     <span class='ocr_line' id='line_1_66' title="bbox 296 3538 1912 3610; baseline 0.001 -15"><span class='ocrx_word' id='word_1_464' title='bbox 296 3540 489 3595; x_wconf 85' lang='lat' dir='ltr'><strong>adhuc</strong></span> <span class='ocrx_word' id='word_1_465' title='bbox 514 3540 865 3610; x_wconf 72' lang='lat' dir='ltr'><strong>qttadrienttis</strong></span> <span class='ocrx_word' id='word_1_466' title='bbox 898 3550 1065 3607; x_wconf 85' lang='lat' dir='ltr'><strong>esset,</strong></span> <span class='ocrx_word' id='word_1_467' title='bbox 1095 3538 1293 3595; x_wconf 85' lang='lat' dir='ltr'><strong>ibidem</strong></span> <span class='ocrx_word' id='word_1_468' title='bbox 1316 3549 1532 3594; x_wconf 89' lang='lat' dir='ltr'><strong>creatus</strong></span> <span class='ocrx_word' id='word_1_469' title='bbox 1575 3548 1694 3595; x_wconf 89' lang='lat' dir='ltr'><strong>erat</strong></span> <span class='ocrx_word' id='word_1_470' title='bbox 1740 3544 1912 3610; x_wconf 61' lang='lat' dir='ltr'><strong>itnpco</strong></span> 
     </span>
    </p>
   </div>
   <div class='ocr_carea' id='block_1_67' title="bbox 294 3609 941 3679">
    <p class='ocr_par' dir='ltr' id='par_1_67' title="bbox 294 3609 941 3679">
     <span class='ocr_line' id='line_1_67' title="bbox 294 3609 941 3679; baseline -0.009 -9"><span class='ocrx_word' id='word_1_471' title='bbox 294 3628 359 3670; x_wconf 84' lang='lat' dir='ltr'><strong>ra</strong></span> <span class='ocrx_word' id='word_1_472' title='bbox 369 3621 480 3666; x_wconf 80' lang='lat' dir='ltr'><strong>tor.</strong></span> <span class='ocrx_word' id='word_1_473' title='bbox 516 3609 664 3679; x_wconf 83' lang='lat' dir='ltr'><strong>Epit.</strong></span> <span class='ocrx_word' id='word_1_474' title='bbox 702 3610 941 3666; x_wconf 74' lang='lat' dir='ltr'><strong>Victoris.</strong></span> 
     </span>
    </p>
   </div>
   <div class='ocr_carea' id='block_1_68' title="bbox 376 3680 1907 3755">
    <p class='ocr_par' dir='ltr' id='par_1_68' title="bbox 376 3680 1907 3755">
     <span class='ocr_line' id='line_1_68' title="bbox 376 3680 1907 3755; baseline 0.002 -19"><span class='ocrx_word' id='word_1_475' title='bbox 376 3684 675 3738; x_wconf 62' lang='lat' dir='ltr'><strong>“Alterius.</strong></span> <span class='ocrx_word' id='word_1_476' title='bbox 721 3682 983 3747; x_wconf 84' lang='lat' dir='ltr'><strong>Gratiani,</strong></span> <span class='ocrx_word' id='word_1_477' title='bbox 1036 3684 1128 3755; x_wconf 92' lang='lat' dir='ltr'><strong>qui</strong></span> <span class='ocrx_word' id='word_1_478' title='bbox 1182 3697 1304 3738; x_wconf 91' lang='lat' dir='ltr'><strong>cum</strong></span> <span class='ocrx_word' id='word_1_479' title='bbox 1355 3680 1605 3748; x_wconf 88' lang='lat' dir='ltr'><strong>Gotthos,</strong></span> <span class='ocrx_word' id='word_1_480' title='bbox 1651 3682 1907 3755; x_wconf 84' lang='lat' dir='ltr'><strong>Taifalos,</strong></span> 
     </span>
    </p>
   </div>
   <div class='ocr_carea' id='block_1_69' title="bbox 294 3754 1913 3824">
    <p class='ocr_par' dir='ltr' id='par_1_69' title="bbox 294 3754 1913 3824">
     <span class='ocr_line' id='line_1_69' title="bbox 294 3754 1913 3824; baseline -0.001 -13"><span class='ocrx_word' id='word_1_481' title='bbox 294 3765 473 3824; x_wconf 84' lang='lat' dir='ltr'><strong>atque</strong></span> <span class='ocrx_word' id='word_1_482' title='bbox 515 3757 753 3809; x_wconf 83' lang='grc' dir='ltr'>ιηιιιιὶιιιιι</span> <span class='ocrx_word' id='word_1_483' title='bbox 798 3754 1167 3811; x_wconf 80' lang='lat' dir='ltr'><strong>atrocissiinos</strong></span> <span class='ocrx_word' id='word_1_484' title='bbox 1211 3756 1457 3822; x_wconf 89' lang='lat' dir='ltr'><strong>Hunnos,</strong></span> <span class='ocrx_word' id='word_1_485' title='bbox 1511 3765 1565 3809; x_wconf 89' lang='lat' dir='ltr'><strong>et</strong></span> <span class='ocrx_word' id='word_1_486' title='bbox 1604 3754 1828 3820; x_wconf 80' lang='lat' dir='ltr'><strong>Alanus,</strong></span> <span class='ocrx_word' id='word_1_487' title='bbox 1881 3771 1913 3810; x_wconf 89' lang='lat' dir='ltr'><strong>a</strong></span> 
     </span>
    </p>
   </div>
   <div class='ocr_carea' id='block_1_70' title="bbox 294 3825 1911 3897">
    <p class='ocr_par' dir='ltr' id='par_1_70' title="bbox 294 3825 1911 3897">
     <span class='ocr_line' id='line_1_70' title="bbox 294 3825 1911 3897; baseline -0.001 -13"><span class='ocrx_word' id='word_1_488' title='bbox 294 3825 544 3884; x_wconf 84' lang='lat' dir='ltr'><strong>Thracia</strong></span> <span class='ocrx_word' id='word_1_489' title='bbox 619 3836 676 3883; x_wconf 90' lang='lat' dir='ltr'><strong>et</strong></span> <span class='ocrx_word' id='word_1_490' title='bbox 750 3826 911 3881; x_wconf 89' lang='lat' dir='ltr'><strong>Dacia</strong></span> <span class='ocrx_word' id='word_1_491' title='bbox 974 3829 1244 3897; x_wconf 75' lang='lat' dir='ltr'><strong>expellere</strong></span> <span class='ocrx_word' id='word_1_492' title='bbox 1321 3843 1457 3881; x_wconf 91' lang='lat' dir='ltr'><strong>unus</strong></span> <span class='ocrx_word' id='word_1_493' title='bbox 1528 3842 1635 3882; x_wconf 91' lang='lat' dir='ltr'><strong>non</strong></span> <span class='ocrx_word' id='word_1_494' title='bbox 1707 3835 1911 3896; x_wconf 89' lang='lat' dir='ltr'><strong>posset,</strong></span> 
     </span>
    </p>
   </div>
   <div class='ocr_carea' id='block_1_71' title="bbox 294 3898 1907 3968">
    <p class='ocr_par' dir='ltr' id='par_1_71' title="bbox 294 3898 1907 3968">
     <span class='ocr_line' id='line_1_71' title="bbox 294 3898 1907 3968; baseline 0 -13"><span class='ocrx_word' id='word_1_495' title='bbox 294 3909 621 3955; x_wconf 86' lang='lat' dir='ltr'><strong>consortem</strong></span> <span class='ocrx_word' id='word_1_496' title='bbox 650 3899 863 3968; x_wconf 86' lang='lat' dir='ltr'><strong>imperii</strong></span> <span class='ocrx_word' id='word_1_497' title='bbox 892 3898 1254 3953; x_wconf 80' lang='lat' dir='ltr'><strong>Theodosium</strong></span> <span class='ocrx_word' id='word_1_498' title='bbox 1270 3914 1335 3953; x_wconf 83' lang='lat' dir='ltr'><strong>ex</strong></span> <span class='ocrx_word' id='word_1_499' title='bbox 1365 3900 1615 3968; x_wconf 85' lang='lat' dir='ltr'><strong>IliSpania</strong></span> <span class='ocrx_word' id='word_1_500' title='bbox 1643 3900 1907 3956; x_wconf 84' lang='lat' dir='ltr'><strong>evocavit.</strong></span> 
     </span>
    </p>
   </div>
   <div class='ocr_carea' id='block_1_72' title="bbox 376 3970 1911 4042">
    <p class='ocr_par' dir='ltr' id='par_1_72' title="bbox 376 3970 1911 4042">
     <span class='ocr_line' id='line_1_72' title="bbox 376 3970 1911 4042; baseline 0.001 -17"><span class='ocrx_word' id='word_1_501' title='bbox 376 3975 398 4005; x_wconf 72' lang='lat'><strong><em>°</em></strong></span> <span class='ocrx_word' id='word_1_502' title='bbox 424 3970 709 4036; x_wconf 82' lang='lat' dir='ltr'><strong>Tributim,</strong></span> <span class='ocrx_word' id='word_1_503' title='bbox 733 3970 1175 4042; x_wconf 82' lang='lat' dir='ltr'><strong>centuriatimqne.</strong></span> <span class='ocrx_word' id='word_1_504' title='bbox 1204 3970 1355 4026; x_wconf 83' lang='lat' dir='ltr'><strong>Unde</strong></span> <span class='ocrx_word' id='word_1_505' title='bbox 1384 3971 1602 4026; x_wconf 88' lang='lat' dir='ltr'><strong>comitia</strong></span> <span class='ocrx_word' id='word_1_506' title='bbox 1644 3972 1748 4027; x_wconf 82' lang='lat' dir='ltr'><strong>alia</strong></span> <span class='ocrx_word' id='word_1_507' title='bbox 1785 3988 1911 4027; x_wconf 83' lang='lat' dir='ltr'><strong>ceu-</strong></span> 
     </span>
    </p>
   </div>
   <div class='ocr_carea' id='block_1_73' title="bbox 298 4042 1639 4104">
    <p class='ocr_par' dir='ltr' id='par_1_73' title="bbox 298 4042 1639 4104">
     <span class='ocr_line' id='line_1_73' title="bbox 298 4042 1639 4104; baseline -0.002 -4"><span class='ocrx_word' id='word_1_508' title='bbox 298 4042 532 4103; x_wconf 81' lang='lat' dir='ltr'><strong>turiata,</strong></span> <span class='ocrx_word' id='word_1_509' title='bbox 561 4043 662 4097; x_wconf 86' lang='lat' dir='ltr'><strong>alia</strong></span> <span class='ocrx_word' id='word_1_510' title='bbox 693 4042 915 4104; x_wconf 85' lang='lat' dir='ltr'><strong>tributa,</strong></span> <span class='ocrx_word' id='word_1_511' title='bbox 943 4042 1044 4096; x_wconf 87' lang='lat' dir='ltr'><strong>alia</strong></span> <span class='ocrx_word' id='word_1_512' title='bbox 1068 4044 1272 4097; x_wconf 84' lang='lat' dir='ltr'><strong>curiata</strong></span> <span class='ocrx_word' id='word_1_513' title='bbox 1299 4044 1639 4097; x_wconf 82' lang='lat' dir='ltr'><strong>dicebantur.</strong></span> 
     </span>
    </p>
   </div>
   <div class='ocr_carea' id='block_1_74' title="bbox 380 4112 1910 4182">
    <p class='ocr_par' dir='ltr' id='par_1_74' title="bbox 380 4112 1910 4182">
     <span class='ocr_line' id='line_1_74' title="bbox 380 4112 1910 4182; baseline -0.001 -14"><span class='ocrx_word' id='word_1_514' title='bbox 380 4116 425 4146; x_wconf 89' lang='grc'><strong>¹⁰</strong></span> <span class='ocrx_word' id='word_1_515' title='bbox 440 4112 538 4168; x_wconf 85' lang='lat' dir='ltr'><strong>Cui</strong></span> <span class='ocrx_word' id='word_1_516' title='bbox 550 4113 676 4182; x_wconf 70' lang='lat' dir='ltr'><strong>retia:</strong></span> <span class='ocrx_word' id='word_1_517' title='bbox 688 4114 1060 4182; x_wconf 78' lang='lat' dir='ltr'><strong>patriaJlabes</strong></span> <span class='ocrx_word' id='word_1_518' title='bbox 1074 4115 1159 4170; x_wconf 88' lang='lat' dir='ltr'><strong>hic</strong></span> <span class='ocrx_word' id='word_1_519' title='bbox 1171 4114 1336 4169; x_wconf 89' lang='lat' dir='ltr'><strong>totius</strong></span> <span class='ocrx_word' id='word_1_520' title='bbox 1348 4115 1606 4169; x_wconf 71' lang='lat' dir='ltr'><strong>orationis</strong></span> <span class='ocrx_word' id='word_1_521' title='bbox 1619 4130 1910 4170; x_wconf 89' lang='lat' dir='ltr'><strong>summam.</strong></span> 
     </span>
    </p>
   </div>
   <div class='ocr_carea' id='block_1_75' title="bbox 388 4184 1913 4258">
    <p class='ocr_par' dir='ltr' id='par_1_75' title="bbox 388 4184 1913 4258">
     <span class='ocr_line' id='line_1_75' title="bbox 388 4184 1913 4258; baseline 0.002 -17"><span class='ocrx_word' id='word_1_522' title='bbox 388 4186 560 4241; x_wconf 83' lang='lat' dir='ltr'><strong>IV.—</strong></span> <span class='ocrx_word' id='word_1_523' title='bbox 591 4187 607 4217; x_wconf 81' lang='grc'>¹</span> <span class='ocrx_word' id='word_1_524' title='bbox 639 4184 755 4240; x_wconf 78' lang='grc' dir='ltr'><strong>Τιὸὶ</strong></span> <span class='ocrx_word' id='word_1_525' title='bbox 779 4184 1251 4258; x_wconf 19' lang='grc' dir='ltr'><strong>ηιαιενλΗιεραηὶα.</strong></span> <span class='ocrx_word' id='word_1_526' title='bbox 1292 4185 1664 4257; x_wconf 75' lang='lat' dir='ltr'><strong>Theodosium</strong></span> <span class='ocrx_word' id='word_1_527' title='bbox 1716 4203 1913 4258; x_wconf 87' lang='lat' dir='ltr'><strong>genere</strong></span> 
     </span>
    </p>
   </div>
   <div class='ocr_carea' id='block_1_76' title="bbox 306 4256 1468 4326">
    <p class='ocr_par' dir='ltr' id='par_1_76' title="bbox 306 4256 1468 4326">
     <span class='ocr_line' id='line_1_76' title="bbox 306 4256 1468 4326; baseline -0.003 -10"><span class='ocrx_word' id='word_1_528' title='bbox 306 4259 615 4325; x_wconf 80' lang='lat' dir='ltr'><strong>IIiSpanum</strong></span> <span class='ocrx_word' id='word_1_529' title='bbox 641 4258 809 4312; x_wconf 83' lang='lat' dir='ltr'><strong>fuisse</strong></span> <span class='ocrx_word' id='word_1_530' title='bbox 841 4258 892 4312; x_wconf 94' lang='lat' dir='ltr'><strong>in</strong></span> <span class='ocrx_word' id='word_1_531' title='bbox 919 4256 1038 4326; x_wconf 85' lang='lat' dir='ltr'><strong>eius</strong></span> <span class='ocrx_word' id='word_1_532' title='bbox 1062 4257 1180 4313; x_wconf 85' lang='lat' dir='ltr'><strong>Vita</strong></span> <span class='ocrx_word' id='word_1_533' title='bbox 1211 4256 1468 4312; x_wconf 78' lang='lat' dir='ltr'><strong>diximus.</strong></span> 
     </span>
    </p>
   </div>
   <div class='ocr_carea' id='block_1_77' title="bbox 379 4328 1910 4400">
    <p class='ocr_par' dir='ltr' id='par_1_77' title="bbox 379 4328 1910 4400">
     <span class='ocr_line' id='line_1_77' title="bbox 379 4328 1910 4400; baseline 0.003 -18"><span class='ocrx_word' id='word_1_534' title='bbox 379 4334 401 4362; x_wconf 87' lang='grc'>²</span> <span class='ocrx_word' id='word_1_535' title='bbox 444 4328 710 4400; x_wconf 64' lang='lat' dir='ltr'><strong>Pyrenaeis</strong></span> <span class='ocrx_word' id='word_1_536' title='bbox 759 4328 1034 4385; x_wconf 77' lang='lat' dir='ltr'><strong>utentibus.</strong></span> <span class='ocrx_word' id='word_1_537' title='bbox 1081 4331 1143 4384; x_wconf 87' lang='lat' dir='ltr'><strong>Hi</strong></span> <span class='ocrx_word' id='word_1_538' title='bbox 1192 4341 1317 4385; x_wconf 85' lang='lat' dir='ltr'><strong>sunt</strong></span> <span class='ocrx_word' id='word_1_539' title='bbox 1359 4328 1632 4400; x_wconf 76' lang='lat' dir='ltr'><strong>Hispania:</strong></span> <span class='ocrx_word' id='word_1_540' title='bbox 1690 4330 1910 4387; x_wconf 88' lang='lat' dir='ltr'><strong>limites.</strong></span> 
     </span>
    </p>
   </div>
   <div class='ocr_carea' id='block_1_78' title="bbox 306 4400 1914 4475">
    <p class='ocr_par' dir='ltr' id='par_1_78' title="bbox 306 4400 1914 4475">
     <span class='ocr_line' id='line_1_78' title="bbox 306 4400 1914 4475; baseline 0.002 -19"><span class='ocrx_word' id='word_1_541' title='bbox 306 4402 613 4475; x_wconf 60' lang='lat' dir='ltr'><strong>Pyratnaeis</strong></span> <span class='ocrx_word' id='word_1_542' title='bbox 647 4401 919 4475; x_wconf 82' lang='lat' dir='ltr'><strong>montibus</strong></span> <span class='ocrx_word' id='word_1_543' title='bbox 950 4416 1003 4475; x_wconf 14' lang='lat' dir='ltr'><strong>a7</strong></span> <span class='ocrx_word' id='word_1_544' title='bbox 1029 4401 1200 4457; x_wconf 87' lang='lat' dir='ltr'><strong>Gallia</strong></span> <span class='ocrx_word' id='word_1_545' title='bbox 1231 4400 1509 4475; x_wconf 87' lang='lat' dir='ltr'><strong>dividitur,</strong></span> <span class='ocrx_word' id='word_1_546' title='bbox 1539 4402 1753 4475; x_wconf 82' lang='lat' dir='ltr'><strong>Oceano</strong></span> <span class='ocrx_word' id='word_1_547' title='bbox 1785 4419 1914 4460; x_wconf 87' lang='lat' dir='ltr'><strong>vero</strong></span> 
     </span>
    </p>
   </div>
   <div class='ocr_carea' id='block_1_79' title="bbox 308 4472 1912 4546">
    <p class='ocr_par' dir='ltr' id='par_1_79' title="bbox 308 4472 1912 4546">
     <span class='ocr_line' id='line_1_79' title="bbox 308 4472 1912 4546; baseline 0.002 -18"><span class='ocrx_word' id='word_1_548' title='bbox 308 4472 369 4546; x_wconf 78' lang='lat' dir='ltr'><strong>et</strong></span> <span class='ocrx_word' id='word_1_549' title='bbox 398 4475 537 4546; x_wconf 82' lang='lat' dir='ltr'><strong>mari</strong></span> <span class='ocrx_word' id='word_1_550' title='bbox 570 4472 965 4546; x_wconf 80' lang='lat' dir='ltr'><strong>Mediterraneo</strong></span> <span class='ocrx_word' id='word_1_551' title='bbox 990 4474 1162 4529; x_wconf 88' lang='lat' dir='ltr'><strong>instar</strong></span> <span class='ocrx_word' id='word_1_552' title='bbox 1204 4474 1503 4546; x_wconf 75' lang='lat' dir='ltr'><strong>peninsulte</strong></span> <span class='ocrx_word' id='word_1_553' title='bbox 1532 4474 1704 4530; x_wconf 86' lang='lat' dir='ltr'><strong>tribus</strong></span> <span class='ocrx_word' id='word_1_554' title='bbox 1726 4474 1912 4532; x_wconf 87' lang='lat' dir='ltr'><strong>lateri-</strong></span> 
     </span>
    </p>
   </div>
   <div class='ocr_carea' id='block_1_80' title="bbox 309 4545 899 4603">
    <p class='ocr_par' dir='ltr' id='par_1_80' title="bbox 309 4545 899 4603">
     <span class='ocr_line' id='line_1_80' title="bbox 309 4545 899 4603; baseline -0.008 0"><span class='ocrx_word' id='word_1_555' title='bbox 309 4545 414 4603; x_wconf 89' lang='lat' dir='ltr'><strong>bus</strong></span> <span class='ocrx_word' id='word_1_556' title='bbox 447 4545 766 4601; x_wconf 87' lang='lat' dir='ltr'><strong>circumflua</strong></span> <span class='ocrx_word' id='word_1_557' title='bbox 797 4553 899 4601; x_wconf 87' lang='lat' dir='ltr'><strong>est.</strong></span> 
     </span>
    </p>
   </div>
   <div class='ocr_carea' id='block_1_81' title="bbox 384 4616 1911 4690">
    <p class='ocr_par' dir='ltr' id='par_1_81' title="bbox 384 4616 1911 4690">
     <span class='ocr_line' id='line_1_81' title="bbox 384 4616 1911 4690; baseline 0 -18"><span class='ocrx_word' id='word_1_558' title='bbox 384 4618 405 4648; x_wconf 85' lang='grc'>³</span> <span class='ocrx_word' id='word_1_559' title='bbox 442 4616 511 4673; x_wconf 90' lang='lat' dir='ltr'><strong>Ut</strong></span> <span class='ocrx_word' id='word_1_560' title='bbox 560 4618 660 4690; x_wconf 74' lang='lat' dir='ltr'><strong>sint</strong></span> <span class='ocrx_word' id='word_1_561' title='bbox 690 4633 841 4690; x_wconf 53' lang='lat' dir='ltr'><strong>pera.</strong></span> <span class='ocrx_word' id='word_1_562' title='bbox 882 4616 938 4673; x_wconf 88' lang='lat' dir='ltr'><strong>Id</strong></span> <span class='ocrx_word' id='word_1_563' title='bbox 965 4625 1048 4690; x_wconf 63' lang='lat' dir='ltr'><strong>est</strong></span> <span class='ocrx_word' id='word_1_564' title='bbox 1072 4659 1088 4683; x_wconf 90' lang='lat'><strong>,</strong></span> <span class='ocrx_word' id='word_1_565' title='bbox 1133 4617 1337 4690; x_wconf 73' lang='lat' dir='ltr'><strong>etiamsi</strong></span> <span class='ocrx_word' id='word_1_566' title='bbox 1377 4633 1495 4690; x_wconf 63' lang='lat' dir='ltr'><strong>cera</strong></span> <span class='ocrx_word' id='word_1_567' title='bbox 1533 4627 1732 4690; x_wconf 68' lang='lat' dir='ltr'><strong>essent:</strong></span> <span class='ocrx_word' id='word_1_568' title='bbox 1774 4634 1911 4690; x_wconf 87' lang='lat' dir='ltr'><strong>quo-</strong></span> 
     </span>
    </p>
   </div>
   <div class='ocr_carea' id='block_1_82' title="bbox 311 4688 1914 4760">
    <p class='ocr_par' dir='ltr' id='par_1_82' title="bbox 311 4688 1914 4760">
     <span class='ocr_line' id='line_1_82' title="bbox 311 4688 1914 4760; baseline -0.001 -13"><span class='ocrx_word' id='word_1_569' title='bbox 311 4690 482 4747; x_wconf 86' lang='lat' dir='ltr'><strong>modo</strong></span> <span class='ocrx_word' id='word_1_570' title='bbox 511 4688 653 4759; x_wconf 88' lang='lat' dir='ltr'><strong>apud</strong></span> <span class='ocrx_word' id='word_1_571' title='bbox 687 4688 963 4744; x_wconf 89' lang='lat' dir='ltr'><strong>Horatium</strong></span> <span class='ocrx_word' id='word_1_572' title='bbox 996 4688 1168 4760; x_wconf 90' lang='lat' dir='ltr'><strong>Epod.</strong></span> <span class='ocrx_word' id='word_1_573' title='bbox 1200 4690 1294 4744; x_wconf 93' lang='lat' dir='ltr'><strong>lib.</strong></span> <span class='ocrx_word' id='word_1_574' title='bbox 1324 4688 1415 4745; x_wconf 91' lang='lat' dir='ltr'><strong>od.</strong></span> <span class='ocrx_word' id='word_1_575' title='bbox 1448 4690 1473 4744; x_wconf 84' lang='lat' dir='ltr'><strong>I</strong></span> <span class='ocrx_word' id='word_1_576' title='bbox 1505 4710 1517 4743; x_wconf 85' lang='lat'><strong>:</strong></span> <span class='ocrx_word' id='word_1_577' title='bbox 1549 4689 1696 4756; x_wconf 87' lang='lat' dir='ltr'><strong>Non,</strong></span> <span class='ocrx_word' id='word_1_578' title='bbox 1720 4688 1914 4745; x_wconf 29' lang='lat' dir='ltr'><strong>ut‘ad-</strong></span> 
     </span>
    </p>
   </div>
   <div class='ocr_carea' id='block_1_83' title="bbox 312 4760 1989 4849">
    <p class='ocr_par' dir='ltr' id='par_1_83' title="bbox 312 4760 1989 4849">
     <span class='ocr_line' id='line_1_83' title="bbox 312 4760 1989 4849; baseline 0.001 -32"><span class='ocrx_word' id='word_1_579' title='bbox 312 4764 399 4824; x_wconf 71' lang='lat' dir='ltr'><strong>sit.</strong></span> <span class='ocrx_word' id='word_1_580' title='bbox 434 4762 603 4849; x_wconf 65' lang='grc' dir='ltr'>αιιειξὶιὶ</span> <span class='ocrx_word' id='word_1_581' title='bbox 632 4761 800 4849; x_wconf 44' lang='lat' dir='ltr'><strong>(attint</strong></span> <span class='ocrx_word' id='word_1_582' title='bbox 826 4760 1522 4849; x_wconf 44' lang='lat' dir='ltr'><strong>plusprasentibas.ul’.l_ura</strong></span> <span class='ocrx_word' id='word_1_583' title='bbox 1550 4763 1668 4845; x_wconf 81' lang='lat' dir='ltr'><strong>ejus</strong></span> <span class='ocrx_word' id='word_1_584' title='bbox 1695 4765 1911 4835; x_wconf 86' lang='lat' dir='ltr'><strong>generis</strong></span> <span class='ocrx_word' id='word_1_585' title='bbox 1936 4786 1989 4849; x_wconf 71' lang='grc' dir='ltr'>ι)</span> 
     </span>
    </p>
   </div>
   <div class='ocr_carea' id='block_1_84' title="bbox 314 4832 1658 4904">
    <p class='ocr_par' dir='ltr' id='par_1_84' title="bbox 314 4832 1658 4904">
     <span class='ocr_line' id='line_1_84' title="bbox 314 4832 1658 4904; baseline -0.001 -13"><span class='ocrx_word' id='word_1_586' title='bbox 314 4835 599 4904; x_wconf 77' lang='lat' dir='ltr'><strong>exentpla,</strong></span> <span class='ocrx_word' id='word_1_587' title='bbox 644 4832 846 4890; x_wconf 84' lang='lat' dir='ltr'><strong>referre</strong></span> <span class='ocrx_word' id='word_1_588' title='bbox 872 4834 1142 4900; x_wconf 89' lang='lat' dir='ltr'><strong>abstineo,</strong></span> <span class='ocrx_word' id='word_1_589' title='bbox 1173 4848 1240 4889; x_wconf 90' lang='lat' dir='ltr'><strong>ne</strong></span> <span class='ocrx_word' id='word_1_590' title='bbox 1266 4832 1509 4889; x_wconf 81' lang='lat' dir='ltr'><strong>infinitus</strong></span> <span class='ocrx_word' id='word_1_591' title='bbox 1535 4837 1658 4889; x_wconf 86' lang='lat' dir='ltr'><strong>situ.</strong></span> 
     </span>
    </p>
   </div>
   <div class='ocr_carea' id='block_1_85' title="bbox 388 4904 1907 4976">
    <p class='ocr_par' dir='ltr' id='par_1_85' title="bbox 388 4904 1907 4976">
     <span class='ocr_line' id='line_1_85' title="bbox 388 4904 1907 4976; baseline 0.001 -17"><span class='ocrx_word' id='word_1_592' title='bbox 388 4905 411 4936; x_wconf 75' lang='lat'><strong>‘</strong></span> <span class='ocrx_word' id='word_1_593' title='bbox 444 4904 701 4974; x_wconf 80' lang='lat' dir='ltr'><strong>Gargara.</strong></span> <span class='ocrx_word' id='word_1_594' title='bbox 746 4905 939 4960; x_wconf 69' lang='lat' dir='ltr'><strong>Verte:</strong></span> <span class='ocrx_word' id='word_1_595' title='bbox 967 4914 1051 4962; x_wconf 92' lang='lat' dir='ltr'><strong>est</strong></span> <span class='ocrx_word' id='word_1_596' title='bbox 1076 4907 1278 4961; x_wconf 86' lang='lat' dir='ltr'><strong>montis</strong></span> <span class='ocrx_word' id='word_1_597' title='bbox 1302 4904 1447 4971; x_wconf 64' lang='lat' dir='ltr'><strong>Idae;</strong></span> <span class='ocrx_word' id='word_1_598' title='bbox 1496 4905 1624 4961; x_wconf 90' lang='lat' dir='ltr'><strong>item</strong></span> <span class='ocrx_word' id='word_1_599' title='bbox 1651 4904 1907 4976; x_wconf 84' lang='lat' dir='ltr'><strong>Oppidum</strong></span> 
     </span>
    </p>
   </div>
   <div class='ocr_carea' id='block_1_86' title="bbox 313 4976 1906 5046">
    <p class='ocr_par' dir='ltr' id='par_1_86' title="bbox 313 4976 1906 5046">
     <span class='ocr_line' id='line_1_86' title="bbox 313 4976 1906 5046; baseline -0.001 -14"><span class='ocrx_word' id='word_1_600' title='bbox 313 4986 401 5032; x_wconf 84' lang='lat' dir='ltr'><strong>est</strong></span> <span class='ocrx_word' id='word_1_601' title='bbox 428 4977 497 5031; x_wconf 89' lang='lat' dir='ltr'><strong>ad</strong></span> <span class='ocrx_word' id='word_1_602' title='bbox 530 4978 772 5046; x_wconf 88' lang='lat' dir='ltr'><strong>ejusdem</strong></span> <span class='ocrx_word' id='word_1_603' title='bbox 806 4980 1004 5032; x_wconf 85' lang='lat' dir='ltr'><strong>montis</strong></span> <span class='ocrx_word' id='word_1_604' title='bbox 1035 4977 1246 5033; x_wconf 85' lang='lat' dir='ltr'><strong>radices</strong></span> <span class='ocrx_word' id='word_1_605' title='bbox 1270 5020 1285 5043; x_wconf 97' lang='lat'><strong>,</strong></span> <span class='ocrx_word' id='word_1_606' title='bbox 1332 4977 1473 5046; x_wconf 85' lang='lat' dir='ltr'><strong>apud</strong></span> <span class='ocrx_word' id='word_1_607' title='bbox 1502 4976 1652 5032; x_wconf 70' lang='lat' dir='ltr'><strong>Illum</strong></span> <span class='ocrx_word' id='word_1_608' title='bbox 1695 4978 1906 5044; x_wconf 88' lang='lat' dir='ltr'><strong>urbem,</strong></span> 
     </span>
    </p>
   </div>
   <div class='ocr_carea' id='block_1_87' title="bbox 313 5047 1909 5121">
    <p class='ocr_par' dir='ltr' id='par_1_87' title="bbox 313 5047 1909 5121">
     <span class='ocr_line' id='line_1_87' title="bbox 313 5047 1909 5121; baseline 0 -15"><span class='ocrx_word' id='word_1_609' title='bbox 313 5047 599 5121; x_wconf 86' lang='lat' dir='ltr'><strong>Pergamis</strong></span> <span class='ocrx_word' id='word_1_610' title='bbox 612 5050 940 5120; x_wconf 82' lang='lat' dir='ltr'><strong>proximum,</strong></span> <span class='ocrx_word' id='word_1_611' title='bbox 966 5049 1056 5104; x_wconf 91' lang='lat' dir='ltr'><strong>ubi</strong></span> <span class='ocrx_word' id='word_1_612' title='bbox 1086 5049 1597 5119; x_wconf 73' lang='lat' dir='ltr'><strong>planiticsmaxima:</strong></span> <span class='ocrx_word' id='word_1_613' title='bbox 1625 5049 1909 5107; x_wconf 88' lang='lat' dir='ltr'><strong>ubertatis.</strong></span> 
     </span>
    </p>
   </div>
   <div class='ocr_carea' id='block_1_88' title="bbox 476 5142 1801 5279">
    <p class='ocr_par' dir='ltr' id='par_1_88' title="bbox 476 5142 1801 5279">
     <span class='ocr_line' id='line_1_88' title="bbox 476 5142 1801 5279; baseline 0.002 -86"><span class='ocrx_word' id='word_1_614' title='bbox 476 5142 588 5207; x_wconf 76' lang='lat' dir='ltr'><strong>Ipsa</strong></span> <span class='ocrx_word' id='word_1_615' title='bbox 610 5156 723 5194; x_wconf 84' lang='lat' dir='ltr'><strong>suas</strong></span> <span class='ocrx_word' id='word_1_616' title='bbox 745 5145 984 5195; x_wconf 84' lang='lat' dir='ltr'><strong>mirantur</strong></span> <span class='ocrx_word' id='word_1_617' title='bbox 1006 5142 1481 5279; x_wconf 32' lang='lat' dir='ltr'><strong>Gatsflrailmtészesfg</strong></span> <span class='ocrx_word' id='word_1_618' title='bbox 1534 5222 1551 5262; x_wconf 59' lang='grc' dir='ltr'><strong>Ι</strong></span> <span class='ocrx_word' id='word_1_619' title='bbox 1611 5208 1713 5266; x_wconf 58' lang='grc'><strong>105</strong></span> <span class='ocrx_word' id='word_1_620' title='bbox 1773 5216 1801 5257; x_wconf 10' lang='grc' dir='ltr'><strong>ἑ»</strong></span> 
     </span>
     <span class='ocr_line' id='line_1_89' title="bbox 654 5226 1771 5279; baseline 0.001 -18"><span class='ocrx_word' id='word_1_621' title='bbox 654 5270 659 5273; x_wconf 98' lang='lat'>_</span> <span class='ocrx_word' id='word_1_622' title='bbox 1184 5226 1211 5278; x_wconf 85' lang='lat' dir='ltr'><strong>g</strong></span> <span class='ocrx_word' id='word_1_623' title='bbox 1260 5251 1273 5262; x_wconf 95' lang='lat'><strong>.</strong></span> <span class='ocrx_word' id='word_1_624' title='bbox 1387 5231 1414 5256; x_wconf 73' lang='grc' dir='ltr'>«ι</span> <span class='ocrx_word' id='word_1_625' title='bbox 1490 5248 1502 5261; x_wconf 95' lang='grc'><strong><em>.</em></strong></span> <span class='ocrx_word' id='word_1_626' title='bbox 1559 5250 1573 5274; x_wconf 89' lang='grc'><em>,</em></span> <span class='ocrx_word' id='word_1_627' title='bbox 1722 5250 1771 5279; x_wconf 36' lang='grc' dir='ltr'><strong>,ί</strong></span> 
     </span>
    </p>
   </div>
   <div class='ocr_carea' id='block_1_89' title="bbox 1184 5226 1771 5283">
    <p class='ocr_par' dir='ltr' id='par_1_89' title="bbox 1184 5226 1771 5283">
     <span class='ocr_line' id='line_1_90' title="bbox 1184 5226 1771 5283; baseline 0 -21"><span class='ocrx_word' id='word_1_628' title='bbox 1184 5226 1273 5278; x_wconf 82' lang='lat' dir='ltr'><strong>gtl.</strong></span> <span class='ocrx_word' id='word_1_629' title='bbox 1304 5226 1502 5279; x_wconf 77' lang='lat' dir='ltr'><strong>ueorg.</strong></span> <span class='ocrx_word' id='word_1_630' title='bbox 1534 5226 1573 5274; x_wconf 82' lang='grc' dir='ltr'>ι,</span> <span class='ocrx_word' id='word_1_631' title='bbox 1611 5226 1771 5283; x_wconf 58' lang='grc' dir='ltr'><strong>ειυς).ς</strong></span> 
     </span>
    </p>
   </div>
   <div class='ocr_carea' id='block_1_90' title="bbox 394 5270 1913 5359">
    <p class='ocr_par' dir='ltr' id='par_1_90' title="bbox 394 5270 1913 5359">
     <span class='ocr_line' id='line_1_91' title="bbox 394 5270 1913 5359; baseline 0.001 -3"><span class='ocrx_word' id='word_1_632' title='bbox 394 5302 417 5334; x_wconf 83' lang='grc'>⁸</span> <span class='ocrx_word' id='word_1_633' title='bbox 450 5270 707 5357; x_wconf 75' lang='lat' dir='ltr'><strong>Mevania.</strong></span> <span class='ocrx_word' id='word_1_634' title='bbox 753 5299 914 5359; x_wconf 86' lang='lat' dir='ltr'><strong>Urbis</strong></span> <span class='ocrx_word' id='word_1_635' title='bbox 940 5270 1283 5358; x_wconf 50' lang='lat' dir='ltr'><strong>Umbrite&#39;ad</strong></span> <span class='ocrx_word' id='word_1_636' title='bbox 1310 5270 1639 5358; x_wconf 53' lang='lat' dir='ltr'><strong>Clitumnum</strong></span> <span class='ocrx_word' id='word_1_637' title='bbox 1686 5270 1913 5359; x_wconf 39' lang='lat' dir='ltr'><strong>flu‘ﬁun‘t</strong></span> 
     </span>
    </p>
   </div>
   <div class='ocr_carea' id='block_1_91' title="bbox 312 5291 1969 5529">
    <p class='ocr_par' dir='ltr' id='par_1_91' title="bbox 312 5291 1969 5529">
     <span class='ocr_line' id='line_1_92' title="bbox 394 5291 1913 5529; baseline 0.001 -173"><span class='ocrx_word' id='word_1_638' title='bbox 394 5302 417 5334; x_wconf 83' lang='grc'>⁸</span> <span class='ocrx_word' id='word_1_639' title='bbox 450 5300 707 5357; x_wconf 75' lang='lat' dir='ltr'><strong>Mevania.</strong></span> <span class='ocrx_word' id='word_1_640' title='bbox 753 5299 914 5359; x_wconf 86' lang='lat' dir='ltr'><strong>Urbis</strong></span> <span class='ocrx_word' id='word_1_641' title='bbox 940 5299 1176 5358; x_wconf 78' lang='lat' dir='ltr'><strong>Umbrite</strong></span> <span class='ocrx_word' id='word_1_642' title='bbox 1218 5301 1283 5357; x_wconf 85' lang='lat' dir='ltr'><strong>ad</strong></span> <span class='ocrx_word' id='word_1_643' title='bbox 1310 5300 1639 5358; x_wconf 86' lang='lat' dir='ltr'><strong>Clitumnum</strong></span> <span class='ocrx_word' id='word_1_644' title='bbox 1686 5291 1913 5529; x_wconf 39' lang='grc' dir='ltr'>οιιιῖιίηι</span> 
     </span>
     <span class='ocr_line' id='line_1_93' title="bbox 312 5373 1969 5444; baseline -0.001 -13"><span class='ocrx_word' id='word_1_645' title='bbox 312 5375 376 5433; x_wconf 84' lang='lat' dir='ltr'><strong>in</strong></span> <span class='ocrx_word' id='word_1_646' title='bbox 408 5374 494 5428; x_wconf 88' lang='lat' dir='ltr'><strong>via</strong></span> <span class='ocrx_word' id='word_1_647' title='bbox 522 5373 808 5438; x_wconf 82' lang='lat' dir='ltr'><strong>Flaminia,</strong></span> <span class='ocrx_word' id='word_1_648' title='bbox 838 5373 1104 5443; x_wconf 84' lang='lat' dir='ltr'><strong>Propertii</strong></span> <span class='ocrx_word' id='word_1_649' title='bbox 1138 5376 1332 5444; x_wconf 86' lang='lat' dir='ltr'><strong>patria,</strong></span> <span class='ocrx_word' id='word_1_650' title='bbox 1368 5374 1579 5443; x_wconf 74' lang='lat' dir='ltr'><strong>pascuis</strong></span> <span class='ocrx_word' id='word_1_651' title='bbox 1620 5375 1750 5430; x_wconf 88' lang='lat' dir='ltr'><strong>uber</strong></span> <span class='ocrx_word' id='word_1_652' title='bbox 1862 5393 1914 5443; x_wconf 89' lang='lat' dir='ltr'><strong>a,</strong></span> <span class='ocrx_word' id='word_1_653' title='bbox 1966 5414 1969 5415; x_wconf 49' lang='grc' dir='ltr'><em>ν</em></span> 
     </span>
     <span class='ocr_line' id='line_1_94' title="bbox 312 5445 1839 5529; baseline -0.001 -28"><span class='ocrx_word' id='word_1_654' title='bbox 312 5463 484 5521; x_wconf 87' lang='lat' dir='ltr'><strong>quam</strong></span> <span class='ocrx_word' id='word_1_655' title='bbox 515 5445 637 5501; x_wconf 89' lang='lat' dir='ltr'><strong>ideo</strong></span> <span class='ocrx_word' id='word_1_656' title='bbox 665 5445 914 5501; x_wconf 84' lang='lat' dir='ltr'><strong>Lucanus</strong></span> <span class='ocrx_word' id='word_1_657' title='bbox 945 5446 981 5501; x_wconf 92' lang='grc' dir='ltr'><strong>Ι.</strong></span> <span class='ocrx_word' id='word_1_658' title='bbox 1016 5462 1033 5501; x_wconf 92' lang='grc' dir='ltr'><strong>ι</strong></span> <span class='ocrx_word' id='word_1_659' title='bbox 1075 5445 1413 5502; x_wconf 85' lang='lat' dir='ltr'><strong>Tauriferam</strong></span> <span class='ocrx_word' id='word_1_660' title='bbox 1453 5455 1643 5502; x_wconf 90' lang='lat' dir='ltr'><strong>vocat:</strong></span> <span class='ocrx_word' id='word_1_661' title='bbox 1832 5526 1839 5529; x_wconf 75' lang='lat'>_</span> 
     </span>
    </p>
   </div>
   <div class='ocr_carea' id='block_1_92' title="bbox 312 5445 1839 5535">
    <p class='ocr_par' dir='ltr' id='par_1_92' title="bbox 312 5445 1839 5535">
     <span class='ocr_line' id='line_1_95' title="bbox 312 5445 1839 5535; baseline -0.001 -34"><span class='ocrx_word' id='word_1_662' title='bbox 312 5463 484 5521; x_wconf 87' lang='lat' dir='ltr'><strong>quam</strong></span> <span class='ocrx_word' id='word_1_663' title='bbox 515 5445 637 5501; x_wconf 89' lang='lat' dir='ltr'><strong>ideo</strong></span> <span class='ocrx_word' id='word_1_664' title='bbox 665 5445 914 5501; x_wconf 84' lang='lat' dir='ltr'><strong>Lucanus</strong></span> <span class='ocrx_word' id='word_1_665' title='bbox 945 5446 981 5501; x_wconf 92' lang='grc' dir='ltr'><strong>Ι.</strong></span> <span class='ocrx_word' id='word_1_666' title='bbox 1016 5462 1033 5501; x_wconf 92' lang='grc' dir='ltr'><strong>ι</strong></span> <span class='ocrx_word' id='word_1_667' title='bbox 1075 5445 1413 5502; x_wconf 85' lang='lat' dir='ltr'><strong>Tauriferam</strong></span> <span class='ocrx_word' id='word_1_668' title='bbox 1453 5455 1643 5502; x_wconf 90' lang='lat' dir='ltr'><strong>vocat:</strong></span> 
     </span>
    </p>
   </div>
   <div class='ocr_carea' id='block_1_93' title="bbox 480 5536 1916 5605">
    <p class='ocr_par' dir='ltr' id='par_1_93' title="bbox 480 5536 1916 5605">
     <span class='ocr_line' id='line_1_96' title="bbox 480 5536 1916 5605; baseline -0.001 -14"><span class='ocrx_word' id='word_1_669' title='bbox 480 5539 569 5591; x_wconf 81' lang='lat' dir='ltr'><strong>Est</strong></span> <span class='ocrx_word' id='word_1_670' title='bbox 588 5542 671 5604; x_wconf 89' lang='lat' dir='ltr'><strong>qui</strong></span> <span class='ocrx_word' id='word_1_671' title='bbox 693 5540 964 5591; x_wconf 83' lang='lat' dir='ltr'><strong>&#39;l&#39;auriferis</strong></span> <span class='ocrx_word' id='word_1_672' title='bbox 987 5539 1067 5590; x_wconf 91' lang='lat' dir='ltr'><strong>ubi</strong></span> <span class='ocrx_word' id='word_1_673' title='bbox 1092 5553 1147 5590; x_wconf 88' lang='lat' dir='ltr'><strong>se</strong></span> <span class='ocrx_word' id='word_1_674' title='bbox 1174 5539 1404 5591; x_wconf 80' lang='lat' dir='ltr'><strong>Mevania</strong></span> <span class='ocrx_word' id='word_1_675' title='bbox 1432 5542 1639 5604; x_wconf 86' lang='lat' dir='ltr'><strong>eampis.</strong></span> <span class='ocrx_word' id='word_1_676' title='bbox 1665 5546 1764 5593; x_wconf 90' lang='lat' dir='ltr'><strong>etc.</strong></span> <span class='ocrx_word' id='word_1_677' title='bbox 1818 5536 1861 5605; x_wconf 38' lang='lat' dir='ltr'><strong>ﬁ</strong></span> <span class='ocrx_word' id='word_1_678' title='bbox 1912 5597 1916 5601; x_wconf 34' lang='grc' dir='ltr'><strong><em>η</em></strong></span> 
     </span>
    </p>
   </div>
   <div class='ocr_carea' id='block_1_94' title="bbox 398 5623 1918 5698">
    <p class='ocr_par' dir='ltr' id='par_1_94' title="bbox 398 5623 1918 5698">
     <span class='ocr_line' id='line_1_97' title="bbox 398 5623 1918 5698; baseline 0.003 -20"><span class='ocrx_word' id='word_1_679' title='bbox 398 5624 755 5698; x_wconf 50' lang='grc' dir='ltr'><strong>ΫΟηηιραηὶα.</strong></span> <span class='ocrx_word' id='word_1_680' title='bbox 801 5624 972 5693; x_wconf 76' lang='lat' dir='ltr'><strong>Regio</strong></span> <span class='ocrx_word' id='word_1_681' title='bbox 1016 5623 1183 5698; x_wconf 65' lang='lat' dir='ltr'><strong>Italiae</strong></span> <span class='ocrx_word' id='word_1_682' title='bbox 1221 5624 1364 5682; x_wconf 90' lang='lat' dir='ltr'><strong>inter</strong></span> <span class='ocrx_word' id='word_1_683' title='bbox 1390 5627 1650 5682; x_wconf 84' lang='lat' dir='ltr'><strong>Anienem</strong></span> <span class='ocrx_word' id='word_1_684' title='bbox 1691 5625 1918 5683; x_wconf 86' lang='lat' dir='ltr'><strong>ﬂuvium</strong></span> 
     </span>
    </p>
   </div>
   <div class='ocr_carea' id='block_1_95' title="bbox 316 5696 1921 5782">
    <p class='ocr_par' dir='ltr' id='par_1_95' title="bbox 316 5696 1921 5782">
     <span class='ocr_line' id='line_1_98' title="bbox 316 5696 1921 5782; baseline 0.001 -29"><span class='ocrx_word' id='word_1_685' title='bbox 316 5707 382 5782; x_wconf 63' lang='lat' dir='ltr'><strong>et</strong></span> <span class='ocrx_word' id='word_1_686' title='bbox 402 5696 663 5782; x_wconf 65' lang='lat' dir='ltr'><strong>Tiberim,</strong></span> <span class='ocrx_word' id='word_1_687' title='bbox 684 5698 836 5781; x_wconf 75' lang='lat' dir='ltr'><strong>juxta</strong></span> <span class='ocrx_word' id='word_1_688' title='bbox 865 5712 1017 5753; x_wconf 87' lang='lat' dir='ltr'><strong>mare</strong></span> <span class='ocrx_word' id='word_1_689' title='bbox 1043 5696 1493 5754; x_wconf 82' lang='lat' dir='ltr'><strong>Mediterraneum</strong></span> <span class='ocrx_word' id='word_1_690' title='bbox 1522 5714 1768 5768; x_wconf 75' lang='lat' dir='ltr'><strong>extensa,</strong></span> <span class='ocrx_word' id='word_1_691' title='bbox 1798 5714 1921 5771; x_wconf 88' lang='lat' dir='ltr'><strong>pars</strong></span> 
     </span>
    </p>
   </div>
   <div class='ocr_carea' id='block_1_96' title="bbox 316 5771 1921 5915">
    <p class='ocr_par' dir='ltr' id='par_1_96' title="bbox 316 5771 1921 5915">
     <span class='ocr_line' id='line_1_99' title="bbox 375 5772 734 5825; baseline 0.008 -4"><span class='ocrx_word' id='word_1_692' title='bbox 375 5788 400 5821; x_wconf 82' lang='lat' dir='ltr'><strong>a</strong></span> <span class='ocrx_word' id='word_1_693' title='bbox 434 5773 461 5823; x_wconf 74' lang='grc' dir='ltr'>ι’</span> <span class='ocrx_word' id='word_1_694' title='bbox 545 5773 635 5823; x_wconf 77' lang='grc' dir='ltr'>ιιιὶι</span> <span class='ocrx_word' id='word_1_695' title='bbox 700 5772 734 5825; x_wconf 88' lang='lat' dir='ltr'><strong>i.</strong></span> 
     </span>
     <span class='ocr_line' id='line_1_100' title="bbox 316 5771 1921 5915; baseline 0.001 -19"><span class='ocrx_word' id='word_1_696' title='bbox 316 5771 963 5915; x_wconf 47' lang='lat' dir='ltr'><strong>L’Hionte&#39;ucaurano.</strong></span> <span class='ocrx_word' id='word_1_697' title='bbox 1031 5842 1342 5901; x_wconf 68' lang='lat' dir='ltr'><strong>Gaul-anum</strong></span> <span class='ocrx_word' id='word_1_698' title='bbox 1396 5859 1556 5903; x_wconf 89' lang='lat' dir='ltr'><strong>mons</strong></span> <span class='ocrx_word' id='word_1_699' title='bbox 1605 5841 1921 5915; x_wconf 65' lang='lat' dir='ltr'><strong>Campania:</strong></span> 
     </span>
    </p>
   </div>
   <div class='ocr_carea' id='block_1_97' title="bbox 318 5913 801 5994">
    <p class='ocr_par' dir='ltr' id='par_1_97' title="bbox 318 5913 801 5994">
     <span class='ocr_line' id='line_1_101' title="bbox 318 5913 801 5994; baseline 0 -24"><span class='ocrx_word' id='word_1_700' title='bbox 318 5929 500 5994; x_wconf 83' lang='lat' dir='ltr'><strong>prope</strong></span> <span class='ocrx_word' id='word_1_701' title='bbox 524 5913 801 5973; x_wconf 84' lang='lat' dir='ltr'><strong>Puteolos.</strong></span> 
     </span>
    </p>
   </div>
   <div class='ocr_carea' id='block_1_98' title="bbox 1972 5336 3368 5419">
    <p class='ocr_par' dir='ltr' id='par_1_98' title="bbox 1972 5336 3368 5419">
     <span class='ocr_line' id='line_1_102' title="bbox 1972 5336 3368 5419; baseline 0.012 -28"><span class='ocrx_word' id='word_1_702' title='bbox 2025 5342 2146 5412; x_wconf 75' lang='lat' dir='ltr'><strong>fuit,</strong></span> <span class='ocrx_word' id='word_1_703' title='bbox 2182 5342 2307 5394; x_wconf 75' lang='lat' dir='ltr'><strong>satis</strong></span> <span class='ocrx_word' id='word_1_704' title='bbox 2346 5336 3013 5419; x_wconf 52' lang='lat' dir='ltr'><strong>habuerant_si&#39;neiito__eos</strong></span> <span class='ocrx_word' id='word_1_705' title='bbox 3051 5336 3368 5419; x_wconf 70' lang='lat' dir='ltr'><strong>molestam,</strong></span> 
     </span>
    </p>
   </div>
   <div class='ocr_carea' id='block_1_99' title="bbox 2086 3392 3611 3470">
    <p class='ocr_par' dir='ltr' id='par_1_99' title="bbox 2086 3392 3611 3470">
     <span class='ocr_line' id='line_1_103' title="bbox 2086 3392 3611 3470; baseline 0.012 -24"><span class='ocrx_word' id='word_1_706' title='bbox 2086 3394 2108 3426; x_wconf 80' lang='grc'>⁸</span> <span class='ocrx_word' id='word_1_707' title='bbox 2131 3392 2320 3470; x_wconf 71' lang='lat' dir='ltr'><strong>Lydia.</strong></span> <span class='ocrx_word' id='word_1_708' title='bbox 2364 3393 2509 3470; x_wconf 60' lang='lat' dir='ltr'><strong>Asia:</strong></span> <span class='ocrx_word' id='word_1_709' title='bbox 2540 3395 2764 3470; x_wconf 76' lang='lat' dir='ltr'><strong>minoris</strong></span> <span class='ocrx_word' id='word_1_710' title='bbox 2824 3397 2993 3469; x_wconf 78' lang='lat' dir='ltr'><strong>regio,</strong></span> <span class='ocrx_word' id='word_1_711' title='bbox 3020 3398 3161 3456; x_wconf 90' lang='lat' dir='ltr'><strong>inter</strong></span> <span class='ocrx_word' id='word_1_712' title='bbox 3187 3401 3392 3462; x_wconf 88' lang='lat' dir='ltr'><strong>Ioniam</strong></span> <span class='ocrx_word' id='word_1_713' title='bbox 3420 3408 3488 3464; x_wconf 89' lang='lat' dir='ltr'><strong>ad</strong></span> <span class='ocrx_word' id='word_1_714' title='bbox 3519 3426 3611 3470; x_wconf 84' lang='lat' dir='ltr'><strong>oc-</strong></span> 
     </span>
    </p>
   </div>
   <div class='ocr_carea' id='block_1_100' title="bbox 2013 3466 3612 3542">
    <p class='ocr_par' dir='ltr' id='par_1_100' title="bbox 2013 3466 3612 3542">
     <span class='ocr_line' id='line_1_104' title="bbox 2013 3466 3612 3542; baseline 0.019 -34"><span class='ocrx_word' id='word_1_715' title='bbox 2013 3480 2223 3542; x_wconf 58' lang='grc' dir='ltr'>ςθςιμιι,</span> <span class='ocrx_word' id='word_1_716' title='bbox 2264 3466 2549 3542; x_wconf 49' lang='lat' dir='ltr'><strong>Phrygia!!!</strong></span> <span class='ocrx_word' id='word_1_717' title='bbox 2582 3467 2827 3540; x_wconf 86' lang='lat' dir='ltr'><strong>Magnam</strong></span> <span class='ocrx_word' id='word_1_718' title='bbox 2856 3466 2923 3524; x_wconf 81' lang='lat' dir='ltr'><strong>ad</strong></span> <span class='ocrx_word' id='word_1_719' title='bbox 2954 3481 3133 3528; x_wconf 87' lang='lat' dir='ltr'><strong>ortum</strong></span> <span class='ocrx_word' id='word_1_720' title='bbox 3161 3486 3213 3530; x_wconf 92' lang='lat' dir='ltr'><strong>et</strong></span> <span class='ocrx_word' id='word_1_721' title='bbox 3243 3475 3467 3535; x_wconf 88' lang='lat' dir='ltr'><strong>boream</strong></span> <span class='ocrx_word' id='word_1_722' title='bbox 3494 3526 3509 3542; x_wconf 83' lang='lat'><strong>.</strong></span> <span class='ocrx_word' id='word_1_723' title='bbox 3530 3466 3612 3542; x_wconf 16' lang='grc' dir='ltr'><strong>ἣδε</strong></span> 
     </span>
    </p>
   </div>
   <div class='ocr_carea' id='block_1_101' title="bbox 2013 3526 3509 3611">
    <p class='ocr_par' dir='ltr' id='par_1_101' title="bbox 2013 3526 3509 3611">
     <span class='ocr_line' id='line_1_105' title="bbox 2013 3526 3509 3611; baseline -0.012 -9"><span class='ocrx_word' id='word_1_724' title='bbox 2013 3526 2230 3611; x_wconf 51' lang='grc' dir='ltr'><strong>Ῑλῖείὲηἳ</strong></span> <span class='ocrx_word' id='word_1_725' title='bbox 2259 3538 2325 3611; x_wconf 74' lang='lat' dir='ltr'><strong>ad</strong></span> <span class='ocrx_word' id='word_1_726' title='bbox 2359 3526 2639 3611; x_wconf 22' lang='lat' dir='ltr'><strong>lil‘éit&#39;idietn</strong></span> <span class='ocrx_word' id='word_1_727' title='bbox 2668 3526 3132 3611; x_wconf 40' lang='lat' dir='ltr'><strong>comprehensa,&quot;</strong></span> <span class='ocrx_word' id='word_1_728' title='bbox 3167 3526 3211 3530; x_wconf 13' lang='grc' dir='ltr'><strong>’ἡ</strong></span> <span class='ocrx_word' id='word_1_729' title='bbox 3243 3526 3467 3535; x_wconf 43' lang='lat' dir='ltr'><strong>mw“-</strong></span> <span class='ocrx_word' id='word_1_730' title='bbox 3494 3526 3509 3552; x_wconf 84' lang='lat'><strong>’</strong></span> 
     </span>
    </p>
   </div>
   <div class='ocr_carea' id='block_1_102' title="bbox 2087 3608 3613 3694">
    <p class='ocr_par' dir='ltr' id='par_1_102' title="bbox 2087 3608 3613 3694">
     <span class='ocr_line' id='line_1_106' title="bbox 2087 3608 3613 3694; baseline 0.016 -33"><span class='ocrx_word' id='word_1_731' title='bbox 2087 3608 2378 3694; x_wconf 42' lang='grc' dir='ltr'><strong>ᾗΡᾳσιοιο.</strong></span> <span class='ocrx_word' id='word_1_732' title='bbox 2436 3610 2686 3668; x_wconf 88' lang='lat' dir='ltr'><strong>Pactolus</strong></span> <span class='ocrx_word' id='word_1_733' title='bbox 2734 3608 2918 3685; x_wconf 66' lang='lat' dir='ltr'><strong>Lydia:</strong></span> <span class='ocrx_word' id='word_1_734' title='bbox 2962 3616 3158 3674; x_wconf 85' lang='lat' dir='ltr'><strong>fluvius</strong></span> <span class='ocrx_word' id='word_1_735' title='bbox 3208 3623 3389 3680; x_wconf 85' lang='lat' dir='ltr'><strong>aureis</strong></span> <span class='ocrx_word' id='word_1_736' title='bbox 3430 3628 3613 3687; x_wconf 86' lang='lat' dir='ltr'><strong>arenis</strong></span> 
     </span>
    </p>
   </div>
   <div class='ocr_carea' id='block_1_103' title="bbox 2013 3692 2350 3739">
    <p class='ocr_par' dir='ltr' id='par_1_103' title="bbox 2013 3692 2350 3739">
     <span class='ocr_line' id='line_1_107' title="bbox 2013 3692 2350 3739; baseline -0.006 -2"><span class='ocrx_word' id='word_1_737' title='bbox 2013 3692 2350 3739; x_wconf 82' lang='lat' dir='ltr'><strong>notissimus.</strong></span> 
     </span>
    </p>
   </div>
   <div class='ocr_carea' id='block_1_104' title="bbox 2089 3754 3609 3829">
    <p class='ocr_par' dir='ltr' id='par_1_104' title="bbox 2089 3754 3609 3829">
     <span class='ocr_line' id='line_1_108' title="bbox 2089 3754 3609 3829; baseline 0.015 -22"><span class='ocrx_word' id='word_1_738' title='bbox 2089 3754 2130 3785; x_wconf 85' lang='grc'><strong>¹⁰</strong></span> <span class='ocrx_word' id='word_1_739' title='bbox 2180 3754 2665 3829; x_wconf 73' lang='lat' dir='ltr'><strong>Experientissimos</strong></span> <span class='ocrx_word' id='word_1_740' title='bbox 2714 3757 2889 3813; x_wconf 77' lang='lat' dir='ltr'><strong>duces.</strong></span> <span class='ocrx_word' id='word_1_741' title='bbox 2957 3759 3023 3817; x_wconf 91' lang='lat' dir='ltr'><strong>Ut</strong></span> <span class='ocrx_word' id='word_1_742' title='bbox 3073 3760 3378 3822; x_wconf 79' lang='lat' dir='ltr'><strong>Viriathum</strong></span> <span class='ocrx_word' id='word_1_743' title='bbox 3420 3770 3609 3829; x_wconf 89' lang='lat' dir='ltr'><strong>ducem</strong></span> 
     </span>
    </p>
   </div>
   <div class='ocr_carea' id='block_1_105' title="bbox 2014 3828 3607 3914">
    <p class='ocr_par' dir='ltr' id='par_1_105' title="bbox 2014 3828 3607 3914">
     <span class='ocr_line' id='line_1_109' title="bbox 2014 3828 3607 3914; baseline 0.013 -34"><span class='ocrx_word' id='word_1_744' title='bbox 2014 3828 2485 3914; x_wconf 50' lang='lat' dir='ltr'><strong>strenuissimutn,</strong></span> <span class='ocrx_word' id='word_1_745' title='bbox 2539 3830 2793 3914; x_wconf 45' lang='lat' dir='ltr'><strong>quincut-u</strong></span> <span class='ocrx_word' id='word_1_746' title='bbox 2822 3829 2883 3885; x_wconf 88' lang='lat' dir='ltr'><strong>C.</strong></span> <span class='ocrx_word' id='word_1_747' title='bbox 2912 3831 3137 3889; x_wconf 71' lang='lat' dir='ltr'><strong>Lwlium</strong></span> <span class='ocrx_word' id='word_1_748' title='bbox 3181 3850 3490 3907; x_wconf 60' lang='lat' dir='ltr'><strong>primorem.</strong></span> <span class='ocrx_word' id='word_1_749' title='bbox 3541 3828 3607 3914; x_wconf 79' lang='lat' dir='ltr'><strong>Q.</strong></span> 
     </span>
    </p>
   </div>
   <div class='ocr_carea' id='block_1_106' title="bbox 2014 3897 3613 3975">
    <p class='ocr_par' dir='ltr' id='par_1_106' title="bbox 2014 3897 3613 3975">
     <span class='ocr_line' id='line_1_110' title="bbox 2014 3897 3613 3975; baseline 0.014 -22"><span class='ocrx_word' id='word_1_750' title='bbox 2014 3897 2240 3975; x_wconf 72' lang='lat' dir='ltr'><strong>Fabium</strong></span> <span class='ocrx_word' id='word_1_751' title='bbox 2279 3897 2566 3975; x_wconf 71' lang='lat' dir='ltr'><strong>Maxiuuun</strong></span> <span class='ocrx_word' id='word_1_752' title='bbox 2598 3900 2951 3959; x_wconf 65' lang='lat' dir='ltr'><strong>Etuiliauum</strong></span> <span class='ocrx_word' id='word_1_753' title='bbox 2992 3897 3373 3975; x_wconf 76' lang='lat' dir='ltr'><strong>proconsulem</strong></span> <span class='ocrx_word' id='word_1_754' title='bbox 3405 3897 3613 3973; x_wconf 42' lang='lat' dir='ltr'><strong>et&#39;Sci;</strong></span> 
     </span>
    </p>
   </div>
   <div class='ocr_carea' id='block_1_107' title="bbox 2014 3970 3611 4046">
    <p class='ocr_par' dir='ltr' id='par_1_107' title="bbox 2014 3970 3611 4046">
     <span class='ocr_line' id='line_1_111' title="bbox 2014 3970 3611 4046; baseline 0.012 -20"><span class='ocrx_word' id='word_1_755' title='bbox 2014 3971 2271 4046; x_wconf 75' lang='lat' dir='ltr'><strong>vilianum</strong></span> <span class='ocrx_word' id='word_1_756' title='bbox 2300 3972 2418 4043; x_wconf 82' lang='lat' dir='ltr'><strong>ejus</strong></span> <span class='ocrx_word' id='word_1_757' title='bbox 2464 3970 2685 4046; x_wconf 75' lang='lat' dir='ltr'><strong>fratrem</strong></span> <span class='ocrx_word' id='word_1_758' title='bbox 2726 3970 3008 4031; x_wconf 76' lang='lat' dir='ltr'><strong>consulem</strong></span> <span class='ocrx_word' id='word_1_759' title='bbox 3033 3979 3292 4036; x_wconf 86' lang='lat' dir='ltr'><strong>adversus</strong></span> <span class='ocrx_word' id='word_1_760' title='bbox 3321 3999 3381 4040; x_wconf 90' lang='lat' dir='ltr'><strong>se</strong></span> <span class='ocrx_word' id='word_1_761' title='bbox 3415 3970 3611 4046; x_wconf 74' lang='lat' dir='ltr'><strong>missos</strong></span> 
     </span>
    </p>
   </div>
   <div class='ocr_carea' id='block_1_108' title="bbox 2013 4042 3612 4119">
    <p class='ocr_par' dir='ltr' id='par_1_108' title="bbox 2013 4042 3612 4119">
     <span class='ocr_line' id='line_1_112' title="bbox 2013 4042 3612 4119; baseline 0.012 -22"><span class='ocrx_word' id='word_1_762' title='bbox 2013 4044 2178 4119; x_wconf 82' lang='lat' dir='ltr'><strong>variis</strong></span> <span class='ocrx_word' id='word_1_763' title='bbox 2230 4042 2433 4113; x_wconf 69' lang='lat' dir='ltr'><strong>praéliis</strong></span> <span class='ocrx_word' id='word_1_764' title='bbox 2470 4042 2763 4119; x_wconf 75' lang='lat' dir='ltr'><strong>fregisset,</strong></span> <span class='ocrx_word' id='word_1_765' title='bbox 2810 4048 3026 4106; x_wconf 86' lang='lat' dir='ltr'><strong>tandem</strong></span> <span class='ocrx_word' id='word_1_766' title='bbox 3074 4067 3102 4106; x_wconf 89' lang='lat' dir='ltr'><strong>a</strong></span> <span class='ocrx_word' id='word_1_767' title='bbox 3134 4054 3199 4119; x_wconf 89' lang='lat' dir='ltr'><strong>Q.</strong></span> <span class='ocrx_word' id='word_1_768' title='bbox 3236 4054 3466 4113; x_wconf 84' lang='lat' dir='ltr'><strong>Servilio</strong></span> <span class='ocrx_word' id='word_1_769' title='bbox 3493 4042 3612 4117; x_wconf 56' lang='lat' dir='ltr'><strong>Cm:-</strong></span> 
     </span>
    </p>
   </div>
   <div class='ocr_carea' id='block_1_109' title="bbox 2013 4115 3611 4243">
    <p class='ocr_par' dir='ltr' id='par_1_109' title="bbox 2013 4115 3611 4243">
     <span class='ocr_line' id='line_1_113' title="bbox 2013 4115 3611 4243; baseline 0.014 -75"><span class='ocrx_word' id='word_1_770' title='bbox 2013 4115 2177 4243; x_wconf 58' lang='lat' dir='ltr'><strong>piens</strong></span> <span class='ocrx_word' id='word_1_771' title='bbox 2204 4116 2537 4242; x_wconf 52' lang='lat' dir='ltr'><strong>,Ccoguptis</strong></span> <span class='ocrx_word' id='word_1_772' title='bbox 2564 4115 2694 4173; x_wconf 69' lang='lat' dir='ltr'><strong>suis</strong></span> <span class='ocrx_word' id='word_1_773' title='bbox 2730 4117 2920 4189; x_wconf 87' lang='lat' dir='ltr'><strong>legatis</strong></span> <span class='ocrx_word' id='word_1_774' title='bbox 2941 4164 2955 4189; x_wconf 95' lang='lat'><strong>,</strong></span> <span class='ocrx_word' id='word_1_775' title='bbox 3002 4121 3128 4178; x_wconf 92' lang='lat' dir='ltr'><strong>dolo</strong></span> <span class='ocrx_word' id='word_1_776' title='bbox 3156 4115 3486 4201; x_wconf 72' lang='lat' dir='ltr'><strong>peremptus</strong></span> <span class='ocrx_word' id='word_1_777' title='bbox 3512 4115 3611 4189; x_wconf 80' lang='lat' dir='ltr'><strong>est</strong></span> 
     </span>
     <span class='ocr_line' id='line_1_114' title="bbox 2014 4202 2453 4241; baseline 0 0"><span class='ocrx_word' id='word_1_778' title='bbox 2014 4202 2105 4241; x_wconf 92' lang='lat' dir='ltr'><strong>an.</strong></span> <span class='ocrx_word' id='word_1_779' title='bbox 2187 4226 2200 4241; x_wconf 96' lang='lat'><strong>.</strong></span> <span class='ocrx_word' id='word_1_780' title='bbox 2279 4228 2291 4241; x_wconf 92' lang='lat'><strong>.</strong></span> <span class='ocrx_word' id='word_1_781' title='bbox 2442 4227 2453 4241; x_wconf 93' lang='lat'><strong>.</strong></span> 
     </span>
    </p>
   </div>
   <div class='ocr_carea' id='block_1_110' title="bbox 2014 4202 2453 4241">
    <p class='ocr_par' dir='ltr' id='par_1_110' title="bbox 2014 4202 2453 4241">
     <span class='ocr_line' id='line_1_115' title="bbox 2014 4202 2453 4241; baseline 0 0"><span class='ocrx_word' id='word_1_782' title='bbox 2014 4202 2105 4241; x_wconf 89' lang='lat' dir='ltr'><strong>an.</strong></span> <span class='ocrx_word' id='word_1_783' title='bbox 2139 4202 2200 4241; x_wconf 85' lang='lat' dir='ltr'><strong>U.</strong></span> <span class='ocrx_word' id='word_1_784' title='bbox 2229 4202 2291 4241; x_wconf 69' lang='grc' dir='ltr'><strong>υ.</strong></span> <span class='ocrx_word' id='word_1_785' title='bbox 2326 4202 2453 4241; x_wconf 69' lang='grc'><strong>014.</strong></span> 
     </span>
    </p>
   </div>
   <div class='ocr_carea' id='block_1_111' title="bbox 2015 4258 3607 4388">
    <p class='ocr_par' dir='ltr' id='par_1_111' title="bbox 2015 4258 3607 4388">
     <span class='ocr_line' id='line_1_116' title="bbox 2015 4258 3607 4388; baseline 0.02 -83"><span class='ocrx_word' id='word_1_786' title='bbox 2015 4259 2427 4388; x_wconf 59' lang='lat' dir='ltr'><strong>lc;;(:ra10fes.</strong></span> <span class='ocrx_word' id='word_1_787' title='bbox 2486 4258 2620 4316; x_wconf 88' lang='lat' dir='ltr'><strong>Puta</strong></span> <span class='ocrx_word' id='word_1_788' title='bbox 2660 4261 3054 4331; x_wconf 84' lang='lat' dir='ltr'><strong>Quintilianum</strong></span> <span class='ocrx_word' id='word_1_789' title='bbox 3089 4274 3146 4323; x_wconf 88' lang='lat' dir='ltr'><strong>et</strong></span> <span class='ocrx_word' id='word_1_790' title='bbox 3188 4277 3481 4348; x_wconf 87' lang='lat' dir='ltr'><strong>utrumque</strong></span> <span class='ocrx_word' id='word_1_791' title='bbox 3506 4277 3607 4335; x_wconf 90' lang='lat' dir='ltr'><strong>Sc—</strong></span> 
     </span>
     <span class='ocr_line' id='line_1_117' title="bbox 2034 4348 2226 4386; baseline 0.021 -6"><span class='ocrx_word' id='word_1_792' title='bbox 2034 4348 2047 4386; x_wconf 79' lang='grc'><strong>1</strong></span> <span class='ocrx_word' id='word_1_793' title='bbox 2155 4348 2185 4384; x_wconf 85' lang='lat' dir='ltr'><strong>ll</strong></span> <span class='ocrx_word' id='word_1_794' title='bbox 2214 4371 2226 4384; x_wconf 88' lang='lat'><strong>.</strong></span> 
     </span>
    </p>
   </div>
   <div class='ocr_carea' id='block_1_112' title="bbox 2034 4348 2226 4386">
    <p class='ocr_par' dir='ltr' id='par_1_112' title="bbox 2034 4348 2226 4386">
     <span class='ocr_line' id='line_1_118' title="bbox 2034 4348 2226 4386; baseline -0.01 0"><span class='ocrx_word' id='word_1_795' title='bbox 2034 4348 2203 4386; x_wconf 87' lang='lat' dir='ltr'><strong>tccam</strong></span> <span class='ocrx_word' id='word_1_796' title='bbox 2214 4371 2226 4384; x_wconf 87' lang='lat'><strong>.</strong></span> 
     </span>
    </p>
   </div>
   <div class='ocr_carea' id='block_1_113' title="bbox 2088 4402 3569 4479">
    <p class='ocr_par' dir='ltr' id='par_1_113' title="bbox 2088 4402 3569 4479">
     <span class='ocr_line' id='line_1_119' title="bbox 2088 4402 3569 4479; baseline 0.011 -22"><span class='ocrx_word' id='word_1_797' title='bbox 2088 4404 2130 4435; x_wconf 81' lang='grc'><strong>²²</strong></span> <span class='ocrx_word' id='word_1_798' title='bbox 2157 4402 2547 4479; x_wconf 28' lang='lat' dir='ltr'><strong>‘Clarissimosh</strong></span> <span class='ocrx_word' id='word_1_799' title='bbox 2573 4413 2739 4479; x_wconf 71' lang='lat' dir='ltr'><strong>vates.</strong></span> <span class='ocrx_word' id='word_1_800' title='bbox 2818 4406 3096 4465; x_wconf 88' lang='lat' dir='ltr'><strong>Lucanum</strong></span> <span class='ocrx_word' id='word_1_801' title='bbox 3160 4412 3569 4479; x_wconf 79' lang='lat' dir='ltr'><strong>Cordubensem</strong></span> 
     </span>
    </p>
   </div>
   <div class='ocr_carea' id='block_1_114' title="bbox 2016 4465 3611 4555">
    <p class='ocr_par' dir='ltr' id='par_1_114' title="bbox 2016 4465 3611 4555">
     <span class='ocr_line' id='line_1_120' title="bbox 2016 4465 3611 4555; baseline 0.018 -30"><span class='ocrx_word' id='word_1_802' title='bbox 2016 4475 2315 4555; x_wconf 69' lang='lat' dir='ltr'><strong>Martialem</strong></span> <span class='ocrx_word' id='word_1_803' title='bbox 2373 4475 2549 4551; x_wconf 79' lang='lat' dir='ltr'><strong>Btlbili</strong></span> <span class='ocrx_word' id='word_1_804' title='bbox 2602 4477 2744 4555; x_wconf 74' lang='lat' dir='ltr'><strong>haud</strong></span> <span class='ocrx_word' id='word_1_805' title='bbox 2785 4465 3611 4555; x_wconf 28' lang='lat' dir='ltr'><strong>ignobilioppidovCehi&#39;beIii&#39;a;</strong></span> 
     </span>
    </p>
   </div>
   <div class='ocr_carea' id='block_1_115' title="bbox 2014 4544 3389 4630">
    <p class='ocr_par' dir='ltr' id='par_1_115' title="bbox 2014 4544 3389 4630">
     <span class='ocr_line' id='line_1_121' title="bbox 2014 4544 3389 4630; baseline 0.012 -29"><span class='ocrx_word' id='word_1_806' title='bbox 2014 4556 2221 4630; x_wconf 49' lang='lat' dir='ltr'><strong>natum;</strong></span> <span class='ocrx_word' id='word_1_807' title='bbox 2261 4547 2525 4630; x_wconf 60' lang='lat' dir='ltr'><strong>Senecam</strong></span> <span class='ocrx_word' id='word_1_808' title='bbox 2556 4544 3122 4630; x_wconf 38' lang='lat' dir='ltr'><strong>eumquijtragcedias</strong></span> <span class='ocrx_word' id='word_1_809' title='bbox 3140 4544 3389 4630; x_wconf 68' lang='lat' dir='ltr'><strong>scripsit.</strong></span> 
     </span>
    </p>
   </div>
   <div class='ocr_carea' id='block_1_116' title="bbox 2086 4618 3613 4697">
    <p class='ocr_par' dir='ltr' id='par_1_116' title="bbox 2086 4618 3613 4697">
     <span class='ocr_line' id='line_1_122' title="bbox 2086 4618 3613 4697; baseline 0.018 -27"><span class='ocrx_word' id='word_1_810' title='bbox 2086 4620 2131 4697; x_wconf 60' lang='grc' dir='ltr'><strong>ξ³</strong></span> <span class='ocrx_word' id='word_1_811' title='bbox 2174 4618 2334 4674; x_wconf 80' lang='lat' dir='ltr'><strong>Terra</strong></span> <span class='ocrx_word' id='word_1_812' title='bbox 2361 4618 2636 4697; x_wconf 57' lang='lat' dir='ltr'><strong>Cretensis.</strong></span> <span class='ocrx_word' id='word_1_813' title='bbox 2684 4618 2859 4697; x_wconf 84' lang='lat' dir='ltr'><strong>Insula</strong></span> <span class='ocrx_word' id='word_1_814' title='bbox 2903 4618 3040 4679; x_wconf 76' lang='lat' dir='ltr'><strong>haud</strong></span> <span class='ocrx_word' id='word_1_815' title='bbox 3087 4618 3314 4686; x_wconf 72' lang='lat' dir='ltr'><strong>multum</strong></span> <span class='ocrx_word' id='word_1_816' title='bbox 3344 4636 3613 4697; x_wconf 87' lang='lat' dir='ltr'><strong>distansa</strong></span> 
     </span>
    </p>
   </div>
   <div class='ocr_carea' id='block_1_117' title="bbox 2013 4692 3604 4782">
    <p class='ocr_par' dir='ltr' id='par_1_117' title="bbox 2013 4692 3604 4782">
     <span class='ocr_line' id='line_1_123' title="bbox 2013 4692 3604 4782; baseline 0.014 -36"><span class='ocrx_word' id='word_1_817' title='bbox 2013 4692 3121 4782; x_wconf 46' lang='lat' dir='ltr'><strong>Pelpp&#39;qnpeso...Iovithatalibus.inclyta</strong></span> <span class='ocrx_word' id='word_1_818' title='bbox 3156 4703 3333 4782; x_wconf 63' lang='lat' dir='ltr'><strong>(hodie</strong></span> <span class='ocrx_word' id='word_1_819' title='bbox 3357 4692 3604 4782; x_wconf 52' lang='lat' dir='ltr'><strong>Candie):</strong></span> 
     </span>
    </p>
   </div>
   <div class='ocr_carea' id='block_1_118' title="bbox 2090 4761 3610 4842">
    <p class='ocr_par' dir='ltr' id='par_1_118' title="bbox 2090 4761 3610 4842">
     <span class='ocr_line' id='line_1_124' title="bbox 2090 4761 3610 4842; baseline 0.016 -28"><span class='ocrx_word' id='word_1_820' title='bbox 2090 4762 2135 4795; x_wconf 61' lang='grc' dir='ltr'><strong>ιδ</strong></span> <span class='ocrx_word' id='word_1_821' title='bbox 2165 4761 2344 4842; x_wconf 67' lang='lat' dir='ltr'><strong>Delos.</strong></span> <span class='ocrx_word' id='word_1_822' title='bbox 2382 4764 2546 4842; x_wconf 68' lang='lat' dir='ltr'><strong>Maris</strong></span> <span class='ocrx_word' id='word_1_823' title='bbox 2572 4764 2745 4842; x_wconf 59' lang='grc' dir='ltr'><strong>ᾼΞεειξί</strong></span> <span class='ocrx_word' id='word_1_824' title='bbox 2778 4768 2950 4842; x_wconf 82' lang='lat' dir='ltr'><strong>insula</strong></span> <span class='ocrx_word' id='word_1_825' title='bbox 2977 4761 3051 4842; x_wconf 82' lang='lat' dir='ltr'><strong>ad</strong></span> <span class='ocrx_word' id='word_1_826' title='bbox 3066 4761 3227 4842; x_wconf 77' lang='lat' dir='ltr'><strong>quam</strong></span> <span class='ocrx_word' id='word_1_827' title='bbox 3254 4761 3610 4839; x_wconf 51' lang='lat' dir='ltr'><strong>mortalia}</strong></span> 
     </span>
    </p>
   </div>
   <div class='ocr_carea' id='block_1_119' title="bbox 2019 4835 3055 4911">
    <p class='ocr_par' dir='ltr' id='par_1_119' title="bbox 2019 4835 3055 4911">
     <span class='ocr_line' id='line_1_125' title="bbox 2019 4835 3055 4911; baseline 0.002 -20"><span class='ocrx_word' id='word_1_828' title='bbox 2019 4835 2212 4911; x_wconf 77' lang='lat' dir='ltr'><strong>Diana_</strong></span> <span class='ocrx_word' id='word_1_829' title='bbox 2217 4848 2267 4911; x_wconf 87' lang='lat' dir='ltr'><strong>et</strong></span> <span class='ocrx_word' id='word_1_830' title='bbox 2290 4835 2547 4911; x_wconf 50' lang='lat' dir='ltr'><strong>Apolline</strong></span> <span class='ocrx_word' id='word_1_831' title='bbox 2575 4835 2759 4911; x_wconf 63' lang='lat' dir='ltr'><strong>liberis</strong></span> <span class='ocrx_word' id='word_1_832' title='bbox 2793 4840 3055 4911; x_wconf 88' lang='lat' dir='ltr'><strong>adrepsit.</strong></span> 
     </span>
    </p>
   </div>
   <div class='ocr_carea' id='block_1_120' title="bbox 2090 4906 3611 4984">
    <p class='ocr_par' dir='ltr' id='par_1_120' title="bbox 2090 4906 3611 4984">
     <span class='ocr_line' id='line_1_126' title="bbox 2090 4906 3611 4984; baseline 0.017 -25"><span class='ocrx_word' id='word_1_833' title='bbox 2090 4909 2133 4939; x_wconf 78' lang='grc' dir='ltr'>ιδ</span> <span class='ocrx_word' id='word_1_834' title='bbox 2169 4907 2378 4984; x_wconf 59' lang='lat' dir='ltr'><strong>Thalia».</strong></span> <span class='ocrx_word' id='word_1_835' title='bbox 2414 4906 2623 4984; x_wconf 78' lang='lat' dir='ltr'><strong>Civitas</strong></span> <span class='ocrx_word' id='word_1_836' title='bbox 2667 4909 2891 4967; x_wconf 69' lang='lat' dir='ltr'><strong>Bmotia:</strong></span> <span class='ocrx_word' id='word_1_837' title='bbox 2932 4906 3187 4984; x_wconf 82' lang='lat' dir='ltr'><strong>primaria</strong></span> <span class='ocrx_word' id='word_1_838' title='bbox 3232 4919 3300 4977; x_wconf 88' lang='lat' dir='ltr'><strong>ad</strong></span> <span class='ocrx_word' id='word_1_839' title='bbox 3339 4921 3611 4984; x_wconf 89' lang='lat' dir='ltr'><strong>lsmenum</strong></span> 
     </span>
    </p>
   </div>
   <div class='ocr_carea' id='block_1_121' title="bbox 2015 4978 2735 5052">
    <p class='ocr_par' dir='ltr' id='par_1_121' title="bbox 2015 4978 2735 5052">
     <span class='ocr_line' id='line_1_127' title="bbox 2015 4978 2735 5052; baseline 0.001 -17"><span class='ocrx_word' id='word_1_840' title='bbox 2015 4978 2259 5052; x_wconf 69' lang='lat' dir='ltr'><strong>ﬂuvium.</strong></span> <span class='ocrx_word' id='word_1_841' title='bbox 2296 4980 2509 5052; x_wconf 80' lang='lat' dir='ltr'><strong>Pindari</strong></span> <span class='ocrx_word' id='word_1_842' title='bbox 2543 4984 2735 5052; x_wconf 86' lang='lat' dir='ltr'><strong>patria.</strong></span> 
     </span>
    </p>
   </div>
   <div class='ocr_carea' id='block_1_122' title="bbox 2091 5051 3614 5128">
    <p class='ocr_par' dir='ltr' id='par_1_122' title="bbox 2091 5051 3614 5128">
     <span class='ocr_line' id='line_1_128' title="bbox 2091 5051 3614 5128; baseline 0.017 -24"><span class='ocrx_word' id='word_1_843' title='bbox 2091 5051 2157 5108; x_wconf 70' lang='grc' dir='ltr'><strong>γ.</strong></span> <span class='ocrx_word' id='word_1_844' title='bbox 2186 5052 2304 5128; x_wconf 49' lang='grc' dir='ltr'><strong>-ζὲ</strong></span> <span class='ocrx_word' id='word_1_845' title='bbox 2339 5051 2554 5128; x_wconf 80' lang='lat' dir='ltr'><strong>Patris.</strong></span> <span class='ocrx_word' id='word_1_846' title='bbox 2582 5053 2634 5110; x_wconf 88' lang='lat' dir='ltr'><strong>Is</strong></span> <span class='ocrx_word' id='word_1_847' title='bbox 2686 5054 3027 5114; x_wconf 88' lang='lat' dir='ltr'><strong>Theodosius</strong></span> <span class='ocrx_word' id='word_1_848' title='bbox 3049 5057 3171 5128; x_wconf 88' lang='lat' dir='ltr'><strong>fuit,</strong></span> <span class='ocrx_word' id='word_1_849' title='bbox 3197 5079 3304 5120; x_wconf 92' lang='lat' dir='ltr'><strong>non</strong></span> <span class='ocrx_word' id='word_1_850' title='bbox 3329 5076 3389 5124; x_wconf 91' lang='lat' dir='ltr'><strong>ut</strong></span> <span class='ocrx_word' id='word_1_851' title='bbox 3410 5068 3614 5128; x_wconf 74' lang='lat' dir='ltr'><strong>Victori</strong></span> 
     </span>
    </p>
   </div>
   <div class='ocr_carea' id='block_1_123' title="bbox 2020 5123 2572 5196">
    <p class='ocr_par' dir='ltr' id='par_1_123' title="bbox 2020 5123 2572 5196">
     <span class='ocr_line' id='line_1_129' title="bbox 2020 5123 2572 5196; baseline 0 -17"><span class='ocrx_word' id='word_1_852' title='bbox 2020 5123 2215 5196; x_wconf 84' lang='lat' dir='ltr'><strong>placet,</strong></span> <span class='ocrx_word' id='word_1_853' title='bbox 2231 5124 2572 5179; x_wconf 85' lang='lat' dir='ltr'><strong>Theodorus.</strong></span> 
     </span>
    </p>
   </div>
   <div class='ocr_carea' id='block_1_124' title="bbox 1896 5194 3611 5275">
    <p class='ocr_par' dir='ltr' id='par_1_124' title="bbox 1896 5194 3611 5275">
     <span class='ocr_line' id='line_1_130' title="bbox 1896 5194 3611 5275; baseline 0.013 -23"><span class='ocrx_word' id='word_1_854' title='bbox 1896 5222 1945 5275; x_wconf 29' lang='grc' dir='ltr'><strong>,τ’</strong></span> <span class='ocrx_word' id='word_1_855' title='bbox 2094 5198 2113 5228; x_wconf 84' lang='grc'><em>³</em></span> <span class='ocrx_word' id='word_1_856' title='bbox 2148 5194 2519 5275; x_wconf 63' lang='lat' dir='ltr'><strong>Rhenus,_aut</strong></span> <span class='ocrx_word' id='word_1_857' title='bbox 2542 5196 2796 5275; x_wconf 65' lang='lat' dir='ltr'><strong>_Va[talt‘s._</strong></span> <span class='ocrx_word' id='word_1_858' title='bbox 2828 5198 2887 5255; x_wconf 91' lang='lat' dir='ltr'><strong>Id</strong></span> <span class='ocrx_word' id='word_1_859' title='bbox 2933 5204 3115 5275; x_wconf 74' lang='lat' dir='ltr'><strong>tangit</strong></span> <span class='ocrx_word' id='word_1_860' title='bbox 3148 5205 3395 5266; x_wconf 83' lang='lat' dir='ltr'><strong>Zosimus</strong></span> <span class='ocrx_word' id='word_1_861' title='bbox 3439 5213 3478 5269; x_wconf 91' lang='grc'><strong>1.</strong></span> <span class='ocrx_word' id='word_1_862' title='bbox 3512 5233 3566 5272; x_wconf 91' lang='lat' dir='ltr'><strong>tv</strong></span> <span class='ocrx_word' id='word_1_863' title='bbox 3597 5238 3611 5275; x_wconf 89' lang='lat'><strong>:</strong></span> 
     </span>
    </p>
   </div>
   <div class='ocr_carea' id='block_1_125' title="bbox 2008 5265 3616 5347">
    <p class='ocr_par' dir='ltr' id='par_1_125' title="bbox 2008 5265 3616 5347">
     <span class='ocr_line' id='line_1_131' title="bbox 2008 5265 3616 5347; baseline 0.009 -26"><span class='ocrx_word' id='word_1_864' title='bbox 2008 5265 2676 5347; x_wconf 61' lang='lat' dir='ltr'><strong>t’f&#39;ransrhenani_barbari,</strong></span> <span class='ocrx_word' id='word_1_865' title='bbox 2703 5271 2797 5347; x_wconf 64' lang='lat' dir='ltr'><strong>qui</strong></span> <span class='ocrx_word' id='word_1_866' title='bbox 2824 5265 3056 5343; x_wconf 58' lang='lat' dir='ltr'><strong>quandia</strong></span> <span class='ocrx_word' id='word_1_867' title='bbox 3081 5273 3330 5335; x_wconf 72' lang='lat' dir='ltr'><strong>Julianus</strong></span> <span class='ocrx_word' id='word_1_868' title='bbox 3356 5265 3616 5347; x_wconf 41' lang='lat' dir='ltr'><strong>magia;</strong></span> 
     </span>
    </p>
   </div>
   <div class='ocr_carea' id='block_1_126' title="bbox 2026 5364 3617 5502">
    <p class='ocr_par' dir='ltr' id='par_1_126' title="bbox 2026 5364 3617 5502">
     <span class='ocr_line' id='line_1_132' title="bbox 2026 5364 3617 5419; baseline -0.003 -13"><span class='ocrx_word' id='word_1_869' title='bbox 2026 5364 2146 5412; x_wconf 71' lang='lat' dir='ltr'><strong>tu&quot;.</strong></span> <span class='ocrx_word' id='word_1_870' title='bbox 2182 5364 2307 5394; x_wconf 75' lang='grc' dir='ltr'>δαιιδ</span> <span class='ocrx_word' id='word_1_871' title='bbox 2346 5364 2630 5396; x_wconf 71' lang='lat' dir='ltr'><strong>&quot;noueram</strong></span> <span class='ocrx_word' id='word_1_872' title='bbox 2671 5364 2717 5395; x_wconf 75' lang='grc' dir='ltr'>δι</span> <span class='ocrx_word' id='word_1_873' title='bbox 2746 5364 2894 5397; x_wconf 86' lang='lat' dir='ltr'><strong>nemo</strong></span> <span class='ocrx_word' id='word_1_874' title='bbox 2925 5364 3013 5400; x_wconf 77' lang='lat' dir='ltr'><strong>eos</strong></span> <span class='ocrx_word' id='word_1_875' title='bbox 3051 5364 3368 5419; x_wconf 79' lang='lat' dir='ltr'><strong>moteuaret,</strong></span> <span class='ocrx_word' id='word_1_876' title='bbox 3412 5364 3617 5419; x_wconf 68' lang='grc' dir='ltr'><strong>ιυιίαηί</strong></span> 
     </span>
     <span class='ocr_line' id='line_1_133' title="bbox 2026 5414 3617 5502; baseline 0.013 -35"><span class='ocrx_word' id='word_1_877' title='bbox 2026 5424 2188 5502; x_wconf 60' lang='lat' dir='ltr'><strong>mqrte</strong></span> <span class='ocrx_word' id='word_1_878' title='bbox 2214 5415 2485 5502; x_wconf 30' lang='lat' dir='ltr'><strong>utut-ciam,</strong></span> <span class='ocrx_word' id='word_1_879' title='bbox 2520 5414 2765 5502; x_wconf 79' lang='lat' dir='ltr'><strong>continuo</strong></span> <span class='ocrx_word' id='word_1_880' title='bbox 2792 5414 2993 5502; x_wconf 45' lang='lat' dir='ltr'><strong>sedibus</strong></span> <span class='ocrx_word' id='word_1_881' title='bbox 3023 5422 3471 5502; x_wconf 71' lang='lat' dir='ltr'><strong>rgressi.__l)ellum</strong></span> <span class='ocrx_word' id='word_1_882' title='bbox 3503 5450 3617 5489; x_wconf 80' lang='lat' dir='ltr'><strong>tuo-</strong></span> 
     </span>
    </p>
   </div>
   <div class='ocr_carea' id='block_1_127' title="bbox 2030 5484 3618 5563">
    <p class='ocr_par' dir='ltr' id='par_1_127' title="bbox 2030 5484 3618 5563">
     <span class='ocr_line' id='line_1_134' title="bbox 2030 5484 3618 5563; baseline 0.006 -26"><span class='ocrx_word' id='word_1_883' title='bbox 2030 5484 2269 5563; x_wconf 81' lang='lat' dir='ltr'><strong>vehant:</strong></span> <span class='ocrx_word' id='word_1_884' title='bbox 2315 5484 2577 5563; x_wconf 61' lang='lat' dir='ltr'><strong>adversum</strong></span> <span class='ocrx_word' id='word_1_885' title='bbox 2595 5500 2771 5563; x_wconf 82' lang='lat' dir='ltr'><strong>_quos_</strong></span> <span class='ocrx_word' id='word_1_886' title='bbox 2794 5484 3134 5563; x_wconf 64' lang='lat' dir='ltr'><strong>Theodosius</strong></span> <span class='ocrx_word' id='word_1_887' title='bbox 3171 5509 3200 5548; x_wconf 92' lang='lat' dir='ltr'><strong>a</strong></span> <span class='ocrx_word' id='word_1_888' title='bbox 3226 5484 3618 5563; x_wconf 25' lang='lat' dir='ltr'><strong>Vah-miniﬁvﬁo</strong></span> 
     </span>
    </p>
   </div>
   <div class='ocr_carea' id='block_1_128' title="bbox 2025 5556 3617 5634">
    <p class='ocr_par' dir='ltr' id='par_1_128' title="bbox 2025 5556 3617 5634">
     <span class='ocr_line' id='line_1_135' title="bbox 2025 5556 3617 5634; baseline 0.008 -27"><span class='ocrx_word' id='word_1_889' title='bbox 2025 5559 2224 5634; x_wconf 75' lang='lat' dir='ltr'><strong>missus</strong></span> <span class='ocrx_word' id='word_1_890' title='bbox 2259 5572 2389 5634; x_wconf 78' lang='lat' dir='ltr'><strong>anu.</strong></span> <span class='ocrx_word' id='word_1_891' title='bbox 2418 5556 2544 5634; x_wconf 81' lang='lat'><strong>566.</strong></span> <span class='ocrx_word' id='word_1_892' title='bbox 2583 5557 2865 5634; x_wconf 87' lang='lat' dir='ltr'><strong>_Bata_viam</strong></span> <span class='ocrx_word' id='word_1_893' title='bbox 2898 5575 2934 5634; x_wconf 78' lang='lat' dir='ltr'><strong>a</strong></span> <span class='ocrx_word' id='word_1_894' title='bbox 2972 5559 3193 5619; x_wconf 82' lang='lat' dir='ltr'><strong>Francis</strong></span> <span class='ocrx_word' id='word_1_895' title='bbox 3220 5577 3275 5621; x_wconf 92' lang='lat' dir='ltr'><strong>et</strong></span> <span class='ocrx_word' id='word_1_896' title='bbox 3308 5556 3617 5634; x_wconf 54' lang='grc' dir='ltr'><strong>δςιιοῇἰῖίιῇξ</strong></span> 
     </span>
    </p>
   </div>
   <div class='ocr_carea' id='block_1_129' title="bbox 2022 5629 3613 5706">
    <p class='ocr_par' dir='ltr' id='par_1_129' title="bbox 2022 5629 3613 5706">
     <span class='ocr_line' id='line_1_136' title="bbox 2022 5629 3613 5706; baseline 0.004 -22"><span class='ocrx_word' id='word_1_897' title='bbox 2022 5631 2214 5706; x_wconf 69' lang='lat' dir='ltr'><strong>piratis</strong></span> <span class='ocrx_word' id='word_1_898' title='bbox 2259 5629 2533 5706; x_wconf 78' lang='lat' dir='ltr'><strong>liberavit;</strong></span> <span class='ocrx_word' id='word_1_899' title='bbox 2559 5629 2861 5706; x_wconf 63' lang='lat' dir='ltr'><strong>Ammianus</strong></span> <span class='ocrx_word' id='word_1_900' title='bbox 2890 5630 2928 5706; x_wconf 81' lang='lat' dir='ltr'><strong>l_.</strong></span> <span class='ocrx_word' id='word_1_901' title='bbox 2952 5648 3098 5688; x_wconf 81' lang='lat' dir='ltr'><strong>xxvu</strong></span> <span class='ocrx_word' id='word_1_902' title='bbox 3122 5678 3137 5702; x_wconf 97' lang='lat'><strong>,</strong></span> <span class='ocrx_word' id='word_1_903' title='bbox 3169 5652 3347 5701; x_wconf 79' lang='lat' dir='ltr'><strong>xxvm</strong></span> <span class='ocrx_word' id='word_1_904' title='bbox 3372 5655 3419 5699; x_wconf 70' lang='grc' dir='ltr'>ει</span> <span class='ocrx_word' id='word_1_905' title='bbox 3460 5629 3613 5706; x_wconf 43' lang='lat' dir='ltr'><strong>xi};</strong></span> 
     </span>
    </p>
   </div>
   <div class='ocr_carea' id='block_1_130' title="bbox 2097 5700 3619 5780">
    <p class='ocr_par' dir='ltr' id='par_1_130' title="bbox 2097 5700 3619 5780">
     <span class='ocr_line' id='line_1_137' title="bbox 2097 5700 3619 5780; baseline 0.032 -49"><span class='ocrx_word' id='word_1_906' title='bbox 2097 5700 2119 5731; x_wconf 70' lang='lat'><strong><em>3</em></strong></span> <span class='ocrx_word' id='word_1_907' title='bbox 2150 5701 2465 5780; x_wconf 34' lang='lat' dir='ltr'><strong>‘s-armguca</strong></span> <span class='ocrx_word' id='word_1_908' title='bbox 2500 5703 2658 5780; x_wconf 55' lang='lat' dir='ltr'><strong>cinae.</strong></span> <span class='ocrx_word' id='word_1_909' title='bbox 2705 5701 2847 5780; x_wconf 76' lang='lat' dir='ltr'><strong>Idem</strong></span> <span class='ocrx_word' id='word_1_910' title='bbox 2897 5700 3175 5780; x_wconf 72' lang='lat' dir='ltr'><strong>Sarmatas</strong></span> <span class='ocrx_word' id='word_1_911' title='bbox 3216 5700 3289 5767; x_wconf 7' lang='lat' dir='ltr'><strong>adi</strong></span> <span class='ocrx_word' id='word_1_912' title='bbox 3321 5700 3619 5780; x_wconf 67' lang='lat' dir='ltr'><strong>Danubium</strong></span> 
     </span>
    </p>
   </div>
   <div class='ocr_carea' id='block_1_131' title="bbox 2023 5773 3577 5859">
    <p class='ocr_par' dir='ltr' id='par_1_131' title="bbox 2023 5773 3577 5859">
     <span class='ocr_line' id='line_1_138' title="bbox 2023 5773 3577 5859; baseline 0.012 -32"><span class='ocrx_word' id='word_1_913' title='bbox 2023 5773 2284 5859; x_wconf 72' lang='lat' dir='ltr'><strong>obtrivit;</strong></span> <span class='ocrx_word' id='word_1_914' title='bbox 2331 5774 2521 5859; x_wconf 79' lang='lat' dir='ltr'><strong>Scotos</strong></span> <span class='ocrx_word' id='word_1_915' title='bbox 2562 5774 2893 5857; x_wconf 56' lang='lat' dir='ltr'><strong>Britanniam</strong></span> <span class='ocrx_word' id='word_1_916' title='bbox 2941 5777 3258 5859; x_wconf 70' lang='lat' dir='ltr'><strong>populantes</strong></span> <span class='ocrx_word' id='word_1_917' title='bbox 3295 5773 3577 5859; x_wconf 68' lang='lat' dir='ltr'><strong>dissipavii</strong></span> 
     </span>
    </p>
   </div>
   <div class='ocr_carea' id='block_1_132' title="bbox 2022 5839 3616 5936">
    <p class='ocr_par' dir='ltr' id='par_1_132' title="bbox 2022 5839 3616 5936">
     <span class='ocr_line' id='line_1_139' title="bbox 2022 5839 3616 5936; baseline 0.014 -41"><span class='ocrx_word' id='word_1_918' title='bbox 2022 5846 2328 5936; x_wconf 44' lang='lat' dir='ltr'><strong>[findiuum</strong></span> <span class='ocrx_word' id='word_1_919' title='bbox 2365 5849 2537 5936; x_wconf 69' lang='lat' dir='ltr'><strong>victor</strong></span> <span class='ocrx_word' id='word_1_920' title='bbox 2583 5848 2898 5919; x_wconf 85' lang='lat' dir='ltr'><strong>ingressus;</strong></span> <span class='ocrx_word' id='word_1_921' title='bbox 2941 5839 3025 5907; x_wconf 61' lang='grc' dir='ltr'>’δι’</span> <span class='ocrx_word' id='word_1_922' title='bbox 3062 5839 3616 5936; x_wconf 82' lang='lat' dir='ltr'><strong>Mauros</strong></span> 
     </span>
    </p>
   </div>
   <div class='ocr_carea' id='block_1_133' title="bbox 2023 5916 2618 5975">
    <p class='ocr_par' dir='ltr' id='par_1_133' title="bbox 2023 5916 2618 5975">
     <span class='ocr_line' id='line_1_140' title="bbox 2023 5916 2618 5975; baseline 0 0"><span class='ocrx_word' id='word_1_923' title='bbox 2023 5916 2329 5975; x_wconf 73' lang='lat' dir='ltr'><strong>Ammianus</strong></span> <span class='ocrx_word' id='word_1_924' title='bbox 2371 5917 2411 5973; x_wconf 88' lang='grc' dir='ltr'>ι.</span> <span class='ocrx_word' id='word_1_925' title='bbox 2444 5933 2618 5975; x_wconf 77' lang='lat' dir='ltr'><strong>xxvu.</strong></span> 
     </span>
    </p>
   </div>
  </div>
