3950 6350
367 323 476 380 485

1567 317 2001 381 τηεοῡοειυε
2037 319 2126 380 ΕΤ
2168 319 2504 382 ΡΑϐΔτυῦ.

3475 284 3477 286 ’
3577 322 3683 380 tst

369 439 501 494 tanti
532 445 752 509 praestet
786 445 932 510 gesta
963 437 1016 494 in
1048 452 1316 492 summam
1346 436 1556 495 referre
1579 479 1592 502 ,
1643 452 1808 507 quam
1834 451 1968 492 enu-
1995 448 2052 512 Α
2074 452 2176 506 que
2205 437 2416 506 species
2449 435 2736 506 plurimum
2761 434 3004 494 creditur
3027 435 3245 494 trahere
3267 436 3337 493 de
3359 435 3526 495 mlo.
3554 438 3684 493 Sive

369 530 630 588 merando
661 539 907 588 tenuare.
954 530 1168 587 Dixisse
1206 529 1441 586 sufficiat
1484 545 1648 586 unum
1697 529 1848 584 illum
1889 528 1972 582 di-

369 628 570 684 vinitus
589 628 860 682 exstitisse
882 626 935 681 in
962 641 1070 696 quo
1094 625 1324 681 virtutes
1335 624 1497 679 simul
1518 640 1708 680 omnes
1728 623 1974 693 vigerent

367 735 489 791 qua:
534 707 760 790 singulae
805 719 860 774 in
897 718 1150 774 omnibus
1201 718 1584 788 prmtlicnnlur.
1634 715 1718 771 Au
1765 715 1811 771 si
1853 714 1972 786 ejus

363 795 566 870 siccqu
597 827 716 868 mos
745 812 838 870 ille
862 813 1090 869 vixisset
1129 828 1237 884 quo
1269 812 1500 868 Ruinam
1545 810 1716 867 duces
1747 808 1768 840 ⁸
1794 809 1972 864 Hace-

367 906 579 970 donici,
611 907 631 938 ⁸
659 906 892 974 Cretici,
933 905 954 936 ‘
984 905 1296 962 Numantini
1327 906 1396 964 tle
1425 905 1704 963 vocabulis
1727 905 1970 975 gentium

365 1001 712 1058 subactarum
760 1000 1074 1072 adoptivum
1125 1003 1336 1072 insigne
1389 1000 1678 1056 sumebant
1721 1017 1733 1054 :
1775 1001 1972 1071 jnonne

365 1095 528 1154 hodie
556 1096 807 1167 pauciora
839 1096 892 1152 in
927 1096 1205 1152 annalium
1236 1096 1652 1166 scriniisquam
1680 1097 1734 1152 in
1777 1104 1971 1151 vestra:

367 1189 564 1245 domus
608 1191 780 1246 titulis
825 1199 1186 1261 cognomenta
1246 1190 1555 1261 legerentur
1594 1207 1610 1255 ;
1677 1204 1802 1246 cum
1854 1189 1972 1260 ipse

367 1282 692 1349 Saxonicus,
716 1283 832 1352 ipse
860 1283 1222 1349 Sarmaticus,
1255 1283 1371 1354 ipse
1399 1283 1792 1339 Alamannicus
1817 1284 1968 1340 dice-

367 1383 518 1431 retur
541 1419 556 1444 ,
610 1383 666 1430 et
705 1385 966 1446 quantum
1011 1384 1119 1432 tota
1161 1376 1470 1446 respublica
1503 1375 1670 1434 habet
1707 1376 1967 1442 hostium,

364 1474 573 1522 tantum
605 1483 708 1522 una
738 1467 942 1522 familia
968 1467 1282 1523 ostenderet
1305 1477 1362 1524 et
1402 1467 1841 1539 triiuupborum?

438 1558 526 1616 Vl.
571 1567 597 1596 ⁸
627 1559 732 1616 Sed
775 1561 903 1632 quid
944 1575 1168 1618 necesse
1211 1571 1298 1618 est
1337 1560 1478 1618 mitti
1521 1563 1576 1618 in
1633 1562 1966 1632 pmteritunt

364 1650 700 1723 diligentiam
729 1653 1045 1708 curiosam?
1088 1655 1326 1722 Patrem,
1358 1652 1682 1724 Imperator,
1718 1663 1866 1709 tuum
1898 1653 1972 1710 de

370 1755 422 1802 te
469 1743 825 1802 azstimemus.
885 1745 996 1802 Nec
1037 1746 1278 1803 diflicilis
1319 1746 1648 1817 conjectatio
1687 1755 1792 1804 est.
1835 1746 1970 1802 Nam

2075 533 2221 589 enim
2249 532 2466 588 divinus
2496 532 2588 588 ille
2616 533 2831 588 animus
2857 543 3122 589 venturus
3151 534 3204 589 in
3226 543 3426 603 corpus
3454 533 3681 604 dignum

2078 626 2227 694 prius
2255 627 2276 658 ¹
2306 633 2542 680 metatur
2572 623 2900 694 hospitium;
2931 627 3067 693 sive,
3096 641 3220 682 cum
3253 626 3496 691 venerit,
3531 623 3690 696 ﬁngit

2077 719 2446 776 habitaculum
2479 735 2576 790 pro
2604 719 2788 774 habitu
2840 735 2982 786 suo;
3033 721 3148 776 sive
3188 718 3338 777 aliud
3381 735 3448 775 ex
3504 720 3684 775 altero

2073 812 2292 875 crescit,
2323 823 2400 880 et,
2427 826 2550 868 cum
2583 827 2643 868 se
2672 811 2822 883 paria
2851 812 3189 883 junxerunt,
3214 827 3447 884 utraque
3472 812 3683 882 majora

2074 915 2242 973 sunt,
2293 923 2510 976 parcam
2552 921 2808 962 arcanum
2840 908 3068 963 caeleste
3108 908 3316 962 rimari.
3370 905 3492 962 Tibi
3537 905 3684 961 istud

2074 1001 2174 1055 soli
2207 1009 2409 1072 pateat,
2435 1003 2754 1069 imperator.
2778 1001 2799 1033 ³
2820 1017 2942 1057 eum
2976 1001 3080 1057 deo
3101 1010 3358 1058 consorte
3383 1010 3681 1058 secretum.

2073 1094 2210 1150 Illud
2240 1095 2418 1151 dicam
2447 1095 2590 1167 quod
2620 1094 2964 1153 intellexisse
3011 1095 3286 1152 hominem
3314 1129 3330 1162 ,~
3379 1103 3438 1150 et
3475 1094 3684 1152 dixisse

2075 1187 2156 1243 fas
2186 1196 2305 1244 est:
2347 1191 2512 1246 talem
2540 1203 2666 1246 esse
2695 1189 2900 1246 debere
2928 1189 3018 1260 qui
3063 1204 3093 1246 a
3121 1189 3374 1260 gentibus
3399 1188 3680 1255 aduratur;

2073 1286 2158 1341 cui
2207 1295 2321 1343 toto
2350 1287 2482 1344 orbe
2521 1297 2788 1344 terrarum
2837 1287 3045 1359 privata
3074 1329 3091 1355 ,
3145 1289 3234 1346 vel
3286 1289 3504 1360 publica
3557 1301 3682 1344 vota

2074 1381 2412 1447 redduntur;
2441 1395 2472 1435 a
2501 1395 2610 1452 quo
2636 1380 2773 1453 petit
2800 1383 3150 1452 navigaturus
3179 1397 3435 1437 serenum
3455 1421 3469 1443 .
3520 1396 3682 1452 perc-

2071 1474 2390 1544 grinaturus
2419 1475 2677 1542 reditum,
2717 1483 3054 1546 pugnaturus
3083 1475 3408 1541 auspicium.

2147 1566 2262 1622 VII.
2295 1567 2528 1632 Dudum,
2562 1577 2618 1622 ut
2663 1568 2843 1633 video,
2875 1567 3186 1638 dedignaris
3222 1570 3364 1626 hanc
3404 1569 3677 1640 gloriam;

2073 1662 2169 1718 sed
2201 1673 2386 1733 patere
2415 1664 2430 1694 ί
2465 1678 2530 1718 ea
2558 1678 2586 1718 a
2617 1678 2703 1718 me
2742 1663 2796 1718 in
2824 1661 3044 1718 laudum
3091 1671 3304 1718 tuarum
3361 1672 3514 1734 parte
3552 1677 3682 1719 con-

2073 1758 2244 1822 stitui,
2273 1773 2394 1827 quae
2424 1757 2674 1813 solebant
2704 1758 2758 1812 in
2789 1757 2910 1811 aliis
2941 1757 3056 1814 sola
3101 1756 3330 1813 laudari.
3372 1756 3564 1814 Virtus
3592 1766 3680 1812 tua

372 1856 495 1895 cum
535 1839 646 1896 duo
675 1841 786 1896 sint
815 1857 934 1912 qua:
962 1842 1140 1897 claros
1167 1839 1336 1897 duces
1362 1841 1564 1896 faciant
1587 1859 1600 1894 :
1622 1855 1837 1898 summa
1868 1841 1976 1897 vir-
2009 1853 2052 1911 Β
2082 1851 2281 1906 meruit
2320 1850 2626 1919 imperium,
2672 1849 2766 1906 sed
2796 1850 2978 1906 virtuti
3027 1849 3237 1906 addidit
3264 1852 3434 1906 [arma
3485 1849 3684 1906 sum-3..

372 1945 480 2000 tus,
511 1949 829 2003 summaque
862 1933 1129 1999 felicitas;
1163 1934 1304 1990 scire
1335 1935 1556 1990 obvium
1588 1943 1670 1989 est
1701 1948 1804 2004 qua
1839 1949 1976 2004 pra:-

2078 1943 2248 2012 gium.
2285 1941 2376 1998 Illa
2410 1943 2661 2014 praestitit
2700 1953 2760 1998 ut
2788 1951 3074 2014 oporteret
3098 1953 3151 1999 te
3196 1942 3497 2014 principem
3535 1943 3682 2009 ﬁeri,

368 2027 512 2084 ditus
538 2028 700 2085 fuerit
728 2029 928 2084 virtute
951 2029 966 2059 ¹
999 2027 1092 2100 qui
1125 2037 1180 2083 te
1204 2010 1390 2083 docuit
1412 2072 1426 2096 ,
1475 2044 1578 2098 qua
1610 2026 1770 2084 fuerit
1804 2027 1963 2084 felici-

2079 2010 2197 2094 haee
2225 2045 2284 2092 ut
2307 2010 2550 2094 deceret.
2585 2039 2668 2092 An
2694 2010 3150 2108 veru-quidquam
3197 2010 3458 2108 putamus
3484 2036 3540 2092 in
3583 2037 3683 2091 im-

367 2133 478 2178 tate
527 2121 783 2194 prseditus
830 2122 925 2195 qui
977 2131 1030 2178 te
1078 2122 1286 2193 genuit.
1335 2122 1379 2178 0
1426 2121 1591 2194 digna
1642 2123 1972 2193 imperatore

367 2218 640 2282 nobilitas,
674 2216 702 2255 ι’
727 2217 845 2288 ejus
875 2231 998 2274 esse
1027 2217 1198 2272 filium
1229 2215 1552 2287 principem,
1586 2218 1680 2288 qui
1711 2218 1968 2288 princeps

368 2327 489 2368 esse
520 2312 804 2379 debuerit,
835 2313 925 2383 qui
957 2313 1099 2366 hunc
1128 2311 1354 2366 Romani
1391 2310 1587 2380 fastigii
1615 2313 1826 2381 apicem
1861 2327 1970 2366 non

367 2407 544 2461 solum
577 2405 892 2462 fortitudine
919 2416 1083 2477 atque
1113 2405 1412 2475 Sapientia,
1455 2405 1550 2460 sed
1579 2405 1780 2461 decore
1802 2404 1968 2460 etiam

366 2503 618 2573 corporis
641 2511 698 2556 et
722 2501 986 2573 dignitate
1017 2502 1256 2572 potuerit
1275 2501 1526 2572 aequare!
1553 2499 1711 2556 Velut
1744 2510 1830 2556 tua
1853 2499 1972 2557 lucc

368 2597 542 2651 forma
571 2594 919 2662 venerabilis,
945 2611 1103 2663 quam
1133 2593 1366 2649 fortuna:
1392 2609 1506 2648 sum
1535 2608 1632 2664 par
1655 2593 1776 2648 est!
1807 2608 1970 2661 quam

250 2710 258 2717 -
366 2690 527 2763 loiige
571 2691 785 2762 lateque
823 2689 1115 2760 conspicua
1146 2688 1493 2746 commendat
1530 2673 1859 2760 imperium!
1901 2688 1972 2746 Ut

368 2785 528 2855 plane
557 2784 610 2838 in
638 2783 894 2854 ambiguo
921 2782 994 2859 sit
1022 2789 1278 2838 utrumne
1307 2791 1358 2838 te
1391 2783 1560 2853 magis
1587 2783 1787 2838 nostris
1815 2798 1968 2838 meu-

367 2879 516 2935 tibus
561 2879 764 2942 virtus,
816 2893 883 2933 an
927 2878 1206 2934 obtutibus
1254 2877 1440 2933 vultus
1483 2879 1741 2934 insinuet.
1776 2888 1800 2916 ο
1847 2877 1968 2933 Non

367 2974 565 3028 frustra
614 2972 774 3045 plane
817 2972 1075 3043 Opinione
1123 2971 1448 3043 sapientium
1493 2971 1586 3043 qui
1639 2970 1972 3027 naturalium

366 3077 636 3126 momenta
666 3083 952 3125 causarum
984 3067 1232 3123 subtilius
1263 3067 1520 3123 sciscitati
1547 3109 1563 3134 ,
1606 3067 1825 3124 arcanis
1852 3081 1966 3123 cus-

364 3165 590 3222 lestibus
617 3163 825 3220 nobiles
853 3177 1012 3220 curas
1039 3161 1363 3230 intulerunt,
1395 3160 1782 3234 augustissima
1811 3175 1965 3232 qua:-

2081 2130 2216 2200 perii
2246 2129 2324 2185 tui
2353 2129 2728 2186 declaratione
2766 2129 3130 2201 prateritum,
3156 2145 3280 2187 curn
3311 2130 3534 2186 ductam
3557 2145 3683 2186 esse

2073 2226 2339 2279 rationem
2391 2224 2636 2293 ipsorum
2681 2223 2848 2279 etiam
2876 2222 3160 2279 videamus
3182 2225 3204 2256 '
3232 2223 3545 2279 annorum?
3576 2222 3686 2280 Cu-

2071 2319 2160 2390 jus
2186 2317 2406 2390 quidem
2450 2319 2528 2374 rei
2561 2327 2709 2374 tanta
2736 2317 2834 2375 fuit
2862 2331 2992 2375 cura
3021 2318 3337 2390 majoribus,
3367 2330 3426 2376 ut
3451 2335 3560 2387 non
3594 2335 3682 2375 so:

2071 2412 2182 2468 lutn
2210 2412 2230 2442 ³
2263 2411 2316 2466 in
2344 2411 2696 2480 amplissimis
2727 2411 3132 2483 magistratibus
3167 2411 3560 2484 adipiscendis,
3587 2412 3684 2468 sed

2072 2507 2128 2562 in
2179 2505 2430 2576 praetoris
2481 2521 2724 2578 quoque,
2781 2514 2880 2561 aut
2933 2505 3286 2562 aedilitatibus
3328 2505 3686 2577 capessendis

2071 2609 2206 2656 artas
2244 2611 2487 2670 spectata
2525 2602 2600 2654 sit
2625 2598 2944 2670 petitorum,
2993 2612 3096 2655 nec
3131 2598 3418 2670 quisquam
3466 2609 3682 2654 tantum

2073 2693 2312 2748 valuerit
2353 2692 2660 2760 nobilitate,
2696 2693 2782 2748 vel
2825 2692 3024 2764 gratia,
3059 2693 3146 2749 vel
3177 2692 3423 2764 pecunia,
3462 2693 3556 2764 qui
3585 2709 3683 2749 an-

2073 2804 2172 2844 nos
2207 2788 2227 2819 δ
2251 2787 2512 2844 cinitiali
2542 2787 2662 2858 lege
2707 2787 3056 2859 praescriptos
3080 2787 3348 2844 festinatis
3376 2789 3686 2844 honoribus

2071 2883 2368 2954 iteeuparit.
2395 2881 2506 2938 Nec
2528 2881 2728 2951 injuria
2760 2880 2812 2935 id
2839 2881 3082 2950 quidem.
3121 2880 3262 2937 Nam
3295 2890 3350 2937 et
3368 2878 3397 2918 ά
3424 2883 3519 2953 qui
3547 2897 3683 2936 ven-

2071 2976 2178 3032 turi
2216 2985 2342 3031 sunt
2371 2975 2428 3031 in
2451 2975 2686 3031 virtutis
2707 2975 3086 3044 adOptioueu,
3109 2975 3212 3032 illo
3239 2985 3417 3032 tamen
3461 2975 3682 3032 adoles—

2070 3068 2263 3124 centia:
2297 3067 2526 3135 lubrico,
2561 3077 2584 3104 θ
2628 3076 2688 3122 ut
2730 3082 2837 3124 non
2883 3068 3106 3138 cadam,
3147 3069 3398 3125 titubant.
3433 3069 3519 3125 An
3569 3081 3682 3124 non

2069 3163 2404 3218 clarissimos
2431 3161 2668 3219 nominis
2691 3161 2922 3219 Enniani
2947 3163 3098 3220 viros
3114 3163 3137 3196 ⁸
3165 3163 3348 3221 Sullas
3365 3203 3388 3233 ν
3412 3162 3642 3222 Gaetulos
3658 3203 3680 3232 ,

1752 3285 1790 3339 ‘l

437 3390 464 3419 ι
493 3379 598 3452 Sed
647 3379 777 3452 quid
818 3396 956 3451 opus
1001 3378 1314 3452 diligentius
1357 3385 1414 3436 et
1448 3284 1963 3436 curiosiuslierri'iii

2073 3284 2312 3340 L'I‘ATIO.
3537 3323 3539 3325 .

2073 3377 2168 3452 qui
2196 3391 2376 3452 rerum
2426 3375 2754 3432 naturalium
2783 3390 2976 3432 cauus
3001 3375 3675 3452 curiosiusgpersuuuui,

361 3453 506 3524 circa
540 3451 591 3507 id
622 3451 766 3524 quod
797 3451 1138 3524 praeteritum
1168 3452 1292 3507 est?

434 3521 462 3563 δ
495 3524 626 3592 Ejus
643 3519 775 3579 esse
799 3519 981 3579 lilium
1009 3565 1024 3589 ,
1067 3525 1156 3594 qui
1201 3524 1497 3592 imperator
1523 3537 1648 3578 esse
1676 3519 1958 3594 debuerit,

362 3597 567 3667 quique
593 3610 906 3667 supremam
935 3593 1365 3651 hanc'Romanae
1391 3596 1702 3666 reipublicin
1730 3593 1963 3664 dignita-

365 3677 471 3724 lein
505 3669 782 3732 meruerit,
810 3685 918 3723 non
950 3679 1317 3732 tantum,ietc.

441 3750 463 3779 ο
496 3738 614 3796 Non
648 3749 852 3796 temere
881 3740 1128 3796 creditur
1163 3741 1314 3810 juxta
1353 3747 1592 3796 mentem
1638 3735 1965 3807 sapientium

2067 3447 2312 3520 caelestia
2341 3462 2538 3503 arcana
2569 3463 2758 3519 magna
2786 3463 2910 3505 cum
2937 3463 3072 3505 cura
3112 3448 3436 3520 investigent
3456 3485 3480 3514 ,ι
3530 3464 3676 3518 prie-

2067 3519 2458 3602 stantissimam
2498 3534 2770 3592 quamque
2811 3521 3040 3578 formam
3071 3535 3106 3576 e
3129 3521 3270 3577 ctelo
3309 3521 3512 3576 dueere
3556 3520 3678 3576 ori-

2066 3607 2340 3730 εηέιεᾶιιίοε
2370 3662 2546 3720 virtus
2571 3662 2674 3719 sibi
2705 3663 3079 3735 mancipatum
3103 3674 3212 3722 est.

2146 3746 2169 3773 ο
2196 3737 2310 3791 Etsi
2344 3750 2452 3790 non
2481 3735 2736 3791 labuntur
2771 3736 2823 3791 in
2856 3736 3058 3794 scelus.

1901 3850 2134 3912 NOTAE.

437 3953 453 3985 ¹
500 3950 843 4007 Macedonici.
895 3949 1176 4022 Philippus
1225 3949 1518 4008 Alexandri
1549 3948 1728 4021 magni
1802 3958 1957 4020 pater

361 4040 458 4083 rex
490 4023 866 4080 Macedonum.

433 4100 452 4129 '
485 4093 690 4152 Cretici.
740 4095 877 4151 Puta
909 4093 1180 4151 Metellum
1201 4136 1218 4162 ,
1269 4093 1342 4161 ob
1367 4089 1688 4150 Cretensem
1723 4092 1954 4148 insulam

361 4186 450 4238 an.
487 4169 550 4225 U.
581 4167 642 4224 C.
697 4169 802 4224 687
831 4167 1456 4238 expugnatam,idictum
1485 4165 1783 4222 Creticum.
1819 4164 1958 4221 Vide

358 4237 579 4296 Florum
609 4243 646 4297 ι.
675 4241 736 4296 lIl
759 4284 773 4306 ,
804 4259 850 4298 c.
886 4243 940 4306 7,
971 4240 1034 4294 de
1058 4239 1190 4294 bello
1220 4237 1442 4295 Cretico.

429 4314 450 4346 ³
483 4311 818 4371 Numantini.
875 4311 1080 4379 Nempe
1109 4311 1418 4377 Scipionem
1464 4307 1668 4365 dictum
1701 4308 1954 4364 AEmilia—

360 4401 487 4440 num
528 4394 622 4440 aut
665 4385 948 4443 Juuinretn
980 4383 1492 4448 Africanum,Pattli
1524 4381 1732 4438 Emiiii
1757 4382 1952 4447 lilium,

357 4472 388 4510 a
416 4459 672 4528 Scipione
700 4460 953 4514 Africano
983 4457 1300 4525 adoptatum
1319 4497 1332 4521 ,
1383 4456 1474 4528 qui
1505 4457 1576 4510 oh
1606 4454 1960 4510 Numantiam

357 4546 445 4582 an.
482 4527 545 4584 U.
574 4528 635 4583 C.
661 4531 760 4586 62!
797 4544 1042 4585 eversam
1074 4528 1248 4584 uirtus
1276 4538 1363 4584 est
1392 4527 1766 4582 Numantinus.

433 4600 518 4654 Vl.
539 4629 610 4641 —
628 4602 644 4632 ¹
681 4603 782 4669 Qui
801 4613 846 4655 te
869 4600 1067 4656 docuit.
1083 4600 1138 4656 ω
1160 4610 1266 4668 est,
1282 4615 1481 4670 parens
1507 4600 1604 4670 qui
1629 4598 1760 4654 lead
1783 4606 1956 4654 artem

357 4672 608 4729 bellicam
651 4672 829 4728 CI'IItlil
843 4672 904 4726 it.

432 4767 453 4797 ²
478 4763 706 4820 Metutur
749 4763 1052 4829 hospitium.
1103 4763 1366 4832 Respexit.
1397 4762 1464 4819 ad
1494 4763 1670 4817 locum
1705 4761 1951 4817 Eumenii

359 4841 518 4910 plane
557 4837 791 4910 similem
826 4855 879 4889 n.
913 4837 975 4889 Π
1003 4835 1302 4910 (initiorum
1343 4836 1561 4910 actionis
1588 4851 1608 4888 :
1642 4853 1666 4886 ο
1693 4834 1954 4910 Naturam

355 4905 529 4980 ipsam
573 4909 780 4980 magnis
831 4908 1103 4963 nantibus
1152 4906 1432 4980 domicilia
1465 4921 1756 4980 corporum
1780 4905 1955 4980 digna

359 4977 570 5038 tiretari.
606 5000 625 5033 ι
663 4977 726 5036 Ει
770 4995 898 5036 vero
940 4989 1125 5033 notum
1159 4989 1242 5033 est
1278 4979 1565 5050 Ethinpas
1614 4986 1674 5032 et
1700 4977 1859 5032 Indos
1894 4978 1954 5050 in

355 5071 482 5122 rege
507 5052 794 5124 deligendo
816 5052 864 5106 id
895 5053 1134 5122 primum
1169 5049 1708 5124 observase'sol'itns,
1726 5122 1733 5124 _
1752 5059 1808 5103 ut
1835 5049 1956 5104 aliis

355 5125 608 5196 regendis
623 5122 722 5192 'qui
753 5133 1218 5196 prmpnnerentur,
1264 5122 1461 5196 insigni
1499 5132 1552 5196 et
1585 5122 1801 5196 excelsa
1832 5135 1957 5196 egr-

353 5190 500 5268 poris
549 5190 766 5254 statura
810 5190 1206 5268 praisellerent.
1251 5190 1589 5267 (Asianum
1627 5195 1664 5250 ι.
1720 5208 1800 5248 vis
1853 5190 1960 5247 Po-

351 5271 480 5326 litic.
496 5271 542 5342 ).

429 5361 598 5418 ‘Cum
641 5363 738 5418 deo
783 5370 1040 5417 consorte.
1073 5359 1208 5415 Cum
1250 5371 1318 5414 eo
1360 5358 1541 5431 genio,
1571 5359 1666 5431 qui
1710 5356 1956 5431 consiliis

295 5477 304 5484 .
356 5435 457 5490 tuis
491 5445 704 5500 prteest.
729 5433 962 5491 Veteres
981 5444 1132 5488 erant
1163 5435 1214 5486 in
1245 5447 1305 5487 ea
1337 5429 1616 5501 opinione,
1649 5445 1803 5483 suum
1835 5429 1952 5484 uni-

353 5509 565 5578 cuique,
603 5508 652 5561 i-u
683 5508 872 5578 primis
895 5521 1024 5562 vero
1056 5506 1478 5574 imperatoribus
1495 5505 1713 5577 genium
1735 5501 1946 5557 adesse.

424 5601 537 5657 VII.
569 5599 785 5656 -¹Εα
833 5619 866 5655 a
917 5618 1016 5656 me.
1065 5597 1154 5655 Fr.
1213 5597 1461 5654 Balduiui
1516 5597 1950 5652 emendationem

247 5679 256 5690 '
352 5689 572 5744 sequor,
603 5688 726 5728 cum
758 5674 810 5729 in
843 5673 1081 5728 Puteana
1102 5669 1341 5744 editione
1370 5671 1470 5732 sit.
1509 5669 1600 5744 sed
1612 5680 1812 5744 patere
1837 5684 1951 5744 eum

349 5747 407 5801 iu
436 5740 649 5800 laudum
679 5754 1050 5816 tuarumipurtc
1065 5741 1334 5808 constitui,
1352 5758 1466 5814 qua
1491 5741 1727 5816 solebant
1747 5741 1801 5816 in
1833 5740 1952 5816 aliis

350 5819 464 5888 sola
491 5815 719 5888 laudari.
750 5812 1056 5884 Quod'ferri
1087 5831 1194 5871 non
1219 5812 1424 5888 puteal,
1455 5815 1560 5872 nisi
1595 5828 1693 5886 pro
1718 5812 1950 5868 solebant

351 5887 563 5961 legatur
591 5886 804 5943 solebat.

2135 3949 2154 3978 '
2183 3946 2474 4002 Annorum.
2497 3943 2844 4006 Theodosius
2871 3948 3070 4022 agebat
3085 3965 3288 4006 annum
3317 3950 3390 4009 35
3410 3963 3535 4006 cum
3562 3950 3677 4008 fae-

2062 4030 2149 4075 tus
2181 4028 2267 4075 est
2301 4023 2598 4084 Augustus.

2131 4090 2152 4163 _'
2175 4089 2243 4163 l_n
2267 4091 2600 4163 amplissimis
2628 4093 3032 4163 magistratibus.
3063 4094 3122 4150 In
3153 4095 3460 4151 consulatu.

2132 4161 2153 4238 ξ
2177 4161 2439 4218 Comitiali
2469 4169 2604 4238 lege,
2631 4161 2829 4238 Legem
2870 4166 3138 4222 Annalem
3163 4167 3416 4238 intelligit
3437 4182 3542 4238 qua
3570 4166 3678 4224 dc-

2063 4236 2273 4290 liuitum
2319 4246 2402 4290 est
2445 4237 2509 4310 αλιι
2554 4233 2616 4290 ι.
2657 4235 2818 4292 Villio
2865 4239 3070 4292 tribuno
3112 4239 3297 4310 plebis,
3340 4233 3468 4304 quoi
3504 4256 3680 4294 minos

2058 4323 2310 4378 quemque
2345 4307 2708 4381 magistratum
2737 4319 2990 4381 peterent,
3019 4307 3380 4380 caperentque.
3417 4310 3548 4365 Inde
3581 4329 3678 4364 co-

2060 4395 2278 4462 gnomen
2293 4378 2507 4450 familia:
2527 4378 2776 4445 inditum,
2803 4391 2855 4434 ut
2885 4378 3114 4464 Annales
3131 4383 3540 4453 appellarentur.
3575 4382 3674 4436 Li-

2063 4467 2206 4508 vius.
2230 4450 2264 4505 ι.
2299 4467 2388 4508 ιι..
2419 4467 2470 4505 c.
2489 4451 2579 4508 45.
2607 4451 2942 4508 Ouatnouarn
2965 4453 3258 4508 identidem
3291 4454 3466 4508 fuerat
3496 4457 3674 4508 multo

2063 4451 2206 4513 vius,
2230 4451 2264 4505 ι.
2299 4467 2388 4516 ιι,
2419 4451 2579 4508 c.4555.
2607 4451 2942 4522 Quamquam
2965 4451 3258 4522 idquidein
3291 4454 3466 4510 fuerat
3496 4457 3682 4509 multo

2064 4532 2191 4578 ante
2217 4520 2524 4588 definitum,
2553 4535 2609 4577 ut
2639 4539 2704 4579 ex
2736 4525 2885 4579 Livio
2909 4527 3047 4592 ipso,
3076 4535 3134 4582 et
3161 4525 3290 4582 aliis
3306 4527 3680 4592 scriptoribus

2065 4595 2222 4651 facile
2243 4595 2542 4666 colligitur.
2570 4597 2642 4650 At
2674 4595 2864 4652 Villius
2892 4596 2998 4653 dici
3029 4609 3206 4666 penest
3235 4613 3356 4654 eam
3385 4599 3558 4662 legem
3574 4608 3678 4654 aut

1986 4683 2043 4746 D
2069 4681 2382 4726 renovasse,
2415 4677 2508 4746 aut
2550 4682 2690 4722 novo
2731 4669 2916 4746 edicto
2951 4671 3310 4746 sanxisse,5ut
3359 4670 3682 4746 religiosius

2066 4749 2404 4796 servaretur.
2433 4741 2592 4809 Smpe
2619 4750 2798 4795 autem
2827 4741 3092 4810 gloriatur
3119 4741 3332 4798 Tullius
3380 4757 3442 4797 se
3467 4739 3682 4810 magis-

2064 4820 2237 4865 tratus
2265 4827 2456 4866 nmues
2482 4826 2626 4866 anno
2651 4825 2773 4873 suo.
2788 4812 2840 4867 id
2865 4823 2948 4868 est
2976 4813 3196 4882 lembus
3213 4814 3440 4870 deﬁnito
3468 4827 3680 4868 conse-

2062 4894 2270 4938 cutum.
2312 4883 2492 4953 Atque
2544 4884 2590 4938 is
2635 4883 2856 4952 quidem
2901 4884 3156 4950 Quaestor
3201 4887 3254 4941 in
3294 4885 3538 4943 Siciliam
3573 4884 3678 4940 ivit

2062 4970 2206 5008 anno
2227 4955 2404 5012 artatis
2431 4971 2550 5010 sua:
2573 4955 2665 5010 5i.
2697 4953 2896 5012 lEdilis
2921 4957 3130 5014 curulis
3154 4957 3254 5014 fuit
3281 4973 3372 5012 an.
3403 4958 3493 5020 57,
3523 4971 3678 5023 prte-

2063 5036 2149 5081 tur
2173 5043 2262 5080 an.
2291 5025 2385 5093 ιθ,
2412 5043 2476 5082 ac
2495 5026 2712 5084 demum
2742 5028 2934 5084 consul
2964 5044 3054 5084 an.
3085 5028 3182 5086 43.
3207 5029 3602 5091 ldernTullius,
3635 5029 3680 5086 5

2065 5097 2388 5171 Philippica,
2436 5115 2490 5154 n.
2523 5097 2620 5169 48,
2651 5097 3020 5156 Alexandrum
3063 5102 3196 5157 dicit
3239 5103 3391 5158 tertio
3428 5113 3475 5158 et
3505 5101 3670 5171 trige-

2063 5169 2194 5245 simo
2223 5185 2362 5245 anno
2382 5182 2596 5245 mortem
2625 5171 2810 5227 abiisse
2835 5188 2853 5227 :
2887 5172 3015 5239 Qum
3036 5185 3130 5240 est,
3159 5175 3353 5245 inquit,
3385 5185 3510 5229 ortas
3570 5169 3673 5228 no-

2063 5241 2408 5317 stris_leg_ibus
2429 5242 2600 5317 decem
2627 5245 2780 5317 armis
2805 5246 2993 5310 minor,
3018 5263 3171 5317 quant
3191 5241 3497 5317 consularis.

2135 5313 2158 5344 ⁸
2181 5313 2393 5390 Sullas,
2441 5314 2685 5390 δίπυρον.
2719 5313 3042 5390 scipionem
3074 5319 3180 5372 Hos
3232 5319 3404 5389 tangit
3445 5315 3668 5390 Tullius

2061 5385 2305 5458 oratione
2332 5399 2430 5455 pro
2460 5385 2627 5440 Caelio
2658 5403 2712 5440 u.
2742 5385 2855 5443 εει
2888 5385 3143 5458 Equidem
3172 5385 3368 5444 multo}
3402 5399 3448 5443 rt
3477 5389 3582 5443 uidi
3606 5390 3668 5444 in

2061 5456 2158 5510 Imc
2187 5457 2412 5522 civitate,
2441 5469 2488 5512 et
2514 5459 2838 5534 audivi,4non
2864 5456 3018 5515 modo
3045 5463 3135 5532 qui
3162 5462 3472 5534 primoribus
3497 5461 3666 5534 labris

2054 5539 2341 5598 gustassent
2366 5546 2528 5601 genus
2551 5529 2652 5585 hoc
2677 5532 2812 5595 vita,
2847 5542 2898 5586 et
2921 5529 3184 5595 ementis}
3229 5545 3284 5588 ut
3315 5534 3528 5597 dicitur,
3560 5532 3663 5586 di-

2055 5602 2174 5670 gitis
2201 5602 2506 5670 attigissent,
2539 5602 2626 5657 sed
2645 5604 2732 5670 qui
2761 5613 2919 5659 totam
2945 5605 3351 5662 adolescentiam
3378 5605 3663 5672 uoluptati-

2057 5671 2146 5750 ρεαδ
2184 5672 2516 5750 dedidissent,
2549 5679 2811 5750 emersisse
2851 5678 3157 5748 aliquando,
3186 5689 3235 5735 et
3274 5695 3330 5735 as
3357 5679 3426 5734 ad
3454 5671 3674 5750 frugem

2052 5742 2258 5834 donum,
2283 5755 2336 5834 ut
2350 5744 2563 5834 dicitur,
2593 5748 2863 5834 recepisse,
2880 5742 3158 5834 gravesque
3172 5742 3583 5834 _I.to_utitre_s.a'tqu'e
3593 5749 3660 5802 il-

2053 5815 2461 5945 iusgcscfgiase.
2525 5820 2600 5876 De
2657 5815 2742 5878 his
2791 5815 2964 5880 fusius
3013 5815 3124 5895 agit
3172 5821 3353 5880 Valet.
3391 5815 3660 5878 Maximus

2079 5927 2090 5940 .
2126 5903 2200 5956 vt,
2234 5903 2283 5944 c.
2311 5903 2366 5945 ν.
