3850 6334
14 296 125 351 485

931 290 1415 351 ΡΑΝιεργιιιουε
1450 288 1702 350 ΡΛΓΔΪΙ
1739 290 2134 351 ’1⁵11801108Ιο
2169 290 2445 355 DICTUS.

3229 250 3342 348 iss

9 407 322 476 Scipiones
350 409 565 480 loquor,
596 408 988 480 aliquantisper
1024 410 1125 465 sibi
1157 410 1369 465 luxuria
1396 408 1636 465 vindica-
1665 412 1712 472 Α
1742 410 2005 480 implevit.
2035 410 2185 478 Quos
2213 413 2315 468 etsi
2351 411 2583 482 plurima
2614 409 2777 467 laude
2803 406 3078 465 dotaverit
3107 407 3340 476 ampli!!-

14 500 135 556 vit?
157 502 321 568 Quos
341 505 445 559 etsi
474 503 538 557 ad
569 512 782 573 portum
807 506 997 559 mutati
1029 504 1081 558 in
1107 505 1301 559 melius
1327 504 1639 559 revexerint

9 595 200 659 flatus,
238 595 340 651 ditt
378 606 551 652 tamen
580 597 834 653 vitiorum
866 597 1023 653 turbo
1049 597 1296 667 iactavit,
1328 609 1383 653 et
1425 596 1640 651 naufra-

8 702 111 756 gos
140 695 325 757 atque
377 688 725 752 ﬂuctuantes,
769 689 839 745 ab
878 689 987 745 illis
1027 690 1223 758 quibus
1265 689 1641 745 mersabantur

10 782 311 835 erroribus
369 799 509 849 mare
568 795 701 839 atas
760 785 985 851 recepit.
1038 785 1181 840 Bene
1226 784 1390 855 igitur
1440 791 1636 840 cuncta

8 874 393 946 quadrarunt,
415 888 466 933 et
494 880 731 943 caeteris,
756 894 879 949 quae
911 880 1193 934 innumera
1236 880 1636 948 congruebant,

11 978 35 1003 η
60 970 192 1022 anni
229 985 458 1041 quoque
488 988 646 1026 suum
669 971 901 1043 iunxere
947 970 1285 1043 suifragittm,
1317 975 1407 1043 qtti
1452 973 1553 1028 soli
1583 974 1635 1029 in

9 1060 247 1118 homine
305 1064 537 1132 perfecti
589 1068 731 1122 bono
776 1066 1006 1121 duarum
1064 1069 1342 1138 potiuntur
1392 1082 1634 1133 :ctatutn,

9 1158 221 1212 virtute
248 1157 543 1226 juvenum,
575 1167 631 1215 et
671 1162 987 1217 maturitate
1012 1162 1309 1217 seniorum.
1342 1162 1501 1218 Prius
1530 1163 1637 1220 loro

9 1248 157 1305 fasse
182 1250 483 1320 imperium
514 1252 649 1308 inire
674 1252 952 1320 debueris,
989 1265 1047 1309 ut
1067 1256 1272 1312 diutius
1296 1257 1593 1326 imperares
1619 1275 1633 1311 :

7 1341 104 1396 sed
148 1343 170 1373 ⁸
203 1343 337 1399 sine
393 1344 628 1414 exempli
683 1346 926 1414 periculo
965 1347 1338 1417 providehitur
1388 1364 1457 1404 ne
1504 1349 1634 1421 quid

10 1433 299 1490 amiseris.
344 1436 456 1490 Vita
489 1437 732 1508 longiore
765 1438 1104 1508 pensandum
1142 1441 1285 1511 quod
1331 1456 1396 1496 ex
1443 1452 1637 1512 praete-

11 1526 119 1579 rito
150 1526 469 1596 perdidiSti.
504 1528 698 1583 Parum
732 1531 961 1587 interest
987 1530 1205 1602 quando
1231 1536 1458 1603 cmperit
1489 1533 1634 1599 quod

13 1620 321 1674 terminum
360 1639 465 1677 non
497 1622 740 1679 habebit.

88 1711 233 1767 Vlll.
293 1712 572 1770 Hactenus
615 1715 668 1769 in
719 1724 771 1771 te
802 1714 1087 1786 pra-dicata
1135 1716 1278 1784 sint,
1314 1715 1636 1788 Imperator,

1743 505 1916 558 catriv
1949 505 2061 558 veri
2105 513 2365 570 vetustas,
2403 505 2535 559 nihil
2571 505 2689 574 plus
2719 515 2900 559 tamen
2932 501 3169 557 blandita
3203 515 3342 571 prae-

1741 599 1878 653 stitit
1900 614 2061 669 quam
2109 609 2165 653 ιιι
2188 614 2282 653 eus
2330 600 2380 653 in
2413 599 2496 653 his
2544 601 2701 655 annis
2746 609 2964 654 secutos
2996 611 3206 667 regunt,
3248 601 3343 649 aut

1740 692 1939 747 ducum
1963 702 2141 747 castra
2173 692 2437 763 vulgaret,
2460 695 2511 746 in
2539 694 2735 764 quibus
2760 702 2815 747 tit
2840 692 2912 746 ita
2940 691 3154 747 fortiter
3175 689 3342 745 multa

1740 786 1981 857 gessisti,
2010 795 2067 839 nt
2089 801 2150 839 ea
2182 801 2287 841 non
2313 795 2519 841 tatttum
2546 787 2876 851 Alexander,
2902 795 2993 840 aut
3024 784 3338 849 Africanus,

1741 891 1837 935 aut
1867 880 2099 935 Annibal
2131 880 2318 935 videre
2349 880 2479 936 dum
2515 880 2812 946 discerent,
2847 880 2943 935 sed
2977 889 3227 955 parentes
3254 886 3339 933 at-

1741 987 1846 1043 que
1889 975 2227 1028 institutores
2268 988 2458 1027 eorum
2495 982 2777 1042 optassent
2799 973 2981 1028 facere
3021 971 3148 1027 dum
3179 970 3342 1027 doce-

1742 1076 1881 1120 I‘OIIL

1810 1159 1903 1215 IX.
1948 1171 1970 1199 ε
2003 1160 2175 1228 Quam
2218 1169 2359 1215 tecta
2396 1169 2522 1215 sunt
2560 1176 2776 1229 semper
2814 1160 3041 1216 consilia
3077 1158 3339 1214 fortunm!

1739 1253 1871 1322 Quis
1893 1295 1906 1317 ,
1942 1269 2128 1324 quasso
2150 1297 2166 1321 ,
2198 1265 2308 1310 tum
2345 1255 2578 1326 publicis
2605 1255 2769 1309 rebus
2795 1269 2899 1310 non
2929 1261 3205 1324 putasset,
3237 1254 3342 1308 iiii-

1742 1348 1940 1402 tnicum
1973 1349 1988 1380 ι
2019 1357 2168 1403 tuum
2198 1348 2348 1403 illum
2379 1364 2407 1401 a
2437 1349 2670 1404 statione
2698 1348 2966 1402 castrensi
3000 1347 3065 1403 ad
3097 1346 3338 1418 quietem

1741 1444 2062 1511 receptum?
2105 1443 2394 1498 Enimvero
2429 1443 2519 1498 illa
2552 1442 2788 1499 futurum
2815 1439 2843 1480 τι
2881 1444 3181 1513 principem
3202 1444 3223 1475 ’
3250 1457 3345 1498 co-

1740 1551 1916 1601 rneus,
1949 1536 2153 1592 idcirco
2174 1537 2450 1607 paulisper
2472 1538 2641 1594 voluit
2666 1552 2788 1592 esse
2817 1538 3109 1605 privatum,
3137 1546 3195 1592 tit
3217 1538 3343 1607 quia

1731 1630 1845 1701 jam
1875 1632 1945 1686 ad
1975 1633 2192 1703 plenum
2226 1632 2436 1688 bellicis
2459 1633 2667 1687 artibus
2705 1632 3023 1687 abundabas
3049 1672 3062 1694 ,
3106 1646 3241 1687 usus
3265 1632 3346 1686 ei-

1738 1724 1859 1778 viiis
1884 1726 2172 1794 experiens
2204 1725 2304 1778 sub
2325 1724 2419 1778 otii
2445 1733 2686 1794 tempore
2712 1724 3044 1779 reddereris.
3067 1724 3218 1789 Quod
3242 1737 3346 1794 ego

11 1804 157 1859 dona
191 1804 477 1871 fatorum;
503 1822 645 1862 nunc
670 1806 736 1861 ad
764 1823 825 1862 ea
873 1806 1217 1875 proferamus
1255 1815 1482 1879 gradum
1513 1825 1634 1880 qua:
1666 1816 1714 1878 ι
1742 1828 1893 1872 tuum
1922 1820 2093 1874 otium
2122 1819 2352 1874 aliorum
2385 1818 2614 1890 negotiis
2639 1825 2940 1873 anteverto.
2971 1816 3090 1872 Nan
3116 1817 3261 1872 enim
3292 1825 3345 1872 le

17 1896 114 1950 tibi
143 1896 343 1952 debes.
394 1898 581 1969 Neque
607 1899 755 1953 enim
787 1908 876 1953 tua
903 1899 989 1953 illa
1020 1898 1288 1969 prrcterita
1321 1900 1531 1955 bellicae
1555 1902 1633 1957 rei

15 1989 215 2060 gloria,
246 2007 416 2062 quam
442 2008 539 2064 per
574 2002 652 2048 tot
695 1993 939 2048 laborum
970 1995 1342 2063 experimenta
1366 1996 1631 2066 quaesisti,

19 2083 389 2139 ailscribenda
417 2086 647 2141 fortuna:
678 2097 781 2141 est.
820 2087 916 2141 Cui
949 2086 1051 2142 hoc
1080 2088 1298 2143 nomine
1325 2087 1486 2144 etiim
1510 2104 1635 2143 suc-

23 2177 231 2232 censeri
263 2186 473 2247 potest,
504 2179 641 2249 quod
671 2196 830 2250 quem
874 2192 1092 2251 sceptro
1121 2192 1170 2237 et
1215 2183 1354 2239 solio
1392 2183 1635 2238 destina—

17 2281 197 2336 verat,
231 2271 247 2300 ⁸
270 2286 571 2341 numquam
615 2271 959 2341 indulgenter
987 2270 1192 2328 habuit.
1230 2274 1335 2330 Sed
1368 2283 1424 2328 ttt
1457 2274 1633 2331 severi

24 2375 203 2432 putres
234 2364 323 2419 his
377 2380 512 2435 quos
551 2365 669 2435 plus
694 2365 926 2437 diligunt
956 2366 1081 2421 liliis
1108 2364 1133 2403 ι)
1165 2365 1436 2423 tristiores
1484 2376 1629 2434 sunt,

21 2456 95 2510 ita
128 2457 220 2513 illa
256 2468 310 2513 te
358 2457 606 2529 plurimis
634 2458 812 2524 bellis,
859 2469 911 2513 et
958 2458 1292 2514 difficillimis
1325 2462 1633 2525 reipublicae

21 2553 370 2621 temporibus
421 2554 686 2618 exercuit,
725 2553 851 2607 dum
887 2564 1039 2623 aptat
1081 2554 1328 2624 imperio.
1380 2554 1447 2609 Et
1483 2556 1635 2624 prius

19 2647 234 2717 quidem
274 2662 444 2716 quam
488 2646 554 2701 ad
605 2647 696 2701 illa
739 2647 977 2714 veniam,
1026 2663 1147 2717 qua:
1186 2648 1207 2678 ¹
1249 2648 1353 2703 :cvi
1390 2659 1634 2704 maturus

24 2745 201 2813 egisti,
231 2745 553 2799 summatim
581 2754 726 2799 tuum
757 2744 889 2800 illttd
917 2746 1177 2817 attingam
1212 2762 1333 2800 cum
1366 2757 1516 2816 patre
1552 2746 1634 2802 di-

24 2836 147 2889 vino
176 2846 475 2891 castrense
504 2836 813 2907 collegium,
838 2848 987 2891 actas
1016 2839 1116 2892 sub
1149 2838 1374 2907 pellibus
1400 2838 1631 2905 hiemes,

30 2937 246 2985 aestates
294 2933 443 2984 inter
498 2930 634 2986 bella
680 2929 922 2996 sudatas,
974 2930 1093 2985 dies
1141 2941 1435 3000 noctesque
1493 2948 1632 3001 prtu-

21 3022 195 3079 li.tndo
247 3035 348 3079 aut
411 3022 680 3094 vigilando
724 3034 1098 3094 consumptas,
1141 3025 1490 3096 gravissimas
1531 3042 1629 3095 pu-

21 3132 150 3187 gnas
174 3127 321 3171 terra
349 3121 598 3184 marique
628 3127 911 3188 pugnatas.
937 3117 1056 3171 Non
1083 3129 1187 3172 tam
1217 3117 1423 3187 patiens
1446 3118 1466 3149 ³
1487 3116 1634 3174 Afri-

1739 1927 1953 1967 alumna
1975 1912 2179 1975 littora,
2202 1927 2303 1967 nec
2332 1911 2617 1982 dispositi.
2636 1911 2703 1965 ad
2732 1919 3037 1980 temporum
3068 1910 3214 1964 vices
3240 1908 3340 1962 ba-

1739 2008 1908 2062 buere
1934 2021 2184 2062 secessus
2205 2049 2219 2072 ,
2254 2007 2355 2062 sed
2383 2009 2497 2062 sive
2525 2014 2581 2061 tu
2614 2006 2787 2076 agris,
2819 2008 2937 2062 sive
2956 2004 3174 2075 oppidis
3204 2015 3341 2060 tem-

1740 2117 1841 2172 pus
1867 2101 2069 2169 dabas,
2100 2118 2217 2157 rem
2244 2111 2299 2156 et
2327 2102 2521 2157 famam
2552 2101 2754 2172 pariter
2780 2100 3036 2171 augebas.
3069 2100 3138 2155 Et
3169 2102 3222 2155 in
3252 2115 3344 2155 ur-

1738 2194 1901 2250 bibus
1930 2194 2149 2264 quidem
2182 2193 2427 2249 omnium
2449 2203 2666 2248 aetatum
2698 2191 3058 2260 ordinumque
3091 2190 3343 2247 homines

1740 2287 1853 2347 his.
1888 2295 1983 2341 aut
2014 2288 2118 2342 illis
2155 2284 2435 2341 beneficiis
2464 2283 2482 2322 ί
2532 2284 3016 2354 appreltendebas,
3045 2284 3347 2340 amicum

1738 2382 2021 2437 commoda
2044 2424 2060 2448 ,
2088 2380 2399 2437 absentium
2430 2383 2642 2450 negOsia
2671 2379 2988 2433 assiduitate
3012 2421 3027 2445 ,
3061 2378 3295 2433 consilio
3320 2415 3337 2442 ,

1740 2492 1799 2530 re
1828 2476 2074 2545 juvabas.
2111 2475 2233 2531 Junt
2264 2476 2311 2529 si
2338 2474 2634 2544 placuisset
2662 2473 2685 2505 ³
2709 2473 2906 2543 oppida
2936 2488 3064 2529 rure
3094 2482 3338 2539 mutare,

1739 2579 1792 2623 ut
1843 2579 1897 2623 tu
1923 2569 2042 2621 vitae
2082 2567 2284 2623 oblitus
2315 2567 2538 2622 urbanae
2569 2566 2958 2635 exsequebaris
2994 2565 3342 2637 agricolam?

1736 2660 1913 2716 Audio
1940 2661 2103 2715 etiam
2129 2702 2143 2726 ,
2179 2661 2507 2730 imperator,
2541 2669 2594 2714 et
2628 2660 2797 2715 credo
2823 2675 2970 2731 sape
3002 2670 3029 2708 tl
3071 2660 3246 2730 aliqua
3285 2669 3338 2716 te

1738 2754 1982 2810 laborum
2018 2755 2115 2809 tibi
2147 2755 2453 2824 injunxisse
2474 2795 2489 2819 ,
2521 2764 2579 2809 et
2619 2770 2685 2808 ne
2712 2754 3067 2809 contraheres
3095 2754 3345 2823 corporis

1738 2856 2019 2902 veternum
2039 2888 2053 2911 ,
2080 2846 2446 2915 cuiuscemodi
2471 2861 2689 2915 semper
2716 2861 2881 2914 opere
2914 2844 3218 2900 insidiantis
3248 2844 3346 2900 otii

1739 2943 1958 2995 tersisse
1988 2941 2307 3009 rubiginem.
2343 2940 2435 2995 Sic
2473 2949 2718 3010 agrestes
2746 2938 2764 2969 ³
2795 2938 2978 3004 Curii,
3014 2940 3096 2996 sic
3130 2949 3345 2997 veteres

1737 3034 1758 3064 ⁵
1784 3032 2112 3099 Coruncani,
2153 3035 2233 3088 sic
2267 3033 2482 3088 nomina
2508 3031 2805 3089 reverenda
2854 3031 2875 3064 ⁸
2917 3031 3189 3097 Fabricii,
3220 3047 3345 3087 cum

1737 3126 1967 3182 inducite
1998 3127 2136 3183 bella
2170 3126 2609 3197 suspenderunt,
2660 3130 2803 3180 inter
2837 3135 3018 3181 aratra
3048 3125 3335 3190 vivebant;

23 3225 184 3265 canus
213 3213 392 3281 prima
423 3210 731 3265 rudimenta
760 3210 969 3265 militias
998 3212 1097 3265 sub
1122 3211 1287 3267 Paulo
1317 3222 1468 3282 patre
1491 3212 1629 3267 tole-
1653 3203 1699 3267 C
1734 3229 1787 3272 et
1827 3234 1894 3275 ne
1925 3221 2092 3274 virtus
2119 3214 2147 3255 ιτ
2174 3220 2355 3290 quiete
2384 3219 2793 3290 languesceret,
2827 3219 3103 3289 'depositis
3134 3218 3186 3273 itt
3212 3234 3342 3293 gre-

24 3304 177 3368 ravit,
230 3319 335 3358 ncc
389 3303 503 3371 pati
556 3301 782 3357 inilole‘
816 3302 1049 3357 Annibal
1101 3320 1234 3375 puer
1292 3305 1343 3358 itt
1392 3304 1624 3360 tentoria

28 3398 255 3469 llispana
298 3399 590 3468 successit,
634 3416 735 3455 nec
766 3400 1067 3455 futurarum
1107 3416 1204 3471 spe
1245 3401 1480 3457 certiore
1517 3402 1629 3457 vir-

28 3504 193 3548 tutum
223 3491 524 3564 Pbilippaea
564 3502 740 3548 castra
776 3494 1083 3550 Alexander
1125 3493 1364 3550 nondum
1403 3494 1628 3567 Magnus

1739 3311 1847 3365 ntiu
1875 3312 2162 3380 Capitolini
2201 3311 2349 3366 Jovis
2378 3312 2575 3366 laureis
2602 3354 2614 3374 ,
2655 3311 3008 3382 triumphales
3037 3311 3141 3367 viri
3179 3311 3344 3367 rusti-

1736 3403 2018 3457 cabzintnr.
2055 3402 2185 3458 lude
2212 3413 2295 3457 cst
2329 3404 2469 3473 quod
2500 3407 2811 3474 accepimus
2844 3404 3000 3458 datos
3027 3404 3341 3459 serentibus

1738 3496 1933 3561 fasces,
1961 3506 2017 3552 et
2035 3490 2236 3552 'missas
2264 3511 2385 3551 cum
2407 3496 2687 3551 curulibus
2711 3496 2826 3551 suis
2858 3511 2950 3566 per
2985 3512 3111 3552 rura
3158 3498 3177 3529 ⁷
3218 3497 3338 3570 pal-

1396 3610 1980 3669 INTERPRETATIO.

37 3778 55 3831 Ι
95 3704 297 3763 a.Etas
324 3706 490 3761 etiam
533 3705 825 3762 convenit:
856 3710 979 3779 quae
1024 3723 1124 3764 una
1166 3707 1221 3763 in
1260 3707 1482 3764 homine
1509 3724 1625 3781 per-

54 3790 164 3831 ceta
195 3788 302 3831 est.

54 3790 164 3832 ccta
195 3788 302 3835 est.

92 3848 120 3887 δ
141 3850 468 3922 Asperiorcs
496 3859 645 3905 sunt.

98 3932 117 3991 ὲ
159 3922 332 3991 Quam
370 3923 579 3977 occulta
605 3924 618 3978 !

93 3990 119 4029 ά
158 3990 551 4065 imperatorem
581 3994 769 4052 sedulo
793 4010 1084 4054 exornans.

1813 3720 1836 3781 ξ’
1878 3711 1983 3766 Pro
2015 3712 2179 3765 variis
2219 3711 2656 3781 tempestatibus.

1812 3779 1831 3819 τ
1875 3782 1992 3838 Tibi
2022 3779 2426 3854 obstringebas.

1805 3863 1831 3901 ε
1873 3854 2089 3927 ᾼΙίῳιίἀ
2119 3855 2321 3911 laboris
2345 3854 2440 3910 tibi
2469 3858 2791 3927 sumpsisse.

1802 3926 1831 3963 ιι
1868 3925 2187 3984 Cessatione
2215 3937 2597 3984 enervaretur.

1561 4086 1787 4149 ΝΟΤᾹΞ.

98 4183 118 4213 ⁸
136 4181 264 4238 Siue
291 4183 511 4254 catapli
538 4183 789 4256 periculo.
821 4184 1040 4256 Absque
1068 4200 1135 4241 eo
1159 4184 1305 4255 quod
1336 4185 1621 4256 quisquam

32 4268 245 4324 Sperare
275 4255 418 4310 idem
446 4255 638 4326 possit.

102 4326 231 4381 Vlll.
253 4356 325 4369 —-
349 4329 366 4359 ¹
395 4325 693 4398 Numquam
727 4330 1070 4397 indulgenter.
1105 4327 1443 4384 Theodosius
1473 4329 1621 4383 enim

35 4407 147 4466 post
184 4409 391 4467 patrem
423 4401 765 4466 imperatoris
788 4400 943 4470 jussu
983 4400 1325 4455 interfectum
1354 4401 1539 4465 lugere
1568 4401 1623 4455 in

37 4470 338 4538 Hispaniain
383 4487 608 4527 necesse
647 4472 857 4538 habuit,
886 4481 945 4525 ttt
976 4472 1217 4541 periculo
1246 4488 1307 4527 se
1344 4472 1621 4527 subduco-

36 4550 130 4613 rct,
164 4542 346 4607 ibique
371 4542 587 4598 delituit
616 4543 790 4598 donec
829 4544 895 4597 ad
929 4544 1217 4613 imperium
1246 4553 1620 4598 revocaretur.

38 4598 150 4667 Fuit
190 4598 401 4669 et'aliis
425 4615 669 4670 adversus
701 4616 928 4669 fortuna!
971 4598 1190 4672 casibus
1237 4614 1530 4679 exercitus,
1567 4625 1623 4670 ttt
1649 4598 1705 4659 Ῑ)

41 4700 137 4737 non
166 4685 440 4739 immerito
469 4686 535 4739 de
578 4704 643 4738 co
675 4686 994 4742 Atttbt'osius
1040 4688 1090 4741 in
1136 4689 1382 4743 oratione
1412 4686 1623 4743 funebri

35 4756 225 4831 dixerit
249 4775 262 4831 ς
291 4756 526 4831 Portauit
545 4761 727 4829 iugum
747 4776 898 4829 grave
927 4758 1247 4815 Theodosius
1278 4777 1309 4813 α
1329 4762 1620 4831 juventute,

36 4828 227 4905 quando
250 4828 627 4905 insidiabantur
648 4828 761 4902 ejus
783 4830 1063 4900 saluti,qui
1086 4845 1284 4903 patrem
1306 4828 1418 4905 ejus
1439 4833 1625 4886 trium-

37 4904 295 4966 phatorem
318 4900 633 4956 occiderant.

104 4971 122 4999 ²
144 4967 267 5024 divi
297 4981 554 5027 maturus.
583 4971 796 5029 Ailneid.
827 4990 883 5037 v,
907 4973 975 5029 75
1006 4991 1019 5027 :
1050 4972 1176 5030 Eni
1208 4983 1441 5031 maturus
1495 4976 1626 5031 Ace-

39 5049 151 5107 stes;
181 5055 227 5097 et
264 5044 299 5096 l.
332 5059 406 5111 ιιι,
438 5041 547 5099 246
577 5063 590 5098 ;
623 5046 796 5100 Animi
820 5055 1050 5099 maturus
1073 5046 1300 5102 Alethea.

103 5111 129 5187 _’
152 5113 445 5186 Africanus.
474 5118 653 5187 Scipio
686 5122 862 5173 minor
893 5115 1240 5183 Eutiliauus,
1278 5119 1425 5176 Pauli
1457 5119 1620 5187 ﬁlius,

41 5183 134 5258 sub
161 5183 307 5258 patro.
338 5188 539 5243 bellum
566 5183 734 5258 gessit
765 5190 817 5243 in
848 5188 1104 5258 Hispania
1139 5206 1231 5246 an.
1270 5191 1332 5247 U.
1357 5191 1420 5245 Ο.
1454 5192 1583 5247 603.

106 5253 381 5313 ‘Anaibal.
448 5253 718 5314 Amifcaris
762 5253 1148 5329 ﬁliusfuouem
1188 5280 1353 5317 annos
1380 5274 1554 5323 natus,
1589 5280 1622 5317 α

46 5338 179 5406 patre
215 5331 321 5406 aris
356 5329 618 5406 admotus,
648 5331 907 5406 odiutniu
940 5329 1621 5406 Rontanosrpereauejura-

46 5400 125 5457 vit.
153 5401 339 5475 exinde
369 5403 543 5456 socius
569 5415 613 5457 et
644 5404 789 5460 miles
829 5404 884 5458 in
926 5405 1108 5459 castris
1144 5405 1263 5475 fuit.
1298 5400 1477 5460 l‘lura'
1500 5405 1622 5460 vide

47 5469 175 5539 apud
205 5478 268 5526 Α.
300 5471 598 5530 Victorem.

112 5539 297 5617 lX._—A
325 5546 342 5575 ¹
374 5540 543 5598 Tuum
564 5553 839 5616 receptum.
875 5545 1115 5617 Intelligo
1145 5546 1213 5603 de
1246 5554 1489 5617 tempore
1516 5562 1623 5617 quo

50 5609 373 5687 Theodosius
402 5618 585 5671 statim
621 5634 651 5671 a
677 5609 923 5687 parentis
950 5609 1086 5674 nece
1124 5620 1181 5673 in
1215 5609 1547 5687 llispauiaui'
1563 5635 1623 5676 se

51 5684 276 5758 recepit:
322 5686 418 5758 ubi
445 5702 643 5745 annum
675 5684 844 5745 ferme
869 5688 1138 5758 integrum
1168 5684 1410 5758 privatus
1444 5689 1578 5746 vixit
1604 5732 1620 5758 ,

48 5752 566 5884 ἓὲιωθίιϐηιίιηο
594 5759 719 5821 inde
757 5759 825 5819 ad
856 5752 1069 5829 imperii
1110 5752 1428 5819 societatem
1456 5752 1613 5819 revoi

163 5843 186 5882 s

1731 4255 1746 4312 1
1800 4184 1821 4215 ²
1859 4181 2093 4309 σοπηοωέ
2141 4184 2223 4239 An
2266 4198 2489 4249 conatu,
2531 4192 2589 4240 ut
2630 4183 2742 4239 vult
2772 4183 3025 4241 Barthius
3053 4184 3331 4242 adversar.

1754 4296 1768 4308 .
1799 4271 1945 4312 xxiv.
1975 4270 2027 4311 c.
2059 4270 2077 4284 ν
2100 4294 2114 4308 .

1754 4296 1768 4308 .
1799 4271 1945 4319 xxiv,
1975 4270 2027 4311 c.
2059 4270 2114 4309 2.

1800 4326 1821 4357 ⁸
1864 4326 2071 4397 Oppida
2100 4343 2223 4381 rure
2262 4335 2478 4380 mutare.
2510 4326 2694 4383 liorat.
2730 4327 2765 4380 Ι.
2799 4342 2852 4387 t.
2884 4328 2975 4382 od.
3010 4329 3074 4383 17
3113 4347 3126 4384 :
3166 4329 3334 4387 γειοω

1728 4416 1985 4469 amantum
2006 4415 2140 4469 saepe
2169 4398 2482 4469 Lucretilem
2513 4408 2674 4453 ntutat
2705 4397 2891 4469 Lyaeo.
2931 4398 3180 4466 Fuimus,
3221 4412 3328 4457 etc.

1801 4470 1822 4501 ⁸
1860 4468 2024 4545 Qaria'.
2058 4468 2340 4545 ilutellige‘
2368 4468 2437 4524 de
2488 4470 2667 4545 Ma_rco
2711 4468 2875 4525 Curio
2918 4471 3186 4545 Dentato,
3234 4476 3329 4545 qui

1731 4552 1853 4611 post
1882 4542 2180 4604 Sinniites.
2212 4542 2253 4598 S
2272 4541 2451 4597 ibinos
2475 4555 2531 4596 et
2563 4541 2809 4596 Lucanos
2836 4543 3001 4599 variis
3018 4545 3173 4601 bellis
3200 4541 3332 4607 stib-

1729 4626 1878 4670 actos
1913 4630 2004 4668 rus
2032 4615 2327 4674 concessit.
2363 4623 2418 4666 ut
2447 4619 2687 4683 privatus
2716 4617 2941 4670 viveret.

1811 4686 1832 4717 ⁵
1874 4684 2184 4740 Coruncani.
2218 4683 2266 4739 Is
2289 4688 2528 4739 otnnimn
2556 4688 2758 4754 primus
2788 4687 2855 4739 de
2883 4688 3038 4753 plebe
3063 4704 3093 4743 α
3125 4688 3331 4745 Roma-

1730 4759 1814 4815 nis
1829 4757 2001 4813 factus
2031 4755 2292 4832 pontifex,
2327 4771 2450 4811 cum
2483 4759 2558 4832 ait
2582 4756 2819 4832 Teucant
2846 4758 3153 4829 Illyriorum
3184 4764 3328 4832 regi-

1730 4846 1852 4885 nam
1883 4841 2029 4885 esset
2061 4829 2290 4899 legatus,
2323 4839 2517 4898 praeter
2547 4828 2627 4897 ius
2651 4828 2837 4899 fasque
2871 4828 3190 4889 interfectus
3220 4828 3325 4890 est.

1654 4955 1662 4963 ,
1730 4902 1863 4958 Huic.
1892 4916 1922 4953 a
1957 4900 2154 4969 populo
2186 4898 2434 4954 Romani)
2465 4911 2696 4955 statuam
2729 4898 3032 4959 dedicatam
3062 4920 3187 4960 esse
3217 4917 3327 4961 tra-

1728 4975 1805 5029 dit
1838 4973 2038 5029 Piiﬂilh
2063 4974 2098 5027 l.
2128 4987 2310 5040 xxuv,
2338 4987 2387 5028 c.
2413 4971 2466 5028 6.
2495 4972 2661 5040 llujus
2686 4978 3075 5031 continentiam
3104 4976 3330 5033 laudant

1730 5046 1962 5116 Tullius,
1990 5060 2091 5116 pro,
2116 5041 2306 5116 Dama,
2336 5057 2388 5099 et
2416 5043 2618 5099 Livius.

1801 5118 1821 5150 °
1861 5114 2115 5170 Fabiicii.
2152 5118 2227 5173 De
2261 5114 2494 5187 Fabricii
2545 5115 2875 5173 abstinentia
2899 5131 3061 5187 supra
3093 5117 3318 5173 dictum.

1732 5188 1911 5244 Vidn-ri
1938 5187 2103 5243 etiam
2139 5195 2313 5252 potest
2342 5184 2535 5244 Cicero
2569 5188 2623 5242 in
2652 5187 2859 5244 Catone
2883 5231 2896 5249 .
2946 5184 3003 5244 et
3036 5204 3131 5258 pro
3158 5189 3327 5246 Rosc.

1725 5260 1940 5325 Amen;
1974 5258 2182 5332 Plinius
2210 5258 2246 5311 Ι.
2281 5275 2430 5324 xvnt,
2460 5276 2505 5332 c.
2542 5259 2615 5332 β)
2648 5258 2934 5332 Columella
2963 5262 3000 5313 l.
3036 5278 3073 5324 t,
3104 5262 3158 5315 in
3184 5277 3326 5332 prc-

1724 5334 1957 5401 [atioue;
1984 5330 2182 5387 Seneca
2209 5331 2406 5385 consol.
2439 5331 2505 5385 ad
2540 5329 2819 5395 Helviam;
2858 5331 3033 5386 Valer.

1800 5405 1819 5435 ’⁷
1864 5402 2150 5458 Palmalas.
2180 5402 2357 5457 Vestis
2382 5402 2640 5472 palmata,
2682 5420 2781 5459 seu
2800 5402 3145 5472 triumphalis
3171 5402 3329 5459 dice-

1728 5476 1884 5531 batur
1912 5492 2015 5546 qua
2048 5475 2445 5539 triumphantes
2471 5515 2487 5539 ,
2527 5485 2618 5546 aut
2649 5484 2798 5546 certe
2830 5476 2921 5545 qui
2953 5475 3182 5544 palmam
3215 5490 3328 5528 me-

1725 5544 1971 5611 rueraui,
2003 5547 2080 5603 uti
2112 5548 2370 5601 solerent.
2405 5546 2540 5601 llinc
2580 5544 2714 5616 illud
2755 5544 2962 5601 Sidonii
3005 5548 3054 5599 in
3088 5560 3321 5616 paueg.:

1735 5619 1858 5675 Post
1889 5622 2117 5687 palmam
2146 5618 2375 5688 palmata
2397 5617 2550 5671 venit.
2586 5615 2811 5670 Videtur
2841 5618 3004 5673 etiam
3028 5618 3093 5672 ad
3120 5615 3326 5673 consu-

1729 5692 1832 5747 lem
1868 5692 2192 5761 pertinuisse
2221 5705 2235 5755 ;
2285 5691 2661 5761 namHAusou.
2695 5702 2891 5761 paneg.
2922 5706 2940 5761 7:
2970 5688 3211 5744 Palmam
3239 5703 3327 5743 ue-

1725 5764 1818 5818 stis
1864 5758 1921 5817 ut
1965 5764 2022 5817 in
2072 5777 2197 5831 pace
2245 5759 2471 5815 consulis
2513 5768 2609 5821 est,
2660 5758 2735 5815 sic
2782 5760 2843 5814 iit
2879 5760 3094 5817 uictoria
3140 5764 3325 5817 Hum-

1730 5834 1962 5906 phontis.
