3950 6350
482 277 594 336 487

1678 274 2112 337 THEODOSIUS
2151 275 2240 336 ET
2281 274 2619 337 PACATUS.
3652 281 3742 344 488

495 401 672 450 malas
695 433 710 460 ,
749 391 890 464 quod
920 392 1186 465 agricolas
1214 391 1532 451 consulares
1551 433 1567 459 ,
1599 401 1953 465 pastoresque
1980 400 2091 448 tra-
2115 403 2170 462 Α
2194 392 2245 448 in
2263 392 2508 464 przelium
2524 389 3049 464 primnsire,praelio
3062 394 3744 463 postremusexcedere,dux

491 487 705 552 beatos,
739 496 794 544 et
829 487 1122 544 dictatores
1167 490 1312 544 inter
1350 490 1600 544 armenta
1629 487 1650 519 ⁸
1690 487 1937 542 vestitos.
1981 485 2090 543 Sed

491 579 616 637 illos
647 580 862 652 quidem
886 590 1112 654 angusta
1144 598 1235 640 res
1259 582 1541 638 familiaris
1568 581 1854 638 addicebat
1883 581 2092 650 labori,

489 682 550 730 ut
569 675 763 744 quibus
790 674 891 746 ipsi
925 675 1222 733 suburbani
1249 677 1429 742 horti,
1459 691 1810 748 praecepsque
1830 678 1850 709 ⁹
1873 675 2093 732 Janicn-

493 767 640 833 lum,
674 780 728 824 ct
749 768 935 840 jugera
975 781 1180 827 arctata
1213 771 1479 842 pomoeria
1505 785 1726 826 vomere
1778 777 1969 826 essent
2005 780 2103 826 aut

492 860 675 933 ligone
704 861 993 929 versanda,
1028 863 1070 894 ¹⁰
1101 878 1202 920 nec
1231 863 1426 934 injuria
1473 862 1610 934 opus
1638 871 2001 919 reverteretur
2029 860 2098 918 ad

493 953 768 1023 dominos,
799 971 922 1014 cum
948 957 1172 1014 deerant
1191 959 1387 1030 quibus
1409 957 1684 1029 juberent.
1717 958 1962 1015 Detrahit
1991 959 2100 1013 lau-

491 1049 617 1109 dem
665 1052 936 1124 patientia:
985 1053 1206 1126 inopia:
1252 1053 1477 1126 majoris
1523 1053 1758 1126 exempli
1810 1063 1895 1110 est
1942 1052 2101 1110 labor

494 1148 616 1205 sine
668 1149 1014 1208 necessitate.

565 1240 635 1298 X.
679 1242 930 1300 Gaudent
974 1243 1221 1316 profecto
1253 1243 1435 1301 divina
1476 1255 1502 1283 ιι
1534 1253 1799 1316 perpetuo
1832 1251 2012 1311 motu,
2044 1250 2102 1298 et

499 1331 612 1406 jugi
645 1335 940 1406 agitatione
967 1352 1027 1393 se
1059 1345 1274 1409 vegetat
1299 1338 1603 1404 arternitas,
1635 1347 1690 1392 et
1714 1336 1970 1407 quidquid
2001 1335 2103 1392 ho-

493 1429 673 1485 mines
696 1444 956 1486 vocamus
988 1429 1266 1497 laborem,
1302 1440 1482 1488 vestra
1505 1441 1696 1486 natura
1718 1439 1822 1485 est.
1859 1428 1930 1486 Ut
1950 1428 2104 1486 inde-

496 1521 645 1578 fessa
682 1522 892 1594 vertigo
922 1524 1118 1580 celum
1141 1533 1305 1592 rotat,
1340 1533 1399 1579 ttt
1425 1526 1591 1579 maria
1613 1523 1838 1580 aestibus
1860 1523 2102 1594 inquieta

496 1626 642 1682 sunt,
679 1627 734 1672 ut
757 1625 902 1673 stare
931 1617 1012 1672 sol
1034 1617 1231 1686 nescit,
1263 1619 1337 1674 ita
1356 1627 1437 1686 tu,
1471 1619 1786 1688 imperator,
1815 1618 2102 1674 continua-

498 1711 569 1766 tis
618 1712 875 1783 negotiis,
907 1709 936 1749 ι’
979 1721 1036 1768 et
1078 1711 1132 1767 in
1175 1727 1235 1767 se
1280 1713 1512 1782 quodam
1563 1712 1697 1769 orbe
1751 1711 2104 1768 redeuntibus

2196 486 2427 542 consilio
2450 501 2604 553 esse,
2635 487 2793 543 miles
2819 485 3104 556 exemplo:
3136 495 3196 542 ut
3215 486 3324 558 jam
3353 496 3460 543 tum
3491 501 3658 559 posset
3678 492 3748 549 in-

2195 579 2364 650 telligi
2393 579 2529 636 alios
2557 579 2870 652 imperatori
2913 595 3171 652 pugnare,
3207 591 3259 637 te
3287 581 3403 637 tibi.
3443 581 3571 638 Illud
3600 595 3748 642 tamen

2197 694 2310 750 pra:
2337 679 2548 735 cmteris
2578 677 2797 744 mirum,
2820 678 2964 752 quod
2995 693 3119 735 cum
3151 679 3328 735 omnia
3360 677 3563 736 faceres
3583 689 3637 736 ut
3662 681 3749 738 im-

2197 787 2390 844 perare
2417 773 2681 840 deberes,
2722 773 2856 829 nihil
2897 783 3077 830 tamen
3105 772 3340 830 faciebas
3371 783 3426 830 ut
3466 775 3751 846 imperares.

2273 863 2364 920 XI.
2405 864 2742 940 Argnmento
2784 875 2872 923 est
2909 866 3026 923 dies
3055 865 3151 924 ille
3178 867 3483 924 communis
3508 868 3755 926 boniauc-

2199 965 2308 1025 tor,
2333 974 2442 1030 quo
2467 969 2522 1014 tu
2547 975 2668 1015 cum
2695 958 2760 1014 ad
2793 958 3194 1030 suscipiendam
3223 958 3604 1030 rempublicam
3625 976 3756 1017 voca-

2201 1051 2372 1119 baris,
2396 1052 2639 1108 oblatum
2684 1053 2974 1124 imperium
3007 1052 3336 1126 deprecatus
3363 1069 3423 1110 es
3457 1071 3469 1107 :
3500 1070 3596 1111 nec
3633 1040 3686 1112 id
3703 1055 3758 1112 ad

2202 1147 2445 1219 speciem
2479 1155 2709 1214 tantum,
2742 1157 2802 1204 ut
2829 1148 2950 1220 cogi
2999 1146 3286 1211 videreris.
3321 1147 3414 1204 sed
3465 1147 3683 1214 obnixe,
3717 1157 3762 1205 ct

2203 1240 2321 1308 diu,
2349 1249 2405 1298 et
2429 1241 2580 1298 velut
2601 1241 2993 1312 impetraturus
3011 1241 3193 1312 egisti.
3210 1240 3424 1312 Quippe
3442 1239 3761 1296 aberatcausa

2203 1336 2462 1408 ﬁngendi.
2495 1333 2613 1392 Non
2643 1335 2785 1390 enim
2811 1346 2864 1391 te
2893 1335 3149 1406 princeps
3175 1335 3326 1391 solus
3347 1342 3404 1390 et
3421 1333 3646 1400 domi,et
3664 1342 3760 1389 tan-

2205 1448 2368 1502 quam
2397 1439 2630 1487 tentaret
2659 1430 2922 1496 ambibat,
2946 1429 3040 1487 sed
3063 1429 3276 1502 publice
3327 1437 3384 1486 et
3411 1428 3511 1494 εἰη
3539 1428 3760 1496 comitio,

2206 1535 2263 1582 et
2291 1535 2352 1581 ut
2376 1525 2520 1581 aliud
2547 1523 2659 1597 jam
2693 1524 2870 1580 facere
2899 1539 3009 1580 non
3043 1531 3248 1595 posset.
3278 1522 3508 1578 Prorsus
3531 1531 3553 1560 ε
3582 1530 3651 1588 ut,
3679 1521 3762 1577 nisi

2206 1620 2492 1692 imperium
2537 1619 2736 1676 affectu
2776 1619 3011 1690 simplici
3052 1618 3326 1674 noluisses
3352 1660 3368 1685 ,
3396 1617 3625 1688 potueris
3647 1614 3762 1672 velle

2209 1732 2455 1774 securus.
2485 1715 2833 1788 Expostulari
2863 1713 2967 1770 hoc
3005 1715 3126 1770 loco
3157 1723 3335 1771 tecum
3361 1712 3655 1784 reipublicze
3673 1727 3766 1768 ver-

497 1818 716 1876 semper
745 1803 1020 1860 exercitus
1048 1818 1129 1860 es.
1171 1816 1192 1844 ε
1217 1803 1322 1860 Vix
1346 1804 1362 1835 ί
1394 1813 1532 1860 tecta
1556 1803 1792 1875 Hispana
1819 1818 2099 1860 successe-
2127 1805 2178 1868 B
2204 1810 2286 1866 bis
2316 1824 2547 1866 necesse
2578 1819 2683 1874 est,
2703 1825 2824 1881 quae
2849 1808 2902 1864 in
2925 1822 3192 1864 summam
3227 1817 3316 1863 tua
3339 1807 3665 1863 cunctatione
3685 1804 3770 1861 lor-

500 1914 592 1956 ras
611 1941 628 1966 ,
646 1899 757 1971 jam
785 1898 1102 1956 Sarmaticis
1127 1900 1490 1957 tabernaculis
1512 1900 1803 1969 tegebaris.
1829 1899 1927 1954 Vix
1951 1913 2100 1956 eme-

503 1991 609 2049 rita
633 2009 785 2049 arma
813 1993 1180 2064 suspenderas
1200 2034 1215 2061 ,
1247 1992 1358 2064 jam
1393 1992 1535 2048 hosti
1564 2003 1808 2050 armatus
1836 1994 2094 2050 instabas.

502 2083 607 2141 Vix
645 2086 861 2142 Iberum
890 2096 1038 2142 tuum
1078 2086 1296 2143 videras
1319 2129 1333 2154 ,
1383 2086 1493 2156 jam
1542 2085 1676 2143 Istro
1707 2087 2101 2159 praetendebas.

500 2176 582 2235 Ne
608 2188 720 2234 tum
747 2179 968 2251 quidem
997 2181 1017 2210 ²
1046 2194 1168 2236 cum
1189 2180 1244 2236 in
1267 2179 1516 2237 altiorem
1546 2189 1830 2252 provectus
1853 2181 2102 2254 gradum,

494 2273 694 2348 jubere
723 2285 932 2332 tantum
957 2315 972 2338 .
1003 2287 1061 2333 et
1089 2276 1111 2308 ⁸
1138 2275 1381 2333 dividere
1396 2291 1519 2332 cum
1552 2277 1782 2349 negotiis
1809 2277 1977 2333 otium
2004 2319 2020 2346 ,
2051 2283 2108 2333 et

502 2380 655 2442 parta
676 2371 849 2444 gloria
877 2369 905 2408 ά
927 2371 1113 2428 velut‘
1130 2371 1371 2443 reposito
1398 2371 1502 2428 frui
1519 2387 1707 2443 posses
1728 2371 1960 2438 honore,
1975 2388 2105 2444 ope-

499 2476 617 2519 ram
640 2463 920 2532 remisisti,
947 2465 1076 2538 quin
1104 2466 1346 2522 omnium
1375 2466 1738 2522 castrensium
1768 2467 1789 2497 ⁸
1819 2481 2104 2522 munerum

501 2571 760 2614 numeros
788 2559 994 2630 primus
1019 2601 1036 2626 ,
1073 2569 1169 2616 aut
1197 2576 1318 2616 cum
1359 2559 1549 2632 primis
1571 2560 1754 2617 ohires
1780 2602 1796 2628 ,
1829 2572 1978 2617 stare
2010 2575 2106 2632 pro

504 2651 700 2722 signis,
733 2652 996 2709 excubias
1019 2662 1168 2710 sorte
1206 2667 1403 2726 agere,
1442 2653 1463 2684 ⁸
1490 2653 1686 2710 vallum
1717 2653 1896 2719 ferre,
1928 2655 2105 2711 locum

502 2742 649 2802 bello
673 2753 1000 2819 antecapere
1019 2789 1036 2817 ,
1066 2747 1403 2820 speculatum
1426 2745 1645 2819 egredi,
1673 2757 1849 2803 castra
1876 2749 2099 2818 metari,

2206 1901 2469 1960 midinem
2499 1919 2528 1956 a
2570 1901 2749 1958 media
2792 1917 2891 1973 spe
2931 1896 3180 1973 relapsa,
3209 1898 3230 1939 ί
3263 1899 3360 1957 tali
3387 1900 3560 1972 aliqua
3597 1908 3644 1954 te
3667 1913 3768 1970 pro-

2204 1999 2386 2068 fecto,
2435 1997 2532 2056 sed
2589 2014 2749 2071 quam
2810 1998 2962 2054 solus
3001 1997 3218 2054 audires
3250 2038 3266 2061 ,
3325 2012 3461 2055 voce
3509 1996 3768 2054 convenit:

2209 2095 2485 2151 Parumne
2515 2110 2624 2159 me,
2669 2093 2967 2157 Theodosi,
3001 2093 3266 2149 hactenus
3297 2091 3556 2148 distulere
3598 2089 3771 2155 fata,ut

2211 2197 2268 2245 tu
2301 2190 2522 2258 insuper
2551 2198 2727 2244 tentes
2769 2202 2948 2242 moras
2973 2202 3171 2258 angere
3197 2185 3482 2242 fatorum?
3521 2183 3596 2240 An
3629 2182 3772 2239 nescis

2211 2299 2330 2340 rem
2362 2294 2508 2339 tuam
2541 2298 2639 2354 per
2667 2292 2939 2338 momenta
2969 2281 3256 2338 consumi?
3288 2282 3476 2339 Nescis
3514 2295 3596 2337 me
3628 2277 3772 2344 tibi,‘

2213 2378 2426 2446 tuisque
2454 2377 2816 2434 decrescere?
2843 2375 3115 2448 Quidquid
3147 2377 3336 2432 atterit
3359 2376 3381 2408 ³
3413 2373 3628 2439 Gothus,
3648 2369 3773 2444 quid-

2207 2471 2336 2542 quid
2357 2470 2498 2541 rapit
2525 2471 2547 2502 ⁸
2576 2469 2830 2537 Hunnus,
2865 2468 3125 2541 quidquid
3169 2469 3354 2526 aufert
3393 2470 3416 2502 ⁸
3456 2468 3660 2534 Alanus,
3695 2466 3712 2496 ⁸
3735 2462 3773 2519 id

2209 2566 2338 2621 olim
2371 2564 2705 2621 desiderabit
2731 2562 3019 2620 Arcadius.
3051 2564 3070 2594 "
3092 2563 3313 2620 Perdidi
3339 2562 3648 2618 infortunata
3667 2557 3774 2614 Pan-

2208 2659 2434 2726 nonias;
2487 2659 2509 2690 ⁸
2548 2658 2707 2730 lugeo
2755 2656 2916 2713 funus
2959 2656 3204 2729 Illyrici;
3241 2660 3264 2691 ⁹
3314 2663 3500 2729 Specto
3536 2651 3772 2710 excidium

2209 2752 2531 2809 Galliarum.
2579 2753 2623 2784 ¹⁰
2651 2751 2962 2824 Principum
2996 2749 3179 2808 senior
3225 2751 3282 2807 in
3334 2761 3479 2807 tanta
3527 2745 3654 2805 bella
3691 2757 3772 2800 non

1870 2860 2457 2923 INTERPRETATIO.

580 2967 608 2996 ἰ
644 2957 914 3014 Continua
937 2958 1172 3015 actione.

578 3027 608 3069 ι)
648 3030 715 3085 Ει
764 3045 863 3102 per
909 3029 1146 3101 aliquem
1188 3028 1448 3087 circulum
1498 3027 1604 3085 sibi
1650 3027 2110 3100 succedentibus,

510 3114 728 3172 semper
754 3111 808 3160 te
839 3117 1088 3158 exerces.

585 3185 608 3212 ο
651 3173 749 3231 Vix
780 3175 832 3230 in
859 3173 1174 3242 Hispaniam
1196 3173 1499 3230 adveneras
1524 3189 1538 3227 :
1567 3181 1624 3230 et
1650 3172 1760 3244 jam
1787 3182 1964 3229 castra
1997 3189 2112 3230 me-

508 3244 712 3330 tabaris
759 3245 814 3303 in
864 3245 1154 3314 Sarmatia;
1196 3249 1289 3303 vix
1326 3245 1607 3318 abjeceras
1653 3261 1804 3302 arma
1843 3246 2108 3316 victricia,

502 3328 640 3390 jam,
685 3328 793 3376 etc.

2290 2957 2318 2998 ιι
2358 2961 2645 3040 Tanquam
2677 2960 2926 3040 deposito
2951 2960 3152 3040 miliiiw
3176 2975 3372 3040 _onere.
3523 2971 3534 2982 '
3740 3028 3750 3040 ο

2295 3042 2318 3070 °
2361 3033 2451 3098 Ut,
2484 3034 2588 3089 nisi
2609 3033 3010 3105 imperatoriam
3044 3033 3364 3102 dignitatem
3394 3048 3518 3090 vere
3540 3040 3590 3088 et
3607 3046 3664 3088 ex
3683 3033 3774 3085 ani-

2217 3119 2311 3162 mo
2341 3121 2679 3171 recusasses,
2712 3105 2952 3174 potueris
2982 3112 3100 3160 tuto
3128 3105 3280 3160 illam
3303 3105 3601 3161 admittere.

2302 3175 2322 3215 ῖ
2364 3177 2443 3234 Te
2470 3193 2603 3233 sane
2624 3171 2946 3250 huiusmodi
2988 3177 3194 3244 verbis,
3221 3177 3324 3234 sed
3351 3193 3472 3250 qua:
3499 3176 3638 3234 solus
3655 3171 3777 3229 audi-

2221 3248 2370 3320 visti,
2397 3249 2770 3322 compellavit.

2052 3409 2286 3469 ΝΟΤᾸΞ.

535 3507 542 3514 ‘
586 3508 610 3536 ⁸
659 3501 898 3562 Vestitos.
927 3505 1148 3562 lndutos
1175 3505 1461 3563 consulum
1493 3503 1818 3576 insignibus.
1851 3505 2016 3562 Forte
2041 3505 2122 3561 le-

510 3576 744 3706 gﬁndum
773 3579 1018 3707 (summa
1041 3588 1099 3634 ut
1117 3576 1402 3635 Claudian.
1435 3577 1505 3634 de
1528 3577 1742 3634 consul.
1777 3577 1942 3634 Mallii
1971 3577 2115 3634 The-

512 3665 546 3707 o
589 3666 669 3706 or.
701 3665 756 3705 v.
847 3669 860 3704 :

512 3665 669 3707 0001⁵.
701 3665 756 3705 ν.
785 3665 820 3707 θ
847 3669 860 3704 ε

700 3741 756 3792 Ιιι
780 3741 960 3792 mediis
979 3739 1148 3793 consul
1171 3741 1409 3806 quaesitus
1430 3741 1623 3793 aratris.

587 3830 610 3863 θ
648 3825 967 3884 laniculum.
989 3825 1155 3900 Collis
1184 3838 1290 3900 est,
1333 3831 1425 3900 qui
1471 3826 1868 3884 transtiberina“:
1906 3827 2117 3900 regioni

515 3901 787 3966 imminet,
819 3917 847 3954 a
876 3901 1014 3956 Jano
1039 3899 1235 3956 dictus.
1264 3899 1453 3956 Ruunt:
1483 3901 1726 3970 adjectus
1755 3911 1840 3956 est
1869 3899 1937 3955 ab
1969 3903 2120 3955 Anco

518 3974 736 4040 Martio,
767 3972 1017 4041 huncque
1039 3987 1146 4028 non
1177 3987 1332 4026 muro
1351 3972 1553 4036 solum,
1581 3972 1674 4027 sed
1704 3973 1866 4027 etiam
1891 3971 2120 4027 sublicio

515 4055 718 4174 pimus,l
745 4055 859 4100 tum
904 4045 1134 4117 primum
1179 4042 1363 4100 Tiberi
1395 4043 1672 4115 imposito,
1716 4045 1970 4115 conjungi
1998 4043 2119 4099 urbi

519 4136 552 4174 ι)
575 4134 692 4174 acut
727 4157 742 4172 .

575 4128 742 4174 acuit.

516 4136 794 4265 “ﬁmi?”
834 4190 1054 4265 injuria.
1083 4187 1219 4265 Quia
1247 4187 1393 4244 enim
1416 4187 1646 4244 deerant
1671 4187 1868 4259 quibus
1895 4185 2012 4265 agri
2035 4186 2118 4242 siti

517 4263 736 4320 colendi
771 4259 956 4318 curam
987 4263 1434 4331 committerent,
1475 4273 1699 4316 necesse
1729 4269 1847 4316 erat
1874 4267 1936 4314 ut
1977 4259 2121 4314 hunc

516 4334 626 4406 ipsi
656 4335 897 4406 laborem
925 4334 1286 4406 susciperent.

593 4406 666 4463 Χ.
693 4435 767 4447 -
797 4407 814 4438 ¹
840 4405 1004 4478 Tecta
1037 4401 1295 4476 Hispana.
1326 4403 1523 4478 Tangit
1548 4412 1766 4478 tempus
1791 4418 1914 4478 cum
1930 4401 2122 4478 _Theo-

521 4475 709 4533 dosius
728 4477 797 4532 ad
831 4477 1071 4535 Valentis
1093 4473 1333 4534 furorem
1359 4473 1680 4534 eviiandum
1699 4474 1895 4532 sesein
1929 4473 2120 4544 Hispa-

522 4549 904 4619 niamirecepit
932 4567 1020 4604 an.
1048 4548 1250 4604 Christi
1280 4553 1496 4606 circiter
1519 4547 1648 4604 570.

596 4622 618 4651 ¹
655 4618 784 4675 Cum
814 4617 870 4674 in
887 4622 1120 4677 altiorem
1144 4630 1409 4692 provectus
1430 4622 1672 4693 gradum.
1699 4619 1837 4676 Cum
1866 4617 2040 4674 factus
2060 4632 2121 4673 es

523 4691 840 4750 imperator.

657 4762 902 4819 Dividere
961 4779 1078 4818 cum
1121 4764 1338 4829 negotiis
1379 4763 1558 4818 otium.
1609 4761 1744 4818 Tale
1785 4761 1918 4818 illud
1959 4760 2118 4817 Plinii

525 4835 566 4892 l.
591 4852 684 4893 vtn
710 4835 777 4890 ad
801 4836 1089 4892 Arrianum
1113 4851 1129 4892 ε
1149 4822 1402 4906 Graviore
1429 4851 1591 4906 apera
1612 4835 1812 4888 lusibus
1830 4873 1846 4899 ,
1883 4834 2122 4906 jocisque

2153 3511 2200 3575 C
2231 3506 2284 3580 in
2334 3505 2615 3580 Scythiam
2663 3504 2789 3580 inde
2833 3505 3178 3579 transgressi,
3213 3505 3378 3578 paulo
3422 3511 3540 3576 post
3563 3503 3613 3560 in
3644 3507 3774 3557 totam

2232 3579 2506 3646 Europam
2531 3579 2902 3634 esundarunt.

2295 3650 2316 3683 δ
2338 3644 2582 3727 Hrotnus.
2620 3651 2810 3727 _llunni
2843 3649 3130 3727 Sarmatis;
3159 3644 3777 3727 Europa‘arpotiulijuxia

2222 3724 2518 3780 Maeoticam
2549 3724 2797 3794 paludem
2827 3724 2958 3780 olim
2989 3723 3323 3795 incolentes,
3361 3722 3500 3778 unde
3524 3722 3704 3792 egressi
3740 3722 3778 3795 in

2224 3787 2821 3864 Pannonias-primum,
2857 3807 2969 3851 tum
3017 3794 3092 3867 in,
3115 3787 3326 3851 Gallias
3347 3787 3678 3867 imigrarunt;
3713 3787 3779 3867 "Pi

2225 3869 2276 3924 in
2302 3861 2667 3924 Catalaunicis
2694 3861 2903 3936 eampis
2959 3867 3028 3922 ab
3067 3865 3229 3922 Actio
3255 3881 3307 3922 et
3339 3861 3597 3922 Merovaeo
3619 3861 3782 3936 junctis

2227 3939 2657 4010 Wisigothorum
2701 3933 3540 4010 Burgumlionumqneducibus;
3561 3933 3671 4010 victi
3706 3947 3776 4010 an.

2221 4012 2352 4096 Chr.
2370 4001 2542 4096 151.‘
2568 4001 2864 4084 (Jornande
2915 4011 2978 4065 de
3025 4001 3178 4065 rebus
3226 4008 3421 4065 Geticis
3447 4005 3602 4074 αεὶ,
3626 4013 3668 4060 et
3687 4001 3780 4057 Am-

2223 4081 2571 4212 m'g'afé..l:.)f
2607 4156 2766 4213 Alani
2792 4155 2973 4226 populi
3007 4153 3246 4227 Scythiae
3269 4152 3552 4225 Europacze
3571 4149 3630 4206 ad
3653 4149 3780 4204 limo-

2227 4226 2369 4284 tidas
2395 4228 2642 4298 paludes.
2671 4246 2698 4280 a
2725 4228 2888 4284 tluvio
2915 4226 3244 4298 cognmnine
3273 4241 3474 4298 nomen
3503 4236 3709 4298 traxere.

2297 4300 2318 4332 ⁸
2339 4285 2408 4354 Id
2458 4299 2582 4355 olim
2603 4285 2913 4356 desiderabit
2939 4285 3213 4353 Arcadius.
3249 4297 3403 4354 Haud
3428 4294 3660 4353 absimile
3681 4285 3780 4347 illud

2223 4373 2366 4444 quod
2392 4371 2596 4428 Eneas
2629 4373 2695 4428 de
2738 4371 2976 4428 Ascanio
3009 4371 3144 4437 tilio,
3171 4367 3396 4426 JEneid.
3435 4385 3506 4435 tv,
3529 4369 3658 4424 555:

2349 4466 2431 4517 Me
2457 4479 2582 4530 puer
2596 4465 2851 4530 Ascanius,
2868 4465 3145 4530 capitisque
3162 4465 3345 4530 injuria
3367 4463 3521 4530 citari,

2350 4525 2510 4589 Quem
2535 4543 2692 4594 regno
2716 4525 2977 4594 Hesperiae
3001 4525 3175 4578 fraudo
3192 4525 3246 4578 et
3268 4526 3497 4578 fatalibus
3510 4525 3662 4576 armis.

2224 4615 2490 4700 Arcadius
2511 4623 2690 4671 autem
2715 4613 2818 4670 fuit
2839 4611 3133 4671 Theodosii
3169 4611 3351 4684 magni
3389 4610 3663 4668 liberorum
3685 4610 3781 4658 natu

2226 4703 2572 4814 Ιῃεξχὲῗῖἓξάὶ
2634 4757 2959 4813 Pannonias.
3001 4759 3262 4827 Apparet,
3295 4757 3471 4826 inquit
3499 4752 3779 4827 Bhenanus,

2225 4830 2330 4886 hoc
2349 4839 2597 4902 tempore
2621 4830 2957 4886 Pannoniam
2986 4819 3322 4902 inferiorem,
3348 4819 3480 4902 qua;
3496 4819 3783 4902 bodieiiuli'

523 4888 1094 4982 distinguofVellei—us
1201 4888 1276 4962 ιίέ
1294 4888 1298 4889 ν
1317 4888 1518 4982 Neque
1542 4888 1677 4982 enim
1715 4888 1986 4982 quisqti'am
2026 4888 2123 4982 (ioc
2151 4919 2201 4980 ι)
2225 4904 2375 4982 garia
2398 4888 2729 4982 nominatur,
2752 4903 2821 4982 ab
2846 4901 3052 4982 [lunnis
3075 4888 3417 4982 occupatam.
3441 4897 3576 4982 Quid
3603 4896 3642 4950 si
3653 4888 3784 4982 iuuit

527 4976 778 5063 Scipione
825 4979 1109 5051 elegantius
1158 4976 1431 5034 intervalla
1482 4978 1807 5050 negotiorum
1854 4977 1960 5031 otio
2009 4976 2122 5031 dis-

527 5060 910 5195 pufxii‘eposito
927 5121 1140 5178 honore.
1167 5121 1323 5195 Velut
1351 5122 1596 5195 deposita
1618 5119 1685 5177 ad
1712 5131 1924 5191 tempus
1949 5119 2127 5195 digni—

521 5203 655 5268 tate.
703 5190 810 5252 Alii
841 5209 941 5268 pro
966 5197 1162 5250 honore
1191 5194 1377 5266 legunt
1421 5190 1596 5260 onere,
1642 5202 1700 5248 ut
1747 5190 1998 5264 est’apud
2027 5190 2131 5247 Ca-

525 5267 742 5322 tullutn.

597 5339 620 5371 ⁵
658 5337 938 5394 Munerum
965 5353 1222 5393 numeros.
1252 5335 1310 5392 Id
1333 5347 1438 5404 est,
1468 5347 1653 5408 partes
1674 5343 1730 5392 et
1752 5334 1950 5391 officia.
1977 5332 2131 5408 Haud

522 5409 775 5468 absimile
803 5412 937 5468 illud
971 5409 1155 5471 Plinii,
1178 5425 1351 5465 omnes
1378 5407 1632 5465 comitatis
1658 5423 1898 5462 numeros
1925 5407 2118 5462 abibas.

599 5481 877 5555 [Vallum
909 5487 1063 5555 ferre.
1096 5481 1322 5555 Terram
1354 5481 1499 5555 ferre
1530 5480 1673 5555 vallo
1697 5477 2050 5534 exstruendo.

599 5553 693 5610 XI.
724 5585 796 5597 -—
820 5557 836 5588 ⁸
866 5551 936 5609 lit
979 5554 1207 5610 comitio.
1255 5551 1545 5609 Comitium
1593 5553 1677 5606 vel
1730 5566 1827 5620 pro
1867 5565 2128 5605 consessu

525 5624 646 5693 ipso
669 5627 924 5693 sumitur,
958 5627 1042 5682 vel
1074 5643 1172 5696 pro
1198 5627 1320 5682 loco
1340 5669 1355 5696 ,
1389 5627 1440 5680 in
1466 5639 1574 5696 quo
1603 5624 1670 5679 ad
1702 5620 1984 5694 eligendos
2013 5636 2129 5677 ma-

526 5696 785 5766 gistratus
810 5698 1262 5754 Conveniebatur.

599 5769 622 5839 ’_‘
655 5765 901 5839 tuisque.
926 5767 1161 5825 Liberis.

602 5837 624 5870 ³
653 5836 870 5895 Gothus.
929 5839 1091 5896 Gothi
1147 5841 1327 5914 populi
1379 5857 1445 5898 cx
1500 5839 1859 5901 Scandinavia
1889 5836 2130 5910 oriundi,

2229 4958 2620 5044 ligamusillud
2649 4958 2728 5030 de,
2744 4974 3059 5042 Quadorum
3089 4958 3327 5029 motibus
3355 4975 3406 5027 in
3441 4958 3710 5044 ﬁannonia,
3730 4958 3782 5044 ob

2231 5041 2517 5103 Gabinium
2544 5062 2731 5102 eorum
2758 5041 2942 5117 regem
2973 5060 3002 5100 a
3038 5045 3299 5103 Romanis
3326 5041 3670 5117 interfectum,
3689 5043 3783 5090 cum

2234 5119 2305 5173 ita
2336 5126 2658 5174 exarserunt
2685 5130 2740 5172 ut
2785 5115 3092 5173 Danubium
3125 5115 3474 5188 transgressi.
3512 5117 3782 5188 occupatani

2233 5192 2380 5246 circa
2415 5205 2622 5246 messes
2649 5202 2918 5261 agreStem
2943 5189 3158 5260 plebem
3178 5185 3518 5261 trucidarint,
3537 5185 3785 5261 parum“?

2235 5261 2527 5318 abfuerunt
2575 5255 2710 5332 quin
2745 5255 3048 5318 Constantii
3098 5259 3544 5330 tiliam,Gratiano
3585 5255 3784 5332 Λιιερξξο

2238 5349 2362 5389 mox
2391 5317 2678 5402 nupturam
2708 5317 3036 5405 abduxerint
3066 5317 3346 5405 (Aminiam
3381 5331 3419 5384 ι.
3449 5343 3592 5388 xxtx.
3620 5317 3782 5405 (ξ

2311 5408 2332 5439 ⁸
2360 5392 2989 5481 ιυάεολιιηιιξ-ῌιῃῇὶεί-ε
3015 5392 3274 5481 I‘n‘telligit
3317 5405 3593 5481 funestam
3610 5392 3783 5481 Claldﬂi‘

2234 5493 2357 5549 quae
2384 5463 2474 5533 an".
2521 5463 2655 5533 Chr.
2681 5475 2789 5532 574
2818 5463 2920 5534 sub
2951 5463 3331 5532 Valentiniano
3381 5474 3619 5544 contigit.
3670 5463 3786 5536 (Αηιο

2235 5553 2396 5605 mium
2428 5550 2467 5604 ι.
2496 5564 2576 5616 ιιι,
2601 5566 2648 5603 c.
2686 5551 2770 5620 8.)
2924 5619 2931 5620 ί
3452 5615 3467 5620 _
3629 5610 3641 5620 .
3713 5616 3751 5620 ﬂ

2235 5567 2396 5605 man.
2428 5564 2467 5604 t.
2496 5564 2576 5616 ιιι,
2601 5566 2648 5603 c.
2686 5564 2740 5604 δ.

2308 5624 2348 5705 ῗ.
2373 5610 2854 5705 δΡεςίολςττείᾷὲαηι
2900 5610 3667 5705 ϐαιιξιρηιιηητηηξτιιριιξιηὶε
3701 5616 3779 5676 μοι

2239 5694 2380 5766 pulis
2412 5687 2464 5748 in
2491 5693 2699 5750 Gallias
2727 5694 3174 5764 irrumpentibus.
3221 5687 3577 5768 (Ammianus)

2313 5765 2357 5797 ¹⁰
2384 5763 2692 5839 Principum
2730 5770 2922 5823 senior.
2950 5766 3248 5825 Gratianus
3277 5777 3388 5822 tum
3414 5771 3526 5820 erat
3553 5754 3622 5812 20
3647 5759 3785 5808 anno-

2243 5853 2389 5898 rum.

3616 5891 3668 5902 ..Α
