3950 6350
192 255 278 313 489

1024 252 1509 314 PANEGYRICUS
1547 255 1795 314 PACATI
1833 254 2226 317 THEODOSIO
2268 259 2534 320 DICTUS.

3318 267 3424 324 490

190 370 381 435 sufficit;
410 367 532 422 alter
556 366 653 422 ctsi
697 366 908 425 futurus
938 369 1008 425 sit
1053 371 1342 442 aliquando
1369 373 1713 441 fortissimus,
1746 377 1795 436 A
1823 375 1930 430 vita
1951 375 2203 443 delectat,
2222 393 2452 448 quorum
2475 377 2772 435 crudelitas
2796 377 3140 436 indemnatos
3162 382 3388 436 necandi
3408 425 3422 445 .

192 466 222 495 “
250 463 398 518 adhuc
425 471 590 518 tamen
618 478 818 534 parvus
845 474 948 520 cst.
972 465 1050 520 Tu
1083 466 1297 523 dubitas
1327 471 1586 541 excipere
1610 469 1723 525 col-

188 558 438 628 lapsam,et
459 566 480 593 ο
503 566 556 610 ιιι
581 557 715 612 nihil
742 557 986 624 differas,
1015 574 1140 615 sero
1161 563 1551 630 reparandam?
1573 562 1724 618 Hanc

185 651 287 707 mihi
313 651 518 721 gratiam
550 650 718 706 refers
747 652 891 724 quod
924 662 975 708 te
1005 653 1166 709 etiam
1213 653 1341 708 felix
1372 654 1724 711 desideravi?

183 742 430 815 quodcum
459 758 541 798 me
583 743 756 799 Nerva
800 746 1147 816 tranquillus,
1203 762 1356 802 amor
1380 749 1596 818 generis
1622 748 1725 804 bu-

181 837 295 891 mani
324 835 478 902 Titus,
506 837 704 906 pietate
743 837 1112 893 memorabilis
1141 837 1445 896 Antoninus
1470 849 1679 897 tem-ret
1705 858 1719 907 ;

180 945 274 986 cum
311 931 348 961 “
389 930 646 985 moenibus
675 929 946 1003 Angustus
987 943 1227 998 ornaret,
1259 933 1465 1002 legibus
1497 918 1723 990 Hadria?

181 1038 257 1077 nus
281 1022 549 1089 imbueret,
589 1023 785 1079 finibus
806 1023 1073 1095 Trajanus
1101 1035 1345 1096 augeret,
1378 1041 1565 1097 parum
1591 1027 1722 1081 mihi

181 1117 367 1173 videbar
392 1117 560 1185 beata,
587 1119 710 1190 quia
751 1135 855 1174 non
889 1135 1037 1174 cram
1068 1119 1191 1174 tua?
1215 1120 1354 1189 Quid
1387 1130 1440 1176 tu
1470 1119 1603 1175 mihi
1639 1121 1721 1176 fa-

178 1225 298 1266 ceres
338 1211 377 1264 si
415 1211 548 1280 juris
597 1211 672 1266 tui
713 1214 902 1268 esses?
955 1212 1088 1268 Orat
1139 1230 1265 1269 ecce
1313 1214 1356 1245 ¹³
1387 1224 1437 1270 te
1467 1214 1722 1269 dominus

177 1318 315 1366 meus,
334 1313 440 1358 orat
457 1319 580 1359 ecce
607 1312 660 1360 te
679 1304 932 1361 dominus
953 1305 1130 1362 adhuc
1153 1314 1299 1374 tuus,
1322 1318 1396 1373 et,
1419 1308 1508 1376 qui
1539 1316 1724 1378 posset

177 1413 352 1469 cogere,
384 1399 583 1453 mavult
612 1400 923 1469 impetrare.
962 1401 1251 1472 Imperium
1283 1401 1425 1471 quod
1457 1402 1526 1457 ab
1553 1403 1724 1472 impe-

179 1501 324 1548 ratore
349 1491 604 1558 defertur,
640 1503 746 1549 tam
781 1495 875 1549 tibi
906 1495 1048 1551 nolle
1071 1496 1183 1566 jam
1214 1511 1322 1551 non
1353 1496 1520 1563 licet,
1559 1511 1718 1567 quam

175 1585 284 1640 velle
312 1601 406 1640 non
439 1586 612 1642 licuit.

229 1677 325 1734 ΧΙΙ.
363 1679 513 1734 Solus
544 1680 726 1750 igitur,
761 1682 1022 1753 Auguste,
1057 1682 1206 1738 solus
1230 1683 1447 1754 inquam
1477 1683 1719 1740 omnium

1827 468 2094 537 cupiditas
2125 470 2332 539 privata
2385 471 2628 542 rapiendi
2655 513 2670 538 ,
2703 471 2872 528 libido
2905 471 3135 528 honesta
3185 471 3421 528 foedandi

1821 559 1911 630 jus
1939 569 2100 631 atque
2133 562 2506 634 impunitatem
2534 565 2842 635 requirunt.
2873 566 3010 634 Quid
3044 576 3133 620 tua
3166 567 3428 622 intererat

1827 663 1878 710 te
1907 655 2203 725 principem
2247 657 2363 713 fieri
2389 699 2403 723 ,
2426 659 2515 729 qui
2564 659 2771 715 futurus
2800 674 2923 716 eras
2947 662 2968 691 ⁸
2993 661 3043 715 in
3097 660 3426 728 imperatore

1827 750 2105 820 privatus?
2130 755 2150 783 °
2177 750 2289 808 Nisi
2321 751 2462 808 forte
2489 754 2541 807 in
2571 762 2621 809 te
2645 754 2806 810 hodie
2832 764 2922 810 aut
2946 755 3214 824 pudicitiae
3235 756 3425 810 remis-

1825 843 1939 899 sior
1967 845 2163 912 cultus,
2195 855 2288 901 aut
2319 846 2497 902 minor
2525 848 2802 919 sanguinis
2836 850 3055 904 humani
3105 859 3301 914 metus,
3334 858 3427 904 aut

1827 937 2018 994 aliena:
2046 939 2121 994 rei
2155 939 2329 1010 major
2365 950 2449 996 est
2475 942 2767 1012 appetitus.
2800 941 2944 998 Idem
2976 957 3036 998 es
3059 942 3150 1010 qui
3173 941 3341 1007 fuisti,
3371 951 3426 998 et

1829 1039 2034 1085 tantum
2063 1032 2154 1087 tibi
2201 1047 2298 1103 per
2342 1041 2392 1088 te
2433 1033 2560 1089 licet
2602 1042 2858 1102 quantum
2890 1050 2986 1104 per
3018 1035 3164 1105 leges
3195 1035 3415 1090 licebat.

1826 1121 1922 1177 Jus
1950 1137 2219 1178 summum
2252 1124 2504 1180 facultate
2551 1135 2605 1181 et
2643 1127 2796 1196 copia
2840 1126 3220 1182 commodandi
3251 1169 3263 1190 ,
3314 1145 3422 1182 non

1825 1215 2119 1270 securitate
2150 1216 2404 1286 peccandi
2444 1217 2731 1288 experiris.
2789 1217 2968 1274 Unum
3019 1219 3113 1274 tibi
3167 1220 3426 1290 praestitit

1829 1307 2185 1378 principatus,
2212 1320 2271 1365 ut
2303 1319 2511 1367 certum
2543 1312 2866 1368 haberemus
2897 1327 3108 1376 omnes,
3139 1315 3298 1369 etiam
3325 1316 3428 1370 sub

1827 1400 2242 1470 imperatoribus
2295 1403 2418 1458 aliis
2461 1403 2663 1458 vixisse
2692 1414 2743 1460 te
2787 1405 2996 1475 legibus
3022 1408 3146 1460 tuis.
3173 1406 3304 1461 Nam
3334 1407 3425 1478 qui

1827 1494 1960 1550 nihil
1991 1494 2117 1551 facit
2147 1497 2373 1552 licenter
2397 1512 2517 1552 cum
2554 1506 2757 1567 potest,
2782 1513 3056 1568 nunquam
3084 1499 3276 1553 voluit.

1899 1586 2037 1643 Xlll.
2065 1589 2204 1656 Quin
2238 1589 2324 1644 ubi
2350 1589 2579 1660 primum
2608 1597 2661 1645 te
2703 1590 2930 1660 imperio
2967 1590 3288 1660 praestitisti,
3316 1605 3426 1647 non

1825 1692 2111 1740 contentus
2152 1685 2269 1755 ipse
2295 1697 2317 1724 ε
2348 1686 2489 1740 ultra
2529 1686 2656 1740 vitia
2707 1686 3021 1752 recessisse,
3067 1687 3262 1742 alienis
3284 1688 3430 1742 vitiis

173 1775 240 1844 qui
267 1772 421 1830 adhuc
465 1774 873 1846 imperaverunt
919 1777 932 1808 ¹
963 1787 1020 1832 ut
1048 1779 1299 1848 princeps
1323 1793 1472 1834 esses
1507 1780 1720 1849 praesti-
1751 1789 1799 1849 Β
1826 1775 2162 1846 Corrigendis
2181 1792 2365 1832 curam
2394 1777 2636 1848 adiecisti
2665 1795 2677 1842 ;
2713 1777 2871 1850 idque
2899 1778 3200 1845 moderate,
3225 1788 3280 1834 ut
3304 1795 3431 1835 sua-

175 1867 276 1919 tisti.
325 1866 464 1922 Alios
494 1879 681 1939 empta
715 1869 984 1942 legionum
1034 1872 1288 1944 suffragia
1311 1915 1324 1938 ,
1355 1874 1490 1930 alios
1524 1889 1722 1930 vacans

173 1958 284 2023 aula,
309 1959 429 2013 alios
453 1959 693 2016 affinitas
744 1963 888 2034 regia
943 1964 1252 2034 imposuere
1296 1965 1723 2036 reipublicmzte

174 2067 251 2107 nec
272 2048 504 2118 anibitus,
525 2071 631 2110 nec
652 2057 889 2124 occasio,
915 2073 1014 2114 nec
1037 2058 1408 2129 propinquitas
1423 2060 1721 2130 principem

174 2162 459 2207 creaverunt.
507 2151 648 2207 Nam
675 2163 727 2209 et
758 2169 882 2211 eras
905 2172 933 2210 a
967 2156 1166 2211 familia
1216 2157 1561 2228 imperatoris
1588 2157 1722 2214 alie-

174 2257 276 2309 nus,
319 2255 367 2300 et
395 2248 412 2277 '
441 2244 803 2306 asciscebaris
831 2252 1041 2312 tertius.
1071 2259 1127 2306 et
1155 2251 1440 2323 cogebaris
1479 2252 1685 2307 invitus
1708 2294 1722 2318 ,

175 2334 335 2394 invitus
376 2339 616 2412 inquam.
649 2341 848 2398 Audite
881 2343 985 2400 hoc
1013 2344 1034 2374 ³
1063 2344 1263 2415 publici
1298 2344 1604 2416 parricidae,
1633 2345 1722 2415 qui

175 2430 339 2487 ‘oblita
365 2434 482 2501 ﬁde,
511 2435 862 2492 dominorum
887 2447 1100 2508 sceptra
1133 2438 1374 2507 cepistis,
1407 2445 1462 2494 et
1485 2438 1727 2509 periculo

174 2540 256 2580 non
282 2527 473 2584 minore
500 2545 669 2601 quam
710 2531 921 2587 scelere
949 2573 962 2595 ,
997 2531 1286 2602 imperium
1309 2535 1418 2586 vita
1445 2532 1728 2602 paciscen-

174 2625 254 2682 tes,
275 2622 531 2693 sanguinis
550 2624 730 2694 pretio
747 2626 956 2696 regium
982 2641 1178 2681 nomen
1193 2625 1403 2682 emistis
1419 2643 1433 2692 ;
1452 2626 1725 2697 repulsam

173 2711 336 2781 patitur
374 2717 743 2788 principatusf,
777 2726 832 2774 et
860 2734 998 2775 unus
1038 2721 1164 2776 est“
1189 2718 1427 2775 ambitus
1454 2718 1728 2775 candidati

173 2818 225 2858 ne
241 2804 539 2864 declaretur.
577 2809 849 2866 Credetne
881 2810 982 2868 hoc
1002 2812 1134 2868 olim
1157 2820 1381 2868 ventura
1415 2811 1726 2882 posteritas,

173 2904 214 2950 et
252 2901 502 2968 praestabit
541 2901 705 2958 nobis
730 2911 835 2958 tam
862 2903 1156 2972 gloriosam
1189 2903 1373 2970 fidem,
1397 2902 1425 2941 ι)
1459 2915 1518 2958 ut
1539 2915 1730 2959 nostro

171 2987 348 3046 demum
385 2995 590 3050 saeculo
616 3005 820 3050 annuat
849 2996 1046 3052 factum
1072 2996 1214 3068 quod
1260 2997 1426 3052 tantis
1471 2997 1610 3051 infra
1639 3011 1731 3051 su-

171 3096 338 3154 praque
364 3088 704 3158 temporibus
729 3105 832 3146 nec
871 3090 1142 3146 invenerit
1170 3091 1461 3158 armulum,
1506 3108 1607 3149 nec
1633 3091 1730 3148 ha-

1827 1869 1958 1926 dere
2010 1872 2186 1940 potius
2216 1871 2439 1926 honesta
2482 1887 2640 1941 quam
2670 1886 2866 1942 cogere
2897 1872 3177 1928 videreris.
3211 1873 3278 1928 Et
3305 1874 3430 1944 quia

1826 1965 1914 2020 vel
1946 1967 1959 1997 ¹
1986 1965 2147 2036 longo
2179 1964 2420 2021 Orientis
2449 1981 2570 2031 usu,
2600 1965 2684 2021 vel
2733 1966 3027 2021 multorum
3057 1975 3206 2021 retro
3229 1966 3435 2036 princi-

1828 2072 1952 2128 pum
1983 2057 2326 2124 remissione,
2362 2067 2544 2112 tantus
2571 2055 2833 2126 quosdam
2867 2057 3026 2112 luxus
3059 2057 3351 2124 infecerat,
3374 2065 3434 2114 ut

1827 2152 2010 2208 adulta
2038 2151 2377 2208 consuetudo
2401 2152 2638 2208 lascivia:
2695 2152 2836 2207 haud
2870 2169 3136 2224 quaquam
3166 2153 3325 2210 facile
3353 2154 3431 2209 vi-

1829 2245 2047 2301 deretur
2081 2246 2519 2316 obtemperatura
2567 2245 2890 2308 medicinae,
2940 2261 3008 2302 ne
3051 2247 3172 2316 quis
3217 2261 3274 2301 se
3321 2248 3432 2317 pati

1829 2337 2080 2408 iniuriam
2125 2349 2378 2409 putaret,
2431 2353 2458 2392 a
2493 2348 2544 2393 te
2565 2339 2782 2394 voluisti
2812 2339 3074 2410 incipere
3122 2355 3432 2408 censuram,

1829 2441 1885 2488 et
1911 2435 1932 2464 ³
1961 2432 2235 2503 impendia
2281 2431 2518 2502 palatina
2565 2431 2877 2498 minuendo,
2928 2447 3028 2487 nec
3057 2432 3231 2488 solum
3265 2433 3437 2488 abun-

1829 2526 2048 2582 dantem
2104 2525 2404 2596 rejiciendo
2455 2535 2755 2596 sumptum,
2791 2525 2886 2581 sed
2934 2527 3023 2581 vix
3067 2528 3434 2584 necessarium

1829 2619 2142 2691 usurpando
2170 2619 2191 2650 ³
2219 2619 2536 2675 demensum
2557 2661 2572 2687 ,
2624 2619 2767 2690 quod
2827 2630 3018 2675 natura
3053 2620 3432 2677 difficillimum

1830 2724 1935 2781 esr,
1967 2710 2269 2767 emendasti
2318 2711 2584 2767 volentes.
2637 2715 2718 2764 An
2769 2711 2890 2782 quis
2917 2711 3084 2768 ferret
3109 2713 3340 2770 moleste
3367 2714 3435 2768 ad

1833 2807 2094 2879 principis
2131 2816 2304 2862 semet
2349 2806 2572 2862 modum
2613 2806 2902 2862 coerceri?
2953 2818 3044 2862 aut
3099 2809 3437 2866 subtractum

1833 2901 1934 2956 sibi
1957 2899 2166 2956 doleret
2193 2899 2262 2955 de
2319 2900 2522 2970 privata
2552 2902 2932 2966 hixuria,cum
2957 2903 3164 2961 videret
3215 2905 3440 2976 impera-

1835 3003 2030 3061 torem,
2061 3008 2241 3049 rerum
2287 3003 2585 3063 potentem,
2625 3002 2893 3050 terrarum
2926 2995 3315 3069 hominumque
3342 3001 3440 3054 do-

1834 3088 2059 3154 minum,
2116 3101 2277 3158 parce
2321 3096 2687 3158 contenteque
2736 3089 3008 3144 viventem
3035 3131 3051 3157 ,
3095 3091 3311 3146 modico
3337 3101 3392 3146 et
3419 3090 3438 3120 ³

169 3176 313 3237 liuet-it
343 3184 692 3255 exemplum?
722 3185 829 3242 Sed
857 3186 947 3256 qui
991 3187 1012 3216 ³
1040 3186 1164 3243 vit-Le
1189 3194 1296 3242 tua;
1322 3195 1527 3243 sectam
1562 3187 1728 3243 ratio-
1757 3179 1802 3243 C
1835 3179 2100 3236 castrensi
2124 3179 2245 3236 cibo
2267 3179 2472 3251 jejunia
2508 3180 2665 3250 longa
2705 3182 2968 3239 solantem
2993 3184 3016 3237 i
3037 3183 3102 3239 ad
3131 3185 3232 3240 hoc
3257 3184 3438 3240 aulam

168 3289 337 3348 aesque
360 3281 702 3352 cognoverit,
752 3279 876 3337 fidei
921 3281 1305 3337 incunctanter
1346 3281 1593 3350 accedet,
1631 3295 1733 3338 nec

168 3367 383 3429 abnuisse
412 3373 690 3432 dubitabit
729 3374 1016 3446 imperium
1048 3375 1166 3431 sic"
1200 3376 1613 3447 imperaturum.
1648 3374 1731 3430 llli

165 3464 301 3535 enim,
323 3466 394 3522 illi
418 3467 578 3526 avide
602 3483 766 3541 regna
796 3467 1130 3537 desiderent,
1154 3484 1291 3540 quos
1312 3469 1488 3526 soluta
1518 3469 1731 3541 legibus

1841 3291 2058 3332 omnem
2089 3276 2110 3306 ⁵
2159 3275 2441 3347 Spartanis
2482 3277 2783 3348 gymnasiis
2844 3277 3117 3334 duriorem
3145 3321 3160 3345 ,
3215 3279 3438 3345 laboris,

1835 3371 2132 3444 patientiae,
2162 3369 2487 3441 frugalitatis
2517 3370 2783 3442 exemplis
2834 3372 3199 3429 abundantem
3224 3374 3248 3427 ?
3273 3372 3442 3428 nemi-

1835 3483 1959 3524 nem
1988 3481 2156 3523 unum
2199 3464 2450 3533 inveniri,
2480 3467 2572 3538 qui
2624 3464 2853 3523 auderet
2891 3466 2958 3523 ad
2999 3482 3200 3539 penum
3228 3469 3438 3540 regium

1492 3603 2077 3664 lNTERPRETATlO.

219 3710 241 3741 ⁸
275 3705 448 3764 Serius
476 3706 921 3775 instaurandam,
955 3707 1042 3764 vel
1071 3708 1116 3764 si
1161 3723 1372 3766 moram
1401 3707 1606 3764 nullam
1638 3707 1735 3765 ad-

163 3770 336 3834 hibeas.

1910 3703 1939 3744 b
1952 3704 2221 3780 lituostra
2231 3702 2446 3780 tandem
2463 3709 2620 3758 actate
2633 3699 2682 3756 fa
2692 3701 3168 3780 teaturcon_ti_gisse
3179 3706 3322 3780 quod
3333 3717 3417 3766 etc
3427 3747 3442 3765 .

1917 3789 1939 3817 ο
1969 3776 2052 3834 Ab
2077 3776 2224 3834 omni
2250 3775 2381 3831 vitio
2411 3775 2709 3830 immunem
2742 3785 2793 3831 te
2807 3775 3144 3847 praestitisse.

1665 3892 1898 3953 NOTAE.

220 3987 251 4017 “
280 3987 675 4064 Adhucparvus
703 4001 800 4048 est.
846 3991 1256 4048 Valentinianus
1282 3990 1472 4064 Junior
1521 4005 1724 4064 nonum

161 4064 334 4139 tanturn
359 4061 554 4139 agebat
583 4079 808 4130 annum,
845 4073 980 4120 teste
1003 4064 1309 4130 Ammiano,
1343 4063 1538 4129 ldatio,
1560 4061 1727 4118 Chro-

158 4133 258 4184 nico
281 4133 572 4190 Alex’andr.
589 4177 603 4198 ,
629 4147 738 4191 etc.

205 4203 251 4282 f'
293 4203 802 4282 Manibusornaret.
840 4207 1133 4282 Balduinus
1155 4223 1251 4280 pro
1283 4207 1529 4282 manibus
1560 4205 1725 4262 resti-

154 4278 501 4335 iuitmoribus.
538 4279 702 4335 Juxta
729 4279 859 4334 illud
890 4280 1092 4336 Horatii
1123 4278 1245 4348 Ιξιι,
1278 4297 1366 4350 ep.
1402 4281 1424 4334 1
1461 4297 1473 4333 :

256 4368 347 4420 Res
367 4371 513 4422 Italas
534 4375 686 4424 armis
703 4376 898 4434 tuteris,
924 4375 1140 4424 moribus
1161 4386 1328 4424 ornes.

214 4451 248 4482 ”
281 4452 530 4511 Dominus
581 4475 745 4512 mens.
777 4457 1088 4514 Gratianus.

209 4522 408 4602 ii_ll_.7--
430 4531 452 4602 ‘7
489 4529 560 4585 Ut
583 4531 818 4602 princeps
849 4546 980 4584 esses
1008 4528 1311 4601 pt'wstilisti.
1348 4530 1429 4584 An
1463 4536 1520 4584 ut
1553 4527 1730 4599 placet

152 4591 363 4652 Acidalio
389 4591 704 4656 addendum
739 4591 1007 4656 restitisti?

211 4669 226 4696 ’
255 4671 594 4728 Asciscebaris
644 4674 840 4727 tertius.
871 4673 1004 4728 Tum
1040 4675 1183 4729 enim
1213 4672 1508 4729 Gratianus
1535 4681 1591 4728 et
1620 4671 1729 4728 Va-

152 4733 448 4813 lentinianus
476 4744 770 4813 imperium
795 4745 1131 4800 obtinebant.

175 4878 184 4887 .
210 4809 227 4839 ³
254 4810 453 4869 Publici
484 4809 780 4882 parricidia.
801 4815 866 4870 Et
889 4818 932 4871 si
961 4815 1064 4873 hoc
1082 4817 1134 4872 in
1159 4817 1358 4873 multos
1378 4817 1573 4873 cadere
1596 4831 1718 4883 pos-

151 4887 227 4944 sxt,
254 4893 424 4960 tamen
455 4888 704 4944 alludere
735 4889 864 4942 mihi
901 4889 1111 4943 videtur
1141 4890 1482 4960 potissimum
1516 4887 1583 4942 ad
1615 4887 1721 4958 Ty-

150 4963 352 5034 rannum
386 4959 705 5025 Maximum,
745 4960 987 5015 Gratiani
1031 4959 1457 5017 interfectorem.
1510 4960 1724 5015 Recens

151 5033 272 5078 enim
296 5038 410 5084 erat
442 5033 666 5086 factum.

195 5095 226 5174 ,⁵
254 5097 419 5174 Oblita
459 5104 590 5171 ﬁde.
640 5104 815 5159 Oblita
864 5107 1153 5168 παθητικῶς
1203 5105 1435 5160 sumitur
1481 5114 1538 5159 ut
1585 5100 1728 5173 apud

155 5161 278 5238 Virg.
305 5170 416 5226 Ecl.
449 5161 529 5244 ix,
556 5175 662 5229 ὅδε

257 5262 391 5314 Nunc
412 5267 568 5317 oblita
589 5269 707 5319 mibi
735 5274 806 5320 tot
829 5270 1059 5321 carmina.

151 5341 239 5417 Alii
267 5348 444 5416 legunt
474 5351 622 5406 obliti
663 5353 830 5416 crede,
858 5352 908 5406 id
940 5363 1044 5417 est,
1072 5350 1445 5407 contaminati.

1910 3988 1930 4018 ⁷
1961 3986 2364 4058 Impératurum.
2398 3983 2454 4039 ld
2485 3992 2612 4058 est,
2642 3998 2768 4058 eum
2809 3984 2899 4054 qui
2943 3992 3089 4040 tanta
3121 3999 3243 4042 cum
3276 3985 3438 4048 laude

1836 4068 1956 4115 erat
1984 4056 2458 4112 atl‘ministraturus
2483 4056 2789 4124 imperium.

1909 4133 1931 4163 ⁸
1959 4129 2026 4184 In
2045 4131 2351 4198 imperatore
2377 4131 2625 4198 privatus.
2657 4127 2758 4196 Qui
2783 4127 2835 4180 in
2872 4127 3101 4198 imperio
3123 4130 3315 4198 privati
3340 4132 3436 4189 ho-

1837 4202 1999 4259 minis
2023 4201 2342 4256 modestiam
2371 4210 2684 4254 servaturus
2714 4213 2888 4254 esses.

1911 4272 2083 4348 ξ-έγξδὶ
2115 4276 2267 4348 forte.
2299 4274 2583 4348 Eipcovtxéq
2610 4270 2736 4325 illud
2773 4269 3003 4348 accipio.

1915 4340 2150 4419 Xlllr—l‘
2175 4340 2367 4416 Longo'
2383 4342 2608 4398 Orientis
2632 4357 2746 4396 usu.
2775 4340 3000 4412 Propter
3022 4351 3173 4415 gesta
3198 4344 3250 4401 in
3282 4346 3436 4419 Syria

1838 4416 2004 4473 bella.

1911 4486 2226 4554 ’Impendia
2265 4487 2497 4558 palatina
2534 4484 2828 4541 minuendo.
2885 4484 2959 4558 id,
2993 4487 3136 4556 quod
3167 4488 3317 4544 aiunt
3344 4492 3434 4548 alii

1837 4560 2236 4616 Theodosianze
2266 4557 2390 4631 vita).
2419 4559 2713 4631 scriptores
2741 4557 3176 4631 negatZozimus
3205 4561 3432 4631 Histor.,

1838 4632 1936 4688 lib.
1978 4648 2051 4686 tv.
2076 4631 2216 4698 Quin
2240 4630 2418 4701 potius
2443 4639 2647 4684 tantum
2675 4627 3075 4701 impendiorum
3109 4632 3160 4684 in
3192 4627 3435 4692 mensam

1836 4705 2039 4772 regiam
2079 4705 2154 4758 ait
2181 4699 2451 4758 invectum
2476 4718 2506 4757 a
2534 4699 2864 4762 Theodosio,
2890 4708 2949 4755 ut
2969 4717 3077 4769 prta
3101 4705 3434 4762 multitudine

1753 4753 1806 4815 D
1831 4753 2060 4830 satis}.
2073 4753 2154 4847 Ῐὲὶ
2181 4753 2450 4847 itaita,"
2477 4753 2744 4847 gntae
2765 4753 3147 4847 έάάιιώιῖιήἀξ
3161 4753 3434 4847 satis};

1828 4865 1945 4903 rum
1994 4845 2232 4901 cohortes
2281 4846 2385 4900 sint
2442 4843 2711 4900 instituta.
2764 4843 2871 4898 Sed
2931 4859 3050 4915 qua:
3105 4845 3237 4901 fides
3307 4849 3431 4903 huic

1829 4919 2117 5028 scriptori9
2148 4917 2202 4973 in
2255 4918 2319 4973 iis
2375 4933 2494 4988 qua:
2559 4916 2625 4971 ad
2690 4916 3048 4986 imperatores
3098 4915 3434 4976 Christianos

1833 4999 2076 5028 cnnnlnnl

1831 4999 2112 5062 spectanti

1909 5085 1930 5116 ³
1951 5083 2279 5140 Demensum.
2301 5083 2632 5139 Demensum
2687 5082 2905 5153 proprie
2951 5081 3261 5149 dicebatur,
3291 5084 3437 5155 quod

1836 5156 2114 5247 servismin
2159 5157 2413 5247 alimenta
2454 5155 2682 5247 singulis
2699 5155 3001 5247 nmensibus
3031 5155 3279 5247 dabatur.
3309 5157 3436 5247 .Τεί-

1840 5239 1982 5285 rent.
2003 5227 2225 5283 Phorm.
2259 5228 2381 5284 Act.
2412 5244 2450 5293 ι,
2483 5225 2562 5282 sc‘.
2595 5245 2612 5282 ι
2647 5244 2658 5279 :
2696 5226 2848 5294 Quod
2877 5225 2967 5279 ille
3007 5226 3249 5279 unciatim
3272 5227 3357 5281 vix
3375 5227 3441 5283 de

1841 5299 2080 5355 demenso
2137 5315 2230 5353 atto
2275 5299 2445 5356 Suum
2495 5299 2810 5370 defraudans
2863 5297 3110 5368 genium,
3161 5301 3440 5370 conspersit

1841 5373 2016 5426 miser.
2053 5371 2150 5426 Hic
2198 5370 2359 5428 latius
2403 5369 2632 5427 sumitur
2657 5385 2757 5442 pro
2784 5383 3128 5440 quocumque
3153 5369 3296 5425 victu
3340 5386 3438 5427 ne-

216 5415 234 5447 ⁸
259 5415 488 5495 Ambitus
519 5423 803 5478 candidati.
836 5424 984 5479 Nova
1011 5415 1222 5495 species
1243 5423 1589 5495 candidatus.
1635 5421 1735 5476 Nc-

156 5502 245 5615 rrtgtle
269 5493 408 5547 enim
441 5496 746 5564 postulabat
773 5505 831 5551 ut
858 5493 1159 5564 fieret,'sed
1191 5504 1246 5550 ut
1274 5511 1342 5551 ne
1375 5495 1527 5551 ﬁeret
1557 5494 1729 5563 impe-

231 5577 306 5615 01⁵.

231 5577 306 5616 (11⁵.

214 5655 232 5684 ⁸
284 5655 406 5729 Yitte
432 5668 537 5714 tare
568 5670 773 5717 sectam.
807 5661 1065 5729 Respexit
1089 5660 1153 5715 ad
1186 5659 1314 5716 illud
1339 5659 1496 5716 Plinii
1526 5674 1651 5729 pan.
1679 5674 1732 5712 n.

159 5721 217 5804 ξνί
238 5728 377 5804 {Sed
397 5733 484 5801 qui
506 5733 737 5790 vitatum
755 5721 1004 5796 instituta,
1026 5735 1376 5804 rationemque
1402 5721 1699 5804 cognoverit
1717 5769 1734 5795 ,
1845 5721 2337 5804 exitiamertinivin
2364 5729 2653 5804 lulianum
2681 5721 2877 5804 paneg.
2907 5744 2982 5804 n._
2992 5725 3078 5780 11.

158 5795 297 5867 [acile
315 5795 510 5871 [autem
539 5806 1144 5879 cepiwltujttsinveniet.
1294 5795 1304 5804 ’
1465 5795 1488 5804 ⁷
1922 5801 2241 5872 ’Spartanis
2295 5801 2575 5877 gymnasiis
2619 5795 2902 5855 duriorem.
2951 5797 3250 5870 Spartanos
3297 5800 3440 5858 enim

667 5902 944 5964 PATROL.
990 5900 1174 5963 XIII.
2892 5897 2968 5960 16

1837 5444 2221 5569 θθῗδῗῖῗςςῗξεηδὶ
2276 5516 2408 5571 cibo.
2461 5514 2518 5570 Id
2567 5522 2669 5574 est,
2703 5513 2896 5576 larido,
2941 5527 3109 5577 caseo,
3169 5522 3218 5568 et
3259 5530 3437 5584 posca,

1841 5586 2013 5656 inquit
2058 5587 2376 5656 Spartianus
2413 5587 2464 5642 in
2498 5585 2788 5640 Hadriano.
2837 5584 3014 5638 Locus
3042 5593 3220 5640 autem
3253 5587 3341 5639 ille
3371 5587 3440 5642 de

1843 5657 2135 5730 Theodosii
2159 5656 2467 5730 frugalitate
2494 5667 2547 5712 et
2569 5657 2925 5725 temperantia
2952 5665 3201 5730 sumplus
3230 5657 3440 5714 videtur
3539 5661 3544 5668 ’
