3950 6350
527 306 630 364 ιθι

1711 302 2150 365 rnaonosws
2187 302 2276 362 E‘l‘
2315 292 2654 364 Faenus.
3683 287 3769 369 ut

527 422 771 494 flagitare
821 426 1152 477 remotorum
1177 419 1414 475 littorum
1441 419 1666 490 piscem,
1697 421 1962 494 peregrini
1987 420 2129 478 aeris
2156 425 2206 483 Α
2234 421 2398 490 diam,
2430 423 2626 493 quibus
2656 418 2905 475 militaris
2929 418 3008 475 rei
3030 412 3318 485 summam,
3346 415 3534 490 quibtis
3557 421 3770 477 consilio-

530 517 830 578 volucrem,
854 514 1025 569 alieni
1048 513 1307 582 temporis
1333 511 1520 568 florem
1550 512 1573 566 'I

609 607 899 664 XlV.Nam
932 607 1149 664 delicati
1182 608 1259 662 illi
1286 623 1350 662 ac
1374 608 1390 638 ¹
1419 608 1670 675 fluentes,
1695 618 1750 663 et
1796 608 1985 679 quales
2011 608 2134 663 tulit

529 717 677 773 sirpe
721 701 1026 772 reSpublica
1056 743 1072 769 ,
1127 716 1316 772 parum
1365 716 1424 756 se
1472 701 1648 756 lautos
1693 702 1971 771 putabant,
2027 702 2133 756 nisi

533 793 749 850 luxuria
774 795 1085 849 avertisset
1106 809 1328 858 annum,
1353 793 1453 848 nisi
1486 793 1740 864 liybernae
1764 793 1971 864 poculis
1993 808 2134 849 rosa

537 890 904 953 innatassent,
927 888 1029 942 nisi
1061 889 1248 942 aestiva
1269 885 1363 941 δίη
1394 888 1620 957 gemmis
1649 887 1936 958 capacibus
1963 887 2136 958 glacie

533 979 741 1036 falerna
763 980 1066 1050 fregissent.
1097 980 1297 1035 Horum
1332 980 1472 1052 gula:
1503 992 1761 1052 angustus
1788 991 1906 1036 erat
1951 989 2135 1036 noster

533 1075 708 1131 orbis.
753 1075 994 1147 Namque
1047 1079 1324 1148 appositas
1381 1077 1548 1147 dapes
1595 1094 1702 1132 non
1747 1092 1985 1148 sapore,
2039 1078 2135 1134 sed

535 1177 753 1240 sumptu
781 1172 1138 1234 aestimantes,
1173 1171 1278 1226 illis
1294 1170 1511 1226 demum
1534 1172 1671 1227 cibis
1693 1173 2132 1243 acquiescebant,

532 1279 670 1333 quos
699 1274 978 1319 extremus
1006 1261 1222 1329 Oriens,
1266 1274 1360 1318 aut
1411 1264 1618 1334 positus
1643 1273 1794 1319 extra
1827 1264 2134 1320 Romanum

533 1358 769 1417 Colchus
837 1360 1164 1430 imperium,
1227 1368 1324 1415 aut
1367 1360 1570 1415 famosa
1626 1359 1920 1430 naufragiis
1967 1361 2134 1417 maria

534 1453 836 1519 misissent,
887 1467 1025 1521 quos
1079 1452 1260 1507 invitae
1307 1451 1709 1523 quodammodo
1739 1452 2136 1524 reluctantique

532 1555 741 1602 natura:
775 1543 1054 1600 hominum
1112 1545 1314 1615 pericla
1359 1547 1686 1615 rapuissent.
1717 1544 1785 1602 Ut
1819 1554 2025 1600 taceam
2051 1546 2136 1599 in-

529 1637 662 1694 fami
705 1652 849 1707 smpe
889 1636 1090 1691 dilectu
1143 1636 1376 1707 scriptos
1431 1637 1484 1692 in
1534 1638 1824 1708 provinciis
1876 1645 2131 1706 aucupes,

531 1728 834 1798 ductusque
863 1728 964 1784 sub
995 1728 1163 1798 signis
1200 1738 1516 1785 venatorum
1569 1730 1825 1785 cohortes
1872 1731 2135 1786 militasse

2234 531 2351 570 rum
2383 525 2594 570 tuorum
2619 529 2811 570 arcana
2835 512 3250 569 committeres?
3277 512 3417 584 Ergo
3459 529 3573 570 cum
3608 515 3773 586 duplex

2235 605 2397 662 fuerit
2427 607 2529 662 iste
2567 606 2824 672 dilectus,
2875 617 3015 660 unus
3053 611 3118 660 ex
3162 601 3384 674 judicio,
3415 603 3544 659 alter
3579 622 3635 662 ex
3667 606 3773 675 fato,

2235 701 2500 756 incertum
2551 701 2804 756 meliores
2837 700 2988 754 viros
3036 697 3297 769 sapientia
3339 706 3447 763 tua,
3492 713 3555 752 an
3596 695 3776 756 fortuna

2236 793 2570 865 quaesiverit,
2624 807 2748 848 cum
2803 792 2939 848 tales
2968 791 3104 848 vel'
3164 795 3416 858 acceptos
3468 789 3668 858 habeas,
3710 792 3778 848 vel

2237 897 2504 959 repertos,
2539 895 2600 942 ut
2625 895 2681 942 et
2728 881 2811 942 illi
2853 885 3154 942 meruerint
3183 883 3374 954 teneri,
3407 883 3460 942 et
3503 877 3590 942 isti
3612 885 3778 943 debue-

2238 981 2347 1035 rint
2373 977 2634 1050 cooptari.

2311 1073 2452 1130 XVI.
2502 1074 2702 1143 Ecquis
2751 1067 3137 1144 imperaturum
3199 1077 3431 1142 unquam
3464 1067 3782 1142 putaviiami-

2238 1167 2379 1222 citiae
2405 1167 2607 1222 cultum
2642 1167 2695 1221 in
2720 1167 2865 1237 regia
2895 1165 3056 1221 laude
3084 1164 3394 1236 ponendum
3415 1163 3438 1217 ἲ
3459 1161 3669 1220 Humilis
3691 1165 3782 1221 lucc

2239 1263 2435 1330 virtus,
2469 1261 2801 1332 dubiumque
2828 1277 2895 1316 an
2949 1259 3124 1316 virtus
3171 1259 3528 1331 judicabalur,
3555 1274 3643 1315 nec
3667 1259 3785 1330 pala-

2243 1357 2331 1412 tiis
2361 1356 2542 1427 digna,
2593 1355 2691 1412 sed
2721 1354 2976 1426 periculis
3025 1354 3346 1410 habebatur.
3374 1354 3389 1385 ¹
3447 1352 3569 1410 Inde
3616 1349 3786 1410 facilius

2239 1450 2534 1516 inveneris,
2592 1449 2704 1527 qui_
2734 1449 3016 1521 pecuniam
3073 1464 3138 1504 ex
3167 1449 3384 1517 mrario,
3431 1447 3580 1520 quam
3632 1449 3707 1520 qui
3729 1465 3784 1506 ex

2239 1545 2422 1600 animo
2473 1543 2630 1598 fidem
2684 1540 3074 1613 prompserim.
3101 1543 3122 1574 '
3151 1541 3405 1611 Optimus
3459 1537 3548 1597 ille
3598 1540 3784 1608 ditabat,

2240 1654 2347 1694 non
2379 1636 2544 1692 etiam
2566 1635 2839 1706 diligebat,
2872 1635 3132 1706 prodesse
3155 1647 3401 1702 noverat,
3425 1633 3596 1690 amare
3621 1635 3788 1692 nescie-

2241 1732 2352 1786 bat.
2380 1730 2400 1761 ⁸
2431 1730 2508 1784 Tu
2541 1729 2851 1793 amicltiam,
2891 1743 3088 1784 nomen
3117 1739 3245 1786 ante
3295 1731 3576 1799 privatum,
3607 1731 3696 1783 ndtt
3720 1744 3787 1785 so-

533 1823 818 1890 conviviis,
848 1838 1028 1877 nonne
1054 1824 1406 1893 cognovimus
1435 1823 1716 1892 cujusdam
1744 1833 1892 1878 retro
1920 1823 2135 1894 priuci-
2165 1819 2214 1881 B
2241 1823 2350 1878 lum
2383 1824 2523 1878 intra
2552 1823 2730 1877 aulam
2763 1823 2990 1890 vocasti,
3040 1821 3135 1876 sed
3159 1821 3406 1877 indutam
3431 1829 3787 1893 purpura,auro‘

535 1919 617 1990 pis
645 1933 752 1973 non
783 1917 1008 1988 prandia
1037 1933 1201 1985 saepe,
1235 1917 1330 1972 sed
1386 1917 1588 1973 fercula
1613 1919 1634 1949 ¹
1658 1917 1967 1972 sestertium
2015 1917 2138 1972 mil—

532 2013 636 2068 lies
691 2011 998 2076 aestimata,
1051 2010 1498 2080 patrimoniorum
1563 2011 1897 2081 equestrium
1958 2008 2136 2080 pretia

535 2104 811 2160 traxisse?
841 2103 989 2168 Tuae,
1021 2103 1338 2174 imperator,
1380 2103 1576 2173 epulae,
1607 2102 1810 2158 mensis
1839 2101 2140 2157 communi-

534 2197 639 2252 bus
674 2196 974 2264 parciores,
1019 2195 1262 2248 locorum
1291 2209 1353 2248 ac
1398 2201 1704 2263 temporum
1759 2191 2022 2248 fructibus
2051 2192 2139 2247 in-

533 2301 839 2349 struuntur.
874 2289 1010 2344 Hinc
1051 2289 1298 2344 certatim
1329 2299 1351 2327 ο
1383 2288 1437 2343 in
1468 2303 1658 2344 omnes
1697 2287 1920 2342 luxuria:
1944 2286 2137 2358 pudor,

535 2382 888 2456 pareimoniae
932 2381 1110 2436 cultus
1134 2381 1379 2447 inolevit,
1407 2393 1460 2436 et
1509 2377 2138 2450 quiescentibus'legum

533 2476 719 2542 minis,
753 2475 917 2530 subiit
941 2489 1214 2546 quemque
1267 2474 1513 2544 privatim
1541 2476 1623 2528 sui
1678 2473 2019 2544 pmnitentia.
2051 2472 2142 2528 Sic

532 2579 616 2625 est
635 2569 803 2632 enim,
835 2567 916 2622 sic
943 2578 1048 2631 eSt,
1077 2574 1365 2634 exasperat
1394 2565 1641 2620 homines
1669 2561 1695 2600 ἀ
1729 2564 1991 2634 imperata
2019 2579 2142 2619 cor-

533 2661 727 2728 rectio,
749 2659 1098 2714 blandissime
1119 2659 1339 2728 iubetur
1359 2657 1633 2727 exemplo.

601 2753 719 2809 XV.
763 2751 868 2808 Sed
908 2766 1028 2806 cum
1062 2751 1202 2816 lucc,
1251 2761 1308 2806 et
1350 2750 1419 2806 ad
1471 2751 1614 2805 hunc
1664 2749 1882 2805 modum
1935 2758 2138 2805 caetera

532 2861 716 2901 mores
755 2844 1035 2899 hominum
1085 2853 1141 2898 et
1191 2843 1435 2898 instituta
1486 2843 1811 2910 formarint,
1863 2851 1975 2897 tum
2007 2841 2144 2897 nihil

533 2927 852 2995 abdicandis
881 2937 1048 2999 vitiis,
1077 2935 1507 3006 adoptandisque
1531 2934 1819 2990 virtutibus
1847 2935 2143 3003 impensius

530 3032 710 3089 sentio
739 3030 1025 3102 profuisse,
1055 3045 1215 3100 quam
1261 3028 1404 3099 quod
1453 3027 1534 3082 liis
1580 3039 1630 3082 te
1661 3029 1790 3082 viris
1813 3041 2030 3096 semper
2055 3027 2147 3083 de-

529 3129 658 3184 disti
692 3138 741 3196 ,ιδ
767 3142 902 3198 quos
931 3125 1188 3181 affectare
1235 3125 1446 3194 publica
1473 3123 1698 3179 deberet
1740 3123 1994 3192 imitatio,
2027 3123 2141 3193 qui,

2239 1916 2582 1987 gemmisque
2608 1913 2937 1982 redimitam,
2978 1909 3130 1970 solio
3171 1916 3460 1985 recepisti,
3489 1931 3660 1987 reque,
3704 1930 3786 1971 non

2245 2010 2426 2064 verbis
2471 2008 2778 2075 asseruisti,
2827 2009 3088 2080 principis
3135 2019 3375 2064 mentem
3417 2019 3558 2063 tanto
3599 2010 3646 2064 in
3692 2019 3788 2064 suos

2238 2105 2615 2174 benigniorem
2649 2117 2772 2160 esse
2812 2103 3040 2170 debere,
3096 2113 3305 2174 quanto
3355 2102 3428 2158 sit
3453 2102 3646 2156 fortuna
3681 2115 3789 2170 pne-

2240 2199 2497 2263 stantior,
2529 2195 2559 2233 h
2587 2211 2710 2252 cum
2749 2196 2853 2252 fide
2880 2211 2944 2252 ac
2985 2195 3236 2251 facultate
3267 2195 3484 2266 paribus
3507 2201 3641 2266 agas,
3669 2197 3714 2248 et
3736 2192 3793 2248 fa-

2242 2291 2546 2346 miliaribus
2591 2291 2699 2345 tuis
2749 2290 3047 2360 imperator
3104 2289 3314 2344 tribuas
3346 2331 3360 2356 ,
3414 2288 3552 2358 quod
3600 2289 3792 2358 privatus

2243 2392 2484 2453 Optaras.
2532 2384 2850 2455 Quanquam
2905 2380 3072 2453 iclum
3115 2383 3317 2452 capere
3372 2390 3492 2435 vota
3537 2385 3804 2450 potuerunt,

2243 2478 2389 2550 quod
2421 2479 2664 2550 plerique
2713 2487 2768 2534 te
2796 2477 3038 2548 principe
3061 2477 3346 2532 eonswuti
3369 2485 3494 2531 sunt
3514 2475 3536 2526 τ
3557 2473 3656 2530 Nec
3685 2463 3792 2527 nunc

2244 2571 2314 2627 de
2361 2570 2446 2625 his
2501 2571 2806 2626 honoribus
2852 2571 3082 2641 loquor,
3140 2581 3282 2640 quos
3330 2569 3383 2624 itt
3456 2573 3794 2640 quemcumque

2245 2662 2497 2719 conferre
2522 2661 2840 2733 imperatori
2889 2675 3116 2717 necesse
3159 2669 3269 2716 est.
3303 2661 3417 2716 Dux
3442 2660 3623 2731 aliquis
3648 2656 3795 2714 evehi-

2247 2765 2335 2812 tur
2351 2757 2375 2811 ?
2391 2757 2571 2827 Exigit
2589 2755 2876 2826 disciplina
2899 2766 3226 2810 castrorum.
3245 2753 3540 2811 Prmfectus
3559 2748 3795 2808 attollitur!

2246 2851 2636 2922 Imponendum
2663 2857 2750 2905 εει
2777 2849 3075 2920 provincia:
3109 2858 3297 2919 caput.
3354 2845 3545 2903 Cbnsul
3589 2841 3796 2901 creatur?

2252 2947 2266 2997 t
2308 2945 2599 3002 Habiturus
2627 2955 2711 3001 est
2753 2959 2950 3000 nomen
2973 2957 3167 2999 annus.
3229 2942 3313 2999 Ita
3375 2943 3430 2998 in
3473 2940 3677 2998 summis
3719 2937 3797 2992 illis

2249 3039 2739 3110 pulctierrimisque
2786 3037 3086 3102 beneficiis,
3120 3035 3147 3076 ιι
3181 3045 3273 3093 est
3321 3036 3496 3106 aliqua
3545 3030 3798 3106 praestantis

2252 3133 2475 3186 utilitas.
2499 3131 2545 3186 A
2573 3142 2644 3195 te;
2677 3145 2816 3186 nova
2849 3129 3200 3200 benignitate,
3236 3131 3288 3185 is
3331 3129 3518 3184 amicis
3556 3117 3704 3181 Itonos
3727 3124 3798 3177 litt-

531 3240 696 3295 quam
745 3223 901 3278 facile
955 3223 1047 3277 tibi
1097 3220 1328 3278 fuissent
1360 3218 1377 3257 ί
1431 3234 1804 3290 sequacesque
1865 3219 2142 3291 discipuli,
2175 3209 2221 3274 ϐ
2252 3226 2394 3281 bitus
2422 3235 2528 3289 est,
2553 3226 2646 3296 qui
2677 3234 2823 3280 totus
2845 3221 3249 3287 essetillorum.
3281 3219 3475 3297 quibus
3489 3217 3796 3286 deferebatur,

527 3327 635 3373 tam
665 3317 878 3374 caneris
907 3317 1196 3387 expetendi
1227 3325 1411 3371 essent
1452 3314 1717 3385 magistri.
1751 3314 1820 3371 Ut
1847 3315 1914 3370 de
1954 3314 2041 3371 his
2068 3315 2143 3370 si-

528 3410 696 3478 leam,
729 3419 752 3458 ε
782 3409 1038 3482 quostibi
1089 3409 1294 3478 primus
1336 3407 1426 3462 ille
1469 3407 1743 3464 nascentis
1784 3408 1996 3479 imperii
2025 3408 2142 3463 dies

532 3503 750 3570 obtulit,
783 3504 947 3556 tantis
985 3500 1278 3579 virtutibus
1310 3500 1592 3571 prarditos,
1617 3511 1671 3554 ut
1725 3515 1832 3556 non
1861 3517 1958 3572 pro
1985 3501 2144 3571 copia

532 3597 759 3666 sumpti,
810 3594 906 3650 sed
961 3611 1026 3650 ex
1074 3595 1228 3666 c0pia
1275 3594 1587 3650 viderentur
1634 3595 1836 3665 optati,
1904 3604 2038 3666 quot
2087 3605 2142 3650 tu

534 3699 722 3761 postea
746 3688 1042 3760 qualesque
1063 3686 1266 3759 legisti,
1291 3687 1485 3758 quibus
1526 3687 1926 3758 provinciarum
1959 3697 2142 3744 custo-

2251 3319 2498 3389 nihilque
2531 3333 2602 3375 ex
2632 3334 2698 3374 eo
2729 3319 2796 3374 ad
2829 3328 2881 3373 te
2903 3315 3234 3374 redundaret
3266 3318 3375 3373 nisi
3405 3316 3558 3373 dandi
3577 3317 3794 3384 voluptas.

2249 3410 2350 3468 Cui
2377 3426 2498 3466 cum
2539 3420 2724 3466 essent
2752 3410 2902 3466 do‘mi
2930 3409 2952 3441 ⁸
2986 3409 3104 3478 lilii,
3133 3407 3376 3482 gemina:
3413 3411 3518 3467 illa
3561 3417 3672 3480 spes
3695 3417 3797 3460 oru-

2250 3505 2398 3577 lique
2461 3504 2779 3576 reipublica:
2809 3545 2826 3570 ,
2892 3503 3076 3559 dilatis
3124 3517 3323 3560 eorum
3408 3494 3799 3574 magistratibas'

2252 3600 2456 3654 amicos
2533 3597 2817 3654 consulatu
2865 3597 3097 3653 ornavit.
3147 3597 3205 3654 Si
3273 3597 3582 3654 mehercule
3622 3596 3691 3650 vir
3731 3589 3800 3645 ille

2251 3685 2473 3747 divinus
2503 3732 2520 3760 ,
2573 3690 2848 3747 felicitatis
2897 3688 3129 3761 publicae
3176 3690 3446 3758 auctor,°
3485 3701 3662 3762 parens
3708 3675 3800 3740 tuus

1903 3801 2492 3864 INTERPRETATIO.

610 3908 636 3936 ει
666 3897 1071 3967 Tempestatum
1092 3895 1323 3952 ordinem
1347 3897 1723 3967 pervenisset.
1801 3953 1804 3956 ,

611 3969 636 4007 b
671 3969 724 4024 In
754 3965 964 4039 poculis
994 3984 1024 4022 e
1063 3971 1292 4039 gemmis
1319 3965 1637 4038 grandibus.

535 4045 588 4126 f’,
612 4053 632 4079 ε
659 4041 820 4126 ᾼριιά
840 4055 1030 4096 omnes
1063 4039 1291 4095 luxuriae
1325 4040 1506 4095 odium
1535 4047 1588 4096 et
1620 4040 1968 4110 parcimottia‘e
1993 4047 2145 4102 amor

607 4130 630 4163 v
779 4153 792 4166 .
1559 4161 1564 4168 ,
1639 4147 1646 4154 .

540 4115 956 4241 mdalgcii'rectio
984 4199 1101 4236 cum
1131 4181 1356 4252 imperio
1382 4183 1700 4253 conjuncta.

611 4269 634 4331 εξ
666 4257 815 4331 Quos
846 4255 1028 4326 populi
1057 4254 1320 4312 deberent
1356 4254 1648 4312 imitandos
1675 4258 1777 4315 sibi
1810 4271 2138 4331 proponere.
2231 4285 2236 4289 ·

619 4329 635 4367 ί
668 4329 1063 4398 Obsequentes.

2323 3910 2348 3949 8
2380 3901 2483 3968 Qui
2505 3902 2852 3972 magistratus
2874 3899 3156 3971 gerebant,
3175 3913 3303 3955 cum
3327 3899 3603 3973 imperium
3622 3895 3800 3966 adeptus

2254 3985 2337 4029 BS.

2324 4043 2353 4083 ιι
2383 4044 2518 4099 Cum
2549 4053 2636 4099 tua
2663 4043 2797 4098 iides
2828 4034 2900 4099 sit
2931 4051 3023 4114 par
3053 4034 3156 4098 tuti:
3183 4034 3602 4114 operation.”
3645 4107 3648 4110 ,

2333 4115 2349 4154 ί
2378 4116 2637 4185 Quaenam
2671 4124 2788 4170 vota
2818 4099 3087 4187 attingere
3107 4099 3355 4186 umquam
3387 4099 3800 4187 potuerunt,qu0ti

2259 4197 2312 4244 te
2341 4189 2661 4258 imperante,
2693 4197 2798 4244 etc.
3234 4255 3242 4258 Α
3483 4255 3519 4258 Α,
3549 4253 3552 4256 .
3625 4255 3628 4258 .

2329 4264 2344 4332 ῃ
2381 4249 2616 4332 Necesse
2647 4249 2730 4314 est
2760 4266 2818 4315 ut
2847 4258 2918 4332 ab
2943 4261 3010 4314 eo
3060 4255 3260 4332 nomen
3287 4253 3594 4332 imponatur
3610 4249 3744 4330 afino.

2328 4330 2352 4369 ’ί
2384 4331 2616 4404 Aliquod
2629 4329 2974 4388 commodum
2995 4331 3216 4388 reditad
3231 4328 3461 4404 eumqui
3472 4328 3595 4387 illud
3607 4328 3797 4402 prastat.

2089 4457 2316 4516 NOTAE.

543 4561 743 4626 pueros
773 4545 840 4602 ad
868 4547 1072 4626 Dianae_
1093 4561 1241 4602 aram
1272 4549 1416 4626 loris
1444 4549 1704 4626 flagellari
1727 4551 1938 4617 soliios,
1972 4568 2145 4623 usque
2169 4557 2226 4618 D
2249 4553 2351 4609 lies
2390 4554 2724 4610 sestertium.
2759 4553 2932 4610 Porro
2975 4568 3188 4626 summa
3219 4554 3311 4612 illa
3340 4531 3799 4626 quadringentorum

543 4615 919 4692 anguisanguis
942 4615 1249 4692 proliceret,
1278 4623 1476 4692 nemini
1500 4615 1694 4692 opinor
1721 4641 1828 4677 non
1859 4615 2068 4680 notum:

619 4689 758 4744 XIV.
794 4691 808 4720 ⁵
838 4689 1100 4743 Fluentes.
1135 4689 1285 4745 Lniu
1317 4689 1642 4748 difﬂuentes.
1665 4693 1924 4760 Velleius,
1950 4696 2146 4751 Fluens

547 4761 780 4818 mollitiis
807 4761 1220 4836 Sqrdanapglns.
1240 4761 1378 4836 Item
1405 4765 1509 4817 otio
1528 4779 1588 4818 ac
1607 4767 1836 4820 mollitiis
1865 4785 1989 4836 pene
2011 4769 2150 4822 ultra

552 4835 810 4904 {carinarii
837 4834 1026 4904 ﬂuens.
1070 4832 1434 4898 Quintilianus
1459 4849 1659 4904 pueros
1689 4832 1878 4892 molles
1925 4845 1986 4894 a'c
2013 4840 2149 4894 deli-

552 4903 728 4969 eatns,
754 4905 948 4977 solutos
967 4903 1097 4957 dicit
1122 4919 1198 4977 ne
1230 4903 1471 4974 ﬂuentes.
1511 4908 1664 4962 Plura
1714 4909 2149 4977 iutemp‘erantim

549 4975 798 5052 exempla
829 4974 951 5028 vide
989 4975 1132 5052 apud
1163 4974 1524 5052 Capitolinum
1564 4980 1616 5033 in
1638 4980 1780 5035 .Eliti
1809 4974 1968 5046 Vero,
1995 4981 2148 5052 cujus

553 5045 858 5103 convivium
884 5048 1208 5118 aestimatum
1239 5048 1437 5103 dicitur
1461 5053 1706 5118 sexagies
1732 5053 1878 5107 LLS.
1905 5063 1957 5108 et
1984 5045 2151 5107 Vitel-

552 5121 658 5194 lips
683 5120 870 5194 novies
895 5115 1091 5194 millies
1115 5122 1422 5194 sestertium
1444 5115 1620 5190 epulis
1636 5124 2147 5194 absumpsittTacit.

559 5181 702 5265 Hist.
738 5190 898 5265 Διηιι).
924 5181 1100 5265 -ρξ-Ιίιεῶ
1128 5191 1393 5256 posterior
1440 5181 1648 5247 summa
1699 5181 1864 5250 libra's
1917 5181 2154 5252 Gallicas

556 5259 775 5338 coniicit
806 5261 896 5338 59,
923 5258 1046 5321 575,
1071 5261 1198 5338 000.
1249 5313 1290 5338 ,λ
1444 5334 1454 5338 _
1518 5335 1528 5338 Α
1667 5325 1681 5338 ,

579 5389 583 5408 Ζ
632 5335 660 5404 ³.
684 5321 980 5408 Sestrrtium
1015 5331 1220 5386 millies.
1246 5321 1412 5408 Hunc
1442 5334 1494 5389 in
1518 5325 1691 5408 locum
1721 5341 1939 5408 irrepsit
1981 5339 2154 5394 mani—

563 5389 756 5460 fcsitun
813 5385 1088 5465 mendum,
1118 5418 1238 5457 cum
1280 5421 1343 5459 ex
1378 5406 1617 5471 Horatio,
1649 5385 2151 5476 juvenilis-ﬁdium,

561 5477 880 5543 caeterisqne
908 5485 1118 5528 constet
1169 5492 1388 5530 censum
1413 5490 1719 5546 equeStrent
1752 5479 1918 5536 fuisse
1941 5490 2150 5536 tantum

560 5548 1072 5623 quadringentot'utn
1125 5549 1459 5623 sestertium.
1505 5549 1682 5616 Quare
1732 5552 2016 5623 legendum
2065 5555 2153 5608 hic

564 5618 830 5694 §e5tcrtiis
855 5618 1292 5694 quadringentis,
1321 5636 1384 5694 eo
1409 5621 1662 5694 libentius
1687 5618 1836 5692 puto,
1861 5625 2001 5694 quod
2030 5640 2152 5679 cum

563 5687 617 5760 in
670 5687 904 5764 antiquis
925 5689 1340 5764 exemplaribus
1362 5691 1666 5764 haberetur;
1687 5687 1915 5750 fortasse
1943 5709 2028 5751 cn.
2063 5711 2152 5753 LL.

461 5803 468 5816 .
563 5759 968 5832 quadringentis
1018 5765 1286 5832 sestertiis
1353 5759 1665 5820 facillimum
1711 5767 1872 5822 fuerit
1923 5767 2158 5823 librariis

568 5829 818 5902 propter'
843 5838 1090 5887 notarum
1133 5829 1454 5893 afﬁnitatem
1480 5837 1786 5896 exscribere
1809 5853 1896 5896 etc
1921 5854 2007 5895 ιιι..
2034 5838 2158 5896 mil-

2255 4628 2566 4681 sesrertium
2588 4627 2656 4681 ad
2691 4627 2852 4681 libras
2878 4617 3149 4681 nostrates
3175 4617 3380 4686 £7,500
3417 4617 3690 4688 reducitur,
3709 4623 3800 4672 cum

2257 4699 2567 4773 sestertium
2587 4697 2782 4752 millies
2794 4698 2860 4773 ad
2881 4696 3186 4773 4,575,000
3205 4697 3370 4773 libras
3387 4697 3612 4773 Gallicas
3632 4701 3804 4773 exere?

2257 4781 2363 4824 cat.
2408 4766 2542 4823 Nota
2575 4780 2756 4824 autem
2801 4760 3026 4834 fercula,
3057 4760 3160 4825 etsi
3201 4779 3259 4824 ut
3287 4771 3569 4838 plurimum
3593 4778 3677 4838 pro
3697 4760 3802 4838 cibis

2259 4853 2566 4907 sumuntur,
2599 4839 2869 4896 interdum
2918 4832 3080 4896 etiam
3113 4855 3210 4911 pro
3249 4832 3512 4896 machinis
3538 4832 3801 4911 quibusdam

2260 4913 2456 4980 accipi,
2486 4913 2537 4967 in
2561 4915 2756 4983 quibus
2786 4913 2968 4983 plures
2995 4910 3348 4969 cibi'mensm
3407 4910 3798 4982 imponebantur,

2263 4995 2321 5039 ut
2353 4984 2538 5040 videre
2564 4981 2651 5040 est
2676 4981 2817 5054 apud
2841 4981 3178 5040 Petronium.

2336 5075 2476 5131 XV.‘
2494 5077 2738 5148 Acceptos
2765 5077 2972 5131 habeas.
2986 5075 3042 5132 Id
3065 5087 3150 5132 est
3169 5093 3199 5133 a
3223 5077 3353 5133 fato.
3378 5075 3495 5132 Mox
3513 5073 3589 5129 vel
3603 5071 3802 5139 repertos.

2262 5147 2312 5204 id
2341 5158 2443 5211 est,
2481 5147 2738 5204 industria
2769 5160 2880 5203 tua.

2333 5247 2473 5322 XVI.
2496 5249 2511 5279 ¹
2531 5247 2662 5301 Inde
2684 5249 2908 5322 facilius.
2946 5247 3003 5303 In
3037 5247 3365 5322 principibus
3388 5239 3587 5322 facilius
3610 5235 3804 5322 estlibe-

2261 5319 2513 5390 ralitatis,
2542 5315 2702 5390 quam
2737 5319 2854 5374 fidei
2887 5330 2940 5375 et
2973 5315 3228 5374 amicitiai
3257 5315 3498 5390 etctnpia
3523 5315 3747 5390 reperire.

2334 5392 2353 5421 ¹
2402 5379 2642 5464 Optimus
2669 5391 2783 5447 ille.
2834 5391 3088 5447 Fortasse
3122 5392 3360 5464 optimos.
3393 5379 3512 5445 Mox
3539 5379 3637 5452 itte,
3663 5379 3706 5436 id
3723 5383 3802 5440 esi.

2262 5461 2570 5517 Gratianus.

2333 5554 2462 5628 δίΤιι
2502 5557 2805 5612 amicitiam.
2847 5551 3130 5628 Sumptunt
3191 5553 3319 5613 illud
3368 5548 3434 5612 ei:
3481 5536 3661 5610 Iuliani
3704 5539 3805 5615 pall.

2264 5627 2533 5752 ".‘gg‘ifii.
2561 5699 2823 5755 Areadius
2845 5703 2900 5756 et
2929 5697 3222 5757 Hettorius.
3461 5763 3468 5768 ,
3519 5757 3526 5762 ,
3729 5661 3736 5666 ι

2337 5769 2359 5801 ⁸
2386 5770 2610 5826 Amicos.
2643 5772 2851 5829 Nempe
2880 5769 3260 5829 Mamertinum
3295 5779 3350 5828 et
3376 5769 3628 5826 meum.

2339 5840 2360 5872 ⁸
2388 5840 2589 5898 Parens
2617 5853 2758 5900 tuus.
2781 5839 3142 5902 Theodosius.
