3850 6334
10 293 96 351 μοι
891 292 1379 356 PANEGYRICUS
1419 274 1670 358 pacari
1706 284 2099 360 THEODOSIO
2138 303 2408 363 DICTUS.

3207 301 3319 359 ιθι

10 412 232 478 'iverel,
276 409 411 483 quid
455 410 598 469 aliud
622 422 991 486 exspectasset
1017 431 1047 470 a
1076 415 1208 480 ﬁlio,
1237 432 1397 487 quam
1424 424 1487 472 ut
1518 431 1610 472 ue-
1637 426 1684 487 Α
1715 420 1880 474 mium
1929 419 2245 493 spondetur,
2278 430 2334 478 et
2386 420 2653 478 redditur.
2701 418 2813 479 Sibi
2865 416 3230 474 humilitatem
3263 428 3319 475 ct

10 507 216 563 iotibus
274 507 646 565 anteferretur
674 508 696 563 ?
729 509 1032 566 Praestitisti
1062 510 1224 581 igitur
1255 510 1468 578 amicis,
1498 526 1608 582 quo

10 602 109 653 lIUS
139 616 248 656 nec
286 602 429 672 patri
470 615 728 673 praestare
785 604 1075 675 potuisses.
1110 603 1155 660 Ο
1209 602 1608 660 benevolentia:

10 708 91 747 me
124 694 417 766 singulare
436 696 757 751 consilium!
787 697 967 767 Auges
998 706 1243 766 tempore
1266 694 1605 768 dignitatem,

10 804 107 859 [me
170 789 585 846 incrementum
635 807 701 847 ex
755 790 1124 862 magnitudine
1181 807 1286 846 non
1352 789 1606 847 habebat.

10 885 409 959 tenuntiantur
434 885 593 941 amici
637 895 760 942 ante
794 886 933 941 ﬁlios
961 895 1082 941 tuos
1124 884 1398 956 consules,
1431 886 1451 917 ⁷
1484 887 1610 957 quia

9 995 92 1035 ιοη
124 988 399 1051 poterant
426 981 545 1051 plus
584 995 727 1047 esse,
750 996 909 1053 quam
940 981 1213 1037 consules.

54 1076 231 1133 XVII.
263 1077 375 1132 Eat
422 1093 567 1134 nunc
597 1077 679 1133 sui
742 1079 1063 1135 ostentatrix
1123 1086 1387 1143 vetustas,
1417 1085 1471 1132 et
1517 1072 1610 1130 illa

10 1174 301 1229 numneris
385 1173 694 1229 litterarum
746 1171 958 1244 vulgata
1029 1171 1398 1228 monumentis
1448 1170 1613 1240 jactet

10 1267 270 1337 :xetnpia.
298 1276 327 1303 ⁸
356 1252 581 1320 Pirithoi
628 1265 788 1321 fidem
840 1266 1095 1337 prtedicet
1120 1308 1134 1332 ,
1180 1274 1234 1320 et
1265 1262 1609 1319 decantatum

10 1360 255 1415 unuibus
284 1358 471 1416 scenis
496 1358 713 1415 Phocasi
740 1359 956 1430 juvenis
988 1356 1171 1414 laudet
1194 1357 1471 1424 ofﬁcium;
1507 1356 1611 1427 Py‘

12 1454 158 1510 hiatu
184 1454 387 1522 etiam,
420 1453 466 1509 si
510 1444 744 1522 videtur,
804 1453 949 1510 dicat
989 1462 1045 1510 et
1091 1452 1354 1518 Damona,
1381 1465 1612 1522 quorum

9 1550 130 1605 lllCl‘
160 1549 215 1603 in
244 1548 411 1603 amici
442 1557 619 1605 morte
645 1563 706 1605 se
737 1547 926 1604 vadem
954 1536 1172 1612 obtulit,
1205 1545 1342 1602 alter
1371 1546 1436 1601 ad
1462 1544 1612 1600 diem

10 1643 203 1698 radatm
234 1641 437 1697 mortis
463 1641 721 1698 occurrit.
751 1640 820 1698 Ut
852 1640 970 1697 haec
999 1656 1121 1698 esse
1148 1657 1274 1696 vera
1304 1638 1607 1705 credamus,

10 1752 111 1808 lum
143 1733 457 1791 mendaciis
472 1745 656 1791 vatum
676 1735 731 1791 in
762 1736 985 1807 plausus
1009 1738 1187 1807 aptata
1223 1732 1244 1766 ²
1280 1747 1567 1790 cavearum
1594 1773 1609 1797 ,

10 1842 19 1869 ι
48 1831 213 1887 ﬁdem
238 1832 480 1901 tempori
496 1828 695 1887 debent
719 1848 730 1883 :
756 1846 884 1886 num
914 1840 1173 1901 prtesmre
1197 1824 1471 1884 credendo
1494 1824 1613 1896 plus
1643 1846 1690 1924 Β

10 1939 319 1995 possumus,
364 1940 525 1995 quatn
576 1932 634 1978 ut
678 1922 834 1991 istos,
880 1924 970 1995 qui
1022 1921 1273 1977 amicitia:
1302 1920 1461 1976 laude
1484 1935 1614 1976 ceno

9 2010 183 2074 sentur
235 2018 542 2073 amicorum
586 2016 775 2084 fuisse,
801 2034 960 2089 quam
988 2017 1070 2072 sui
1102 2015 1477 2087 diligentiores
1512 2029 1613 2083 pu-

9 2120 174 2166 temus
205 2109 228 2163 ?
258 2110 375 2167 Sed
404 2126 527 2165 eum
560 2110 877 2166 iustituente
934 2116 1123 2167 natura
1157 2111 1278 2182 plus
1308 2109 1420 2164 fere
1451 2107 1613 2172 ﬁlios,

10 2218 159 2272 quam
192 2202 569 2270 nosmetipsos
598 2202 910 2275 diligamus,
944 2219 1104 2259 omne
1125 2204 1254 2260 vicit
1277 2201 1611 2273 exemplum,

10 2295 89 2366 qui
130 2296 343 2350 amicos
379 2294 464 2351 Itis
514 2295 771 2365 prmtulit,
800 2312 937 2368 quos
965 2297 1065 2354 sibi
1091 2295 1437 2369 pra-ferebat.
1461 2295 1482 2327 ³
1504 2293 1613 2351 Sed

9 2394 61 2442 tu
93 2388 340 2459 quidem,
377 2386 406 2427 ιδ
435 2388 501 2443 ad
554 2389 956 2445 exonerandam
1007 2389 1321 2447 debentium
1351 2405 1617 2447 verecutv

10 2482 166 2549 diam,
200 2500 325 2555 qua:
357 2485 411 2538 in
461 2494 581 2539 tuos
604 2482 847 2550 "confers,
872 2502 979 2541 nou
1019 2486 1101 2541 vis
1127 2486 1296 2542 videri
1325 2497 1613 2560 praestare,

10 2575 95 2631 sed
129 2574 392 2632 reddere.
424 2576 687 2633 Geramus
717 2577 810 2633 tibi
842 2595 1072 2647 morem,
1101 2590 1121 2617 ε
1148 2588 1203 2635 et
1227 2581 1614 2637 beneficiorum

11 2685 243 2727 summas
270 2676 489 2727 tuorum
527 2686 626 2743 pro
677 2680 763 2727 tua
815 2672 1094 2729 voluntate
1153 2674 1435 2742 ducentes,
1462 2675 1621 2746 quid-

11 2762 126 2833 quid
158 2764 520 2821 familiaribus
548 2766 651 2821 tuis
686 2766 875 2821 tribuis
905 2783 1009 2823 non
1035 2767 1265 2839 expendi
1295 2771 1497 2839 potius,
1523 2768 1618 2826 sed

15 2854 230 2928 rependi
280 2868 583 2929 putemus;
637 2860 917 2915 enimvero
964 2876 1083 2916 cum
1136 2861 1328 2916 leviter
1355 2863 1619 2932 cognitos,

15 2962 99 3006 aut
125 2953 287 3007 etiam
321 2953 496 3010 semel
520 2953 663 3011 visos
696 2955 762 3010 iis
792 2954 1091 3010 honoribus
1113 2956 1271 3012 simul
1303 2955 1469 3025 ditas,
1502 2958 1621 3028 qui-

19 3042 111 3097 bus
150 3053 206 3100 et
253 3045 422 3101 amici
470 3056 834 3117 possentesse
862 3049 1127 3115 contenti,
1164 3064 1342 3106 nonne
1368 3051 1623 3109 omnibus

22 3138 95 3193 vis
125 3140 356 3208 probare
405 3142 638 3197 amicum
690 3142 788 3197 tibi
838 3157 960 3199 esse
1007 3142 1097 3213 qui
1144 3143 1322 3199 bonus
1363 3143 1623 3200 sit?Cui-

22 3244 241 3303 cumque
285 3232 421 3304 quid
475 3233 675 3305 publici
727 3234 1037 3291 mandatum
1070 3235 1231 3293 fuerit
1262 3235 1450 3303 ofﬁcii,
1478 3251 1618 3307 prae-

1715 512 1967 569 tenebras
2013 530 2140 570 suas
2188 515 2419 585 imputet
2462 515 2650 585 jacens
2676 513 2879 577 virtus,
2913 528 3033 584 quae
3087 512 3319 567 nouob-

1716 604 1839 659 tulit
1865 620 1924 661 se
1948 606 2301 675 probandam.
2333 604 2353 637 ³
2376 600 2530 676 Quod
2561 607 2914 664 conscientiae
2944 614 3051 661 tute
3088 604 3316 674 sufﬁcit,

1716 698 2010 756 honoratus
2040 711 2123 757 est
2163 701 2252 772 qui
2279 702 2557 772 probatus.
3214 770 3223 774 _

1787 795 1973 852 XVIII.
2010 795 2180 851 Velim
2212 792 2391 853 tamen
2420 796 2570 852 dicas
2599 796 2761 863 unde,
2793 812 2914 853 cum
2942 797 2959 828 ¹
2993 796 3159 853 tantis
3190 810 3316 868 pro-

1713 890 1875 945 missa
1920 888 2218 959 persolvas,
2268 888 2395 961 quid
2424 888 2511 945 cui
2556 890 2871 959 promiseris
2898 890 3063 957 scias,
3114 896 3213 946 nec
3260 884 3313 946 te

1715 982 1799 1037 vel
1824 982 2138 1052 reipublicae
2186 997 2340 1047 cura,
2375 982 2456 1037 'vel
2486 982 2601 1051 ipsa
2650 981 2740 1037 illa
2775 994 2989 1038 tuorum
3023 982 3320 1039 beneﬁcio-

1717 1094 1834 1133 rum
1856 1078 2009 1132 turba
2035 1074 2351 1143 confundat,
2367 1076 2388 1108 ¹
2412 1074 2471 1131 ut
2495 1076 2726 1146 parciOr,
2745 1073 3041 1142 tardiorve,
3070 1084 3315 1147 tempore

1715 1187 1897 1241 quem,
1932 1170 2161 1226 modove
2190 1168 2450 1240 decipias.
2476 1168 2605 1238 Quis
2632 1168 2847 1224 debitor
2876 1167 3217 1225 verecundus
3246 1168 3318 1223 ita

1715 1271 1959 1320 mutuum
2000 1258 2066 1317 ad
2099 1263 2240 1318 diem
2272 1248 2485 1326 reddit,
2521 1270 2577 1316 ttt
2634 1268 2706 1330 tu,
2735 1256 2879 1333 quod
2911 1262 3319 1332 promittis,ap-

1718 1359 1955 1429 pendis?
1984 1357 2004 1390 ³
2030 1352 2141 1413 Nec
2168 1357 2373 1429 imponi
2419 1356 2818 1429 negligentibus
2845 1355 3151 1414 arbitreris.
3172 1357 3320 1424 Quo-

1718 1449 1901 1508 tidied
1956 1452 2011 1508 in
2060 1450 2318 1509 beneficia
2353 1459 2439 1507 tua
2489 1452 2785 1522 quaerimus
2814 1492 2832 1519 ,
2885 1458 2941 1506 et
2998 1448 3321 1506 memoriam

1717 1549 2094 1615 convenimus,
2116 1558 2171 1605 et
2199 1562 2266 1603 ne
2318 1546 2547 1618 singulis
2577 1544 2859 1601 insidietur
2910 1544 3111 1602 oblivio
3135 1587 3150 1613 ,
3197 1548 3320 1600 cu'm

1717 1640 1893 1697 altero
1914 1642 2145 1712 quisque
2174 1638 2535 1697 conferimus.
2560 1637 2739 1695 Unum
2784 1638 3030 1694 invenire
3058 1654 3165 1693 non
3196 1653 3324 1707 pos-

1720 1748 1929 1799 sumus,
1960 1733 2114 1803 cujus
2133 1748 2285 1804 spem
2312 1742 2473 1803 atque
2513 1732 2978 1802 exspectationem
3011 1746 3115 1785 non
3145 1729 3323 1784 dicam

1719 1827 1999 1893 fefelleris,
2028 1826 2143 1893 sed,
2168 1842 2289 1897 qua:
2310 1823 2332 1858 ⁸
2372 1834 2394 1863 θ
2424 1822 2712 1899 delicatior
2759 1830 2844 1878 est
2878 1822 3123 1894 querela,
3152 1810 3327 1877 distu-

1720 1920 1868 1976 leris.
1905 1920 2161 1977 Solamne
2192 1936 2301 1986 me,
2350 1904 3139 1999 imperator,benevolentiam
3178 1925 3325 1972 tuam

1719 2015 1905 2071 mirari
1930 2015 2135 2085 putas?
2166 2012 2233 2070 At
2286 2029 2389 2085 ego
2427 2013 2597 2069 miror
2622 2011 2785 2068 etiam
2821 2012 3163 2068 memoriam.
3188 2010 3324 2066 Nam

1716 2109 1849 2165 cui”
1880 2108 2192 2177 Hortensio,
2236 2107 2560 2172 Lucullove,
2619 2108 2701 2164 vel
2748 2108 2951 2164 Caesari
2995 2117 3101 2163 tam
3140 2116 3328 2178 parata

1717 2188 1971 2276 umquam
1996 2203 2168 2260 adfuit
2197 2203 2525 2271 recordatio,
2557 2217 2717 2273 quam
2743 2203 2837 2258 tibi
2862 2218 3015 2259 sacra
3056 2210 3210 2259 mens
3240 2204 3331 2257 tua

1718 2298 1840 2354 loco
1868 2306 2274 2368 momentoque,
2312 2312 2419 2367 quo
2446 2294 2702 2368 jusseris,
2747 2290 2928 2352 reddit
2964 2308 3126 2351 omne
3156 2292 3330 2366 depo-

1719 2393 1929 2450 situm?
1964 2393 1984 2425 °
2008 2392 2202 2451 Utrum
2247 2396 2298 2448 te
2330 2396 2510 2447 tamen
2567 2390 2685 2469 ipse
2732 2389 3039 2446 admones?
3078 2405 3143 2444 an
3174 2399 3231 2443 ut
3254 2388 3333 2444 illi

1721 2488 2022 2559 majestatis
2054 2498 2160 2544 tum
2190 2486 2442 2558 participi
2470 2484 2491 2518 ⁷
2514 2483 2638 2550 deo,
2662 2483 2910 2540 feruuttir
2942 2483 3200 2539 assistere
3226 2479 3336 2536 fata

1720 2597 1843 2638 cum
1869 2581 2089 2648 tabulis,
2120 2579 2198 2637 sic
2230 2580 2326 2635 tibi
2355 2579 2533 2651 aliqua
2556 2578 2639 2634 vis
2668 2578 2855 2634 divina
2888 2575 3183 2641 subservit,
3210 2589 3335 2647 qua:

1722 2677 1866 2750 quod
1890 2677 2117 2740 dixeris,
2138 2677 2363 2743 scribat,
2397 2674 2451 2731 et
2478 2672 2779 2746 suggerat?
2803 2671 2949 2728 Nihil
2978 2673 3049 2727 ita
3084 2670 3333 2742 primori-

1724 2771 1826 2828 bus
1852 2770 2022 2825 labris
2070 2768 2369 2840 polliceris,
2417 2769 2544 2842 quin
2579 2766 2849 2838 promisso
2901 2765 3059 2821 ﬁdem
3112 2764 3337 2830 subdas,

1726 2873 1781 2919 et
1812 2864 1977 2919 verba
2004 2879 2061 2919 re
2086 2864 2319 2919 saucias.
2357 2860 2682 2932 Nemojam,
2710 2875 2869 2914 nemo
2892 2857 3178 2919 beneﬁcia,
3213 2872 3336 2927 qua:

1726 2956 1966 3024 dederis,
2000 2958 2068 3014 ab
2098 2972 2165 3013 eo
2192 2956 2365 3013 credit
2408 2965 2657 3026 tempore
2686 2952 3071 3026 computanda,
3102 2966 3210 3023 quo
3243 2951 3338 3007 de-

1726 3050 1899 3121 deris,
1955 3053 2079 3123 quia
2109 3054 2131 3085 ⁸
2158 3063 2265 3107 tam
2317 3052 2426 3107 sint
2475 3059 2643 3117 certa,
2670 3065 2793 3121 quae
2842 3046 3100 3119 Spondes,
3131 3052 3193 3101 ut
3222 3046 3338 3099 tum

1727 3145 2018 3203 videantur
2048 3157 2297 3217 accepta,
2326 3160 2448 3200 cum
2479 3140 2737 3216 Spondes.
3300 3193 3308 3201 ,

1800 3226 1945 3296 XIX.
1979 3236 2098 3295 lam
2143 3238 2409 3312 idip'atm,
2441 3236 2586 3311 quod
2609 3237 2626 3269 ί
2658 3236 2783 3292 ante
2812 3232 3116 3308 promittis,
3156 3226 3339 3289 nOnnc

1378 3351 1966 3411 INTERPRETATIO.

92 3473 117 3537 ᾗ*
145 3462 425 3537 Yetustati
444 3462 645 3537 debent
665 3466 802 3537 quod
832 3464 992 3521 ﬁdem
1024 3469 1239 3537 faciant.

92 3533 117 3572 δ
149 3534 214 3613 Ut
237 3535 492 3591 consulas
524 3533 717 3613 pudori
737 3553 923 3613 eorum
953 3533 1095 3613 quos
1122 3539 1439 3613 obstringis.

98 3616 117 3645 ο
149 3604 214 3661 Et
239 3622 455 3664 summa
489 3604 578 3663 tua
608 3607 872 3665 beneﬁcia
898 3604 1232 3667 ex'arbitrio.

92 3674 409 3737 dBeneﬁcia
456 3688 543 3736 tua
571 3681 754 3739 animo
788 3691 1187 3753 computamus,
1245 3691 1301 3739 et
1359 3682 1621 3741 memoria

1648 3470 1694 3534 C
1726 3471 2021 3541 repetimus
2049 3484 2113 3526 ac
2142 3485 2211 3526 ne
2231 3471 2354 3540 quis
2382 3469 2528 3525 ullus
2571 3483 2761 3525 eorum
2782 3469 3165 3541 ,obliviscatur,
3189 3470 3334 3530 inter

1730 3540 1831 3599 uos
1856 3541 1929 3615 de
1954 3542 2021 3599 iis
2046 3543 2200 3615 quasi
2233 3557 2297 3599 ea
2326 3551 2686 3615 comparantes
2710 3540 3088 3615 colloquimur.

1804 3623 1828 3652 θ
1854 3612 2037 3686 Longe
2064 3612 2261 3671 minor.

1560 3790 1797 3855 NOTtE.

96 3888 287 3965 'f_Quia
324 3907 430 3965 non
494 3888 758 3965 poterant:
783 3893 1110 3950 Beneﬁcium
1161 3894 1472 3951 consulatus
1513 3900 1620 3965 quo

39 3959 253 4036 nullum,
282 3964 460 4036 majus
494 3959 753 4021 conferre
782 3968 968 4021 amicis
1003 3976 1239 4034 poteras,
1271 3967 1316 4022 si
1343 3959 1621 4036 Spectctur

38 4034 259 4098 supremi
286 4034 447 4109 illius
474 4036 819 4107 magistratus
864 4036 1118 4108 dignitas,
1147 4039 1319 4094 fecisti
1354 4034 1413 4093 ut
1443 4038 1620 4109 majus

38 4111 194 4228 esst-tt,
217 4106 342 4160 cuin
374 4108 434 4161 ut
481 4106 589 4164 cito
618 4106 1047 4176 conferrem—eos
1089 4112 1214 4166 ﬁliis
1244 4113 1407 4166 etiam
1462 4106 1620 4166 ante-

66 4188 92 4225 11
118 4191 157 4227 IS
186 4192 218 4228 I.

66 4188 218 4228 UIISlI.

105 4244 256 4321 _XYll.
284 4250 404 4321 —7‘
438 4248 658 4307 Pirithoi
689 4253 863 4321 ﬁdem.
907 4253 982 4307 De
1021 4254 1245 4308 Pirithoi
1288 4265 1338 4309 et
1372 4253 1568 4309 Thesei
1607 4292 1621 4317 ,

42 4313 241 4400 Pylade:
264 4320 591 4400 et__0_re.stis,
619 4313 879 4400 Damonis
905 4335 960 4379 et
986 4324 1192 4397 Pythiae
1242 4341 1339 4382 seu
1369 4313 1622 4390 Pinttiite,

44 4391 259 4466 altricitia
288 4393 422 4447 nihil
445 4393 587 4466 dico,
607 4398 863 4466 quoniam
892 4412 982 4452 res
1014 4391 1137 4452 [iota
1162 4406 1262 4451 est.
1494 4454 1501 4461 _

108 4461 125 4489 ²
151 4458 450 4543 ςαυεατωη.
473 4458 660 4543 Δ(ἳοθνεξξι
681 4467 899 4543 proprie
924 4479 1007 4524 est
1032 4484 1156 4543 area
1189 4470 1240 4523 in
1268 4468 1446 4525 medio
1472 4458 1622 4522 thea-

47 4535 139 4594 tro,
166 4535 219 4588 in
242 4551 344 4605 qua
361 4539 605 4607 equitum
634 4535 896 4595 subsellia
926 4542 1222 4603 constituta
1245 4556 1369 4596 esse
1389 4556 1625 4594 consue-

47 4612 263 4678 verant,
310 4609 454 4678 quod
499 4610 632 4665 velis
691 4622 833 4667 tecta
887 4627 1068 4668 caveae
1097 4612 1506 4667 similitudinem
1540 4627 1618 4665 re-

49 4669 257 4757 ferrent.
288 4669 647 4757 δίκερε-ωηιξη
675 4684 752 4757 uti
776 4684 890 4757 hoc
912 4686 965 4739 in
988 4685 1108 4739 loco
1133 4700 1234 4756 pro
1266 4693 1381 4739 toto
1411 4682 1625 4739 theatro

50 4752 283 4816 sumitur,
319 4761 375 4807 ut
406 4752 653 4821 Etteid.,
678 4755 715 4810 1.
749 4771 801 4821 v,
828 4754 936 4811 ’540
966 4772 982 4812 :

161 4837 249 4891 Hic
271 4848 426 4895 totum
448 4859 613 4896 cavete
630 4858 914 4898 consessum
930 4848 1166 4911 ingentis,
1196 4853 1293 4898 etc.

116 4919 137 5003 ἦ
276 4937 329 4981 tu
356 4929 600 5007 quidem._
620 4929 889 5007 Fortasse,
918 4941 967 4987 et
1016 4944 1069 5007 tn
1096 4934 1323 5007 quidem,
1355 4941 1433 5007 Aut
1482 4940 1634 4986 notat

56 4987 313 5076 acidalius
343 4987 773 5076 :iincoucinnum
806 5006 950 5060 enim
981 4987 1239 5076 quiddam
1282 4987 1443 5060 habet
1470 5019 1630 5075 repe-

59 5068 144 5133 ιιιο
166 5072 437 5133 particula:
464 5074 574 5127 sed.

120 5132 309 5217 ξ,οαοά
335 5145 679 5217 _conscientia:
727 5156 847 5201 tum.
903 5146 1163 5217 Respexit
1217 5147 1282 5204 ad
1333 5148 1632 5203 Gratiarum

60 5211 289 5292 ξςεξοῃϐζη
335 5214 599 5292 Ettmenii,
634 5234 688 5271 u.
715 5218 785 5274 20
816 5236 829 5272 τ
857 5218 974 5292 Sibi
1013 5211 1227 5292 imputet
1282 5221 1511 5292 quisquis
1555 5221 1630 5273 uti

61 5272 207 5364 ξίξξυξι
234 5278 472 5364 (terte/icio
498 5272 604 5364 tuo,
654 5305 745 5343 nec
773 5307 827 5364 se
856 5289 1069 5364 dignum
1085 5272 1491 5364 mtajudicaiit,
1515 5308 1632 5351 cum

64 5350 408 5435 p‘erﬂ‘teilicdet
460 5368 512 5410 ut
541 5350 727 5435 viveret
767 5361 845 5433 (tu
896 5350 1034 5431 quod
1063 5350 1261 5435 sufﬁcit
1302 5350 1630 5418 conscientia:

68 5416 178 5542 (ut?
201 5424 343 5480 etiam
372 5444 471 5497 non
496 5416 801 5501 merentibus
825 5416 1115 5505 pepercisti.

184 5491 301 5542 Vl“.
325 5530 395 5538 —
420 5500 436 5529 ί
460 5496 640 5542 Tanti:
691 5503 791 5542 Dm
812 5513 898 5542 Inl,

184 5491 302 5550 VIII.
325 5530 395 5538 —
416 5494 436 5529 "
459 5491 661 5555 Tantis.
688 5498 791 5556 Pro
811 5491 904 5557 ιόιί

131 5560 484 5652 Ῐμρςορςιγεὶως.
518 5570 593 5652 ita
623 5584 692 5652 ut.
719 5574 1024 5649 alicuiaut
1075 5576 1126 5630 id
1182 5592 1286 5630 non
1326 5576 1438 5652 _des
1489 5564 1632 5646 quod

388 5636 480 5696 aut
520 5646 629 5699 non
662 5645 758 5701 des
785 5662 853 5702 eo
902 5642 1147 5716 tempore
1178 5663 1283 5717 quo
1309 5636 1561 5704 daturum
1586 5658 1638 5704 te

165 5720 362 5765 IIllSlSll.
696 5736 699 5743 λ

138 5769 283 5863 ἶβις
303 5784 524 5863 imponi.
551 5785 639 5843 Sic
669 5789 945 5863 agis__cum
976 5789 1042 5863 iis
1081 5786 1275 5863 quibus
1317 5786 1635 5859 promisisti,

77 5848 208 5907 quasi
236 5848 509 5909 existimes
552 5872 644 5913 eos
672 5848 745 5915 ila
774 5848 1063 5932 diligenter
1092 5848 1386 5918 observare
1416 5848 1642 5932 promis;

1652 4720 1709 4782 D

1722 3903 1905 4014 891‘?!“
1939 3886 2159 3944 modum
2203 3895 2552 3961 tempusque,
2579 3890 2637 3947 ut
2663 3860 2823 3950 facile
2852 3892 3027 3967 decipi
3057 3898 3163 3953 non
3212 3912 3341 3971 pos.

1727 3977 1810 4014 sm
1845 4001 1857 4013 .

1727 3977 1857 4016 81111.

1798 4031 1819 4062 ⁸
1854 4031 2136 4110 Delicntior
2161 4031 2676 4110 estabelicatiorem
2719 4045 2878 4110 vocat
2931 4038 3081 4095 dilati
3112 4082 3124 4105 ,
3170 4046 3334 4110 quam

1728 4120 1836 4181 non
1865 4104 1975 4158 dati
2024 4103 2252 4181 omnino
2281 4103 2876 4181 bettcliciiquerelam;
2910 4112 3034 4181 quia
3068 4103 3336 4181 promissa

1729 4176 2025 4252 denegare
2050 4174 2285 4252 hominis
2332 4185 2417 4230 est
2465 4177 2664 4252 nullius
2711 4180 2830 4252 fidei
2867 4174 3127 4237 :diil‘eri'e
3159 4196 3289 4241 vero
3312 4229 3329 4252 ,

1731 4247 2079 4371 negligentiae
2092 4245 2368 4316 cujusdam
2383 4263 2501 4317 qua:
2515 4249 2566 4302 in
2582 4248 2855 4306 hominem
2873 4254 3115 4321 quemvis
3136 4245 3334 4313 cadere

1736 4333 1894 4371 DOSse
1926 4335 1973 4371 vt
2016 4328 2189 4371 eatur.

1736 4333 1894 4389 posse
1926 4336 1949 4367 ν
1960 4328 2189 4372 meatur.

1805 4384 1825 4421 ⁸
1847 4387 2159 4455 Hortensio,
2190 4384 2493 4465 Lucullana
2526 4386 2878 4465 Praestantem
2929 4393 3088 4465 hujus
3130 4413 3336 4455 memo-

1732 4463 1871 4518 riam
1918 4460 2263 4516 commendat
2304 4460 2512 4516 Tullius
2561 4461 2771 4517 Tuscul.
2804 4465 2856 4529 1.
2889 4476 2943 4521 et
2985 4460 3229 4526 extremo
3273 4472 3338 4528 de

1736 4534 1954 4605 Oratore
1984 4533 2130 4605 Lm,
2162 4534 2251 4605 ubi
2279 4542 2333 4588 et
2359 4533 2631 4589 Hortensii
2660 4538 2906 4605 meminit
2928 4579 2942 4597 .
2974 4539 3158 4597 itidem
3187 4552 3242 4599 et
3282 4544 3340 4600 in

1731 4604 1914 4670 Bruto,
1947 4622 2000 4659 η.
2035 4604 2161 4676 501.
2192 4602 2461 4659 Czesarem
2489 4622 2615 4661 vero
2644 4606 2809 4662 tradit
2840 4602 3047 4667 Plinius
3076 4613 3111 4667 Ι.
3146 4630 3215 4669 vn
3235 4657 3248 4676 .
3279 4632 3333 4673 c.

1732 4677 1839 4744 25,
1873 4677 2091 4731 scribere
2116 4674 2163 4731 el
2208 4678 2374 4748 legere
2418 4677 2605 4746 simul,
2660 4680 2854 4735 dictare
2898 4694 2944 4735 et
2988 4683 3172 4740 audire
3208 4674 3335 4742 soli-

1735 4760 1844 4829 tu‘m
1865 4790 1876 4809 ,
1904 4750 2149 4829 epistolas
2181 4765 2294 4802 vero
2325 4758 2798 4829 tantat'upt_t'er_nnt_
2823 4765 3102 4823 quaternas
3138 4762 3333 4829 pariter

1736 4820 1960 4900 librariis
2005 4820 2199 4874 dictare
2228 4828 2362 4900 :_aut
2403 4822 2447 4875 si
2478 4821 2607 4900 nillil
2650 4823 2798 4878 aliud
2836 4820 3043 4900 ageret,
3077 4820 3330 4900 septenas.

1737 4894 1814 5019 ge
1840 4892 1961 4946 aliis
1992 4892 2294 5017 praestantis
2326 4893 2599 4948 memoria:
2628 4892 2897 4969 exemplis
2924 4914 2955 4954 a
2981 4892 3141 4955 ttobis'
3172 4916 3336 4973 supra

1778 4974 1942 5019 ictum
1972 4980 2030 5017 es
2062 5004 2073 5017 .

1778 4974 1942 5019 ictum
1972 4974 2073 5017 BSL

1811 5036 1832 5067 °
1864 5034 2049 5090 Utrum
2077 5044 2124 5091 te
2153 5044 2342 5089 tamen.
2377 5035 2481 5090 Alii
2504 5047 2677 5092 utrum
2704 5048 2877 5094 autem
2903 5041 3016 5110 ipse
3044 5051 3111 5097 te.

1810 5126 1829 5157 "
1864 5124 1990 5180 Deo.
2016 5125 2205 5181 Utrum
2235 5138 2363 5181 vero
2394 5127 2502 5181 Deo
2532 5144 2598 5181 au
2625 5126 2791 5183 Jovi?
2821 5129 3034 5183 Etenim
3076 5145 3141 5184 an
3169 5130 3335 5187 Paea-

1739 5208 1825 5253 tus
1853 5198 2179 5254 cliristianus
2208 5197 2369 5252 fuerit
2410 5198 2671 5253 incertum
2705 5209 2807 5254 est.
2839 5198 2955 5254 Juvi
2984 5212 3160 5254 autem
3191 5202 3333 5258 Mar-

1740 5268 1919 5324 tianus
1964 5270 2178 5337 Capella
2208 5271 2241 5323 l.
2279 5284 2291 5322 l
2324 5286 2336 5322 τ
2371 5268 2566 5324 Parcas
2610 5286 2851 5340 superum
2896 5272 3135 5326 librarios
3177 5276 3334 5330 assis-

1737 5352 1842 5396 tere
1866 5342 1965 5405 ait,
1996 5345 2207 5415 ejusqae
2234 5342 2791 5415 sententiasexcipere.
2820 5343 2973 5410 Quod
3003 5352 3058 5398 et
3078 5345 3211 5401 scite
3236 5362 3335 5401 suo

1740 5428 1896 5487 more
1925 5412 2086 5487 refert
2138 5413 2430 5487 ljuciauus,
2461 5414 2583 5467 566.
2605 5412 2801 5487 Poeta:
2827 5415 2998 5487 Graeci
3038 5425 3091 5470 et
3118 5422 3335 5487 mytho-

1738 5483 1899 5553 logici
1929 5484 2113 5539 dicunt
2142 5485 2335 5539 Parcas
2361 5497 2482 5539 esse
2513 5484 2715 5538 scribas
2742 5482 2913 5539 Jovis.

1818 5577 1839 5607 ⁸
1873 5573 1997 5628 Tam
2038 5577 2139 5628 sint
2184 5585 2340 5629 certa.
2388 5574 2641 5628 Fortasse
2688 5582 2793 5627 tam
2838 5588 2957 5631 sunt
3001 5586 3141 5631 certa
3185 5588 3243 5633 ut
3273 5579 3341 5635 ad

1746 5662 1897 5775 grani
1926 5644 2180 5702 editionis
2213 5661 2324 5701 suae
2354 5646 2505 5699 notat
2534 5644 2814 5700 Livineius
2833 5662 2898 5703 ex
2931 5646 3221 5705 Viennensi
3252 5665 3344 5707 co-

1789 5732 1887 5773 tce.
1926 5772 1933 5775 ,
2762 5774 2765 5775 ν

1789 5732 2042 5845 Ιοέίῖἰρ-
2065 5782 2235 5862 {Ante
2284 5782 2556 5862 promittis.
2590 5774 2871 5844 Proriiittis
2894 5832 2910 5859 ,
2941 5800 3226 5862 antequam
3256 5793 3353 5849 be-

1755 5861 2003 5918 neﬁcium
2036 5861 2205 5917 ullum
2234 5856 2499 5917 conferas.
