3950 6350
511 240 620 300 495

1692 242 2128 304 TREODOSIUS
2167 244 2254 304 ET
2296 244 2522 304 PACAT
2533 244 2637 305 US.

3648 260 3732 318 ‘96

509 355 580 411 dc
609 369 821 410 summo
865 355 1168 427 purissima:
1209 356 1408 413 mentis
1433 355 1672 414 candore
1703 358 2108 429 proﬁciscitur?
2137 363 2182 420 Α
2214 373 2333 414 sum
2361 368 2482 427 est,
2515 368 2573 416 ut
2597 361 2902 433 graviorem
2955 372 3173 430 semper
3201 361 3481 431 putaverint
3522 369 3733 428 servitute

509 466 634 504 nant
665 449 816 520 cujus
845 459 930 506 est
957 449 1122 504 animi
1156 451 1176 480 ¹
1208 465 1308 506 nec
1349 459 1471 506 vota
1513 449 1792 505 hominum
1838 451 2065 522 fatigare
2087 493 2102 519 ,

509 562 612 602 nec
636 545 896 601 adhibere
926 546 1239 602 muneribus
1270 556 1442 602 artem
1468 544 1807 602 difﬁcultatis
1831 587 1847 614 ,
1878 546 1978 602 sed
2010 545 2106 602 de-

506 641 760 697 nuntiare
789 639 1089 711 praestanda
1119 682 1133 705 ,
1175 648 1233 694 ut
1259 650 1314 695 et
1345 638 1604 711 prolixior
1631 641 1702 694 sit
1722 654 1915 695 sensus
1937 639 2108 694 bono-

503 733 624 790 rtt‘m
648 776 661 799 ,
697 747 798 788 nec
842 732 1125 802 repentina
1156 732 1383 790 felicitas
1425 731 1588 787 faciat
1613 731 1875 787 attonitos
1899 774 1914 798 ,
1944 741 1999 788 et
2025 733 2104 786 si-

501 828 664 883 miles
694 825 884 883 reddat
916 827 1177 898 ingratis?
1207 827 1424 882 animos
1453 827 1597 881 enim
1629 833 1877 892 nostros,
1909 825 2107 881 subitis

501 920 786 977 affectibus
837 920 1102 991 impares.
1133 919 1360 992 proinde
1407 918 1590 973 laetitia
1622 932 1686 973 ac
1715 917 1872 974 dolor
1893 959 1908 984 ,
1937 917 1982 973 si
2010 917 2106 973 de-

499 1013 803 1085 prehendat
827 1055 842 1079 ,
877 1013 898 1045 ³
923 1023 1188 1070 externat.
1227 1016 1308 1068 Att
1351 1027 1458 1068 non
1490 1013 1579 1068 illa
1609 1011 1849 1066 Romam
1884 1010 1904 1041 "
1933 1010 2105 1082 pieta-

499 1108 572 1162 tis
616 1107 914 1163 notissimte
954 1117 1162 1173 mater,
1196 1107 1386 1162 nuntio
1418 1106 1546 1161 mali
1589 1104 1890 1162 Cannensis
1917 1114 2101 1161 exter-

498 1201 625 1264 rita,
654 1200 766 1255 ﬁlio
794 1200 1018 1266 reduce,
1043 1215 1205 1271 quem
1229 1199 1395 1255 ﬂebat
1414 1241 1428 1266 ,
1459 1209 1485 1236 ⁸
1509 1198 1730 1270 diriguit
1766 1199 1820 1253 in
1845 1208 2099 1264 mortem,

497 1309 601 1349 nec
633 1311 728 1362 par
757 1309 879 1349 esse
909 1294 1105 1366 gaudio
1136 1295 1310 1376 potuit
1331 1311 1451 1365 qua:
1476 1293 1821 1364 superfuerat
1849 1292 2102 1349 orbitati?

495 1388 938 1460 Consciusigitur
956 1389 1195 1445 cmlestis
1226 1390 1430 1454 arcani,
1459 1400 1510 1446 et
1537 1390 1862 1445 naturalium
1887 1391 1908 1421 ⁸
1932 1390 2101 1461 depo-

492 1483 723 1539 sitorum
744 1525 760 1552 ,
793 1484 964 1538 mavis
989 1483 1296 1538 horninibus
1319 1492 1536 1554 sperata
1568 1484 1864 1554 procedere
1888 1526 1902 1551 ,
1935 1499 2097 1554 quam

493 1576 768 1648 insperata
798 1577 1146 1648 supervenire
1175 1575 1455 1632 beneﬁcia.
1480 1575 1590 1632 Nec
1615 1575 2096 1656 itttmet*ito..Nam-

493 1687 600 1744 que
643 1672 859 1743 fugitiva
891 1687 1236 1728 successuum
1263 1672 1671 1739 repentinorum
1713 1673 1962 1742 voluptas
1988 1671 2008 1702 ‘
2040 1680 2098 1725 ut

2212 461 2578 523 contemptum
2600 495 2616 519 ,
2645 453 2869 524 ejusque
2915 451 3241 523 impatientia
3281 454 3379 510 sint
3417 460 3569 515 coacti
3603 468 3731 532 post'

2211 546 2504 604 bellatores
2552 547 2738 604 Tullos
2759 589 2775 616 ,
2801 548 2820 579 ³
2851 547 3160 619 Numasque
3193 549 3448 606 sacriﬁcos
3473 593 3486 618 ,
3511 563 3557 608 et
3593 555 3610 584 ‘
3649 555 3734 610 Ro-

2213 643 2388 698 mulus
2431 642 2741 700 conditores
2781 658 3005 713 regnum
3038 657 3206 713 usque
3251 642 3314 698 ad
3361 660 3535 701 nomen
3571 648 3731 705 odisse.

2212 734 2454 806 Denique
2501 737 2672 806 ipsum
2721 735 2868 790 illum
2901 735 3254 806 Tarquinium
3290 739 3603 796 execratione
3636 757 3736 810 pos-

2211 837 2379 884 trema
2408 830 2510 884 hoc
2534 829 2924 886 damnaverunt
2956 827 3274 895 mcledicto;
3305 840 3354 886 et
3378 830 3618 888 hominem
3643 833 3738 890 libi-

2207 920 2336 978 dine
2364 923 2694 993 prtecipitem
2718 965 2732 990 ,
2765 923 2989 978 avaritia
3021 937 3225 978 caecum
3245 965 3258 988 ,
3289 922 3552 979 immanem
3588 928 3740 984 crude-

2206 1013 2357 1070 litate
2383 1057 2397 1082 ,
2446 1016 2623 1072 furore
2674 1015 2965 1072 vecordem
3011 1025 3337 1072 vocaverunt
3378 1018 3666 1088 superbum,
3699 1029 3741 1075 et

2205 1118 2529 1180 putaverunt
2568 1108 2821 1165 sufﬁcere
2858 1107 3186 1165 convicium.
3227 1107 3373 1175 Quod
3411 1109 3451 1164 si
3488 1125 3572 1179 per
3600 1126 3740 1166 rerum

2206 1211 2452 1256 naturam
2479 1201 2685 1268 liceret,
2714 1213 2773 1257 ut
2812 1201 2903 1256 ille
2934 1201 3190 1256 Romana:
3236 1200 3486 1257 libertatis
3510 1213 3738 1271 assertor,

2203 1293 2335 1363 regii
2366 1292 2600 1348 nominis
2625 1293 2645 1324 ⁸
2677 1292 2873 1348 Brutus
2904 1307 3034 1348 osor
3053 1331 3071 1359 ,
3106 1302 3128 1328 ο
3163 1293 3414 1363 precaria:
3440 1293 3652 1348 redditus
3682 1295 3742 1350 vi-

2204 1391 2292 1451 tat,
2321 1385 2580 1440 szeculum
2613 1394 2762 1441 tuum
2800 1393 3050 1442 cerneret
3091 1383 3286 1440 studiis
3333 1384 3563 1453 virtutis,
3601 1388 3741 1456 parci-

2203 1479 2436 1546 monize,
2471 1477 2821 1534 humanitatis
2866 1478 3130 1534 imbutum
3171 1493 3235 1532 ac
3261 1476 3548 1544 refertum;
3576 1479 3742 1535 nullum

2203 1583 2316 1629 toto
2363 1574 2496 1630 orbe
2542 1583 2808 1630 terrarum
2837 1573 3132 1646 superbiae,
3165 1572 3402 1628 libidinis
3422 1615 3436 1640 ,
3464 1573 3742 1630 crudelitatis

2200 1679 2416 1725 exstare
2443 1670 2762 1740 vestigium;
2787 1667 2898 1739 jam
2949 1677 3003 1724 te
3049 1669 3224 1738 ipsum
3273 1683 3372 1740 qua
3419 1668 3742 1739 publice,qua

493 1775 745 1836 occupat,
773 1766 854 1821 sic
881 1765 1178 1836 relinquit;
1243 1765 1471 1820 felicitas
1503 1764 1716 1835 longior
1746 1774 1851 1831 est,
1882 1765 1900 1795 ⁷
1931 1779 2096 1835 expc-
2126 1788 2174 1848 Β
2202 1762 2451 1833 privatim
2484 1763 2695 1818 videret
2721 1762 3023 1832 priscorum
3065 1761 3266 1817 duritia
3295 1761 3485 1817 ducum
3507 1803 3521 1829 ,
3547 1763 3744 1817 castitate

491 1870 644 1914 ctare
673 1873 945 1915 securum.
981 1857 1169 1930 Itaque
1199 1874 1322 1915 cum
1352 1858 1618 1914 hactenus
1645 1875 1676 1914 a
1709 1869 1903 1914 natura
1947 1868 2094 1916 esset

491 1943 789 2020 statutum,
820 1960 879 2007 ut
933 1951 1074 2009 bona
1113 1968 1211 2008 sua
1261 1951 1512 2010 homines
1554 1953 1868 2020 nescirent,
1895 1963 1948 2009 et
1979 1961 2089 2008 tum

487 2047 724 2118 primum
776 2048 1076 2119 inciperent
1121 2047 1380 2104 felicitate
1425 2048 1698 2119 gaudere,
1733 2064 1858 2104 cum
1888 2049 2090 2120 coepis-

485 2149 611 2198 sent
655 2155 774 2197 esse
818 2140 1036 2208 felices,
1075 2151 1128 2196 tu
1178 2141 1544 2213 promittendo
1593 2144 1893 2212 praestanda
1937 2144 2089 2199 inve-

485 2236 613 2292 nisti
645 2245 876 2308 tempus,
901 2236 1044 2309 quod
1071 2236 1226 2293 nobis
1252 2246 1442 2293 natura
1472 2237 1847 2304 subtraxerat,
1873 2247 1929 2292 ut
1954 2253 2090 2309 quos

486 2330 680 2401 adepta
715 2331 889 2386 solum
911 2331 1173 2402 juvahant
1191 2373 1206 2398 ,
1227 2331 1388 2387 etiam
1418 2329 1767 2401 adipiscenda
1789 2327 2082 2387 delectent.

556 2423 678 2479 XX.
709 2425 829 2481 Pari
860 2425 1197 2497 benignitate
1241 2441 1365 2482 curn
1395 2426 1582 2496 plures
1612 2425 1831 2482 afﬁcere
1861 2426 2084 2482 honori-

480 2518 584 2575 bus
624 2519 825 2586 velles,
867 2535 1024 2590 quam
1059 2522 1073 2551 ¹
1105 2520 1370 2574 honorum
1423 2519 1538 2574 loca
1601 2519 1994 2584 admitterent,
2033 2529 2089 2576 et

479 2613 763 2683 angustior
786 2620 932 2667 esset
963 2609 1189 2667 materia
1218 2610 1519 2676 voluntate,
1542 2626 1642 2666 nec
1671 2619 1909 2666 mentem
1939 2620 2083 2666 tuam

479 2706 730 2776 quamvis
759 2703 1013 2760 diffusum
1042 2713 1262 2775 caperet
1291 2703 1579 2774 imperium
1604 2746 1618 2771 ,
1652 2719 1811 2776 quem
1843 2704 2083 2760 nondum

479 2795 664 2866 aliquo
692 2797 986 2866 provexisti
1018 2796 1220 2866 gradu,
1253 2805 1434 2852 tamen
1456 2795 1485 2834 δ
1506 2796 1819 2868 dignatione
1845 2811 1905 2852 es
1944 2798 2085 2853 sola-

478 2898 588 2946 tus.
619 2892 795 2960 Atque
840 2890 979 2945 haud
1018 2891 1166 2955 scio,
1199 2907 1267 2946 an
1296 2891 1616 2962 quibusdam
1644 2891 1945 2948 consolatio
1981 2891 2082 2947 ista

475 2982 774 3040 suffecerit.
799 2985 894 3041 llle
923 2984 1306 3041 cohonestatus
1326 2984 1512 3051 affatu,
1547 2985 1634 3041 ille
1658 3001 1843 3042 mensa
1869 2985 2080 3052 beatus,

475 3074 570 3134 ille
598 3079 781 3134 osculo
807 3088 1156 3136 consecratus
1179 3090 1280 3136 est.
1311 3081 1388 3137 Ita
1418 3063 1666 3137 omnibus
1687 3123 1700 3148 ,
1733 3081 1826 3152 qui
1851 3091 1903 3137 te
1933 3081 2081 3152 prin-

2199 1859 2514 1929 pontiﬁcum
2537 1900 2552 1926 ,
2577 1858 2860 1913 consulum
2910 1855 3308 1922 moderatione,
3334 1856 3355 1887 ⁸
3380 1856 3638 1928 petitorum
3672 1869 3744 1910 ro-

2197 1955 2386 2009 mitate
2411 1953 2679 2008 viventem
2706 1969 2720 2018 ;
2753 1961 2988 2008 mutaret
3018 1951 3269 2023 profecto
3295 1951 3595 2008 sententiam
3625 1959 3744 2006 tanto

2196 2057 2321 2120 post
2345 2064 2534 2104 suam:
2565 2058 2760 2104 etcum
2793 2047 3092 2102 Romanam
3145 2047 3457 2118 dignitatem
3489 2062 3545 2102 ac
3571 2045 3746 2101 liberta-

2197 2152 2302 2198 tem
2336 2141 2608 2212 probaret,
2644 2140 2867 2197 meliore
2907 2147 2960 2196 In
3009 2149 3151 2195 statu
3204 2141 3522 2212 imperatore
3568 2148 3612 2195 te
3650 2153 3744 2193 esse

2193 2251 2355 2308 quam
2403 2238 2624 2293 consule
2671 2251 2730 2293 sc
2771 2236 2996 2304 fuisset,
3029 2235 3616 2305 uecessarioﬁfateretur
3641 2233 3743 2290 Tar-

2197 2331 2438 2404 quinium
2473 2331 2782 2387 submoveri
2809 2329 3082 2396 debuisse,
3113 2346 3222 2384 non
3258 2345 3494 2400 regnum.

2267 2421 2406 2478 XXI.
2435 2422 2540 2480 Sed
2571 2422 2715 2494 quod
2745 2422 2922 2479 facere
2959 2438 3182 2494 magnas
3210 2423 3376 2478 urbes
3397 2421 3610 2493 ingressi
3633 2418 3744 2476 sole-

2192 2533 2331 2584 mus,
2368 2527 2425 2573 υι
2460 2517 2689 2588 primum
2716 2533 2901 2574 sacras
2927 2517 3096 2584 aedes,
3127 2525 3184 2573 et
3212 2517 3396 2573 dicata
3418 2515 3604 2571 numini
3629 2529 3745 2570 sum-

2191 2628 2282 2668 mo
2320 2612 2543 2668 delubra
2593 2612 2861 2679 visamus,
2895 2621 3004 2667 tum
3031 2609 3179 2677 fora,
3217 2622 3386 2684 atque
3408 2609 3683 2684 gymnasia,
3706 2616 3746 2664 et

2189 2721 2288 2778 pro
2318 2708 2430 2762 suis
2473 2717 2689 2763 extenta
2732 2707 3026 2778 porticibus
3052 2707 3366 2764 ambulacra
3395 2705 3661 2770 miremur,
3685 2703 3739 2757 ita

2189 2799 2241 2854 in
2275 2800 2522 2854 laudibus
2547 2799 2651 2856 tuis
2673 2809 2890 2855 sanctos
2913 2800 3093 2870 palatii
3116 2801 3350 2867 ritus,et
3369 2799 3741 2872 prisciszequan-

2189 2890 2255 2946 da
2284 2892 2596 2947 cerimoniis
2626 2892 2870 2947 instituta
2903 2892 3166 2959 venerati,
3201 2891 3425 2962 gradum
3449 2889 3512 2946 ad
3533 2889 3613 2945 illa
3639 2899 3730 2957 pro-

2186 2982 2435 3052 ferimus,
2465 2999 2584 3055 qua:
2607 2983 2658 3038 in
2684 2983 2864 3040 medio
2888 2985 3210 3052 constituta,
3241 2996 3293 3041 et
3315 2985 3380 3039 ad
3403 2982 3627 3055 publicos
3647 2992 3745 3035 usus

2186 3076 2459 3146 facientia,
2491 3080 2506 3108 ¹
2541 3093 2645 3132 non
2681 3077 2900 3150 partim,
2932 3077 3031 3134 sed
3061 3077 3112 3132 in
3144 3093 3436 3147 commune
3461 3075 3741 3136 conducunt,

475 3171 597 3244 cipe
624 3173 726 3228 sibi
753 3172 876 3244 jure
902 3173 1257 3241 conﬁderent,
1288 3184 1380 3230 aut
1405 3175 1671 3246 processit
1697 3175 1959 3247 dignitas,
1984 3186 2079 3232 aut

2199 3184 2286 3224 acc
2317 3168 2646 3239 parietibus,
2689 3168 2784 3225 sed
2815 3169 2947 3226 orbe
2975 3168 3331 3238 clauduntur,
3362 3184 3458 3226 nec
3487 3177 3630 3230 tecto,
3664 3162 3739 3219 sed

473 3265 740 3322 satisfecit
783 3265 1091 3323 immanitas
1115 3310 1129 3334 ,
1161 3267 1466 3324 humanitas
1512 3269 1728 3339 inquam
1753 3311 1769 3337 ,
1801 3285 1924 3342 qua:
1973 3280 2082 3326 tam

474 3357 620 3414 clara
670 3357 723 3413 in
773 3359 1103 3430 imperatore
1133 3376 1294 3432 quam
1348 3376 1471 3417 rara
1501 3370 1604 3417 est.
1636 3373 1656 3399 ο
1687 3361 1818 3416 Nam
1845 3377 1968 3418 cum
2002 3363 2086 3418 in-

472 3452 708 3510 discreta
752 3452 990 3510 felicium
1039 3455 1360 3527 pedissequa
1406 3456 1477 3510 sit
1524 3455 1814 3526 superbia,
1844 3456 1931 3512 vix
1961 3457 2082 3512 cui-

470 3561 635 3616 quam
661 3547 886 3618 contigit
915 3557 970 3604 et
999 3548 1276 3605 abundare
1307 3549 1521 3603 fortuna
1540 3590 1553 3614 ,
1578 3547 1606 3585 ιί
1641 3559 1695 3604 et
1724 3547 1969 3619 indigere
1997 3564 2080 3604 ar-

472 3639 738 3711 rogantia.
770 3639 936 3711 Cujus
962 3639 1181 3712 quidem
1223 3642 1294 3697 ita
1333 3625 1571 3712 majores
1621 3649 1840 3697 nostros
1881 3650 2083 3713 pertae—

2189 3262 2329 3319 caelo
2359 3263 2698 3334 operiuntur.
2737 3263 2895 3319 Velut
2925 3266 3156 3334 primum
3197 3265 3332 3321 illud
3370 3272 3480 3332 est,
3511 3273 3575 3318 ne
3597 3256 3742 3316 statim

2189 3378 2400 3418 summa
2421 3372 2726 3433 captemus,
2766 3361 2909 3434 quod
2957 3360 2976 3400 ί
3009 3363 3204 3419 creber
3232 3377 3453 3435 egressu
3474 3364 3743 3430 exspectan-

2188 3456 2331 3512 tibus
2361 3467 2385 3503 8
2414 3457 2628 3528 populis
2660 3467 2711 3513 te
2751 3456 2968 3523 fateris,
3016 3472 3118 3514 nec
3148 3458 3327 3514 videri
3354 3456 3510 3513 modo
3537 3454 3738 3526 patiens.

2188 3549 2290 3606 sed
2317 3551 2337 3580 ²
2389 3549 2562 3605 facilis
2594 3549 2769 3618 adiri,
2799 3564 2830 3606 e
2861 3550 3108 3620 proximo
3137 3551 3343 3621 accipis
3369 3561 3486 3607 vota
3508 3547 3741 3604 hominum

2192 3651 2408 3699 tuorum
2447 3661 2460 3697 :
2494 3640 2523 3680 ιι
2566 3652 2658 3712 ut,
2708 3643 2955 3717 quisquis
2987 3644 3080 3702 ille
3126 3646 3410 3703 consultor
3436 3653 3544 3713 est,
3572 3635 3741 3700 etiamsi

1831 3751 2421 3813 INTERPRETATIO.

545 3864 570 3925 ξι
594 3853 785 3909 Mortis
810 3852 1008 3924 frigore
1033 3853 1287 3925 rigefacta
1317 3860 1420 3909 est.

545 3919 570 3963 δ
592 3925 859 3997 Dignatus
881 3919 951 3980 cs
978 3919 1112 3979 hunc
1142 3925 1327 3981 solari.

546 4011 566 4034 υ
590 3993 724 4051 Nam
756 4011 878 4052 cum
913 3997 1166 4067 superbia
1192 4010 1382 4054 eorum
1404 3996 1495 4068 qui
1525 3995 1672 4054 beati
1697 4001 1823 4055 sunt
1849 3993 2080 4052 indisso-

464 4067 683 4124 l'ltbilis
711 4083 898 4124 eomes
926 4071 1016 4123 sit.

543 4137 568 4177 ί¹
597 4139 666 4197 Ει
692 4155 883 4197 carere
912 4141 1184 4211 superbia.

2261 3862 2285 3924 ’ἦ
2311 3851 2604 3921 lmpetrato
2631 3852 2884 3924 precibus
2902 3851 2978 3908 ῆιι
3009 3854 3173 3908 vitam
3206 3853 3407 3911 reditu.

2267 3922 2288 3960 ί
2318 3923 2524 3996 Crebro
2553 3925 2607 3978 in
2629 3922 2893 3996 publicum
2916 3925 3120 3994 prodis.

2266 4005 2292 4068 β
2316 3993 2639 4068 intuendum
2665 4006 2717 4052 te
2741 3993 2953 4068 praebes
2978 4007 3033 4052 et
3053 3996 3478 4068 agnoscendum.

2265 4065 2293 4104 ιι
2323 4066 2394 4124 Ut
2423 4069 2668 4140 quisquis
2696 4065 2765 4125 ad
2791 4077 2844 4124 te
2870 4067 2938 4126 de
2968 4065 3185 4141 negotio
3207 4070 3394 4143 aliquo
3419 4067 3593 4126 refert.

2010 4228 2243 4289 ΝΟΤιΕ.

542 4332 561 4361 ³
592 4329 703 4386 Nec
729 4340 844 4385 vota
876 4331 1168 4405 hominum
1185 4331 1424 4405 fatigare.
1453 4330 1510 4405 _ld
1539 4338 1644 4405 est,
1675 4327 1784 4405 cito
1806 4327 2075 4405 votisﬂlto-

469 4402 676 4456 miuum
704 4417 964 4466 annuere,
991 4403 1077 4458 vel
1099 4401 1261 4460 etiam
1285 4401 1423 4458 'vota
1453 4402 1806 4460 beneﬁcentia
1847 4411 1901 4455 et
1937 4401 2074 4457 libe-

470 4474 683 4527 ralitate
711 4483 1070 4530 antevertere.

2251 4325 2273 4355 ί
2301 4319 2586 4378 Bellatores
2614 4319 2822 4378 ταιιοε.
2871 4301 3015 4376 Tulli
3045 4319 3264 4376 Hostilii
3302 4321 3357 4377 in
3387 4316 3592 4377 Sabinis
3614 4311 3744 4370 Alba-

2180 4396 2373 4477 nisque
2397 4393 2713 4477 subigendig
2742 4391 3182 4477 "Mimnnﬂdo'
3525 4462 3556 4477 -ο

2253 4459 2507 4521 "Numas
2523 4459 2817 4535 sacriﬁcos.
2842 4463 3030 4521 Numa:
3057 4463 3314 4535 Pompilii
3341 4462 3557 4521 secundi
3581 4459 3740 4535 Roma-

545 4543 570 4616 ?
598 4543 868 4616 Externat.
901 4549 1140 4601 Attonat.
1161 4545 1336 4602 Catul.
1368 4547 1424 4602 in
1457 4548 1662 4616 Argon.
1695 4542 1800 4616 Att!
1829 4544 2069 4598 miseram
2093 4537 2149 4598 D
2175 4553 2367 4616 norum
2397 4539 2539 4609 regis
2565 4532 2836 4616 celebrata
2868 4546 2952 4592 est
2981 4532 3209 4610 insignis
3231 4536 3287 4592 in
3306 4532 3639 4593 inStituendis
3669 4542 3739 4584 sa-

468 4613 692 4688 assiduis
720 4632 874 4685 quant
905 4618 1122 4671 luctibus
1149 4620 1429 4674 eaternavit
1457 4613 1706 4688 Spinosas
1731 4615 1958 4687 Erycina
1991 4633 2071 4670 sc-

469 4700 587 4738 rens
609 4686 662 4738 in
689 4695 893 4757 pectore
919 4689 1103 4744 curas!

546 4777 564 4807 "
598 4775 814 4832 Pietatis
843 4779 1123 4835 notissima:
1163 4792 1346 4838 mater.
1377 4782 1450 4838 Ita
1499 4780 1742 4837 referunt
1788 4780 1994 4836 Plinius
2027 4779 2064 4835 l.

465 4863 564 4975 Et,
595 4851 782 4976 0.525;
811 4852 878 4904 A.
910 4851 1118 4907 Gellius
1161 4852 1198 4906 l.
1230 4869 1308 4918 Ill,
1337 4869 1388 4909 c.
1421 4854 1526 4917 f5;
1561 4851 1741 4908 Valer.
1772 4853 1996 4908 Maxim.
2027 4852 2066 4907 l.

534 4963 546 4976 .
573 4936 620 4976 c.
727 4961 740 4974 .

534 4936 620 4988 ,c.
652 4936 740 4976 az.

545 5016 564 5045 ⁵
593 5013 982 5090 Depositorum.
1033 5016 1389 5082 Arcanorum,
1437 5035 1558 5090 qua:
1605 5033 1895 5089 paucorum
1945 5017 2067 5073 ﬁdei

470 5089 760 5158 commissa
789 5100 912 5142 sunt
939 5129 953 5152 ,
982 5099 1143 5158 atque
1173 5101 1228 5144 ut
1258 5090 1327 5145 ita
1359 5089 1534 5146 dicant
1568 5092 1619 5145 itt
1656 5107 1844 5146 eorum
1878 5105 2070 5144 manus

470 5153 736 5231 deposita.
766 5158 1028 5215 Gruterus
1057 5153 1277 5215 'mavult
1323 5164 1670 5231 repositorum
1692 5204 1705 5228 ,
1739 5171 1797 5216 ut
1821 5162 1957 5216 infra
2009 5175 2067 5216 n.

467 5227 560 5294 2|,
595 5231 692 5284 nisi
722 5247 805 5285 eo:
835 5232 970 5285 intra
997 5234 1297 5302 repositum,
1331 5227 1435 5289 etc.
1470 5233 1599 5289 Vide
1628 5233 1769 5288 hunc
1797 5235 1996 5288 locum.

468 5392 503 5448 l.
545 5323 565 5353 ⁶
693 5334 932 5395 occupat.
964 5327 1136 5393 Quam
1169 5337 1390 5398 repente
1417 5337 1676 5399 occupat,
1704 5339 1810 5382 tam
1841 5329 1950 5384 cito
1978 5343 2068 5384 re-

495 5410 638 5448 inuui
671 5435 683 5448 .

495 5410 683 5464 inquit.

545 5485 564 5515 ⁷
595 5484 913 5558 Exspectare
942 5490 1546 5563 securum.Exspectare
1573 5491 1774 5563 aliquid
1801 5493 1959 5548 certi.

546 5576 780 5654 XX.—_‘
817 5579 1215 5638 Honorum.'lta
1245 5599 1435 5640 sensus
1464 5585 1736 5654 postulare
1760 5584 1888 5640 mihi
1918 5583 2070 5640 vide-

475 5656 580 5714 tur,
609 5651 1008 5728 ttnn_b_mtoru_nt.
1040 5655 1226 5726 Itaque
1251 5651 1555 5728 suspicatur
1579 5655 1868 5724 Puteanus,
1911 5665 1976 5728 ut
2003 5655 2070 5711 ad

465 5733 624 5846 fing
653 5721 905 5784 editionis
933 5721 1262 5788 Livinci'ante
1287 5721 1564 5787 annotavit
1597 5737 1721 5800 post
1755 5721 2067 5786 Rittershu-

2175 4613 2282 4666 cris
2315 4608 2484 4679 pietas
2507 4617 2561 4664 et
2591 4608 2801 4679 religio.

2249 4682 2270 4713 ⁸
2305 4682 2553 4737 Romulo:
2580 4682 2893 4736 conditores.
2922 4681 3022 4738 Cui
3053 4697 3160 4738 non
3210 4690 3376 4738 notus
3403 4680 3645 4736 Romanis
3673 4683 3744 4727 ur-

2174 4754 2259 4811 bis
2287 4753 2536 4810 conditor
2557 4752 2864 4809 Romulus?

2248 4850 2268 4880 ³
2292 4847 2508 4902 Brutus.
2549 4845 2808 4915 Respexit
2845 4847 2914 4902 ad
2943 4847 3074 4903 illud
3116 4847 3385 4903 Martialis
3433 4846 3474 4901 l.
3503 4860 3559 4910 ll,
3583 4854 3659 4910 ep.
3686 4834 3741 4898 5,

2175 4919 2252 4993 d_e_'
2271 4919 2506 4993 Trajano
2529 4934 2546 4971 :
2573 4917 2634 4973 Si
2655 4921 2865 4993 redeant
2887 4928 3078 4975 veteres
3103 4921 3338 4993 ingeu_tia
3359 4918 3564 4993 nomina
3580 4921 3741 4993 μαετςξε

2175 4977 2414 5063 Elysium
2466 4990 2615 5063 liceat
2658 4990 2702 5044 si
2741 5006 2956 5063 uacuare
3007 4977 3206 5045 uentu}.
3239 4990 3316 5045 Te
3364 4977 3742 5063 decoquat!!!”

2173 5057 2463 5117 Brutum...
2491 5059 2614 5128 Ipse
2639 5077 2839 5131 quoque
2871 5062 3087 5130 infernis
3115 5071 3387 5117 reuocatus
3415 5058 3547 5114 Ditis
3574 5057 3629 5110 ab
3651 5065 3744 5106 utu-

2175 5135 2300 5202 bris,
2328 5135 2387 5190 Si
2416 5132 2543 5188 Cato
2571 5133 2838 5200 reddatur,
2869 5133 3198 5189 Catsarianus
3222 5135 3343 5188 erit.

2248 5227 2268 5258 ⁸
2294 5226 2582 5299 Petitarum
2612 5226 2869 5299 comitate.
2898 5230 2978 5283 An
3003 5227 3290 5299 legendum
3317 5237 3590 5299 praetorum
3609 5213 3740 5299 ερῃιξτ

2176 5308 2307 5364 tate,
2341 5308 2398 5352 ιιι
2444 5297 2709 5369 Balduino
2755 5299 2974 5369 placet?
2997 5291 3137 5353 Sa'tis
3180 5291 3329 5368 apte'
3355 5300 3422 5354 ad
3455 5296 3575 5369 illud
3605 5291 3738 5346 Plinii

2175 5384 2368 5440 paneg.
2403 5387 2456 5422 ιι.
2485 5369 2517 5424 9
2547 5386 2560 5421 :
2599 5367 2701 5442 V_os
2723 5367 2846 5423 mihi
2874 5371 2927 5424 in
2949 5369 3205 5424 tribunatu
3219 5367 3441 5442 iquietis,
3467 5368 3517 5421 in
3544 5370 3739 5442 pratum

2174 5439 2458 5523 modestia;
2487 5448 2594 5496 etc.
2622 5439 2876 5498 Fortasse
2915 5445 3076 5497 etiam
3101 5439 3341 5513 petitores
3362 5447 3638 5498 sumuntur
3662 5441 3741 5502 pro

2173 5513 2494 5568 candidatis.
3707 5568 3718 5580 .

2175 5655 2204 5658 _
2249 5583 2391 5638 XXI.
2418 5611 2489 5626 --
2518 5584 2536 5658 ξ
2564 5583 2692 5658 Non
2723 5585 2930 5658 partim.
2955 5583 3011 5641 Id
3038 5593 3140 5651 est,
3165 5601 3271 5640 non
3300 5574 3741 5658 ρτὶυαεὶιηλίηφῃξ

2173 5655 2466 5739 Puteanus.
2513 5656 2697 5728 Aliqui
2723 5642 2930 5730 'legunt
2971 5642 3195 5730 patentia
3264 5642 3358 5713 alii
3398 5642 3630 5717 valentia,
3660 5642 3740 5700 alii

2172 5736 2491 5856 mihihei“:
2517 5799 2671 5856 adiri.
2703 5799 2809 5860 Pro
2830 5801 3000 5873 facilia
3026 5800 3195 5859 aditu.
