  <div class='ocr_page' id='page_1' title='image "/cluster/home/n/w/nwhite01/storage/ocr_20150623/13/hvd.32044015471295/254.png"; bbox 0 0 3850 6334; ppageno 0'>
   <div class='ocr_carea' id='block_1_1' title="bbox 0 294 3342 367">
    <p class='ocr_par' dir='ltr' id='par_1_1' title="bbox 0 294 3342 367">
     <span class='ocr_line' id='line_1_1' title="bbox 0 294 3342 367; baseline 0.005 -17"><span class='ocrx_word' id='word_1_1' title='bbox 0 294 125 354; x_wconf 66' lang='grc' dir='ltr'><strong>ἱθῖ</strong></span> <span class='ocrx_word' id='word_1_2' title='bbox 872 298 880 307; x_wconf 89' lang='grc'><em>’</em></span> <span class='ocrx_word' id='word_1_3' title='bbox 938 296 1415 357; x_wconf 78' lang='lat' dir='ltr'><strong>PANEGYRICUS</strong></span> <span class='ocrx_word' id='word_1_4' title='bbox 1454 299 1704 358; x_wconf 83' lang='lat' dir='ltr'><strong>PACATI</strong></span> <span class='ocrx_word' id='word_1_5' title='bbox 1741 300 2135 361; x_wconf 83' lang='lat' dir='ltr'><strong>THEODOSIO</strong></span> <span class='ocrx_word' id='word_1_6' title='bbox 2178 304 2444 365; x_wconf 87' lang='lat' dir='ltr'><strong>DlCTUS.</strong></span> <span class='ocrx_word' id='word_1_7' title='bbox 3232 310 3342 367; x_wconf 68' lang='lat'><strong>498</strong></span> 
     </span>
    </p>
   </div>
   <div class='ocr_carea' id='block_1_2' title="bbox 0 415 3341 492">
    <p class='ocr_par' dir='ltr' id='par_1_2' title="bbox 0 415 3341 492">
     <span class='ocr_line' id='line_1_2' title="bbox 0 415 3341 492; baseline 0.003 -22"><span class='ocrx_word' id='word_1_8' title='bbox 0 417 333 484; x_wconf 81' lang='lat' dir='ltr'><strong>neruerit,</strong></span> <span class='ocrx_word' id='word_1_9' title='bbox 367 415 507 486; x_wconf 90' lang='lat' dir='ltr'><strong>quod</strong></span> <span class='ocrx_word' id='word_1_10' title='bbox 547 425 632 472; x_wconf 91' lang='lat' dir='ltr'><strong>est</strong></span> <span class='ocrx_word' id='word_1_11' title='bbox 660 432 863 481; x_wconf 88' lang='lat' dir='ltr'><strong>rarum,</strong></span> <span class='ocrx_word' id='word_1_12' title='bbox 896 417 1194 487; x_wconf 81' lang='lat' dir='ltr'><strong>repulsam,</strong></span> <span class='ocrx_word' id='word_1_13' title='bbox 1233 425 1257 453; x_wconf 75' lang='grc' dir='ltr'>ει</span> <span class='ocrx_word' id='word_1_14' title='bbox 1283 415 1418 472; x_wconf 87' lang='lat' dir='ltr'><strong>ferat</strong></span> <span class='ocrx_word' id='word_1_15' title='bbox 1447 428 1627 473; x_wconf 84' lang='lat' dir='ltr'><strong>tamen</strong></span> <span class='ocrx_word' id='word_1_16' title='bbox 1656 420 1707 481; x_wconf 78' lang='grc' dir='ltr'><strong>Α</strong></span> <span class='ocrx_word' id='word_1_17' title='bbox 1737 426 1944 473; x_wconf 89' lang='lat' dir='ltr'><strong>tantum</strong></span> <span class='ocrx_word' id='word_1_18' title='bbox 1985 427 2175 488; x_wconf 77' lang='lat' dir='ltr'><strong>gentes</strong></span> <span class='ocrx_word' id='word_1_19' title='bbox 2208 429 2477 486; x_wconf 87' lang='lat' dir='ltr'><strong>lrcmnnt,</strong></span> <span class='ocrx_word' id='word_1_20' title='bbox 2520 436 2654 492; x_wconf 89' lang='lat' dir='ltr'><strong>quas</strong></span> <span class='ocrx_word' id='word_1_21' title='bbox 2683 423 2750 478; x_wconf 90' lang='lat' dir='ltr'><strong>ab</strong></span> <span class='ocrx_word' id='word_1_22' title='bbox 2778 423 2910 478; x_wconf 87' lang='lat' dir='ltr'><strong>orbe</strong></span> <span class='ocrx_word' id='word_1_23' title='bbox 2950 430 3138 478; x_wconf 90' lang='lat' dir='ltr'><strong>nostro</strong></span> <span class='ocrx_word' id='word_1_24' title='bbox 3169 424 3341 479; x_wconf 87' lang='lat' dir='ltr'><strong>silva-</strong></span> 
     </span>
    </p>
   </div>
   <div class='ocr_carea' id='block_1_3' title="bbox 0 508 3339 586">
    <p class='ocr_par' dir='ltr' id='par_1_3' title="bbox 0 508 3339 586">
     <span class='ocr_line' id='line_1_3' title="bbox 0 508 3339 586; baseline 0.001 -21"><span class='ocrx_word' id='word_1_25' title='bbox 0 510 109 565; x_wconf 72' lang='lat' dir='ltr'><strong>risi</strong></span> <span class='ocrx_word' id='word_1_26' title='bbox 172 510 414 566; x_wconf 87' lang='lat' dir='ltr'><strong>numinis</strong></span> <span class='ocrx_word' id='word_1_27' title='bbox 448 510 856 566; x_wconf 79' lang='lat' dir='ltr'><strong>conscientiam.</strong></span> <span class='ocrx_word' id='word_1_28' title='bbox 903 512 972 565; x_wconf 82' lang='lat' dir='ltr'><strong>At</strong></span> <span class='ocrx_word' id='word_1_29' title='bbox 1001 508 1027 547; x_wconf 72' lang='grc' dir='ltr'>ι’</span> <span class='ocrx_word' id='word_1_30' title='bbox 1055 526 1214 580; x_wconf 89' lang='lat' dir='ltr'><strong>quam</strong></span> <span class='ocrx_word' id='word_1_31' title='bbox 1246 509 1384 566; x_wconf 92' lang='lat' dir='ltr'><strong>alter</strong></span> <span class='ocrx_word' id='word_1_32' title='bbox 1415 510 1628 566; x_wconf 90' lang='lat' dir='ltr'><strong>illorum</strong></span> <span class='ocrx_word' id='word_1_33' title='bbox 1736 526 1855 567; x_wconf 86' lang='lat' dir='ltr'><strong>rum</strong></span> <span class='ocrx_word' id='word_1_34' title='bbox 1904 511 2185 566; x_wconf 90' lang='lat' dir='ltr'><strong>intervalla</strong></span> <span class='ocrx_word' id='word_1_35' title='bbox 2213 553 2228 579; x_wconf 93' lang='lat'><strong>,</strong></span> <span class='ocrx_word' id='word_1_36' title='bbox 2262 513 2343 567; x_wconf 86' lang='lat' dir='ltr'><strong>vel</strong></span> <span class='ocrx_word' id='word_1_37' title='bbox 2376 512 2628 579; x_wconf 83' lang='lat' dir='ltr'><strong>flumina,</strong></span> <span class='ocrx_word' id='word_1_38' title='bbox 2659 523 2936 570; x_wconf 75' lang='lat' dir='ltr'><strong>montesve</strong></span> <span class='ocrx_word' id='word_1_39' title='bbox 2965 515 3339 586; x_wconf 91' lang='lat' dir='ltr'><strong>distinguunt,</strong></span> 
     </span>
    </p>
   </div>
   <div class='ocr_carea' id='block_1_4' title="bbox 0 601 3342 674">
    <p class='ocr_par' dir='ltr' id='par_1_4' title="bbox 0 601 3342 674">
     <span class='ocr_line' id='line_1_4' title="bbox 0 601 3342 674; baseline 0.003 -19"><span class='ocrx_word' id='word_1_40' title='bbox 0 603 355 672; x_wconf 67' lang='lat' dir='ltr'><strong>arincipium</strong></span> <span class='ocrx_word' id='word_1_41' title='bbox 384 616 498 657; x_wconf 91' lang='lat' dir='ltr'><strong>mos</strong></span> <span class='ocrx_word' id='word_1_42' title='bbox 528 601 657 668; x_wconf 84' lang='lat' dir='ltr'><strong>fuit,</strong></span> <span class='ocrx_word' id='word_1_43' title='bbox 684 617 820 672; x_wconf 90' lang='lat' dir='ltr'><strong>quos</strong></span> <span class='ocrx_word' id='word_1_44' title='bbox 848 602 1037 671; x_wconf 91' lang='lat' dir='ltr'><strong>loquar</strong></span> <span class='ocrx_word' id='word_1_45' title='bbox 1068 610 1254 656; x_wconf 92' lang='lat' dir='ltr'><strong>notum</strong></span> <span class='ocrx_word' id='word_1_46' title='bbox 1279 610 1381 667; x_wconf 91' lang='lat' dir='ltr'><strong>est,</strong></span> <span class='ocrx_word' id='word_1_47' title='bbox 1405 604 1494 671; x_wconf 86' lang='lat' dir='ltr'><strong>qui</strong></span> <span class='ocrx_word' id='word_1_48' title='bbox 1517 617 1631 657; x_wconf 89' lang='lat' dir='ltr'><strong>ma-</strong></span> <span class='ocrx_word' id='word_1_49' title='bbox 1736 604 1830 659; x_wconf 90' lang='lat' dir='ltr'><strong>sed</strong></span> <span class='ocrx_word' id='word_1_50' title='bbox 1863 618 1997 674; x_wconf 90' lang='lat' dir='ltr'><strong>quas</strong></span> <span class='ocrx_word' id='word_1_51' title='bbox 2020 604 2239 660; x_wconf 79' lang='lat' dir='ltr'><strong>aeternis</strong></span> <span class='ocrx_word' id='word_1_52' title='bbox 2280 604 2562 661; x_wconf 88' lang='lat' dir='ltr'><strong>ardoribus</strong></span> <span class='ocrx_word' id='word_1_53' title='bbox 2594 607 2932 674; x_wconf 86' lang='lat' dir='ltr'><strong>inacccssas,</strong></span> <span class='ocrx_word' id='word_1_54' title='bbox 2966 616 3059 663; x_wconf 89' lang='lat' dir='ltr'><strong>aut</strong></span> <span class='ocrx_word' id='word_1_55' title='bbox 3083 609 3342 664; x_wconf 88' lang='lat' dir='ltr'><strong>continua</strong></span> 
     </span>
    </p>
   </div>
   <div class='ocr_carea' id='block_1_5' title="bbox 4 695 1627 766">
    <p class='ocr_par' dir='ltr' id='par_1_5' title="bbox 4 695 1627 766">
     <span class='ocr_line' id='line_1_5' title="bbox 4 695 1627 766; baseline 0.002 -17"><span class='ocrx_word' id='word_1_56' title='bbox 4 704 278 751; x_wconf 81' lang='lat' dir='ltr'><strong>estatem</strong></span> <span class='ocrx_word' id='word_1_57' title='bbox 308 697 506 765; x_wconf 79' lang='lat' dir='ltr'><strong>regiam</strong></span> <span class='ocrx_word' id='word_1_58' title='bbox 529 696 775 751; x_wconf 80' lang='lat' dir='ltr'><strong>imminui</strong></span> <span class='ocrx_word' id='word_1_59' title='bbox 800 705 854 750; x_wconf 92' lang='lat' dir='ltr'><strong>et</strong></span> <span class='ocrx_word' id='word_1_60' title='bbox 877 695 1081 764; x_wconf 87' lang='lat' dir='ltr'><strong>vulgari</strong></span> <span class='ocrx_word' id='word_1_61' title='bbox 1104 695 1383 766; x_wconf 88' lang='lat' dir='ltr'><strong>putabant,</strong></span> <span class='ocrx_word' id='word_1_62' title='bbox 1409 695 1509 749; x_wconf 88' lang='lat' dir='ltr'><strong>nisi</strong></span> <span class='ocrx_word' id='word_1_63' title='bbox 1533 711 1627 752; x_wconf 89' lang='lat' dir='ltr'><strong>eos</strong></span> 
     </span>
    </p>
   </div>
   <div class='ocr_carea' id='block_1_6' title="bbox 0 787 1625 860">
    <p class='ocr_par' dir='ltr' id='par_1_6' title="bbox 0 787 1625 860">
     <span class='ocr_line' id='line_1_6' title="bbox 0 787 1625 860; baseline 0.002 -19"><span class='ocrx_word' id='word_1_64' title='bbox 0 797 7 823; x_wconf 75' lang='grc' dir='ltr'><em>τ</em></span> <span class='ocrx_word' id='word_1_65' title='bbox 54 788 227 842; x_wconf 85' lang='lat' dir='ltr'><strong>intra</strong></span> <span class='ocrx_word' id='word_1_66' title='bbox 274 788 570 859; x_wconf 87' lang='lat' dir='ltr'><strong>repositum</strong></span> <span class='ocrx_word' id='word_1_67' title='bbox 609 788 862 857; x_wconf 65' lang='lat' dir='ltr'><strong>palatina:</strong></span> <span class='ocrx_word' id='word_1_68' title='bbox 910 787 1043 843; x_wconf 84' lang='lat' dir='ltr'><strong>aedis</strong></span> <span class='ocrx_word' id='word_1_69' title='bbox 1086 787 1326 843; x_wconf 89' lang='lat' dir='ltr'><strong>inclusos</strong></span> <span class='ocrx_word' id='word_1_70' title='bbox 1372 798 1625 860; x_wconf 87' lang='lat' dir='ltr'><strong>tanquam</strong></span> 
     </span>
    </p>
   </div>
   <div class='ocr_carea' id='block_1_7' title="bbox 0 882 1627 953">
    <p class='ocr_par' dir='ltr' id='par_1_7' title="bbox 0 882 1627 953">
     <span class='ocr_line' id='line_1_7' title="bbox 0 882 1627 953; baseline 0.002 -18"><span class='ocrx_word' id='word_1_71' title='bbox 0 882 243 953; x_wconf 64' lang='lat' dir='ltr'><strong>rliquod</strong></span> <span class='ocrx_word' id='word_1_72' title='bbox 266 883 287 914; x_wconf 86' lang='grc'>³</span> <span class='ocrx_word' id='word_1_73' title='bbox 316 882 534 938; x_wconf 84' lang='lat' dir='ltr'><strong>Vestale</strong></span> <span class='ocrx_word' id='word_1_74' title='bbox 574 891 845 938; x_wconf 91' lang='lat' dir='ltr'><strong>secretum</strong></span> <span class='ocrx_word' id='word_1_75' title='bbox 885 884 1165 938; x_wconf 76' lang='lat' dir='ltr'><strong>veneratio</strong></span> <span class='ocrx_word' id='word_1_76' title='bbox 1191 882 1397 937; x_wconf 90' lang='lat' dir='ltr'><strong>occulta</strong></span> <span class='ocrx_word' id='word_1_77' title='bbox 1430 897 1627 938; x_wconf 87' lang='lat' dir='ltr'><strong>consu-</strong></span> 
     </span>
    </p>
   </div>
   <div class='ocr_carea' id='block_1_8' title="bbox 7 972 1625 1049">
    <p class='ocr_par' dir='ltr' id='par_1_8' title="bbox 7 972 1625 1049">
     <span class='ocr_line' id='line_1_8' title="bbox 7 972 1625 1049; baseline 0.002 -21"><span class='ocrx_word' id='word_1_78' title='bbox 7 976 248 1037; x_wconf 84' lang='lat' dir='ltr'><strong>uisset,</strong></span> <span class='ocrx_word' id='word_1_79' title='bbox 281 972 307 1011; x_wconf 73' lang='grc' dir='ltr'>ἀ</span> <span class='ocrx_word' id='word_1_80' title='bbox 360 975 463 1030; x_wconf 87' lang='lat' dir='ltr'><strong>nisi</strong></span> <span class='ocrx_word' id='word_1_81' title='bbox 511 975 652 1029; x_wconf 90' lang='lat' dir='ltr'><strong>intra</strong></span> <span class='ocrx_word' id='word_1_82' title='bbox 697 974 1049 1049; x_wconf 77' lang='lat' dir='ltr'><strong>domesticam</strong></span> <span class='ocrx_word' id='word_1_83' title='bbox 1095 976 1337 1031; x_wconf 84' lang='lat' dir='ltr'><strong>umbram</strong></span> <span class='ocrx_word' id='word_1_84' title='bbox 1382 975 1625 1045; x_wconf 86' lang='lat' dir='ltr'><strong>jacentes</strong></span> 
     </span>
    </p>
   </div>
   <div class='ocr_carea' id='block_1_9' title="bbox 0 1067 1618 1138">
    <p class='ocr_par' dir='ltr' id='par_1_9' title="bbox 0 1067 1618 1138">
     <span class='ocr_line' id='line_1_9' title="bbox 0 1067 1618 1138; baseline 0.003 -21"><span class='ocrx_word' id='word_1_85' title='bbox 0 1068 258 1123; x_wconf 72' lang='lat' dir='ltr'><strong>LOlllUdO</strong></span> <span class='ocrx_word' id='word_1_86' title='bbox 286 1068 501 1138; x_wconf 90' lang='lat' dir='ltr'><strong>provisa</strong></span> <span class='ocrx_word' id='word_1_87' title='bbox 550 1077 603 1124; x_wconf 92' lang='lat' dir='ltr'><strong>et</strong></span> <span class='ocrx_word' id='word_1_88' title='bbox 624 1067 837 1124; x_wconf 90' lang='lat' dir='ltr'><strong>silentia</strong></span> <span class='ocrx_word' id='word_1_89' title='bbox 864 1068 971 1124; x_wconf 86' lang='lat' dir='ltr'><strong>late</strong></span> <span class='ocrx_word' id='word_1_90' title='bbox 996 1068 1283 1123; x_wconf 91' lang='lat' dir='ltr'><strong>conciliata</strong></span> <span class='ocrx_word' id='word_1_91' title='bbox 1304 1069 1618 1125; x_wconf 88' lang='lat' dir='ltr'><strong>vallassent.</strong></span> 
     </span>
    </p>
   </div>
   <div class='ocr_carea' id='block_1_10' title="bbox 0 1160 1622 1231">
    <p class='ocr_par' dir='ltr' id='par_1_10' title="bbox 0 1160 1622 1231">
     <span class='ocr_line' id='line_1_10' title="bbox 0 1160 1622 1231; baseline 0.002 -18"><span class='ocrx_word' id='word_1_92' title='bbox 0 1160 147 1227; x_wconf 68' lang='lat' dir='ltr'><strong>)uin</strong></span> <span class='ocrx_word' id='word_1_93' title='bbox 188 1161 456 1231; x_wconf 85' lang='lat' dir='ltr'><strong>siquando</strong></span> <span class='ocrx_word' id='word_1_94' title='bbox 484 1160 538 1217; x_wconf 93' lang='lat' dir='ltr'><strong>in</strong></span> <span class='ocrx_word' id='word_1_95' title='bbox 566 1161 743 1216; x_wconf 89' lang='lat' dir='ltr'><strong>lucem</strong></span> <span class='ocrx_word' id='word_1_96' title='bbox 797 1161 981 1217; x_wconf 89' lang='lat' dir='ltr'><strong>venire</strong></span> <span class='ocrx_word' id='word_1_97' title='bbox 1008 1170 1059 1215; x_wconf 90' lang='lat' dir='ltr'><strong>et</strong></span> <span class='ocrx_word' id='word_1_98' title='bbox 1085 1161 1226 1217; x_wconf 92' lang='lat' dir='ltr'><strong>diem</strong></span> <span class='ocrx_word' id='word_1_99' title='bbox 1251 1160 1622 1231; x_wconf 86' lang='lat' dir='ltr'><strong>l‘erre&#39;potuis—</strong></span> 
     </span>
    </p>
   </div>
   <div class='ocr_carea' id='block_1_11' title="bbox 0 1242 1618 1324">
    <p class='ocr_par' dir='ltr' id='par_1_11' title="bbox 0 1242 1618 1324">
     <span class='ocr_line' id='line_1_11' title="bbox 0 1242 1618 1324; baseline 0 -17"><span class='ocrx_word' id='word_1_100' title='bbox 0 1262 125 1308; x_wconf 54' lang='lat' dir='ltr'><strong>ient</strong></span> <span class='ocrx_word' id='word_1_101' title='bbox 151 1296 169 1318; x_wconf 94' lang='lat'><strong>,</strong></span> <span class='ocrx_word' id='word_1_102' title='bbox 206 1254 227 1284; x_wconf 63' lang='lat'><strong>‘</strong></span> <span class='ocrx_word' id='word_1_103' title='bbox 275 1254 484 1311; x_wconf 81' lang='lat' dir='ltr'><strong>lecticis</strong></span> <span class='ocrx_word' id='word_1_104' title='bbox 512 1255 533 1285; x_wconf 78' lang='grc'>⁸</span> <span class='ocrx_word' id='word_1_105' title='bbox 590 1254 867 1324; x_wconf 84' lang='lat' dir='ltr'><strong>tensisque</strong></span> <span class='ocrx_word' id='word_1_106' title='bbox 906 1242 1181 1321; x_wconf 78' lang='lat' dir='ltr'><strong>subvecti,</strong></span> <span class='ocrx_word' id='word_1_107' title='bbox 1215 1262 1271 1309; x_wconf 91' lang='lat' dir='ltr'><strong>et</strong></span> <span class='ocrx_word' id='word_1_108' title='bbox 1297 1253 1618 1309; x_wconf 89' lang='lat' dir='ltr'><strong>densissima</strong></span> 
     </span>
    </p>
   </div>
   <div class='ocr_carea' id='block_1_12' title="bbox 0 1347 1619 1418">
    <p class='ocr_par' dir='ltr' id='par_1_12' title="bbox 0 1347 1619 1418">
     <span class='ocr_line' id='line_1_12' title="bbox 0 1347 1619 1418; baseline 0.001 -18"><span class='ocrx_word' id='word_1_109' title='bbox 0 1347 219 1400; x_wconf 86' lang='lat' dir='ltr'><strong>:ircum</strong></span> <span class='ocrx_word' id='word_1_110' title='bbox 266 1362 535 1418; x_wconf 87' lang='lat' dir='ltr'><strong>supraque</strong></span> <span class='ocrx_word' id='word_1_111' title='bbox 575 1347 816 1418; x_wconf 85' lang='lat' dir='ltr'><strong>cooperti</strong></span> <span class='ocrx_word' id='word_1_112' title='bbox 845 1347 1084 1401; x_wconf 88' lang='lat' dir='ltr'><strong>virorum</strong></span> <span class='ocrx_word' id='word_1_113' title='bbox 1131 1361 1513 1417; x_wconf 90' lang='lat' dir='ltr'><strong>armorumque</strong></span> <span class='ocrx_word' id='word_1_114' title='bbox 1540 1355 1619 1402; x_wconf 90' lang='lat' dir='ltr'><strong>te-</strong></span> 
     </span>
    </p>
   </div>
   <div class='ocr_carea' id='block_1_13' title="bbox 0 1436 1613 1511">
    <p class='ocr_par' dir='ltr' id='par_1_13' title="bbox 0 1436 1613 1511">
     <span class='ocr_line' id='line_1_13' title="bbox 0 1436 1613 1511; baseline 0 -19"><span class='ocrx_word' id='word_1_115' title='bbox 0 1440 231 1496; x_wconf 62' lang='lat' dir='ltr'><strong>;tudine</strong></span> <span class='ocrx_word' id='word_1_116' title='bbox 261 1443 463 1496; x_wconf 87' lang='lat' dir='ltr'><strong>sensim</strong></span> <span class='ocrx_word' id='word_1_117' title='bbox 494 1450 656 1511; x_wconf 91' lang='lat' dir='ltr'><strong>atque</strong></span> <span class='ocrx_word' id='word_1_118' title='bbox 685 1438 1042 1495; x_wconf 88' lang='lat' dir='ltr'><strong>adnumerum</strong></span> <span class='ocrx_word' id='word_1_119' title='bbox 1072 1439 1447 1494; x_wconf 85' lang='lat' dir='ltr'><strong>movebantur.</strong></span> <span class='ocrx_word' id='word_1_120' title='bbox 1479 1436 1613 1492; x_wconf 84' lang='lat' dir='ltr'><strong>Tum</strong></span> 
     </span>
    </p>
   </div>
   <div class='ocr_carea' id='block_1_14' title="bbox 6 1532 1614 1603">
    <p class='ocr_par' dir='ltr' id='par_1_14' title="bbox 6 1532 1614 1603">
     <span class='ocr_line' id='line_1_14' title="bbox 6 1532 1614 1603; baseline 0.001 -19"><span class='ocrx_word' id='word_1_121' title='bbox 6 1547 166 1603; x_wconf 84' lang='lat' dir='ltr'><strong>onge</strong></span> <span class='ocrx_word' id='word_1_122' title='bbox 205 1532 437 1602; x_wconf 85' lang='lat' dir='ltr'><strong>populus</strong></span> <span class='ocrx_word' id='word_1_123' title='bbox 469 1532 822 1603; x_wconf 85' lang='lat' dir='ltr'><strong>abigebatur,</strong></span> <span class='ocrx_word' id='word_1_124' title='bbox 858 1547 958 1587; x_wconf 88' lang='lat' dir='ltr'><strong>nec</strong></span> <span class='ocrx_word' id='word_1_125' title='bbox 994 1532 1169 1587; x_wconf 89' lang='lat' dir='ltr'><strong>otiosa</strong></span> <span class='ocrx_word' id='word_1_126' title='bbox 1193 1532 1215 1561; x_wconf 73' lang='lat'><strong>‘</strong></span> <span class='ocrx_word' id='word_1_127' title='bbox 1248 1532 1469 1587; x_wconf 86' lang='lat' dir='ltr'><strong>viatoris</strong></span> <span class='ocrx_word' id='word_1_128' title='bbox 1500 1547 1614 1586; x_wconf 85' lang='lat' dir='ltr'><strong>ma-</strong></span> 
     </span>
    </p>
   </div>
   <div class='ocr_carea' id='block_1_15' title="bbox 2 1624 1614 1695">
    <p class='ocr_par' dir='ltr' id='par_1_15' title="bbox 2 1624 1614 1695">
     <span class='ocr_line' id='line_1_15' title="bbox 2 1624 1614 1695; baseline 0.002 -18"><span class='ocrx_word' id='word_1_129' title='bbox 2 1639 96 1678; x_wconf 86' lang='lat' dir='ltr'><strong>tus</strong></span> <span class='ocrx_word' id='word_1_130' title='bbox 152 1625 373 1695; x_wconf 81' lang='lat' dir='ltr'><strong>plebem</strong></span> <span class='ocrx_word' id='word_1_131' title='bbox 406 1624 636 1681; x_wconf 82' lang='lat' dir='ltr'><strong>verbere</strong></span> <span class='ocrx_word' id='word_1_132' title='bbox 665 1624 1021 1681; x_wconf 90' lang='lat' dir='ltr'><strong>submovebat</strong></span> <span class='ocrx_word' id='word_1_133' title='bbox 1052 1643 1065 1679; x_wconf 94' lang='lat'><strong>:</strong></span> <span class='ocrx_word' id='word_1_134' title='bbox 1101 1634 1157 1679; x_wconf 84' lang='grc' dir='ltr'><strong>ιιι</strong></span> <span class='ocrx_word' id='word_1_135' title='bbox 1188 1633 1454 1679; x_wconf 90' lang='lat' dir='ltr'><strong>secretum</strong></span> <span class='ocrx_word' id='word_1_136' title='bbox 1487 1625 1505 1654; x_wconf 84' lang='grc'>⁷</span> <span class='ocrx_word' id='word_1_137' title='bbox 1529 1638 1614 1680; x_wconf 88' lang='lat' dir='ltr'><strong>es-</strong></span> 
     </span>
    </p>
   </div>
   <div class='ocr_carea' id='block_1_16' title="bbox 0 1717 1612 1791">
    <p class='ocr_par' dir='ltr' id='par_1_16' title="bbox 0 1717 1612 1791">
     <span class='ocr_line' id='line_1_16' title="bbox 0 1717 1612 1791; baseline 0 -18"><span class='ocrx_word' id='word_1_138' title='bbox 0 1729 76 1774; x_wconf 73' lang='lat' dir='ltr'><strong>set</strong></span> <span class='ocrx_word' id='word_1_139' title='bbox 116 1719 177 1774; x_wconf 93' lang='lat' dir='ltr'><strong>in</strong></span> <span class='ocrx_word' id='word_1_140' title='bbox 226 1720 461 1791; x_wconf 87' lang='lat' dir='ltr'><strong>publico.</strong></span> <span class='ocrx_word' id='word_1_141' title='bbox 510 1720 581 1775; x_wconf 84' lang='lat' dir='ltr'><strong>At</strong></span> <span class='ocrx_word' id='word_1_142' title='bbox 629 1730 812 1776; x_wconf 87' lang='lat' dir='ltr'><strong>noster</strong></span> <span class='ocrx_word' id='word_1_143' title='bbox 858 1720 943 1775; x_wconf 92' lang='lat' dir='ltr'><strong>hic</strong></span> <span class='ocrx_word' id='word_1_144' title='bbox 992 1720 1242 1775; x_wconf 91' lang='lat' dir='ltr'><strong>omnibus</strong></span> <span class='ocrx_word' id='word_1_145' title='bbox 1286 1717 1612 1789; x_wconf 85' lang='lat' dir='ltr'><strong>spectandus</strong></span> 
     </span>
    </p>
   </div>
   <div class='ocr_carea' id='block_1_17' title="bbox 1734 696 3336 771">
    <p class='ocr_par' dir='ltr' id='par_1_17' title="bbox 1734 696 3336 771">
     <span class='ocr_line' id='line_1_17' title="bbox 1734 696 3336 771; baseline 0.004 -21"><span class='ocrx_word' id='word_1_146' title='bbox 1734 696 1929 768; x_wconf 86' lang='lat' dir='ltr'><strong>hyeme</strong></span> <span class='ocrx_word' id='word_1_147' title='bbox 1970 705 2271 766; x_wconf 90' lang='lat' dir='ltr'><strong>separatas,</strong></span> <span class='ocrx_word' id='word_1_148' title='bbox 2301 706 2391 751; x_wconf 91' lang='lat' dir='ltr'><strong>aut</strong></span> <span class='ocrx_word' id='word_1_149' title='bbox 2423 698 2699 754; x_wconf 87' lang='lat' dir='ltr'><strong>interfusis</strong></span> <span class='ocrx_word' id='word_1_150' title='bbox 2723 700 3031 770; x_wconf 58' lang='lat' dir='ltr'><strong>a‘quoribus</strong></span> <span class='ocrx_word' id='word_1_151' title='bbox 3054 701 3336 771; x_wconf 88' lang='lat' dir='ltr'><strong>abjnnclas</strong></span> 
     </span>
    </p>
   </div>
   <div class='ocr_carea' id='block_1_18' title="bbox 1732 789 3335 865">
    <p class='ocr_par' dir='ltr' id='par_1_18' title="bbox 1732 789 3335 865">
     <span class='ocr_line' id='line_1_18' title="bbox 1732 789 3335 865; baseline 0.004 -21"><span class='ocrx_word' id='word_1_152' title='bbox 1732 799 1923 844; x_wconf 89' lang='lat' dir='ltr'><strong>natura</strong></span> <span class='ocrx_word' id='word_1_153' title='bbox 1952 790 2308 847; x_wconf 80' lang='lat' dir='ltr'><strong>disterminat.</strong></span> <span class='ocrx_word' id='word_1_154' title='bbox 2342 789 2457 846; x_wconf 86' lang='lat' dir='ltr'><strong>Non</strong></span> <span class='ocrx_word' id='word_1_155' title='bbox 2488 806 2695 847; x_wconf 88' lang='lat' dir='ltr'><strong>oceano</strong></span> <span class='ocrx_word' id='word_1_156' title='bbox 2721 792 2913 859; x_wconf 86' lang='lat' dir='ltr'><strong>Indus,</strong></span> <span class='ocrx_word' id='word_1_157' title='bbox 2947 808 3054 848; x_wconf 92' lang='lat' dir='ltr'><strong>non</strong></span> <span class='ocrx_word' id='word_1_158' title='bbox 3085 795 3101 827; x_wconf 86' lang='grc'>¹</span> <span class='ocrx_word' id='word_1_159' title='bbox 3134 793 3335 865; x_wconf 84' lang='lat' dir='ltr'><strong>frigore</strong></span> 
     </span>
    </p>
   </div>
   <div class='ocr_carea' id='block_1_19' title="bbox 1731 880 3337 951">
    <p class='ocr_par' dir='ltr' id='par_1_19' title="bbox 1731 880 3337 951">
     <span class='ocr_line' id='line_1_19' title="bbox 1731 880 3337 951; baseline 0.004 -15"><span class='ocrx_word' id='word_1_160' title='bbox 1731 880 2134 949; x_wconf 67' lang='lat' dir='ltr'><strong>Besphorauus,</strong></span> <span class='ocrx_word' id='word_1_161' title='bbox 2166 881 2187 912; x_wconf 78' lang='grc'>³</span> <span class='ocrx_word' id='word_1_162' title='bbox 2215 897 2320 935; x_wconf 89' lang='grc' dir='ltr'>ιιοιι</span> <span class='ocrx_word' id='word_1_163' title='bbox 2342 881 2517 938; x_wconf 86' lang='lat' dir='ltr'><strong>Arabs</strong></span> <span class='ocrx_word' id='word_1_164' title='bbox 2542 884 2719 939; x_wconf 91' lang='lat' dir='ltr'><strong>medio</strong></span> <span class='ocrx_word' id='word_1_165' title='bbox 2744 886 2859 947; x_wconf 92' lang='lat' dir='ltr'><strong>sole</strong></span> <span class='ocrx_word' id='word_1_166' title='bbox 2886 901 3113 942; x_wconf 86' lang='lat' dir='ltr'><strong>securus</strong></span> <span class='ocrx_word' id='word_1_167' title='bbox 3134 898 3245 951; x_wconf 88' lang='lat' dir='ltr'><strong>est;</strong></span> <span class='ocrx_word' id='word_1_168' title='bbox 3280 894 3337 943; x_wconf 88' lang='lat' dir='ltr'><strong>et</strong></span> 
     </span>
    </p>
   </div>
   <div class='ocr_carea' id='block_1_20' title="bbox 1728 974 3338 1047">
    <p class='ocr_par' dir='ltr' id='par_1_20' title="bbox 1728 974 3338 1047">
     <span class='ocr_line' id='line_1_20' title="bbox 1728 974 3338 1047; baseline 0.004 -18"><span class='ocrx_word' id='word_1_169' title='bbox 1728 990 1834 1045; x_wconf 92' lang='lat' dir='ltr'><strong>quo</strong></span> <span class='ocrx_word' id='word_1_170' title='bbox 1872 974 1958 1029; x_wconf 76' lang='lat' dir='ltr'><strong>vix</strong></span> <span class='ocrx_word' id='word_1_171' title='bbox 2001 984 2323 1046; x_wconf 86' lang='lat' dir='ltr'><strong>pervenerat</strong></span> <span class='ocrx_word' id='word_1_172' title='bbox 2368 991 2566 1031; x_wconf 91' lang='lat' dir='ltr'><strong>nomen</strong></span> <span class='ocrx_word' id='word_1_173' title='bbox 2618 986 2744 1033; x_wconf 90' lang='lat' dir='ltr'><strong>ante</strong></span> <span class='ocrx_word' id='word_1_174' title='bbox 2769 978 3093 1047; x_wconf 79' lang='lat' dir='ltr'><strong>Romanum,</strong></span> <span class='ocrx_word' id='word_1_175' title='bbox 3125 980 3338 1036; x_wconf 86' lang='lat' dir='ltr'><strong>accedit</strong></span> 
     </span>
    </p>
   </div>
   <div class='ocr_carea' id='block_1_21' title="bbox 1726 1068 3336 1139">
    <p class='ocr_par' dir='ltr' id='par_1_21' title="bbox 1726 1068 3336 1139">
     <span class='ocr_line' id='line_1_21' title="bbox 1726 1068 3336 1139; baseline 0.002 -16"><span class='ocrx_word' id='word_1_176' title='bbox 1726 1068 2038 1139; x_wconf 84' lang='lat' dir='ltr'><strong>imperium.</strong></span> <span class='ocrx_word' id='word_1_177' title='bbox 2067 1068 2323 1123; x_wconf 91' lang='lat' dir='ltr'><strong>Dicamne</strong></span> <span class='ocrx_word' id='word_1_178' title='bbox 2353 1084 2453 1138; x_wconf 91' lang='lat' dir='ltr'><strong>ego</strong></span> <span class='ocrx_word' id='word_1_179' title='bbox 2476 1079 2726 1139; x_wconf 86' lang='lat' dir='ltr'><strong>receptos</strong></span> <span class='ocrx_word' id='word_1_180' title='bbox 2752 1071 2817 1126; x_wconf 92' lang='lat' dir='ltr'><strong>ad</strong></span> <span class='ocrx_word' id='word_1_181' title='bbox 2849 1073 3123 1127; x_wconf 88' lang='lat' dir='ltr'><strong>servitium</strong></span> <span class='ocrx_word' id='word_1_182' title='bbox 3152 1073 3174 1104; x_wconf 84' lang='grc'>⁸</span> <span class='ocrx_word' id='word_1_183' title='bbox 3204 1071 3336 1129; x_wconf 84' lang='lat' dir='ltr'><strong>Got-</strong></span> 
     </span>
    </p>
   </div>
   <div class='ocr_carea' id='block_1_22' title="bbox 1726 1160 3337 1227">
    <p class='ocr_par' dir='ltr' id='par_1_22' title="bbox 1726 1160 3337 1227">
     <span class='ocr_line' id='line_1_22' title="bbox 1726 1160 3337 1227; baseline 0.003 -12"><span class='ocrx_word' id='word_1_184' title='bbox 1726 1160 1867 1225; x_wconf 92' lang='lat' dir='ltr'><strong>thos,</strong></span> <span class='ocrx_word' id='word_1_185' title='bbox 1909 1161 2102 1216; x_wconf 84' lang='lat' dir='ltr'><strong>castris</strong></span> <span class='ocrx_word' id='word_1_186' title='bbox 2137 1162 2244 1215; x_wconf 89' lang='lat' dir='ltr'><strong>tuis</strong></span> <span class='ocrx_word' id='word_1_187' title='bbox 2274 1161 2519 1227; x_wconf 89' lang='lat' dir='ltr'><strong>militem,</strong></span> <span class='ocrx_word' id='word_1_188' title='bbox 2565 1163 2723 1218; x_wconf 91' lang='lat' dir='ltr'><strong>terris</strong></span> <span class='ocrx_word' id='word_1_189' title='bbox 2751 1162 3001 1220; x_wconf 81' lang='lat' dir='ltr'><strong>sufficere</strong></span> <span class='ocrx_word' id='word_1_190' title='bbox 3024 1165 3337 1221; x_wconf 84' lang='lat' dir='ltr'><strong>cultorem?</strong></span> 
     </span>
    </p>
   </div>
   <div class='ocr_carea' id='block_1_23' title="bbox 1724 1255 3335 1329">
    <p class='ocr_par' dir='ltr' id='par_1_23' title="bbox 1724 1255 3335 1329">
     <span class='ocr_line' id='line_1_23' title="bbox 1724 1255 3335 1329; baseline 0.002 -18"><span class='ocrx_word' id='word_1_191' title='bbox 1724 1256 1905 1312; x_wconf 88' lang='lat' dir='ltr'><strong>Dicam</strong></span> <span class='ocrx_word' id='word_1_192' title='bbox 1935 1271 1963 1310; x_wconf 90' lang='lat' dir='ltr'><strong>a</strong></span> <span class='ocrx_word' id='word_1_193' title='bbox 2003 1255 2296 1312; x_wconf 86' lang='lat' dir='ltr'><strong>rebellibus</strong></span> <span class='ocrx_word' id='word_1_194' title='bbox 2324 1256 2344 1286; x_wconf 60' lang='grc'><strong>⁸</strong></span> <span class='ocrx_word' id='word_1_195' title='bbox 2374 1256 2659 1312; x_wconf 90' lang='lat' dir='ltr'><strong>Saracenis</strong></span> <span class='ocrx_word' id='word_1_196' title='bbox 2691 1272 2877 1326; x_wconf 71' lang='lat' dir='ltr'><strong>pmnas</strong></span> <span class='ocrx_word' id='word_1_197' title='bbox 2899 1259 3087 1329; x_wconf 89' lang='lat' dir='ltr'><strong>polluti</strong></span> <span class='ocrx_word' id='word_1_198' title='bbox 3113 1258 3335 1315; x_wconf 76' lang='lat' dir='ltr'><strong>fcedcris</strong></span> 
     </span>
    </p>
   </div>
   <div class='ocr_carea' id='block_1_24' title="bbox 1721 1350 3337 1423">
    <p class='ocr_par' dir='ltr' id='par_1_24' title="bbox 1721 1350 3337 1423">
     <span class='ocr_line' id='line_1_24' title="bbox 1721 1350 3337 1423; baseline 0.001 -16"><span class='ocrx_word' id='word_1_199' title='bbox 1721 1351 2028 1421; x_wconf 76' lang='lat' dir='ltr'><strong>espetitas?</strong></span> <span class='ocrx_word' id='word_1_200' title='bbox 2072 1350 2252 1405; x_wconf 90' lang='lat' dir='ltr'><strong>Dicam</strong></span> <span class='ocrx_word' id='word_1_201' title='bbox 2285 1351 2305 1382; x_wconf 76' lang='grc'>³</span> <span class='ocrx_word' id='word_1_202' title='bbox 2346 1350 2689 1409; x_wconf 89' lang='lat' dir='ltr'><strong>interdictum</strong></span> <span class='ocrx_word' id='word_1_203' title='bbox 2733 1351 2950 1423; x_wconf 89' lang='lat' dir='ltr'><strong>Scythis</strong></span> <span class='ocrx_word' id='word_1_204' title='bbox 2989 1352 3243 1419; x_wconf 86' lang='lat' dir='ltr'><strong>Tanaim,</strong></span> <span class='ocrx_word' id='word_1_205' title='bbox 3280 1363 3337 1409; x_wconf 89' lang='lat' dir='ltr'><strong>et</strong></span> 
     </span>
    </p>
   </div>
   <div class='ocr_carea' id='block_1_25' title="bbox 1720 1443 3333 1517">
    <p class='ocr_par' dir='ltr' id='par_1_25' title="bbox 1720 1443 3333 1517">
     <span class='ocr_line' id='line_1_25' title="bbox 1720 1443 3333 1517; baseline 0.002 -17"><span class='ocrx_word' id='word_1_206' title='bbox 1720 1445 1967 1501; x_wconf 90' lang='lat' dir='ltr'><strong>imbelles</strong></span> <span class='ocrx_word' id='word_1_207' title='bbox 2008 1460 2164 1501; x_wconf 90' lang='lat' dir='ltr'><strong>arcus</strong></span> <span class='ocrx_word' id='word_1_208' title='bbox 2190 1446 2351 1501; x_wconf 90' lang='lat' dir='ltr'><strong>etiam</strong></span> <span class='ocrx_word' id='word_1_209' title='bbox 2377 1443 2627 1513; x_wconf 76' lang='lat' dir='ltr'><strong>fugientis</strong></span> <span class='ocrx_word' id='word_1_210' title='bbox 2653 1446 2674 1475; x_wconf 81' lang='lat'><strong><em>°</em></strong></span> <span class='ocrx_word' id='word_1_211' title='bbox 2701 1444 2937 1501; x_wconf 80' lang='lat' dir='ltr'><strong>Albani?</strong></span> <span class='ocrx_word' id='word_1_212' title='bbox 2966 1445 3333 1517; x_wconf 62' lang='lat' dir='ltr'><strong>Quaecumque</strong></span> 
     </span>
    </p>
   </div>
   <div class='ocr_carea' id='block_1_26' title="bbox 1716 1530 3333 1611">
    <p class='ocr_par' dir='ltr' id='par_1_26' title="bbox 1716 1530 3333 1611">
     <span class='ocr_line' id='line_1_26' title="bbox 1716 1530 3333 1611; baseline -0.001 -15"><span class='ocrx_word' id='word_1_213' title='bbox 1716 1540 1864 1596; x_wconf 92' lang='lat' dir='ltr'><strong>natio</strong></span> <span class='ocrx_word' id='word_1_214' title='bbox 1895 1540 2247 1596; x_wconf 88' lang='lat' dir='ltr'><strong>barbarorum</strong></span> <span class='ocrx_word' id='word_1_215' title='bbox 2273 1539 2487 1605; x_wconf 88' lang='lat' dir='ltr'><strong>robore,</strong></span> <span class='ocrx_word' id='word_1_216' title='bbox 2524 1539 2747 1605; x_wconf 82' lang='lat' dir='ltr'><strong>ferocia,</strong></span> <span class='ocrx_word' id='word_1_217' title='bbox 2770 1555 2999 1596; x_wconf 90' lang='lat' dir='ltr'><strong>numero</strong></span> <span class='ocrx_word' id='word_1_218' title='bbox 3026 1542 3207 1611; x_wconf 82' lang='lat' dir='ltr'><strong>gravis</strong></span> <span class='ocrx_word' id='word_1_219' title='bbox 3232 1530 3333 1595; x_wconf 86' lang='lat' dir='ltr'><strong>un-</strong></span> 
     </span>
    </p>
   </div>
   <div class='ocr_carea' id='block_1_27' title="bbox 1714 1631 3337 1707">
    <p class='ocr_par' dir='ltr' id='par_1_27' title="bbox 1714 1631 3337 1707">
     <span class='ocr_line' id='line_1_27' title="bbox 1714 1631 3337 1707; baseline -0.001 -19"><span class='ocrx_word' id='word_1_220' title='bbox 1714 1649 1876 1707; x_wconf 89' lang='lat' dir='ltr'><strong>quam</strong></span> <span class='ocrx_word' id='word_1_221' title='bbox 1915 1633 2072 1689; x_wconf 91' lang='lat' dir='ltr'><strong>nobis</strong></span> <span class='ocrx_word' id='word_1_222' title='bbox 2100 1633 2219 1699; x_wconf 87' lang='lat' dir='ltr'><strong>fuit,</strong></span> <span class='ocrx_word' id='word_1_223' title='bbox 2253 1634 2272 1663; x_wconf 72' lang='grc' dir='ltr'><strong>τ</strong></span> <span class='ocrx_word' id='word_1_224' title='bbox 2294 1642 2383 1688; x_wconf 90' lang='lat' dir='ltr'><strong>aut</strong></span> <span class='ocrx_word' id='word_1_225' title='bbox 2412 1631 2431 1669; x_wconf 63' lang='grc' dir='ltr'><strong>ί</strong></span> <span class='ocrx_word' id='word_1_226' title='bbox 2458 1632 2584 1687; x_wconf 92' lang='lat' dir='ltr'><strong>boni</strong></span> <span class='ocrx_word' id='word_1_227' title='bbox 2610 1632 2841 1687; x_wconf 88' lang='lat' dir='ltr'><strong>consulit</strong></span> <span class='ocrx_word' id='word_1_228' title='bbox 2870 1641 2928 1687; x_wconf 93' lang='lat' dir='ltr'><strong>ut</strong></span> <span class='ocrx_word' id='word_1_229' title='bbox 2950 1634 3213 1701; x_wconf 86' lang='lat' dir='ltr'><strong>quiescat,</strong></span> <span class='ocrx_word' id='word_1_230' title='bbox 3242 1641 3337 1687; x_wconf 88' lang='lat' dir='ltr'><strong>aut</strong></span> 
     </span>
    </p>
   </div>
   <div class='ocr_carea' id='block_1_28' title="bbox 1714 1726 3330 1799">
    <p class='ocr_par' dir='ltr' id='par_1_28' title="bbox 1714 1726 3330 1799">
     <span class='ocr_line' id='line_1_28' title="bbox 1714 1726 3330 1799; baseline -0.001 -14"><span class='ocrx_word' id='word_1_231' title='bbox 1714 1730 1951 1796; x_wconf 64' lang='lat' dir='ltr'><strong>laetatur,</strong></span> <span class='ocrx_word' id='word_1_232' title='bbox 1972 1730 2123 1799; x_wconf 87' lang='lat' dir='ltr'><strong>quasi</strong></span> <span class='ocrx_word' id='word_1_233' title='bbox 2148 1728 2342 1793; x_wconf 90' lang='lat' dir='ltr'><strong>amica,</strong></span> <span class='ocrx_word' id='word_1_234' title='bbox 2360 1726 2639 1782; x_wconf 83' lang='lat' dir='ltr'><strong>siserviat.</strong></span> <span class='ocrx_word' id='word_1_235' title='bbox 2659 1726 2841 1781; x_wconf 91' lang='lat' dir='ltr'><strong>Persis</strong></span> <span class='ocrx_word' id='word_1_236' title='bbox 2860 1727 2995 1796; x_wconf 87' lang='lat' dir='ltr'><strong>ipsa,</strong></span> <span class='ocrx_word' id='word_1_237' title='bbox 3016 1727 3330 1798; x_wconf 64' lang='lat' dir='ltr'><strong>reipublicae</strong></span> 
     </span>
    </p>
   </div>
   <div class='ocr_carea' id='block_1_29' title="bbox 0 1812 3329 1888">
    <p class='ocr_par' dir='ltr' id='par_1_29' title="bbox 0 1812 3329 1888">
     <span class='ocr_line' id='line_1_29' title="bbox 0 1812 3329 1888; baseline -0.002 -8"><span class='ocrx_word' id='word_1_238' title='bbox 0 1813 270 1879; x_wconf 77' lang='lat' dir='ltr'><strong>Iﬂ‘ertur.</strong></span> <span class='ocrx_word' id='word_1_239' title='bbox 318 1829 418 1869; x_wconf 81' lang='lat' dir='ltr'><strong>nec</strong></span> <span class='ocrx_word' id='word_1_240' title='bbox 470 1814 643 1885; x_wconf 66' lang='lat' dir='ltr'><strong>magis</strong></span> <span class='ocrx_word' id='word_1_241' title='bbox 687 1828 1030 1869; x_wconf 85' lang='lat' dir='ltr'><strong>communem</strong></span> <span class='ocrx_word' id='word_1_242' title='bbox 1081 1813 1223 1867; x_wconf 82' lang='lat' dir='ltr'><strong>hunc</strong></span> <span class='ocrx_word' id='word_1_243' title='bbox 1269 1812 1409 1868; x_wconf 82' lang='lat' dir='ltr'><strong>diem</strong></span> <span class='ocrx_word' id='word_1_244' title='bbox 1455 1822 1617 1883; x_wconf 82' lang='lat' dir='ltr'><strong>atque</strong></span> <span class='ocrx_word' id='word_1_245' title='bbox 1646 1816 1693 1876; x_wconf 93' lang='lat' dir='ltr'><strong>B</strong></span> <span class='ocrx_word' id='word_1_246' title='bbox 1721 1832 1921 1878; x_wconf 70' lang='lat' dir='ltr'><strong>nostra:</strong></span> <span class='ocrx_word' id='word_1_247' title='bbox 1962 1829 2105 1876; x_wconf 88' lang='lat' dir='ltr'><strong>retro</strong></span> <span class='ocrx_word' id='word_1_248' title='bbox 2150 1821 2374 1888; x_wconf 64' lang='lat' dir='ltr'><strong>aemula,</strong></span> <span class='ocrx_word' id='word_1_249' title='bbox 2421 1829 2477 1875; x_wconf 92' lang='lat' dir='ltr'><strong>et</strong></span> <span class='ocrx_word' id='word_1_250' title='bbox 2511 1820 2693 1874; x_wconf 90' lang='lat' dir='ltr'><strong>multis</strong></span> <span class='ocrx_word' id='word_1_251' title='bbox 2726 1820 3092 1874; x_wconf 76' lang='lat' dir='ltr'><strong>Romanorum</strong></span> <span class='ocrx_word' id='word_1_252' title='bbox 3128 1819 3329 1875; x_wconf 91' lang='lat' dir='ltr'><strong>dueum</strong></span> 
     </span>
    </p>
   </div>
   <div class='ocr_carea' id='block_1_30' title="bbox 0 1904 1607 1978">
    <p class='ocr_par' dir='ltr' id='par_1_30' title="bbox 0 1904 1607 1978">
     <span class='ocr_line' id='line_1_30' title="bbox 0 1904 1607 1978; baseline -0.002 -15"><span class='ocrx_word' id='word_1_253' title='bbox 0 1908 175 1964; x_wconf 77' lang='lat' dir='ltr'><strong>solem</strong></span> <span class='ocrx_word' id='word_1_254' title='bbox 208 1924 367 1978; x_wconf 87' lang='lat' dir='ltr'><strong>quam</strong></span> <span class='ocrx_word' id='word_1_255' title='bbox 398 1917 640 1963; x_wconf 88' lang='lat' dir='ltr'><strong>nostrum</strong></span> <span class='ocrx_word' id='word_1_256' title='bbox 669 1908 1050 1976; x_wconf 85' lang='lat' dir='ltr'><strong>imperatorem</strong></span> <span class='ocrx_word' id='word_1_257' title='bbox 1080 1906 1247 1961; x_wconf 81' lang='lat' dir='ltr'><strong>videri</strong></span> <span class='ocrx_word' id='word_1_258' title='bbox 1282 1904 1607 1972; x_wconf 88' lang='lat' dir='ltr'><strong>licet.Quin,</strong></span> 
     </span>
    </p>
   </div>
   <div class='ocr_carea' id='block_1_31' title="bbox 0 2000 1610 2072">
    <p class='ocr_par' dir='ltr' id='par_1_31' title="bbox 0 2000 1610 2072">
     <span class='ocr_line' id='line_1_31' title="bbox 0 2000 1610 2072; baseline -0.002 -15"><span class='ocrx_word' id='word_1_259' title='bbox 0 2018 118 2058; x_wconf 54' lang='lat' dir='ltr'><strong>eum</strong></span> <span class='ocrx_word' id='word_1_260' title='bbox 158 2002 401 2057; x_wconf 82' lang='lat' dir='ltr'><strong>vicinum</strong></span> <span class='ocrx_word' id='word_1_261' title='bbox 436 2002 669 2057; x_wconf 89' lang='lat' dir='ltr'><strong>habeant</strong></span> <span class='ocrx_word' id='word_1_262' title='bbox 699 2002 959 2072; x_wconf 86' lang='lat' dir='ltr'><strong>permissa</strong></span> <span class='ocrx_word' id='word_1_263' title='bbox 991 2000 1282 2067; x_wconf 89' lang='lat' dir='ltr'><strong>fastidium,</strong></span> <span class='ocrx_word' id='word_1_264' title='bbox 1318 2014 1610 2068; x_wconf 81' lang='lat' dir='ltr'><strong>numquam</strong></span> 
     </span>
    </p>
   </div>
   <div class='ocr_carea' id='block_1_32' title="bbox 0 2093 1612 2167">
    <p class='ocr_par' dir='ltr' id='par_1_32' title="bbox 0 2093 1612 2167">
     <span class='ocr_line' id='line_1_32' title="bbox 0 2093 1612 2167; baseline -0.003 -15"><span class='ocrx_word' id='word_1_265' title='bbox 0 2100 103 2153; x_wconf 87' lang='lat' dir='ltr'><strong>iste</strong></span> <span class='ocrx_word' id='word_1_266' title='bbox 150 2098 420 2153; x_wconf 87' lang='lat' dir='ltr'><strong>mirantes</strong></span> <span class='ocrx_word' id='word_1_267' title='bbox 461 2097 639 2167; x_wconf 79' lang='lat' dir='ltr'><strong>explet</strong></span> <span class='ocrx_word' id='word_1_268' title='bbox 680 2097 888 2151; x_wconf 88' lang='lat' dir='ltr'><strong>oculos.</strong></span> <span class='ocrx_word' id='word_1_269' title='bbox 938 2095 1105 2165; x_wconf 82' lang='lat' dir='ltr'><strong>Magis</strong></span> <span class='ocrx_word' id='word_1_270' title='bbox 1147 2096 1424 2165; x_wconf 81' lang='lat' dir='ltr'><strong>magisque</strong></span> <span class='ocrx_word' id='word_1_271' title='bbox 1464 2093 1612 2147; x_wconf 82' lang='lat' dir='ltr'><strong>visus</strong></span> 
     </span>
    </p>
   </div>
   <div class='ocr_carea' id='block_1_33' title="bbox 0 2188 1537 2262">
    <p class='ocr_par' dir='ltr' id='par_1_33' title="bbox 0 2188 1537 2262">
     <span class='ocr_line' id='line_1_33' title="bbox 0 2188 1537 2262; baseline -0.002 -17"><span class='ocrx_word' id='word_1_272' title='bbox 0 2193 310 2262; x_wconf 76' lang='lat' dir='ltr'><strong>expetitur,</strong></span> <span class='ocrx_word' id='word_1_273' title='bbox 344 2202 398 2247; x_wconf 91' lang='lat' dir='ltr'><strong>et</strong></span> <span class='ocrx_word' id='word_1_274' title='bbox 419 2234 434 2258; x_wconf 92' lang='lat'><strong>,</strong></span> <span class='ocrx_word' id='word_1_275' title='bbox 464 2206 662 2246; x_wconf 90' lang='lat' dir='ltr'><strong>novum</strong></span> <span class='ocrx_word' id='word_1_276' title='bbox 686 2191 836 2247; x_wconf 91' lang='lat' dir='ltr'><strong>dictu</strong></span> <span class='ocrx_word' id='word_1_277' title='bbox 859 2232 873 2256; x_wconf 91' lang='lat'><strong>,</strong></span> <span class='ocrx_word' id='word_1_278' title='bbox 909 2204 1150 2260; x_wconf 70' lang='lat' dir='ltr'><strong>prmscns</strong></span> <span class='ocrx_word' id='word_1_279' title='bbox 1174 2188 1537 2244; x_wconf 87' lang='lat' dir='ltr'><strong>desideratur.</strong></span> 
     </span>
    </p>
   </div>
   <div class='ocr_carea' id='block_1_34' title="bbox 66 2281 1613 2353">
    <p class='ocr_par' dir='ltr' id='par_1_34' title="bbox 66 2281 1613 2353">
     <span class='ocr_line' id='line_1_34' title="bbox 66 2281 1613 2353; baseline -0.005 -10"><span class='ocrx_word' id='word_1_280' title='bbox 66 2287 249 2343; x_wconf 77' lang='lat' dir='ltr'><strong>XXII.</strong></span> <span class='ocrx_word' id='word_1_281' title='bbox 304 2286 562 2343; x_wconf 82' lang='lat' dir='ltr'><strong>Miremur</strong></span> <span class='ocrx_word' id='word_1_282' title='bbox 599 2287 652 2341; x_wconf 93' lang='lat' dir='ltr'><strong>in</strong></span> <span class='ocrx_word' id='word_1_283' title='bbox 684 2286 907 2341; x_wconf 87' lang='lat' dir='ltr'><strong>urbibus</strong></span> <span class='ocrx_word' id='word_1_284' title='bbox 947 2285 1089 2350; x_wconf 91' lang='lat' dir='ltr'><strong>tuis,</strong></span> <span class='ocrx_word' id='word_1_285' title='bbox 1119 2292 1174 2339; x_wconf 89' lang='lat' dir='ltr'><strong>et</strong></span> <span class='ocrx_word' id='word_1_286' title='bbox 1200 2299 1231 2338; x_wconf 93' lang='lat' dir='ltr'><strong>a</strong></span> <span class='ocrx_word' id='word_1_287' title='bbox 1259 2283 1370 2338; x_wconf 88' lang='lat' dir='ltr'><strong>tuis</strong></span> <span class='ocrx_word' id='word_1_288' title='bbox 1401 2281 1613 2353; x_wconf 89' lang='lat' dir='ltr'><strong>populis</strong></span> 
     </span>
    </p>
   </div>
   <div class='ocr_carea' id='block_1_35' title="bbox 0 2376 1615 2448">
    <p class='ocr_par' dir='ltr' id='par_1_35' title="bbox 0 2376 1615 2448">
     <span class='ocr_line' id='line_1_35' title="bbox 0 2376 1615 2448; baseline -0.004 -12"><span class='ocrx_word' id='word_1_289' title='bbox 0 2390 48 2436; x_wconf 92' lang='lat' dir='ltr'><strong>le</strong></span> <span class='ocrx_word' id='word_1_290' title='bbox 88 2379 275 2434; x_wconf 79' lang='lat' dir='ltr'><strong>videri</strong></span> <span class='ocrx_word' id='word_1_291' title='bbox 300 2423 315 2448; x_wconf 95' lang='lat'><strong>,</strong></span> <span class='ocrx_word' id='word_1_292' title='bbox 358 2394 518 2448; x_wconf 88' lang='lat' dir='ltr'><strong>quem</strong></span> <span class='ocrx_word' id='word_1_293' title='bbox 550 2377 663 2434; x_wconf 81' lang='lat' dir='ltr'><strong>fere</strong></span> <span class='ocrx_word' id='word_1_294' title='bbox 704 2378 845 2433; x_wconf 90' lang='lat' dir='ltr'><strong>nulla</strong></span> <span class='ocrx_word' id='word_1_295' title='bbox 874 2378 926 2432; x_wconf 90' lang='lat' dir='ltr'><strong>in</strong></span> <span class='ocrx_word' id='word_1_296' title='bbox 954 2376 1071 2434; x_wconf 90' lang='lat' dir='ltr'><strong>solo</strong></span> <span class='ocrx_word' id='word_1_297' title='bbox 1093 2391 1192 2432; x_wconf 88' lang='lat' dir='ltr'><strong>suo</strong></span> <span class='ocrx_word' id='word_1_298' title='bbox 1218 2376 1363 2430; x_wconf 88' lang='lat' dir='ltr'><strong>natio</strong></span> <span class='ocrx_word' id='word_1_299' title='bbox 1391 2383 1615 2431; x_wconf 82' lang='lat' dir='ltr'><strong>externa</strong></span> 
     </span>
    </p>
   </div>
   <div class='ocr_carea' id='block_1_36' title="bbox 0 2470 1618 2545">
    <p class='ocr_par' dir='ltr' id='par_1_36' title="bbox 0 2470 1618 2545">
     <span class='ocr_line' id='line_1_36' title="bbox 0 2470 1618 2545; baseline -0.003 -14"><span class='ocrx_word' id='word_1_300' title='bbox 0 2492 106 2531; x_wconf 91' lang='lat' dir='ltr'><strong>non</strong></span> <span class='ocrx_word' id='word_1_301' title='bbox 155 2474 333 2539; x_wconf 84' lang='lat' dir='ltr'><strong>vidit,</strong></span> <span class='ocrx_word' id='word_1_302' title='bbox 369 2473 529 2545; x_wconf 92' lang='lat' dir='ltr'><strong>idque</strong></span> <span class='ocrx_word' id='word_1_303' title='bbox 576 2474 647 2528; x_wconf 89' lang='lat' dir='ltr'><strong>ita</strong></span> <span class='ocrx_word' id='word_1_304' title='bbox 692 2473 915 2537; x_wconf 87' lang='lat' dir='ltr'><strong>crebro,</strong></span> <span class='ocrx_word' id='word_1_305' title='bbox 949 2482 1006 2527; x_wconf 93' lang='lat' dir='ltr'><strong>ut</strong></span> <span class='ocrx_word' id='word_1_306' title='bbox 1050 2487 1188 2543; x_wconf 89' lang='lat' dir='ltr'><strong>pene</strong></span> <span class='ocrx_word' id='word_1_307' title='bbox 1218 2480 1326 2526; x_wconf 91' lang='lat' dir='ltr'><strong>tam</strong></span> <span class='ocrx_word' id='word_1_308' title='bbox 1358 2480 1519 2526; x_wconf 91' lang='lat' dir='ltr'><strong>notus</strong></span> <span class='ocrx_word' id='word_1_309' title='bbox 1545 2470 1618 2526; x_wconf 86' lang='lat' dir='ltr'><strong>sit</strong></span> 
     </span>
    </p>
   </div>
   <div class='ocr_carea' id='block_1_37' title="bbox 0 2564 1613 2630">
    <p class='ocr_par' dir='ltr' id='par_1_37' title="bbox 0 2564 1613 2630">
     <span class='ocr_line' id='line_1_37' title="bbox 0 2564 1613 2630; baseline -0.005 -5"><span class='ocrx_word' id='word_1_310' title='bbox 0 2568 253 2625; x_wconf 88' lang='lat' dir='ltr'><strong>barbaris</strong></span> <span class='ocrx_word' id='word_1_311' title='bbox 296 2567 474 2622; x_wconf 89' lang='lat' dir='ltr'><strong>vultus</strong></span> <span class='ocrx_word' id='word_1_312' title='bbox 516 2567 619 2622; x_wconf 88' lang='lat' dir='ltr'><strong>iste</strong></span> <span class='ocrx_word' id='word_1_313' title='bbox 659 2581 819 2630; x_wconf 85' lang='lat' dir='ltr'><strong>quam</strong></span> <span class='ocrx_word' id='word_1_314' title='bbox 860 2564 1184 2621; x_wconf 87' lang='lat' dir='ltr'><strong>nobis?Nee</strong></span> <span class='ocrx_word' id='word_1_315' title='bbox 1216 2564 1445 2628; x_wconf 81' lang='lat' dir='ltr'><strong>frustra,</strong></span> <span class='ocrx_word' id='word_1_316' title='bbox 1491 2577 1613 2617; x_wconf 89' lang='lat' dir='ltr'><strong>cum</strong></span> 
     </span>
    </p>
   </div>
   <div class='ocr_carea' id='block_1_38' title="bbox 1 2656 1616 2731">
    <p class='ocr_par' dir='ltr' id='par_1_38' title="bbox 1 2656 1616 2731">
     <span class='ocr_line' id='line_1_38' title="bbox 1 2656 1616 2731; baseline -0.004 -14"><span class='ocrx_word' id='word_1_317' title='bbox 1 2670 227 2717; x_wconf 70' lang='lat' dir='ltr'><strong>mstates</strong></span> <span class='ocrx_word' id='word_1_318' title='bbox 267 2675 459 2716; x_wconf 92' lang='lat' dir='ltr'><strong>omnes</strong></span> <span class='ocrx_word' id='word_1_319' title='bbox 497 2658 628 2715; x_wconf 85' lang='lat' dir='ltr'><strong>foris</strong></span> <span class='ocrx_word' id='word_1_320' title='bbox 652 2702 667 2727; x_wconf 93' lang='lat'><strong>,</strong></span> <span class='ocrx_word' id='word_1_321' title='bbox 698 2660 918 2731; x_wconf 82' lang='lat' dir='ltr'><strong>hyemes</strong></span> <span class='ocrx_word' id='word_1_322' title='bbox 958 2657 1106 2713; x_wconf 90' lang='lat' dir='ltr'><strong>domi</strong></span> <span class='ocrx_word' id='word_1_323' title='bbox 1132 2658 1373 2724; x_wconf 88' lang='lat' dir='ltr'><strong>ducens,</strong></span> <span class='ocrx_word' id='word_1_324' title='bbox 1407 2656 1616 2712; x_wconf 87' lang='lat' dir='ltr'><strong>civibus</strong></span> 
     </span>
    </p>
   </div>
   <div class='ocr_carea' id='block_1_39' title="bbox 5 2749 1612 2826">
    <p class='ocr_par' dir='ltr' id='par_1_39' title="bbox 5 2749 1612 2826">
     <span class='ocr_line' id='line_1_39' title="bbox 5 2749 1612 2826; baseline -0.005 -15"><span class='ocrx_word' id='word_1_325' title='bbox 5 2756 370 2825; x_wconf 83' lang='lat' dir='ltr'><strong>hostibusque</strong></span> <span class='ocrx_word' id='word_1_326' title='bbox 422 2754 542 2826; x_wconf 87' lang='lat' dir='ltr'><strong>pari</strong></span> <span class='ocrx_word' id='word_1_327' title='bbox 592 2762 740 2810; x_wconf 91' lang='lat' dir='ltr'><strong>sorte</strong></span> <span class='ocrx_word' id='word_1_328' title='bbox 780 2754 906 2810; x_wconf 85' lang='lat' dir='ltr'><strong>anni</strong></span> <span class='ocrx_word' id='word_1_329' title='bbox 956 2754 1125 2823; x_wconf 86' lang='lat' dir='ltr'><strong>spatia</strong></span> <span class='ocrx_word' id='word_1_330' title='bbox 1158 2752 1445 2807; x_wconf 88' lang='lat' dir='ltr'><strong>diviseris:</strong></span> <span class='ocrx_word' id='word_1_331' title='bbox 1485 2760 1539 2807; x_wconf 88' lang='lat' dir='ltr'><strong>et</strong></span> <span class='ocrx_word' id='word_1_332' title='bbox 1568 2749 1612 2804; x_wconf 92' lang='lat' dir='ltr'><strong>si</strong></span> 
     </span>
    </p>
   </div>
   <div class='ocr_carea' id='block_1_40' title="bbox 5 2844 1614 2920">
    <p class='ocr_par' dir='ltr' id='par_1_40' title="bbox 5 2844 1614 2920">
     <span class='ocr_line' id='line_1_40' title="bbox 5 2844 1614 2920; baseline -0.004 -16"><span class='ocrx_word' id='word_1_333' title='bbox 5 2849 93 2920; x_wconf 91' lang='lat' dir='ltr'><strong>qui</strong></span> <span class='ocrx_word' id='word_1_334' title='bbox 133 2848 280 2905; x_wconf 89' lang='lat' dir='ltr'><strong>forte</strong></span> <span class='ocrx_word' id='word_1_335' title='bbox 305 2857 432 2905; x_wconf 89' lang='lat' dir='ltr'><strong>sunt</strong></span> <span class='ocrx_word' id='word_1_336' title='bbox 455 2849 770 2913; x_wconf 79' lang='lat' dir='ltr'><strong>barbarum,</strong></span> <span class='ocrx_word' id='word_1_337' title='bbox 789 2847 880 2919; x_wconf 92' lang='lat' dir='ltr'><strong>qui</strong></span> <span class='ocrx_word' id='word_1_338' title='bbox 905 2862 1010 2901; x_wconf 93' lang='lat' dir='ltr'><strong>non</strong></span> <span class='ocrx_word' id='word_1_339' title='bbox 1037 2847 1250 2901; x_wconf 88' lang='lat' dir='ltr'><strong>virtutis</strong></span> <span class='ocrx_word' id='word_1_340' title='bbox 1281 2856 1383 2901; x_wconf 66' lang='lat' dir='ltr'><strong>tua:</strong></span> <span class='ocrx_word' id='word_1_341' title='bbox 1412 2844 1614 2900; x_wconf 79' lang='lat' dir='ltr'><strong>fulmen</strong></span> 
     </span>
    </p>
   </div>
   <div class='ocr_carea' id='block_1_41' title="bbox 7 2938 1611 3013">
    <p class='ocr_par' dir='ltr' id='par_1_41' title="bbox 7 2938 1611 3013">
     <span class='ocr_line' id='line_1_41' title="bbox 7 2938 1611 3013; baseline -0.002 -16"><span class='ocrx_word' id='word_1_342' title='bbox 7 2943 363 3013; x_wconf 84' lang='lat' dir='ltr'><strong>exceperint,</strong></span> <span class='ocrx_word' id='word_1_343' title='bbox 400 2942 635 2998; x_wconf 90' lang='lat' dir='ltr'><strong>nominis</strong></span> <span class='ocrx_word' id='word_1_344' title='bbox 685 2952 906 2998; x_wconf 83' lang='lat' dir='ltr'><strong>terrore</strong></span> <span class='ocrx_word' id='word_1_345' title='bbox 928 2942 1160 3013; x_wconf 89' lang='lat' dir='ltr'><strong>perculsi</strong></span> <span class='ocrx_word' id='word_1_346' title='bbox 1191 2953 1245 2996; x_wconf 91' lang='lat' dir='ltr'><strong>et</strong></span> <span class='ocrx_word' id='word_1_347' title='bbox 1274 2942 1420 2996; x_wconf 85' lang='lat' dir='ltr'><strong>velut</strong></span> <span class='ocrx_word' id='word_1_348' title='bbox 1448 2938 1611 2995; x_wconf 84' lang='lat' dir='ltr'><strong>afﬂati</strong></span> 
     </span>
    </p>
   </div>
   <div class='ocr_carea' id='block_1_42' title="bbox 7 3032 1612 3107">
    <p class='ocr_par' dir='ltr' id='par_1_42' title="bbox 7 3032 1612 3107">
     <span class='ocr_line' id='line_1_42' title="bbox 7 3032 1612 3107; baseline -0.002 -17"><span class='ocrx_word' id='word_1_349' title='bbox 7 3035 314 3107; x_wconf 81' lang='lat' dir='ltr'><strong>quiescant.</strong></span> <span class='ocrx_word' id='word_1_350' title='bbox 359 3045 383 3073; x_wconf 74' lang='grc' dir='ltr'>ε</span> <span class='ocrx_word' id='word_1_351' title='bbox 412 3034 525 3091; x_wconf 89' lang='lat' dir='ltr'><strong>Tua</strong></span> <span class='ocrx_word' id='word_1_352' title='bbox 554 3037 697 3093; x_wconf 90' lang='lat' dir='ltr'><strong>enim</strong></span> <span class='ocrx_word' id='word_1_353' title='bbox 719 3078 733 3103; x_wconf 94' lang='lat'><strong>,</strong></span> <span class='ocrx_word' id='word_1_354' title='bbox 773 3036 1085 3107; x_wconf 80' lang='lat' dir='ltr'><strong>imperator,</strong></span> <span class='ocrx_word' id='word_1_355' title='bbox 1118 3034 1357 3106; x_wconf 87' lang='lat' dir='ltr'><strong>auspicia</strong></span> <span class='ocrx_word' id='word_1_356' title='bbox 1390 3048 1493 3087; x_wconf 90' lang='lat' dir='ltr'><strong>non</strong></span> <span class='ocrx_word' id='word_1_357' title='bbox 1529 3032 1612 3087; x_wconf 70' lang='lat' dir='ltr'><strong>hre</strong></span> 
     </span>
    </p>
   </div>
   <div class='ocr_carea' id='block_1_43' title="bbox 1714 1911 3328 1983">
    <p class='ocr_par' dir='ltr' id='par_1_43' title="bbox 1714 1911 3328 1983">
     <span class='ocr_line' id='line_1_43' title="bbox 1714 1911 3328 1983; baseline 0.001 -16"><span class='ocrx_word' id='word_1_358' title='bbox 1714 1913 1920 1968; x_wconf 83' lang='lat' dir='ltr'><strong>famosa</strong></span> <span class='ocrx_word' id='word_1_359' title='bbox 1934 1911 2233 1978; x_wconf 81' lang='lat' dir='ltr'><strong>funeribus,</strong></span> <span class='ocrx_word' id='word_1_360' title='bbox 2248 1912 2466 1983; x_wconf 90' lang='lat' dir='ltr'><strong>quiquid</strong></span> <span class='ocrx_word' id='word_1_361' title='bbox 2487 1913 2784 1983; x_wconf 90' lang='lat' dir='ltr'><strong>unquamin</strong></span> <span class='ocrx_word' id='word_1_362' title='bbox 2814 1912 3088 1983; x_wconf 88' lang='lat' dir='ltr'><strong>principes</strong></span> <span class='ocrx_word' id='word_1_363' title='bbox 3111 1923 3328 1969; x_wconf 91' lang='lat' dir='ltr'><strong>nostros</strong></span> 
     </span>
    </p>
   </div>
   <div class='ocr_carea' id='block_1_44' title="bbox 1717 2004 3326 2077">
    <p class='ocr_par' dir='ltr' id='par_1_44' title="bbox 1717 2004 3326 2077">
     <span class='ocr_line' id='line_1_44' title="bbox 1717 2004 3326 2077; baseline -0.001 -14"><span class='ocrx_word' id='word_1_364' title='bbox 1717 2006 2090 2063; x_wconf 82' lang='lat' dir='ltr'><strong>inclementius</strong></span> <span class='ocrx_word' id='word_1_365' title='bbox 2143 2004 2290 2069; x_wconf 86' lang='lat' dir='ltr'><strong>fecit,</strong></span> <span class='ocrx_word' id='word_1_366' title='bbox 2325 2016 2548 2061; x_wconf 76' lang='lat' dir='ltr'><strong>excusat</strong></span> <span class='ocrx_word' id='word_1_367' title='bbox 2578 2005 2857 2077; x_wconf 90' lang='lat' dir='ltr'><strong>obsequio.</strong></span> <span class='ocrx_word' id='word_1_368' title='bbox 2895 2004 3138 2075; x_wconf 88' lang='lat' dir='ltr'><strong>Denique</strong></span> <span class='ocrx_word' id='word_1_369' title='bbox 3160 2008 3182 2037; x_wconf 81' lang='grc'>⁸</span> <span class='ocrx_word' id='word_1_370' title='bbox 3209 2006 3326 2074; x_wconf 88' lang='lat' dir='ltr'><strong>ipse</strong></span> 
     </span>
    </p>
   </div>
   <div class='ocr_carea' id='block_1_45' title="bbox 1716 2096 3325 2167">
    <p class='ocr_par' dir='ltr' id='par_1_45' title="bbox 1716 2096 3325 2167">
     <span class='ocr_line' id='line_1_45' title="bbox 1716 2096 3325 2167; baseline -0.001 -14"><span class='ocrx_word' id='word_1_371' title='bbox 1716 2099 1807 2154; x_wconf 93' lang='lat' dir='ltr'><strong>ille</strong></span> <span class='ocrx_word' id='word_1_372' title='bbox 1837 2113 1934 2152; x_wconf 80' lang='lat' dir='ltr'><strong>rex</strong></span> <span class='ocrx_word' id='word_1_373' title='bbox 1964 2100 2100 2165; x_wconf 89' lang='lat' dir='ltr'><strong>ejus,</strong></span> <span class='ocrx_word' id='word_1_374' title='bbox 2123 2096 2449 2167; x_wconf 89' lang='lat' dir='ltr'><strong>dedignatus</strong></span> <span class='ocrx_word' id='word_1_375' title='bbox 2466 2105 2620 2151; x_wconf 90' lang='lat' dir='ltr'><strong>antea</strong></span> <span class='ocrx_word' id='word_1_376' title='bbox 2636 2097 2880 2151; x_wconf 81' lang='lat' dir='ltr'><strong>confiteri</strong></span> <span class='ocrx_word' id='word_1_377' title='bbox 2901 2096 3199 2162; x_wconf 80' lang='lat' dir='ltr'><strong>hominem,</strong></span> <span class='ocrx_word' id='word_1_378' title='bbox 3211 2097 3325 2166; x_wconf 88' lang='lat' dir='ltr'><strong>jam</strong></span> 
     </span>
    </p>
   </div>
   <div class='ocr_carea' id='block_1_46' title="bbox 1716 2191 3323 2263">
    <p class='ocr_par' dir='ltr' id='par_1_46' title="bbox 1716 2191 3323 2263">
     <span class='ocr_line' id='line_1_46' title="bbox 1716 2191 3323 2263; baseline -0.001 -15"><span class='ocrx_word' id='word_1_379' title='bbox 1716 2192 1915 2249; x_wconf 85' lang='lat' dir='ltr'><strong>fatetur</strong></span> <span class='ocrx_word' id='word_1_380' title='bbox 1943 2193 2216 2257; x_wconf 89' lang='lat' dir='ltr'><strong>timorem,</strong></span> <span class='ocrx_word' id='word_1_381' title='bbox 2246 2202 2301 2247; x_wconf 91' lang='lat' dir='ltr'><strong>et</strong></span> <span class='ocrx_word' id='word_1_382' title='bbox 2329 2193 2381 2247; x_wconf 93' lang='lat' dir='ltr'><strong>in</strong></span> <span class='ocrx_word' id='word_1_383' title='bbox 2422 2191 2505 2247; x_wconf 92' lang='lat' dir='ltr'><strong>his</strong></span> <span class='ocrx_word' id='word_1_384' title='bbox 2535 2200 2588 2247; x_wconf 89' lang='lat' dir='ltr'><strong>te</strong></span> <span class='ocrx_word' id='word_1_385' title='bbox 2612 2192 2743 2247; x_wconf 89' lang='lat' dir='ltr'><strong>colit</strong></span> <span class='ocrx_word' id='word_1_386' title='bbox 2772 2192 3009 2263; x_wconf 89' lang='lat' dir='ltr'><strong>templis,</strong></span> <span class='ocrx_word' id='word_1_387' title='bbox 3039 2193 3092 2247; x_wconf 93' lang='lat' dir='ltr'><strong>in</strong></span> <span class='ocrx_word' id='word_1_388' title='bbox 3122 2192 3323 2263; x_wconf 90' lang='lat' dir='ltr'><strong>quibus</strong></span> 
     </span>
    </p>
   </div>
   <div class='ocr_carea' id='block_1_47' title="bbox 1719 2282 3323 2354">
    <p class='ocr_par' dir='ltr' id='par_1_47' title="bbox 1719 2282 3323 2354">
     <span class='ocr_line' id='line_1_47' title="bbox 1719 2282 3323 2354; baseline -0.002 -13"><span class='ocrx_word' id='word_1_389' title='bbox 1719 2286 1914 2341; x_wconf 90' lang='lat' dir='ltr'><strong>colitur</strong></span> <span class='ocrx_word' id='word_1_390' title='bbox 1945 2302 1956 2336; x_wconf 90' lang='lat'>:</span> <span class='ocrx_word' id='word_1_391' title='bbox 1990 2292 2105 2338; x_wconf 90' lang='lat' dir='ltr'><strong>tum</strong></span> <span class='ocrx_word' id='word_1_392' title='bbox 2128 2283 2397 2353; x_wconf 87' lang='lat' dir='ltr'><strong>legatione</strong></span> <span class='ocrx_word' id='word_1_393' title='bbox 2430 2282 2685 2338; x_wconf 90' lang='lat' dir='ltr'><strong>mittenda</strong></span> <span class='ocrx_word' id='word_1_394' title='bbox 2711 2326 2725 2349; x_wconf 92' lang='lat'><strong>,</strong></span> <span class='ocrx_word' id='word_1_395' title='bbox 2762 2284 3011 2353; x_wconf 89' lang='lat' dir='ltr'><strong>gemmis,</strong></span> <span class='ocrx_word' id='word_1_396' title='bbox 3038 2284 3323 2354; x_wconf 88' lang='lat' dir='ltr'><strong>sericoque</strong></span> 
     </span>
    </p>
   </div>
   <div class='ocr_carea' id='block_1_48' title="bbox 1722 2375 3320 2450">
    <p class='ocr_par' dir='ltr' id='par_1_48' title="bbox 1722 2375 3320 2450">
     <span class='ocr_line' id='line_1_48' title="bbox 1722 2375 3320 2450; baseline -0.002 -16"><span class='ocrx_word' id='word_1_397' title='bbox 1722 2378 2035 2450; x_wconf 86' lang='lat' dir='ltr'><strong>praebendo,</strong></span> <span class='ocrx_word' id='word_1_398' title='bbox 2068 2376 2135 2431; x_wconf 92' lang='lat' dir='ltr'><strong>ad</strong></span> <span class='ocrx_word' id='word_1_399' title='bbox 2156 2376 2259 2431; x_wconf 92' lang='lat' dir='ltr'><strong>hoc</strong></span> <span class='ocrx_word' id='word_1_400' title='bbox 2277 2375 2695 2445; x_wconf 88' lang='lat' dir='ltr'><strong>triumphalibus</strong></span> <span class='ocrx_word' id='word_1_401' title='bbox 2719 2375 2913 2431; x_wconf 86' lang='lat' dir='ltr'><strong>belluis</strong></span> <span class='ocrx_word' id='word_1_402' title='bbox 2940 2376 2992 2430; x_wconf 92' lang='lat' dir='ltr'><strong>in</strong></span> <span class='ocrx_word' id='word_1_403' title='bbox 3024 2386 3108 2431; x_wconf 90' lang='lat' dir='ltr'><strong>tua</strong></span> <span class='ocrx_word' id='word_1_404' title='bbox 3126 2376 3320 2431; x_wconf 89' lang='lat' dir='ltr'><strong>esseda</strong></span> 
     </span>
    </p>
   </div>
   <div class='ocr_carea' id='block_1_49' title="bbox 1718 2468 3316 2542">
    <p class='ocr_par' dir='ltr' id='par_1_49' title="bbox 1718 2468 3316 2542">
     <span class='ocr_line' id='line_1_49' title="bbox 1718 2468 3316 2542; baseline -0.003 -16"><span class='ocrx_word' id='word_1_405' title='bbox 1718 2470 2106 2542; x_wconf 87' lang='lat' dir='ltr'><strong>suggerendis;</strong></span> <span class='ocrx_word' id='word_1_406' title='bbox 2160 2471 2261 2525; x_wconf 89' lang='lat' dir='ltr'><strong>etsi</strong></span> <span class='ocrx_word' id='word_1_407' title='bbox 2310 2469 2487 2524; x_wconf 85' lang='lat' dir='ltr'><strong>adhuc</strong></span> <span class='ocrx_word' id='word_1_408' title='bbox 2511 2472 2531 2501; x_wconf 72' lang='grc' dir='ltr'><strong>ο</strong></span> <span class='ocrx_word' id='word_1_409' title='bbox 2583 2485 2689 2523; x_wconf 92' lang='lat' dir='ltr'><strong>non</strong></span> <span class='ocrx_word' id='word_1_410' title='bbox 2720 2477 2805 2525; x_wconf 90' lang='lat' dir='ltr'><strong>est</strong></span> <span class='ocrx_word' id='word_1_411' title='bbox 2838 2468 3135 2525; x_wconf 68' lang='lat' dir='ltr'><strong>foederatus</strong></span> <span class='ocrx_word' id='word_1_412' title='bbox 3160 2511 3173 2535; x_wconf 94' lang='lat'><strong>,</strong></span> <span class='ocrx_word' id='word_1_413' title='bbox 3202 2471 3316 2540; x_wconf 86' lang='lat' dir='ltr'><strong>jam</strong></span> 
     </span>
    </p>
   </div>
   <div class='ocr_carea' id='block_1_50' title="bbox 1722 2560 2780 2619">
    <p class='ocr_par' dir='ltr' id='par_1_50' title="bbox 1722 2560 2780 2619">
     <span class='ocr_line' id='line_1_50' title="bbox 1722 2560 2780 2619; baseline -0.003 -1"><span class='ocrx_word' id='word_1_414' title='bbox 1722 2573 1901 2619; x_wconf 86' lang='lat' dir='ltr'><strong>tamen</strong></span> <span class='ocrx_word' id='word_1_415' title='bbox 1934 2563 2042 2617; x_wconf 90' lang='lat' dir='ltr'><strong>tuis</strong></span> <span class='ocrx_word' id='word_1_416' title='bbox 2067 2562 2300 2617; x_wconf 90' lang='lat' dir='ltr'><strong>cultibus</strong></span> <span class='ocrx_word' id='word_1_417' title='bbox 2332 2560 2645 2616; x_wconf 89' lang='lat' dir='ltr'><strong>tributarius</strong></span> <span class='ocrx_word' id='word_1_418' title='bbox 2674 2571 2780 2616; x_wconf 91' lang='lat' dir='ltr'><strong>est.</strong></span> 
     </span>
    </p>
   </div>
   <div class='ocr_carea' id='block_1_51' title="bbox 1792 2654 3318 2724">
    <p class='ocr_par' dir='ltr' id='par_1_51' title="bbox 1792 2654 3318 2724">
     <span class='ocr_line' id='line_1_51' title="bbox 1792 2654 3318 2724; baseline 0 -14"><span class='ocrx_word' id='word_1_419' title='bbox 1792 2654 1981 2711; x_wconf 79' lang='lat' dir='ltr'><strong>XXlll.</strong></span> <span class='ocrx_word' id='word_1_420' title='bbox 2026 2654 2103 2710; x_wconf 87' lang='lat' dir='ltr'><strong>Ne</strong></span> <span class='ocrx_word' id='word_1_421' title='bbox 2158 2664 2369 2721; x_wconf 88' lang='lat' dir='ltr'><strong>tamen,</strong></span> <span class='ocrx_word' id='word_1_422' title='bbox 2424 2654 2749 2724; x_wconf 89' lang='lat' dir='ltr'><strong>imperator,</strong></span> <span class='ocrx_word' id='word_1_423' title='bbox 2795 2655 3076 2711; x_wconf 80' lang='lat' dir='ltr'><strong>existimes</strong></span> <span class='ocrx_word' id='word_1_424' title='bbox 3122 2664 3318 2710; x_wconf 88' lang='lat' dir='ltr'><strong>cuneta</strong></span> 
     </span>
    </p>
   </div>
   <div class='ocr_carea' id='block_1_52' title="bbox 1717 2747 3320 2819">
    <p class='ocr_par' dir='ltr' id='par_1_52' title="bbox 1717 2747 3320 2819">
     <span class='ocr_line' id='line_1_52' title="bbox 1717 2747 3320 2819; baseline -0.001 -14"><span class='ocrx_word' id='word_1_425' title='bbox 1717 2764 1805 2806; x_wconf 93' lang='lat' dir='ltr'><strong>me</strong></span> <span class='ocrx_word' id='word_1_426' title='bbox 1833 2752 1848 2780; x_wconf 86' lang='grc'>¹</span> <span class='ocrx_word' id='word_1_427' title='bbox 1879 2750 1945 2803; x_wconf 87' lang='lat' dir='ltr'><strong>ad</strong></span> <span class='ocrx_word' id='word_1_428' title='bbox 1969 2748 2179 2803; x_wconf 92' lang='lat' dir='ltr'><strong>aurium</strong></span> <span class='ocrx_word' id='word_1_429' title='bbox 2211 2747 2436 2819; x_wconf 86' lang='lat' dir='ltr'><strong>gratiam</strong></span> <span class='ocrx_word' id='word_1_430' title='bbox 2471 2748 2777 2803; x_wconf 89' lang='lat' dir='ltr'><strong>locuturum</strong></span> <span class='ocrx_word' id='word_1_431' title='bbox 2797 2790 2811 2814; x_wconf 94' lang='lat'><strong>,</strong></span> <span class='ocrx_word' id='word_1_432' title='bbox 2843 2751 2863 2780; x_wconf 87' lang='grc'>²</span> <span class='ocrx_word' id='word_1_433' title='bbox 2896 2748 3184 2819; x_wconf 89' lang='lat' dir='ltr'><strong>triumphis</strong></span> <span class='ocrx_word' id='word_1_434' title='bbox 3214 2748 3320 2803; x_wconf 88' lang='lat' dir='ltr'><strong>tuis</strong></span> 
     </span>
    </p>
   </div>
   <div class='ocr_carea' id='block_1_53' title="bbox 1718 2839 3316 2911">
    <p class='ocr_par' dir='ltr' id='par_1_53' title="bbox 1718 2839 3316 2911">
     <span class='ocr_line' id='line_1_53' title="bbox 1718 2839 3316 2911; baseline -0.003 -12"><span class='ocrx_word' id='word_1_435' title='bbox 1718 2843 1970 2906; x_wconf 81' lang='lat' dir='ltr'><strong>Gallicis,</strong></span> <span class='ocrx_word' id='word_1_436' title='bbox 1995 2851 2214 2911; x_wconf 88' lang='lat' dir='ltr'><strong>stupeas</strong></span> <span class='ocrx_word' id='word_1_437' title='bbox 2255 2840 2463 2907; x_wconf 87' lang='lat' dir='ltr'><strong>licebit,</strong></span> <span class='ocrx_word' id='word_1_438' title='bbox 2490 2839 2796 2895; x_wconf 89' lang='lat' dir='ltr'><strong>irascimur.</strong></span> <span class='ocrx_word' id='word_1_439' title='bbox 2828 2840 2959 2894; x_wconf 91' lang='lat' dir='ltr'><strong>Dum</strong></span> <span class='ocrx_word' id='word_1_440' title='bbox 2984 2840 3005 2871; x_wconf 90' lang='grc'>³</span> <span class='ocrx_word' id='word_1_441' title='bbox 3026 2842 3079 2895; x_wconf 91' lang='lat' dir='ltr'><strong>in</strong></span> <span class='ocrx_word' id='word_1_442' title='bbox 3108 2852 3316 2896; x_wconf 87' lang='lat' dir='ltr'><strong>remota</strong></span> 
     </span>
    </p>
   </div>
   <div class='ocr_carea' id='block_1_54' title="bbox 1716 2932 3319 3004">
    <p class='ocr_par' dir='ltr' id='par_1_54' title="bbox 1716 2932 3319 3004">
     <span class='ocr_line' id='line_1_54' title="bbox 1716 2932 3319 3004; baseline -0.002 -12"><span class='ocrx_word' id='word_1_443' title='bbox 1716 2947 1982 2992; x_wconf 89' lang='lat' dir='ltr'><strong>terrarum</strong></span> <span class='ocrx_word' id='word_1_444' title='bbox 2013 2934 2279 2990; x_wconf 85' lang='lat' dir='ltr'><strong>vincendo</strong></span> <span class='ocrx_word' id='word_1_445' title='bbox 2307 2932 2573 3004; x_wconf 90' lang='lat' dir='ltr'><strong>procedis,</strong></span> <span class='ocrx_word' id='word_1_446' title='bbox 2608 2933 2736 2988; x_wconf 91' lang='lat' dir='ltr'><strong>dum</strong></span> <span class='ocrx_word' id='word_1_447' title='bbox 2770 2933 2907 2988; x_wconf 91' lang='lat' dir='ltr'><strong>ultra</strong></span> <span class='ocrx_word' id='word_1_448' title='bbox 2942 2934 3199 2989; x_wconf 88' lang='lat' dir='ltr'><strong>terminos</strong></span> <span class='ocrx_word' id='word_1_449' title='bbox 3231 2950 3319 2989; x_wconf 90' lang='lat' dir='ltr'><strong>rc-</strong></span> 
     </span>
    </p>
   </div>
   <div class='ocr_carea' id='block_1_55' title="bbox 1717 3026 3315 3101">
    <p class='ocr_par' dir='ltr' id='par_1_55' title="bbox 1717 3026 3315 3101">
     <span class='ocr_line' id='line_1_55' title="bbox 1717 3026 3315 3101; baseline -0.002 -13"><span class='ocrx_word' id='word_1_450' title='bbox 1717 3048 1861 3098; x_wconf 83' lang='lat' dir='ltr'><strong>rum,</strong></span> <span class='ocrx_word' id='word_1_451' title='bbox 1882 3039 2161 3101; x_wconf 91' lang='lat' dir='ltr'><strong>metasque</strong></span> <span class='ocrx_word' id='word_1_452' title='bbox 2180 3026 2600 3099; x_wconf 65' lang='lat' dir='ltr'><strong>naturaa‘regna</strong></span> <span class='ocrx_word' id='word_1_453' title='bbox 2623 3026 2864 3085; x_wconf 87' lang='lat' dir='ltr'><strong>Orientis</strong></span> <span class='ocrx_word' id='word_1_454' title='bbox 2890 3028 3159 3097; x_wconf 82' lang='lat' dir='ltr'><strong>extendis,</strong></span> <span class='ocrx_word' id='word_1_455' title='bbox 3184 3027 3315 3085; x_wconf 91' lang='lat' dir='ltr'><strong>dum</strong></span> 
     </span>
    </p>
   </div>
   <div class='ocr_carea' id='block_1_56' title="bbox 1368 3126 1951 3184">
    <p class='ocr_par' dir='ltr' id='par_1_56' title="bbox 1368 3126 1951 3184">
     <span class='ocr_line' id='line_1_56' title="bbox 1368 3126 1951 3184; baseline -0.002 -2"><span class='ocrx_word' id='word_1_456' title='bbox 1368 3126 1951 3184; x_wconf 77' lang='lat' dir='ltr'><strong>INTERPRETATIO.</strong></span> 
     </span>
    </p>
   </div>
   <div class='ocr_carea' id='block_1_57' title="bbox 80 3220 1260 3284">
    <p class='ocr_par' dir='ltr' id='par_1_57' title="bbox 80 3220 1260 3284">
     <span class='ocr_line' id='line_1_57' title="bbox 80 3220 1260 3284; baseline -0.002 -2"><span class='ocrx_word' id='word_1_457' title='bbox 80 3236 104 3263; x_wconf 69' lang='grc' dir='ltr'><strong><em>υ</em></strong></span> <span class='ocrx_word' id='word_1_458' title='bbox 134 3225 346 3282; x_wconf 80' lang='lat' dir='ltr'><strong>Saltem</strong></span> <span class='ocrx_word' id='word_1_459' title='bbox 373 3228 620 3284; x_wconf 82' lang='lat' dir='ltr'><strong>conscius</strong></span> <span class='ocrx_word' id='word_1_460' title='bbox 649 3226 752 3284; x_wconf 91' lang='lat' dir='ltr'><strong>sibi</strong></span> <span class='ocrx_word' id='word_1_461' title='bbox 784 3220 854 3283; x_wconf 80' lang='lat' dir='ltr'><strong>sit</strong></span> <span class='ocrx_word' id='word_1_462' title='bbox 883 3227 982 3283; x_wconf 81' lang='lat' dir='ltr'><strong>visi</strong></span> <span class='ocrx_word' id='word_1_463' title='bbox 1005 3226 1260 3283; x_wconf 87' lang='lat' dir='ltr'><strong>numinis.</strong></span> 
     </span>
    </p>
   </div>
   <div class='ocr_carea' id='block_1_58' title="bbox 82 3298 635 3366">
    <p class='ocr_par' dir='ltr' id='par_1_58' title="bbox 82 3298 635 3366">
     <span class='ocr_line' id='line_1_58' title="bbox 82 3298 635 3366; baseline 0.002 -14"><span class='ocrx_word' id='word_1_464' title='bbox 82 3298 106 3336; x_wconf 69' lang='grc' dir='ltr'>δ</span> <span class='ocrx_word' id='word_1_465' title='bbox 133 3298 312 3366; x_wconf 85' lang='lat' dir='ltr'><strong>Quam</strong></span> <span class='ocrx_word' id='word_1_466' title='bbox 334 3298 635 3355; x_wconf 85' lang='lat' dir='ltr'><strong>dissimilis.</strong></span> 
     </span>
    </p>
   </div>
   <div class='ocr_carea' id='block_1_59' title="bbox 86 3370 994 3441">
    <p class='ocr_par' dir='ltr' id='par_1_59' title="bbox 86 3370 994 3441">
     <span class='ocr_line' id='line_1_59' title="bbox 86 3370 994 3441; baseline 0 -16"><span class='ocrx_word' id='word_1_467' title='bbox 86 3382 105 3441; x_wconf 63' lang='grc' dir='ltr'><em>ς</em></span> <span class='ocrx_word' id='word_1_468' title='bbox 136 3370 289 3426; x_wconf 89' lang='lat' dir='ltr'><strong>lntra</strong></span> <span class='ocrx_word' id='word_1_469' title='bbox 319 3371 614 3441; x_wconf 89' lang='lat' dir='ltr'><strong>penetralia</strong></span> <span class='ocrx_word' id='word_1_470' title='bbox 646 3386 815 3427; x_wconf 60' lang='lat' dir='ltr'><strong>sacrae</strong></span> <span class='ocrx_word' id='word_1_471' title='bbox 843 3371 994 3428; x_wconf 66' lang='lat' dir='ltr'><strong>(edis.</strong></span> 
     </span>
    </p>
   </div>
   <div class='ocr_carea' id='block_1_60' title="bbox 82 3438 1611 3516">
    <p class='ocr_par' dir='ltr' id='par_1_60' title="bbox 82 3438 1611 3516">
     <span class='ocr_line' id='line_1_60' title="bbox 82 3438 1611 3516; baseline -0.001 -19"><span class='ocrx_word' id='word_1_472' title='bbox 82 3438 107 3479; x_wconf 70' lang='grc' dir='ltr'>ἀ</span> <span class='ocrx_word' id='word_1_473' title='bbox 135 3441 254 3497; x_wconf 84' lang='lat' dir='ltr'><strong>Nisi</strong></span> <span class='ocrx_word' id='word_1_474' title='bbox 300 3438 442 3499; x_wconf 81' lang='lat' dir='ltr'><strong>intra</strong></span> <span class='ocrx_word' id='word_1_475' title='bbox 490 3443 821 3507; x_wconf 88' lang='lat' dir='ltr'><strong>domesticos</strong></span> <span class='ocrx_word' id='word_1_476' title='bbox 878 3444 1112 3516; x_wconf 87' lang='lat' dir='ltr'><strong>parietes</strong></span> <span class='ocrx_word' id='word_1_477' title='bbox 1171 3439 1410 3499; x_wconf 90' lang='lat' dir='ltr'><strong>solitudo</strong></span> <span class='ocrx_word' id='word_1_478' title='bbox 1462 3455 1611 3512; x_wconf 86' lang='lat' dir='ltr'><strong>quae-</strong></span> 
     </span>
    </p>
   </div>
   <div class='ocr_carea' id='block_1_61' title="bbox 1636 3221 1978 3290">
    <p class='ocr_par' dir='ltr' id='par_1_61' title="bbox 1636 3221 1978 3290">
     <span class='ocr_line' id='line_1_61' title="bbox 1636 3221 1978 3290; baseline -0.023 -5"><span class='ocrx_word' id='word_1_479' title='bbox 1636 3221 1682 3285; x_wconf 89' lang='lat' dir='ltr'>C</span> <span class='ocrx_word' id='word_1_480' title='bbox 1715 3224 1840 3290; x_wconf 86' lang='lat' dir='ltr'><strong>sita,</strong></span> <span class='ocrx_word' id='word_1_481' title='bbox 1873 3232 1978 3279; x_wconf 92' lang='lat' dir='ltr'><strong>etc.</strong></span> 
     </span>
    </p>
   </div>
   <div class='ocr_carea' id='block_1_62' title="bbox 1793 3295 2331 3351">
    <p class='ocr_par' dir='ltr' id='par_1_62' title="bbox 1793 3295 2331 3351">
     <span class='ocr_line' id='line_1_62' title="bbox 1793 3295 2331 3351; baseline -0.011 0"><span class='ocrx_word' id='word_1_482' title='bbox 1793 3295 1812 3318; x_wconf 78' lang='lat'><em>‘</em></span> <span class='ocrx_word' id='word_1_483' title='bbox 1841 3295 2133 3351; x_wconf 88' lang='lat' dir='ltr'><strong>Fortunam</strong></span> <span class='ocrx_word' id='word_1_484' title='bbox 2164 3302 2331 3349; x_wconf 89' lang='lat' dir='ltr'><strong>tuam.</strong></span> 
     </span>
    </p>
   </div>
   <div class='ocr_carea' id='block_1_63' title="bbox 1794 3360 3240 3435">
    <p class='ocr_par' dir='ltr' id='par_1_63' title="bbox 1794 3360 3240 3435">
     <span class='ocr_line' id='line_1_63' title="bbox 1794 3360 3240 3435; baseline -0.004 -11"><span class='ocrx_word' id='word_1_485' title='bbox 1794 3365 1817 3407; x_wconf 71' lang='grc' dir='ltr'>ί</span> <span class='ocrx_word' id='word_1_486' title='bbox 1850 3367 2116 3424; x_wconf 67' lang='lat' dir='ltr'><strong>Praeclare</strong></span> <span class='ocrx_word' id='word_1_487' title='bbox 2139 3379 2325 3422; x_wconf 88' lang='lat' dir='ltr'><strong>secum</strong></span> <span class='ocrx_word' id='word_1_488' title='bbox 2352 3363 2438 3435; x_wconf 86' lang='lat' dir='ltr'><strong>agi</strong></span> <span class='ocrx_word' id='word_1_489' title='bbox 2470 3370 2643 3434; x_wconf 87' lang='lat' dir='ltr'><strong>putat,</strong></span> <span class='ocrx_word' id='word_1_490' title='bbox 2674 3360 2817 3435; x_wconf 91' lang='lat' dir='ltr'><strong>quod</strong></span> <span class='ocrx_word' id='word_1_491' title='bbox 2844 3361 3054 3418; x_wconf 84' lang='lat' dir='ltr'><strong>fruatur</strong></span> <span class='ocrx_word' id='word_1_492' title='bbox 3082 3376 3240 3434; x_wconf 85' lang='lat' dir='ltr'><strong>pace.</strong></span> 
     </span>
    </p>
   </div>
   <div class='ocr_carea' id='block_1_64' title="bbox 1557 3527 1786 3588">
    <p class='ocr_par' dir='ltr' id='par_1_64' title="bbox 1557 3527 1786 3588">
     <span class='ocr_line' id='line_1_64' title="bbox 1557 3527 1786 3588; baseline -0.017 -1"><span class='ocrx_word' id='word_1_493' title='bbox 1557 3527 1786 3588; x_wconf 69' lang='grc' dir='ltr'><strong>ΝΟΤίΕ.</strong></span> 
     </span>
    </p>
   </div>
   <div class='ocr_carea' id='block_1_65' title="bbox 86 3627 1612 3703">
    <p class='ocr_par' dir='ltr' id='par_1_65' title="bbox 86 3627 1612 3703">
     <span class='ocr_line' id='line_1_65' title="bbox 86 3627 1612 3703; baseline -0.004 -16"><span class='ocrx_word' id='word_1_494' title='bbox 86 3633 105 3664; x_wconf 82' lang='grc'><strong>³</strong></span> <span class='ocrx_word' id='word_1_495' title='bbox 138 3632 348 3690; x_wconf 86' lang='lat' dir='ltr'><strong>Vestale</strong></span> <span class='ocrx_word' id='word_1_496' title='bbox 387 3645 654 3690; x_wconf 80' lang='lat' dir='ltr'><strong>secretum.</strong></span> <span class='ocrx_word' id='word_1_497' title='bbox 687 3633 892 3690; x_wconf 83' lang='lat' dir='ltr'><strong>Alludit</strong></span> <span class='ocrx_word' id='word_1_498' title='bbox 916 3631 983 3688; x_wconf 90' lang='lat' dir='ltr'><strong>ad</strong></span> <span class='ocrx_word' id='word_1_499' title='bbox 1014 3631 1191 3703; x_wconf 86' lang='lat' dir='ltr'><strong>ignem</strong></span> <span class='ocrx_word' id='word_1_500' title='bbox 1231 3628 1528 3703; x_wconf 84' lang='lat' dir='ltr'><strong>illum,qui</strong></span> <span class='ocrx_word' id='word_1_501' title='bbox 1560 3627 1612 3682; x_wconf 92' lang='lat' dir='ltr'><strong>in</strong></span> 
     </span>
    </p>
   </div>
   <div class='ocr_carea' id='block_1_66' title="bbox 22 3701 1613 3778">
    <p class='ocr_par' dir='ltr' id='par_1_66' title="bbox 22 3701 1613 3778">
     <span class='ocr_line' id='line_1_66' title="bbox 22 3701 1613 3778; baseline -0.003 -20"><span class='ocrx_word' id='word_1_502' title='bbox 22 3705 215 3778; x_wconf 83' lang='lat' dir='ltr'><strong>intimis</strong></span> <span class='ocrx_word' id='word_1_503' title='bbox 250 3704 437 3763; x_wconf 69' lang='lat' dir='ltr'><strong>Vestae</strong></span> <span class='ocrx_word' id='word_1_504' title='bbox 480 3706 850 3778; x_wconf 87' lang='lat' dir='ltr'><strong>penetralibus</strong></span> <span class='ocrx_word' id='word_1_505' title='bbox 893 3701 1100 3760; x_wconf 87' lang='lat' dir='ltr'><strong>summa</strong></span> <span class='ocrx_word' id='word_1_506' title='bbox 1131 3718 1252 3758; x_wconf 93' lang='lat' dir='ltr'><strong>eum</strong></span> <span class='ocrx_word' id='word_1_507' title='bbox 1291 3701 1554 3773; x_wconf 89' lang='lat' dir='ltr'><strong>religione</strong></span> <span class='ocrx_word' id='word_1_508' title='bbox 1583 3714 1613 3754; x_wconf 89' lang='lat' dir='ltr'><strong>a</strong></span> 
     </span>
    </p>
   </div>
   <div class='ocr_carea' id='block_1_67' title="bbox 25 3776 774 3834">
    <p class='ocr_par' dir='ltr' id='par_1_67' title="bbox 25 3776 774 3834">
     <span class='ocr_line' id='line_1_67' title="bbox 25 3776 774 3834; baseline 0.003 -3"><span class='ocrx_word' id='word_1_509' title='bbox 25 3776 324 3833; x_wconf 82' lang='lat' dir='ltr'><strong>Vestalibus</strong></span> <span class='ocrx_word' id='word_1_510' title='bbox 353 3776 774 3834; x_wconf 77' lang='lat' dir='ltr'><strong>custodiebatur.</strong></span> 
     </span>
    </p>
   </div>
   <div class='ocr_carea' id='block_1_68' title="bbox 89 3843 1609 3914">
    <p class='ocr_par' dir='ltr' id='par_1_68' title="bbox 89 3843 1609 3914">
     <span class='ocr_line' id='line_1_68' title="bbox 89 3843 1609 3914; baseline -0.005 -10"><span class='ocrx_word' id='word_1_511' title='bbox 89 3848 108 3880; x_wconf 52' lang='grc' dir='ltr'><strong>θ</strong></span> <span class='ocrx_word' id='word_1_512' title='bbox 138 3848 378 3904; x_wconf 83' lang='lat' dir='ltr'><strong>Lecticis.</strong></span> <span class='ocrx_word' id='word_1_513' title='bbox 395 3851 638 3907; x_wconf 88' lang='lat' dir='ltr'><strong>Lecticas</strong></span> <span class='ocrx_word' id='word_1_514' title='bbox 653 3861 778 3905; x_wconf 88' lang='lat' dir='ltr'><strong>ante</strong></span> <span class='ocrx_word' id='word_1_515' title='bbox 800 3849 1080 3904; x_wconf 88' lang='lat' dir='ltr'><strong>Ciceronis</strong></span> <span class='ocrx_word' id='word_1_516' title='bbox 1104 3856 1341 3914; x_wconf 82' lang='lat' dir='ltr'><strong>tempora</strong></span> <span class='ocrx_word' id='word_1_517' title='bbox 1368 3846 1417 3899; x_wconf 94' lang='lat' dir='ltr'><strong>in</strong></span> <span class='ocrx_word' id='word_1_518' title='bbox 1443 3843 1609 3914; x_wconf 83' lang='lat' dir='ltr'><strong>agris,</strong></span> 
     </span>
    </p>
   </div>
   <div class='ocr_carea' id='block_1_69' title="bbox 27 3916 1613 3984">
    <p class='ocr_par' dir='ltr' id='par_1_69' title="bbox 27 3916 1613 3984">
     <span class='ocr_line' id='line_1_69' title="bbox 27 3916 1613 3984; baseline -0.003 -10"><span class='ocrx_word' id='word_1_519' title='bbox 27 3936 122 3975; x_wconf 92' lang='lat' dir='ltr'><strong>non</strong></span> <span class='ocrx_word' id='word_1_520' title='bbox 155 3923 206 3976; x_wconf 93' lang='lat' dir='ltr'><strong>in</strong></span> <span class='ocrx_word' id='word_1_521' title='bbox 240 3922 415 3977; x_wconf 87' lang='lat' dir='ltr'><strong>urbe:</strong></span> <span class='ocrx_word' id='word_1_522' title='bbox 444 3922 511 3977; x_wconf 89' lang='lat' dir='ltr'><strong>ad</strong></span> <span class='ocrx_word' id='word_1_523' title='bbox 544 3924 648 3977; x_wconf 90' lang='lat' dir='ltr'><strong>iter</strong></span> <span class='ocrx_word' id='word_1_524' title='bbox 678 3931 908 3984; x_wconf 91' lang='lat' dir='ltr'><strong>tantum,</strong></span> <span class='ocrx_word' id='word_1_525' title='bbox 940 3934 1045 3974; x_wconf 91' lang='lat' dir='ltr'><strong>non</strong></span> <span class='ocrx_word' id='word_1_526' title='bbox 1074 3921 1138 3972; x_wconf 89' lang='lat' dir='ltr'><strong>ad</strong></span> <span class='ocrx_word' id='word_1_527' title='bbox 1161 3917 1423 3972; x_wconf 90' lang='lat' dir='ltr'><strong>desidiam</strong></span> <span class='ocrx_word' id='word_1_528' title='bbox 1450 3916 1613 3971; x_wconf 87' lang='lat' dir='ltr'><strong>urba-</strong></span> 
     </span>
    </p>
   </div>
   <div class='ocr_carea' id='block_1_70' title="bbox 26 3991 1612 4061">
    <p class='ocr_par' dir='ltr' id='par_1_70' title="bbox 26 3991 1612 4061">
     <span class='ocr_line' id='line_1_70' title="bbox 26 3991 1612 4061; baseline -0.003 -14"><span class='ocrx_word' id='word_1_529' title='bbox 26 4008 137 4047; x_wconf 91' lang='lat' dir='ltr'><strong>nam</strong></span> <span class='ocrx_word' id='word_1_530' title='bbox 177 3994 433 4050; x_wconf 91' lang='lat' dir='ltr'><strong>adhiberi</strong></span> <span class='ocrx_word' id='word_1_531' title='bbox 460 3996 647 4049; x_wconf 87' lang='lat' dir='ltr'><strong>solitas</strong></span> <span class='ocrx_word' id='word_1_532' title='bbox 669 4003 819 4048; x_wconf 88' lang='lat' dir='ltr'><strong>notat</strong></span> <span class='ocrx_word' id='word_1_533' title='bbox 841 3991 1052 4061; x_wconf 87' lang='lat' dir='ltr'><strong>Lipsius</strong></span> <span class='ocrx_word' id='word_1_534' title='bbox 1081 4008 1094 4044; x_wconf 85' lang='lat'><strong>:</strong></span> <span class='ocrx_word' id='word_1_535' title='bbox 1122 4000 1303 4058; x_wconf 84' lang='lat' dir='ltr'><strong>postea</strong></span> <span class='ocrx_word' id='word_1_536' title='bbox 1334 4003 1461 4043; x_wconf 81' lang='lat' dir='ltr'><strong>vero</strong></span> <span class='ocrx_word' id='word_1_537' title='bbox 1491 4003 1612 4043; x_wconf 83' lang='lat' dir='ltr'><strong>eas-</strong></span> 
     </span>
    </p>
   </div>
   <div class='ocr_carea' id='block_1_71' title="bbox 27 4061 1605 4129">
    <p class='ocr_par' dir='ltr' id='par_1_71' title="bbox 27 4061 1605 4129">
     <span class='ocr_line' id='line_1_71' title="bbox 27 4061 1605 4129; baseline -0.003 -10"><span class='ocrx_word' id='word_1_538' title='bbox 27 4065 137 4119; x_wconf 87' lang='lat' dir='ltr'><strong>dem</strong></span> <span class='ocrx_word' id='word_1_539' title='bbox 187 4066 259 4121; x_wconf 89' lang='lat' dir='ltr'><strong>ita</strong></span> <span class='ocrx_word' id='word_1_540' title='bbox 307 4080 624 4121; x_wconf 83' lang='lat' dir='ltr'><strong>communes</strong></span> <span class='ocrx_word' id='word_1_541' title='bbox 668 4065 871 4127; x_wconf 81' lang='lat' dir='ltr'><strong>factas,</strong></span> <span class='ocrx_word' id='word_1_542' title='bbox 904 4074 961 4116; x_wconf 90' lang='lat' dir='ltr'><strong>ut</strong></span> <span class='ocrx_word' id='word_1_543' title='bbox 1004 4061 1068 4115; x_wconf 93' lang='lat' dir='ltr'><strong>ad</strong></span> <span class='ocrx_word' id='word_1_544' title='bbox 1098 4075 1272 4116; x_wconf 83' lang='lat' dir='ltr'><strong>certas</strong></span> <span class='ocrx_word' id='word_1_545' title='bbox 1308 4075 1566 4129; x_wconf 87' lang='lat' dir='ltr'><strong>personas</strong></span> <span class='ocrx_word' id='word_1_546' title='bbox 1592 4102 1605 4125; x_wconf 90' lang='lat'><strong>,</strong></span> 
     </span>
    </p>
   </div>
   <div class='ocr_carea' id='block_1_72' title="bbox 29 4132 1607 4203">
    <p class='ocr_par' dir='ltr' id='par_1_72' title="bbox 29 4132 1607 4203">
     <span class='ocr_line' id='line_1_72' title="bbox 29 4132 1607 4203; baseline -0.003 -15"><span class='ocrx_word' id='word_1_547' title='bbox 29 4146 229 4191; x_wconf 76' lang='lat' dir='ltr'><strong>:rtatcm</strong></span> <span class='ocrx_word' id='word_1_548' title='bbox 304 4153 368 4193; x_wconf 89' lang='lat' dir='ltr'><strong>ac</strong></span> <span class='ocrx_word' id='word_1_549' title='bbox 412 4147 591 4192; x_wconf 84' lang='lat' dir='ltr'><strong>certos</strong></span> <span class='ocrx_word' id='word_1_550' title='bbox 658 4137 775 4191; x_wconf 88' lang='lat' dir='ltr'><strong>dies</strong></span> <span class='ocrx_word' id='word_1_551' title='bbox 819 4135 1071 4203; x_wconf 82' lang='lat' dir='ltr'><strong>restringi</strong></span> <span class='ocrx_word' id='word_1_552' title='bbox 1124 4134 1243 4187; x_wconf 86' lang='lat' dir='ltr'><strong>illas</strong></span> <span class='ocrx_word' id='word_1_553' title='bbox 1283 4132 1607 4201; x_wconf 88' lang='lat' dir='ltr'><strong>oportuerit.</strong></span> 
     </span>
    </p>
   </div>
   <div class='ocr_carea' id='block_1_73' title="bbox 30 4203 1611 4282">
    <p class='ocr_par' dir='ltr' id='par_1_73' title="bbox 30 4203 1611 4282">
     <span class='ocr_line' id='line_1_73' title="bbox 30 4203 1611 4282; baseline -0.004 -21"><span class='ocrx_word' id='word_1_554' title='bbox 30 4206 153 4261; x_wconf 74' lang='lat' dir='ltr'><strong>Vide</strong></span> <span class='ocrx_word' id='word_1_555' title='bbox 184 4208 417 4282; x_wconf 81' lang='lat' dir='ltr'><strong>Lipsimu</strong></span> <span class='ocrx_word' id='word_1_556' title='bbox 460 4209 622 4264; x_wconf 75' lang='lat' dir='ltr'><strong>Elcct.</strong></span> <span class='ocrx_word' id='word_1_557' title='bbox 657 4209 693 4263; x_wconf 81' lang='grc' dir='ltr'>ι.</span> <span class='ocrx_word' id='word_1_558' title='bbox 728 4222 767 4267; x_wconf 84' lang='grc' dir='ltr'>ι,</span> <span class='ocrx_word' id='word_1_559' title='bbox 799 4224 846 4260; x_wconf 87' lang='lat' dir='ltr'><strong>c.</strong></span> <span class='ocrx_word' id='word_1_560' title='bbox 882 4208 967 4269; x_wconf 79' lang='grc'><strong>19,</strong></span> <span class='ocrx_word' id='word_1_561' title='bbox 995 4206 1082 4259; x_wconf 92' lang='lat' dir='ltr'><strong>ubi</strong></span> <span class='ocrx_word' id='word_1_562' title='bbox 1116 4206 1261 4275; x_wconf 91' lang='lat' dir='ltr'><strong>plura</strong></span> <span class='ocrx_word' id='word_1_563' title='bbox 1302 4205 1369 4258; x_wconf 87' lang='lat' dir='ltr'><strong>de</strong></span> <span class='ocrx_word' id='word_1_564' title='bbox 1398 4203 1611 4258; x_wconf 88' lang='lat' dir='ltr'><strong>lectica-</strong></span> 
     </span>
    </p>
   </div>
   <div class='ocr_carea' id='block_1_74' title="bbox 31 4282 1511 4336">
    <p class='ocr_par' dir='ltr' id='par_1_74' title="bbox 31 4282 1511 4336">
     <span class='ocr_line' id='line_1_74' title="bbox 31 4282 1511 4336; baseline 0.006 -4"><span class='ocrx_word' id='word_1_565' title='bbox 31 4294 139 4332; x_wconf 88' lang='lat' dir='ltr'><strong>rum</strong></span> <span class='ocrx_word' id='word_1_566' title='bbox 170 4283 315 4336; x_wconf 90' lang='lat' dir='ltr'><strong>varia</strong></span> <span class='ocrx_word' id='word_1_567' title='bbox 350 4282 541 4335; x_wconf 88' lang='lat' dir='ltr'><strong>forma.</strong></span> <span class='ocrx_word' id='word_1_568' title='bbox 1508 4304 1511 4307; x_wconf 71' lang='lat'><em>&#39;</em></span> 
     </span>
    </p>
   </div>
   <div class='ocr_carea' id='block_1_75' title="bbox 97 4346 1613 4424">
    <p class='ocr_par' dir='ltr' id='par_1_75' title="bbox 97 4346 1613 4424">
     <span class='ocr_line' id='line_1_75' title="bbox 97 4346 1613 4424; baseline -0.004 -19"><span class='ocrx_word' id='word_1_569' title='bbox 97 4354 116 4381; x_wconf 81' lang='grc'><strong><em>⁵</em></strong></span> <span class='ocrx_word' id='word_1_570' title='bbox 144 4351 438 4424; x_wconf 84' lang='lat' dir='ltr'><strong>Tensisque.</strong></span> <span class='ocrx_word' id='word_1_571' title='bbox 473 4353 663 4408; x_wconf 70' lang='lat' dir='ltr'><strong>Tensm</strong></span> <span class='ocrx_word' id='word_1_572' title='bbox 688 4394 701 4417; x_wconf 96' lang='lat'><strong>,</strong></span> <span class='ocrx_word' id='word_1_573' title='bbox 731 4366 826 4406; x_wconf 80' lang='lat' dir='ltr'><strong>seu</strong></span> <span class='ocrx_word' id='word_1_574' title='bbox 873 4359 935 4424; x_wconf 82' lang='lat' dir='ltr'><strong>ut</strong></span> <span class='ocrx_word' id='word_1_575' title='bbox 979 4349 1069 4424; x_wconf 81' lang='lat' dir='ltr'><strong>alii</strong></span> <span class='ocrx_word' id='word_1_576' title='bbox 1101 4348 1364 4424; x_wconf 82' lang='lat' dir='ltr'><strong>scribunt,</strong></span> <span class='ocrx_word' id='word_1_577' title='bbox 1409 4346 1613 4424; x_wconf 58' lang='lat' dir='ltr'><strong>thensa;</strong></span> 
     </span>
    </p>
   </div>
   <div class='ocr_carea' id='block_1_76' title="bbox 35 4418 1615 4492">
    <p class='ocr_par' dir='ltr' id='par_1_76' title="bbox 35 4418 1615 4492">
     <span class='ocr_line' id='line_1_76' title="bbox 35 4418 1615 4492; baseline -0.002 -18"><span class='ocrx_word' id='word_1_578' title='bbox 35 4418 345 4480; x_wconf 83' lang='lat' dir='ltr'><strong>erantsacri</strong></span> <span class='ocrx_word' id='word_1_579' title='bbox 376 4439 587 4488; x_wconf 91' lang='lat' dir='ltr'><strong>currus,</strong></span> <span class='ocrx_word' id='word_1_580' title='bbox 623 4424 816 4492; x_wconf 88' lang='lat' dir='ltr'><strong>quibus</strong></span> <span class='ocrx_word' id='word_1_581' title='bbox 842 4424 893 4476; x_wconf 91' lang='lat' dir='ltr'><strong>in</strong></span> <span class='ocrx_word' id='word_1_582' title='bbox 925 4421 1066 4475; x_wconf 90' lang='lat' dir='ltr'><strong>ludis</strong></span> <span class='ocrx_word' id='word_1_583' title='bbox 1097 4420 1431 4474; x_wconf 88' lang='lat' dir='ltr'><strong>circensibus</strong></span> <span class='ocrx_word' id='word_1_584' title='bbox 1484 4418 1615 4472; x_wconf 90' lang='lat' dir='ltr'><strong>deo-</strong></span> 
     </span>
    </p>
   </div>
   <div class='ocr_carea' id='block_1_77' title="bbox 37 4496 1571 4552">
    <p class='ocr_par' dir='ltr' id='par_1_77' title="bbox 37 4496 1571 4552">
     <span class='ocr_line' id='line_1_77' title="bbox 37 4496 1571 4552; baseline 0.002 -5"><span class='ocrx_word' id='word_1_585' title='bbox 37 4509 142 4547; x_wconf 85' lang='lat' dir='ltr'><strong>l‘lltll</strong></span> <span class='ocrx_word' id='word_1_586' title='bbox 167 4499 454 4552; x_wconf 81' lang='lat' dir='ltr'><strong>simulacra</strong></span> <span class='ocrx_word' id='word_1_587' title='bbox 486 4496 841 4551; x_wconf 74' lang='lat' dir='ltr'><strong>vellebantur.</strong></span> <span class='ocrx_word' id='word_1_588' title='bbox 1564 4506 1571 4515; x_wconf 90' lang='lat'>&#39;</span> 
     </span>
    </p>
   </div>
   <div class='ocr_carea' id='block_1_78' title="bbox 101 4583 1618 4661">
    <p class='ocr_par' dir='ltr' id='par_1_78' title="bbox 101 4583 1618 4661">
     <span class='ocr_line' id='line_1_78' title="bbox 101 4583 1618 4661; baseline -0.005 -16"><span class='ocrx_word' id='word_1_589' title='bbox 101 4591 120 4621; x_wconf 73' lang='grc'><strong>⁸⁸</strong></span> <span class='ocrx_word' id='word_1_590' title='bbox 154 4590 398 4646; x_wconf 75' lang='lat' dir='ltr'><strong>l&#39;iatoris.</strong></span> <span class='ocrx_word' id='word_1_591' title='bbox 430 4593 503 4646; x_wconf 85' lang='lat' dir='ltr'><strong>De</strong></span> <span class='ocrx_word' id='word_1_592' title='bbox 531 4591 614 4645; x_wconf 89' lang='lat' dir='ltr'><strong>his</strong></span> <span class='ocrx_word' id='word_1_593' title='bbox 637 4591 759 4645; x_wconf 86' lang='lat' dir='ltr'><strong>vide</strong></span> <span class='ocrx_word' id='word_1_594' title='bbox 787 4588 1176 4661; x_wconf 81' lang='lat' dir='ltr'><strong>Panegyricum</strong></span> <span class='ocrx_word' id='word_1_595' title='bbox 1204 4584 1361 4641; x_wconf 85' lang='lat' dir='ltr'><strong>Plinii</strong></span> <span class='ocrx_word' id='word_1_596' title='bbox 1386 4583 1618 4654; x_wconf 77' lang='lat' dir='ltr'><strong>Trojano</strong></span> 
     </span>
    </p>
   </div>
   <div class='ocr_carea' id='block_1_79' title="bbox 40 4660 693 4731">
    <p class='ocr_par' dir='ltr' id='par_1_79' title="bbox 40 4660 693 4731">
     <span class='ocr_line' id='line_1_79' title="bbox 40 4660 693 4731; baseline 0.005 -18"><span class='ocrx_word' id='word_1_597' title='bbox 40 4660 249 4731; x_wconf 74' lang='lat' dir='ltr'><strong>dictum,</strong></span> <span class='ocrx_word' id='word_1_598' title='bbox 284 4682 339 4718; x_wconf 92' lang='grc' dir='ltr'>ιι.</span> <span class='ocrx_word' id='word_1_599' title='bbox 373 4665 461 4729; x_wconf 78' lang='grc'><strong>76,</strong></span> <span class='ocrx_word' id='word_1_600' title='bbox 493 4675 604 4717; x_wconf 86' lang='grc' dir='ltr'>ιιοι.</span> <span class='ocrx_word' id='word_1_601' title='bbox 639 4663 693 4718; x_wconf 90' lang='lat'><strong>8.</strong></span> 
     </span>
    </p>
   </div>
   <div class='ocr_carea' id='block_1_80' title="bbox 103 4751 1622 4828">
    <p class='ocr_par' dir='ltr' id='par_1_80' title="bbox 103 4751 1622 4828">
     <span class='ocr_line' id='line_1_80' title="bbox 103 4751 1622 4828; baseline -0.003 -19"><span class='ocrx_word' id='word_1_602' title='bbox 103 4757 120 4784; x_wconf 80' lang='grc'><strong>⁷</strong></span> <span class='ocrx_word' id='word_1_603' title='bbox 152 4755 294 4812; x_wconf 76' lang='lat' dir='ltr'><strong>Esset</strong></span> <span class='ocrx_word' id='word_1_604' title='bbox 320 4759 372 4811; x_wconf 88' lang='lat' dir='ltr'><strong>in</strong></span> <span class='ocrx_word' id='word_1_605' title='bbox 407 4758 631 4828; x_wconf 86' lang='lat' dir='ltr'><strong>publica.</strong></span> <span class='ocrx_word' id='word_1_606' title='bbox 659 4755 715 4811; x_wconf 92' lang='lat' dir='ltr'><strong>ld</strong></span> <span class='ocrx_word' id='word_1_607' title='bbox 744 4765 843 4819; x_wconf 92' lang='lat' dir='ltr'><strong>est,</strong></span> <span class='ocrx_word' id='word_1_608' title='bbox 873 4764 928 4810; x_wconf 96' lang='lat' dir='ltr'><strong>ut</strong></span> <span class='ocrx_word' id='word_1_609' title='bbox 954 4754 1256 4828; x_wconf 66' lang='lat' dir='ltr'><strong>etiamtum</strong></span> <span class='ocrx_word' id='word_1_610' title='bbox 1284 4766 1405 4806; x_wconf 90' lang='lat' dir='ltr'><strong>cum</strong></span> <span class='ocrx_word' id='word_1_611' title='bbox 1439 4751 1492 4805; x_wconf 93' lang='lat' dir='ltr'><strong>in</strong></span> <span class='ocrx_word' id='word_1_612' title='bbox 1524 4766 1622 4821; x_wconf 90' lang='lat' dir='ltr'><strong>pu-</strong></span> 
     </span>
    </p>
   </div>
   <div class='ocr_carea' id='block_1_81' title="bbox 46 4823 1385 4893">
    <p class='ocr_par' dir='ltr' id='par_1_81' title="bbox 46 4823 1385 4893">
     <span class='ocr_line' id='line_1_81' title="bbox 46 4823 1385 4893; baseline -0.001 -16"><span class='ocrx_word' id='word_1_613' title='bbox 46 4823 170 4881; x_wconf 89' lang='lat' dir='ltr'><strong>blico</strong></span> <span class='ocrx_word' id='word_1_614' title='bbox 196 4823 565 4893; x_wconf 78' lang='lat' dir='ltr'><strong>versabantur,</strong></span> <span class='ocrx_word' id='word_1_615' title='bbox 598 4831 648 4882; x_wconf 91' lang='lat' dir='ltr'><strong>in</strong></span> <span class='ocrx_word' id='word_1_616' title='bbox 676 4838 888 4883; x_wconf 91' lang='lat' dir='ltr'><strong>secreto</strong></span> <span class='ocrx_word' id='word_1_617' title='bbox 911 4842 1030 4882; x_wconf 90' lang='lat' dir='ltr'><strong>esse</strong></span> <span class='ocrx_word' id='word_1_618' title='bbox 1056 4824 1385 4881; x_wconf 90' lang='lat' dir='ltr'><strong>viderentur.</strong></span> 
     </span>
    </p>
   </div>
   <div class='ocr_carea' id='block_1_82' title="bbox 109 4917 1623 4996">
    <p class='ocr_par' dir='ltr' id='par_1_82' title="bbox 109 4917 1623 4996">
     <span class='ocr_line' id='line_1_82' title="bbox 109 4917 1623 4996; baseline -0.003 -22"><span class='ocrx_word' id='word_1_619' title='bbox 109 4920 216 4976; x_wconf 79' lang='lat' dir='ltr'><strong>Xll.</strong></span> <span class='ocrx_word' id='word_1_620' title='bbox 244 4954 315 4965; x_wconf 91' lang='lat'><strong><em>—</em></strong></span> <span class='ocrx_word' id='word_1_621' title='bbox 361 4925 376 4994; x_wconf 68' lang='grc' dir='ltr'><strong>ξ</strong></span> <span class='ocrx_word' id='word_1_622' title='bbox 413 4922 630 4996; x_wconf 73' lang='lat' dir='ltr'><strong>Frigore</strong></span> <span class='ocrx_word' id='word_1_623' title='bbox 649 4921 1037 4996; x_wconf 43' lang='lat' dir='ltr'><strong>Bosphoranis.</strong></span> <span class='ocrx_word' id='word_1_624' title='bbox 1064 4920 1305 4996; x_wconf 84' lang='lat' dir='ltr'><strong>Populus</strong></span> <span class='ocrx_word' id='word_1_625' title='bbox 1341 4917 1623 4996; x_wconf 68' lang='lat' dir='ltr'><strong>sarmatiaa</strong></span> 
     </span>
    </p>
   </div>
   <div class='ocr_carea' id='block_1_83' title="bbox 52 4989 1624 5063">
    <p class='ocr_par' dir='ltr' id='par_1_83' title="bbox 52 4989 1624 5063">
     <span class='ocr_line' id='line_1_83' title="bbox 52 4989 1624 5063; baseline -0.003 -18"><span class='ocrx_word' id='word_1_626' title='bbox 52 4991 307 5062; x_wconf 64' lang='lat' dir='ltr'><strong>Europam:</strong></span> <span class='ocrx_word' id='word_1_627' title='bbox 346 4989 532 5051; x_wconf 68' lang='lat' dir='ltr'><strong>versus</strong></span> <span class='ocrx_word' id='word_1_628' title='bbox 573 4989 908 5063; x_wconf 86' lang='lat' dir='ltr'><strong>Bosphorum</strong></span> <span class='ocrx_word' id='word_1_629' title='bbox 939 4991 1313 5052; x_wconf 89' lang='lat' dir='ltr'><strong>Ciuunerium,</strong></span> <span class='ocrx_word' id='word_1_630' title='bbox 1343 4989 1431 5063; x_wconf 82' lang='lat' dir='ltr'><strong>ubi</strong></span> <span class='ocrx_word' id='word_1_631' title='bbox 1470 5003 1624 5063; x_wconf 70' lang='lat' dir='ltr'><strong>nunc</strong></span> 
     </span>
    </p>
   </div>
   <div class='ocr_carea' id='block_1_84' title="bbox 53 5060 1626 5136">
    <p class='ocr_par' dir='ltr' id='par_1_84' title="bbox 53 5060 1626 5136">
     <span class='ocr_line' id='line_1_84' title="bbox 53 5060 1626 5136; baseline -0.003 -18"><span class='ocrx_word' id='word_1_632' title='bbox 53 5060 453 5136; x_wconf 23' lang='lat' dir='ltr'><strong>pztrs‘Tartaria:</strong></span> <span class='ocrx_word' id='word_1_633' title='bbox 478 5060 853 5136; x_wconf 66' lang='lat' dir='ltr'><strong>Prectipettsis.</strong></span> <span class='ocrx_word' id='word_1_634' title='bbox 896 5065 968 5119; x_wconf 89' lang='lat' dir='ltr'><strong>De</strong></span> <span class='ocrx_word' id='word_1_635' title='bbox 1010 5064 1169 5132; x_wconf 87' lang='lat' dir='ltr'><strong>hujus</strong></span> <span class='ocrx_word' id='word_1_636' title='bbox 1198 5060 1626 5136; x_wconf 81' lang='lat' dir='ltr'><strong>regionisfrigo-</strong></span> 
     </span>
    </p>
   </div>
   <div class='ocr_carea' id='block_1_85' title="bbox 53 5130 1624 5206">
    <p class='ocr_par' dir='ltr' id='par_1_85' title="bbox 53 5130 1624 5206">
     <span class='ocr_line' id='line_1_85' title="bbox 53 5130 1624 5206; baseline 0 -19"><span class='ocrx_word' id='word_1_637' title='bbox 53 5130 184 5189; x_wconf 61' lang='lat' dir='ltr'><strong>rillus</strong></span> <span class='ocrx_word' id='word_1_638' title='bbox 207 5154 323 5191; x_wconf 89' lang='lat' dir='ltr'><strong>cum</strong></span> <span class='ocrx_word' id='word_1_639' title='bbox 347 5130 889 5206; x_wconf 64' lang='lat' dir='ltr'><strong>Geographi&#39;omnes,</strong></span> <span class='ocrx_word' id='word_1_640' title='bbox 918 5146 1027 5191; x_wconf 90' lang='lat' dir='ltr'><strong>tum</strong></span> <span class='ocrx_word' id='word_1_641' title='bbox 1054 5130 1102 5190; x_wconf 84' lang='lat' dir='ltr'><strong>in</strong></span> <span class='ocrx_word' id='word_1_642' title='bbox 1130 5130 1317 5205; x_wconf 87' lang='lat' dir='ltr'><strong>primis</strong></span> <span class='ocrx_word' id='word_1_643' title='bbox 1338 5134 1503 5190; x_wconf 89' lang='lat' dir='ltr'><strong>multa</strong></span> <span class='ocrx_word' id='word_1_644' title='bbox 1527 5136 1624 5187; x_wconf 87' lang='lat' dir='ltr'><strong>ha-</strong></span> 
     </span>
    </p>
   </div>
   <div class='ocr_carea' id='block_1_86' title="bbox 54 5206 802 5264">
    <p class='ocr_par' dir='ltr' id='par_1_86' title="bbox 54 5206 802 5264">
     <span class='ocr_line' id='line_1_86' title="bbox 54 5206 802 5264; baseline 0.005 -7"><span class='ocrx_word' id='word_1_645' title='bbox 54 5206 134 5260; x_wconf 85' lang='lat' dir='ltr'><strong>bet</strong></span> <span class='ocrx_word' id='word_1_646' title='bbox 156 5208 370 5264; x_wconf 75' lang='lat' dir='ltr'><strong>Ovidius</strong></span> <span class='ocrx_word' id='word_1_647' title='bbox 400 5210 493 5264; x_wconf 89' lang='lat' dir='ltr'><strong>lib.</strong></span> <span class='ocrx_word' id='word_1_648' title='bbox 520 5209 586 5264; x_wconf 90' lang='lat' dir='ltr'><strong>de</strong></span> <span class='ocrx_word' id='word_1_649' title='bbox 612 5208 802 5264; x_wconf 85' lang='lat' dir='ltr'><strong>Ponto.</strong></span> 
     </span>
    </p>
   </div>
   <div class='ocr_carea' id='block_1_87' title="bbox 118 5284 1627 5369">
    <p class='ocr_par' dir='ltr' id='par_1_87' title="bbox 118 5284 1627 5369">
     <span class='ocr_line' id='line_1_87' title="bbox 118 5284 1627 5369; baseline -0.003 -14"><span class='ocrx_word' id='word_1_650' title='bbox 118 5302 136 5331; x_wconf 86' lang='grc'><strong>²</strong></span> <span class='ocrx_word' id='word_1_651' title='bbox 167 5299 282 5355; x_wconf 83' lang='grc' dir='ltr'><strong>Νοη</strong></span> <span class='ocrx_word' id='word_1_652' title='bbox 322 5301 485 5355; x_wconf 80' lang='lat' dir='ltr'><strong>Arabs</strong></span> <span class='ocrx_word' id='word_1_653' title='bbox 527 5301 650 5355; x_wconf 86' lang='lat' dir='ltr'><strong>sole.</strong></span> <span class='ocrx_word' id='word_1_654' title='bbox 696 5300 773 5355; x_wconf 86' lang='lat' dir='ltr'><strong>Ex</strong></span> <span class='ocrx_word' id='word_1_655' title='bbox 819 5301 936 5369; x_wconf 91' lang='lat' dir='ltr'><strong>ipso</strong></span> <span class='ocrx_word' id='word_1_656' title='bbox 965 5298 1203 5354; x_wconf 85' lang='lat' dir='ltr'><strong>Arabum</strong></span> <span class='ocrx_word' id='word_1_657' title='bbox 1230 5284 1411 5352; x_wconf 85' lang='lat' dir='ltr'><strong>colore</strong></span> <span class='ocrx_word' id='word_1_658' title='bbox 1441 5298 1592 5366; x_wconf 84' lang='lat' dir='ltr'><strong>nigro</strong></span> <span class='ocrx_word' id='word_1_659' title='bbox 1613 5337 1627 5359; x_wconf 86' lang='lat'><strong>,</strong></span> 
     </span>
    </p>
   </div>
   <div class='ocr_carea' id='block_1_88' title="bbox 59 5370 1634 5441">
    <p class='ocr_par' dir='ltr' id='par_1_88' title="bbox 59 5370 1634 5441">
     <span class='ocr_line' id='line_1_88' title="bbox 59 5370 1634 5441; baseline 0.001 -19"><span class='ocrx_word' id='word_1_660' title='bbox 59 5370 186 5427; x_wconf 89' lang='lat' dir='ltr'><strong>unde</strong></span> <span class='ocrx_word' id='word_1_661' title='bbox 214 5375 263 5426; x_wconf 91' lang='lat' dir='ltr'><strong>in</strong></span> <span class='ocrx_word' id='word_1_662' title='bbox 290 5373 459 5429; x_wconf 90' lang='lat' dir='ltr'><strong>sacris</strong></span> <span class='ocrx_word' id='word_1_663' title='bbox 496 5374 687 5427; x_wconf 90' lang='lat' dir='ltr'><strong>litteris</strong></span> <span class='ocrx_word' id='word_1_664' title='bbox 715 5371 999 5441; x_wconf 63' lang='lat' dir='ltr'><strong>Ethiopes</strong></span> <span class='ocrx_word' id='word_1_665' title='bbox 1023 5371 1296 5435; x_wconf 87' lang='lat' dir='ltr'><strong>dicuntur,</strong></span> <span class='ocrx_word' id='word_1_666' title='bbox 1326 5370 1457 5424; x_wconf 85' lang='lat' dir='ltr'><strong>satis</strong></span> <span class='ocrx_word' id='word_1_667' title='bbox 1488 5377 1634 5440; x_wconf 87' lang='lat' dir='ltr'><strong>patet</strong></span> 
     </span>
    </p>
   </div>
   <div class='ocr_carea' id='block_1_89' title="bbox 59 5441 1153 5513">
    <p class='ocr_par' dir='ltr' id='par_1_89' title="bbox 59 5441 1153 5513">
     <span class='ocr_line' id='line_1_89' title="bbox 59 5441 1153 5513; baseline -0.002 -19"><span class='ocrx_word' id='word_1_668' title='bbox 59 5454 240 5509; x_wconf 88' lang='lat' dir='ltr'><strong>quanto</strong></span> <span class='ocrx_word' id='word_1_669' title='bbox 268 5445 479 5501; x_wconf 84' lang='lat' dir='ltr'><strong>fervore</strong></span> <span class='ocrx_word' id='word_1_670' title='bbox 499 5444 629 5499; x_wconf 91' lang='lat' dir='ltr'><strong>solis</strong></span> <span class='ocrx_word' id='word_1_671' title='bbox 657 5445 803 5513; x_wconf 88' lang='lat' dir='ltr'><strong>regio</strong></span> <span class='ocrx_word' id='word_1_672' title='bbox 830 5443 919 5497; x_wconf 90' lang='lat' dir='ltr'><strong>illa</strong></span> <span class='ocrx_word' id='word_1_673' title='bbox 947 5441 1153 5496; x_wconf 89' lang='lat' dir='ltr'><strong>ardeat.</strong></span> 
     </span>
    </p>
   </div>
   <div class='ocr_carea' id='block_1_90' title="bbox 123 5535 1630 5604">
    <p class='ocr_par' dir='ltr' id='par_1_90' title="bbox 123 5535 1630 5604">
     <span class='ocr_line' id='line_1_90' title="bbox 123 5535 1630 5604; baseline -0.002 -15"><span class='ocrx_word' id='word_1_674' title='bbox 123 5536 142 5565; x_wconf 87' lang='grc'><strong><em>⁸</em></strong></span> <span class='ocrx_word' id='word_1_675' title='bbox 167 5535 391 5592; x_wconf 83' lang='lat' dir='ltr'><strong>Gotthos.</strong></span> <span class='ocrx_word' id='word_1_676' title='bbox 425 5538 525 5604; x_wconf 84' lang='lat' dir='ltr'><strong>Qui</strong></span> <span class='ocrx_word' id='word_1_677' title='bbox 574 5536 900 5591; x_wconf 80' lang='lat' dir='ltr'><strong>Athanarico</strong></span> <span class='ocrx_word' id='word_1_678' title='bbox 946 5548 1070 5602; x_wconf 80' lang='lat' dir='ltr'><strong>rcge</strong></span> <span class='ocrx_word' id='word_1_679' title='bbox 1117 5546 1216 5604; x_wconf 90' lang='lat' dir='ltr'><strong>suo</strong></span> <span class='ocrx_word' id='word_1_680' title='bbox 1242 5541 1473 5604; x_wconf 87' lang='lat' dir='ltr'><strong>mortuo,</strong></span> <span class='ocrx_word' id='word_1_681' title='bbox 1511 5546 1630 5586; x_wconf 89' lang='lat' dir='ltr'><strong>sese</strong></span> 
     </span>
    </p>
   </div>
   <div class='ocr_carea' id='block_1_91' title="bbox 66 5603 1628 5679">
    <p class='ocr_par' dir='ltr' id='par_1_91' title="bbox 66 5603 1628 5679">
     <span class='ocr_line' id='line_1_91' title="bbox 66 5603 1628 5679; baseline -0.004 -19"><span class='ocrx_word' id='word_1_682' title='bbox 66 5604 286 5679; x_wconf 54' lang='lat' dir='ltr'><strong>filumano</strong></span> <span class='ocrx_word' id='word_1_683' title='bbox 329 5603 557 5679; x_wconf 86' lang='lat' dir='ltr'><strong>imperio</strong></span> <span class='ocrx_word' id='word_1_684' title='bbox 587 5606 924 5662; x_wconf 87' lang='lat' dir='ltr'><strong>dediderunt.</strong></span> <span class='ocrx_word' id='word_1_685' title='bbox 960 5603 1223 5676; x_wconf 83' lang='lat' dir='ltr'><strong>(Marcell.</strong></span> <span class='ocrx_word' id='word_1_686' title='bbox 1257 5605 1311 5657; x_wconf 81' lang='lat' dir='ltr'><strong>in</strong></span> <span class='ocrx_word' id='word_1_687' title='bbox 1345 5603 1628 5667; x_wconf 82' lang='lat' dir='ltr'><strong>Chronico,</strong></span> 
     </span>
    </p>
   </div>
   <div class='ocr_carea' id='block_1_92' title="bbox 69 5674 601 5749">
    <p class='ocr_par' dir='ltr' id='par_1_92' title="bbox 69 5674 601 5749">
     <span class='ocr_line' id='line_1_92' title="bbox 69 5674 601 5749; baseline 0.015 -21"><span class='ocrx_word' id='word_1_688' title='bbox 69 5674 201 5732; x_wconf 79' lang='lat' dir='ltr'><strong>Oros.</strong></span> <span class='ocrx_word' id='word_1_689' title='bbox 230 5682 264 5735; x_wconf 86' lang='grc' dir='ltr'>ι.</span> <span class='ocrx_word' id='word_1_690' title='bbox 290 5696 383 5745; x_wconf 76' lang='lat' dir='ltr'><strong>ut,</strong></span> <span class='ocrx_word' id='word_1_691' title='bbox 407 5674 462 5733; x_wconf 68' lang='grc'><strong>’6.</strong></span> <span class='ocrx_word' id='word_1_692' title='bbox 487 5679 601 5749; x_wconf 75' lang='grc'><strong>54.)</strong></span> 
     </span>
    </p>
   </div>
   <div class='ocr_carea' id='block_1_93' title="bbox 130 5767 1454 5840">
    <p class='ocr_par' dir='ltr' id='par_1_93' title="bbox 130 5767 1454 5840">
     <span class='ocr_line' id='line_1_93' title="bbox 130 5767 1454 5840; baseline -0.006 -12"><span class='ocrx_word' id='word_1_693' title='bbox 130 5772 148 5802; x_wconf 65' lang='grc'>⁸</span> <span class='ocrx_word' id='word_1_694' title='bbox 178 5774 464 5828; x_wconf 84' lang='lat' dir='ltr'><strong>Saracenis.</strong></span> <span class='ocrx_word' id='word_1_695' title='bbox 500 5772 752 5828; x_wconf 88' lang='lat' dir='ltr'><strong>Saraceni</strong></span> <span class='ocrx_word' id='word_1_696' title='bbox 782 5770 961 5840; x_wconf 90' lang='lat' dir='ltr'><strong>populi</strong></span> <span class='ocrx_word' id='word_1_697' title='bbox 998 5767 1210 5840; x_wconf 69' lang='lat' dir='ltr'><strong>Arabia;</strong></span> <span class='ocrx_word' id='word_1_698' title='bbox 1242 5767 1454 5840; x_wconf 76' lang='lat' dir='ltr'><strong>Felicis.</strong></span> 
     </span>
    </p>
   </div>
   <div class='ocr_carea' id='block_1_94' title="bbox 136 5837 1637 5915">
    <p class='ocr_par' dir='ltr' id='par_1_94' title="bbox 136 5837 1637 5915">
     <span class='ocr_line' id='line_1_94' title="bbox 136 5837 1637 5915; baseline -0.004 -16"><span class='ocrx_word' id='word_1_699' title='bbox 136 5845 154 5874; x_wconf 80' lang='grc'><em>⁸</em></span> <span class='ocrx_word' id='word_1_700' title='bbox 181 5844 514 5911; x_wconf 73' lang='lat' dir='ltr'><strong>Interdictum</strong></span> <span class='ocrx_word' id='word_1_701' title='bbox 543 5844 746 5915; x_wconf 82' lang='lat' dir='ltr'><strong>Scythis</strong></span> <span class='ocrx_word' id='word_1_702' title='bbox 760 5837 1090 5898; x_wconf 69' lang='lat' dir='ltr'><strong>TanaimJta</strong></span> <span class='ocrx_word' id='word_1_703' title='bbox 1112 5837 1279 5899; x_wconf 78' lang='lat' dir='ltr'><strong>refert</strong></span> <span class='ocrx_word' id='word_1_704' title='bbox 1298 5838 1452 5895; x_wconf 91' lang='lat' dir='ltr'><strong>Oros.</strong></span> <span class='ocrx_word' id='word_1_705' title='bbox 1481 5839 1520 5897; x_wconf 87' lang='lat' dir='ltr'><strong>l.</strong></span> <span class='ocrx_word' id='word_1_706' title='bbox 1547 5854 1637 5905; x_wconf 74' lang='lat' dir='ltr'><strong>nl,</strong></span> 
     </span>
    </p>
   </div>
   <div class='ocr_carea' id='block_1_95' title="bbox 1719 3613 3320 3688">
    <p class='ocr_par' dir='ltr' id='par_1_95' title="bbox 1719 3613 3320 3688">
     <span class='ocr_line' id='line_1_95' title="bbox 1719 3613 3320 3688; baseline -0.006 -9"><span class='ocrx_word' id='word_1_707' title='bbox 1719 3639 1769 3679; x_wconf 93' lang='lat' dir='ltr'><strong>c.</strong></span> <span class='ocrx_word' id='word_1_708' title='bbox 1817 3623 1908 3688; x_wconf 63' lang='grc'><strong>54,</strong></span> <span class='ocrx_word' id='word_1_709' title='bbox 1938 3628 1993 3676; x_wconf 94' lang='lat' dir='ltr'><strong>et</strong></span> <span class='ocrx_word' id='word_1_710' title='bbox 2020 3619 2260 3675; x_wconf 87' lang='lat' dir='ltr'><strong>Zonaras</strong></span> <span class='ocrx_word' id='word_1_711' title='bbox 2285 3632 2343 3673; x_wconf 85' lang='grc' dir='ltr'><strong>ιιι</strong></span> <span class='ocrx_word' id='word_1_712' title='bbox 2376 3625 2521 3672; x_wconf 88' lang='lat' dir='ltr'><strong>tome</strong></span> <span class='ocrx_word' id='word_1_713' title='bbox 2550 3613 3200 3688; x_wconf 71' lang='lat' dir='ltr'><strong>Anna_l._Duplex_autem</strong></span> <span class='ocrx_word' id='word_1_714' title='bbox 3232 3624 3320 3688; x_wconf 84' lang='lat' dir='ltr'><strong>est</strong></span> 
     </span>
    </p>
   </div>
   <div class='ocr_carea' id='block_1_96' title="bbox 1720 3685 3316 3758">
    <p class='ocr_par' dir='ltr' id='par_1_96' title="bbox 1720 3685 3316 3758">
     <span class='ocr_line' id='line_1_96' title="bbox 1720 3685 3316 3758; baseline -0.005 -8"><span class='ocrx_word' id='word_1_715' title='bbox 1720 3685 1917 3750; x_wconf 84' lang='lat' dir='ltr'><strong>Tanais</strong></span> <span class='ocrx_word' id='word_1_716' title='bbox 1942 3710 1955 3746; x_wconf 91' lang='lat'><strong>:</strong></span> <span class='ocrx_word' id='word_1_717' title='bbox 1984 3692 2123 3745; x_wconf 89' lang='lat' dir='ltr'><strong>alter</strong></span> <span class='ocrx_word' id='word_1_718' title='bbox 2150 3690 2203 3744; x_wconf 93' lang='lat' dir='ltr'><strong>in</strong></span> <span class='ocrx_word' id='word_1_719' title='bbox 2232 3689 2527 3755; x_wconf 87' lang='lat' dir='ltr'><strong>Moseovia,</strong></span> <span class='ocrx_word' id='word_1_720' title='bbox 2560 3688 2650 3758; x_wconf 90' lang='lat' dir='ltr'><strong>qui</strong></span> <span class='ocrx_word' id='word_1_721' title='bbox 2682 3686 2866 3742; x_wconf 81' lang='lat' dir='ltr'><strong>Asiam</strong></span> <span class='ocrx_word' id='word_1_722' title='bbox 2892 3686 2960 3740; x_wconf 89' lang='lat' dir='ltr'><strong>ab</strong></span> <span class='ocrx_word' id='word_1_723' title='bbox 2984 3686 3196 3755; x_wconf 88' lang='lat' dir='ltr'><strong>Europa</strong></span> <span class='ocrx_word' id='word_1_724' title='bbox 3226 3685 3316 3742; x_wconf 85' lang='lat' dir='ltr'><strong>di-</strong></span> 
     </span>
    </p>
   </div>
   <div class='ocr_carea' id='block_1_97' title="bbox 1719 3758 3315 3833">
    <p class='ocr_par' dir='ltr' id='par_1_97' title="bbox 1719 3758 3315 3833">
     <span class='ocr_line' id='line_1_97' title="bbox 1719 3758 3315 3833; baseline -0.004 -15"><span class='ocrx_word' id='word_1_725' title='bbox 1719 3767 1907 3822; x_wconf 82' lang='lat' dir='ltr'><strong>videns</strong></span> <span class='ocrx_word' id='word_1_726' title='bbox 1939 3765 1991 3818; x_wconf 93' lang='lat' dir='ltr'><strong>in</strong></span> <span class='ocrx_word' id='word_1_727' title='bbox 2038 3761 2286 3833; x_wconf 90' lang='lat' dir='ltr'><strong>paludem</strong></span> <span class='ocrx_word' id='word_1_728' title='bbox 2325 3760 2629 3833; x_wconf 72' lang='lat' dir='ltr'><strong>Mteotidem</strong></span> <span class='ocrx_word' id='word_1_729' title='bbox 2659 3773 2719 3814; x_wconf 91' lang='lat' dir='ltr'><strong>se</strong></span> <span class='ocrx_word' id='word_1_730' title='bbox 2745 3767 3013 3833; x_wconf 77' lang='lat' dir='ltr'><strong>exonerat</strong></span> <span class='ocrx_word' id='word_1_731' title='bbox 3044 3775 3057 3812; x_wconf 90' lang='lat'><strong>:</strong></span> <span class='ocrx_word' id='word_1_732' title='bbox 3083 3758 3240 3833; x_wconf 70' lang='lat' dir='ltr'><strong>alter</strong></span> <span class='ocrx_word' id='word_1_733' title='bbox 3264 3760 3315 3813; x_wconf 90' lang='lat' dir='ltr'><strong>in</strong></span> 
     </span>
    </p>
   </div>
   <div class='ocr_carea' id='block_1_98' title="bbox 1718 3829 3320 3910">
    <p class='ocr_par' dir='ltr' id='par_1_98' title="bbox 1718 3829 3320 3910">
     <span class='ocr_line' id='line_1_98' title="bbox 1718 3829 3320 3910; baseline -0.005 -17"><span class='ocrx_word' id='word_1_734' title='bbox 1718 3837 1937 3910; x_wconf 81' lang='lat' dir='ltr'><strong>Scythia</strong></span> <span class='ocrx_word' id='word_1_735' title='bbox 1969 3829 2252 3910; x_wconf 67' lang='lat' dir='ltr'><strong>Orientali,</strong></span> <span class='ocrx_word' id='word_1_736' title='bbox 2285 3834 2373 3910; x_wconf 81' lang='lat' dir='ltr'><strong>qui</strong></span> <span class='ocrx_word' id='word_1_737' title='bbox 2404 3847 2469 3887; x_wconf 79' lang='lat' dir='ltr'><strong>ex</strong></span> <span class='ocrx_word' id='word_1_738' title='bbox 2499 3831 2844 3910; x_wconf 64' lang='lat' dir='ltr'><strong>Parapamiso</strong></span> <span class='ocrx_word' id='word_1_739' title='bbox 2872 3840 3055 3910; x_wconf 78' lang='lat' dir='ltr'><strong>monte</strong></span> <span class='ocrx_word' id='word_1_740' title='bbox 3081 3829 3139 3885; x_wconf 91' lang='lat' dir='ltr'><strong>in</strong></span> <span class='ocrx_word' id='word_1_741' title='bbox 3170 3846 3320 3886; x_wconf 89' lang='lat' dir='ltr'><strong>mare</strong></span> 
     </span>
    </p>
   </div>
   <div class='ocr_carea' id='block_1_99' title="bbox 1717 3901 3321 3980">
    <p class='ocr_par' dir='ltr' id='par_1_99' title="bbox 1717 3901 3321 3980">
     <span class='ocr_line' id='line_1_99' title="bbox 1717 3901 3321 3980; baseline -0.006 -15"><span class='ocrx_word' id='word_1_742' title='bbox 1717 3901 1981 3980; x_wconf 13' lang='lat' dir='ltr'><strong>Caspium,</strong></span> <span class='ocrx_word' id='word_1_743' title='bbox 2024 3905 2259 3980; x_wconf 78' lang='lat' dir='ltr'><strong>profluit.</strong></span> <span class='ocrx_word' id='word_1_744' title='bbox 2307 3903 2483 3980; x_wconf 75' lang='lat' dir='ltr'><strong>Atque</strong></span> <span class='ocrx_word' id='word_1_745' title='bbox 2522 3906 2566 3980; x_wconf 79' lang='lat' dir='ltr'><strong>is</strong></span> <span class='ocrx_word' id='word_1_746' title='bbox 2613 3901 2831 3980; x_wconf 69' lang='lat' dir='ltr'><strong>quidem</strong></span> <span class='ocrx_word' id='word_1_747' title='bbox 2883 3901 3154 3980; x_wconf 85' lang='lat' dir='ltr'><strong>Ja_xartes_</strong></span> <span class='ocrx_word' id='word_1_748' title='bbox 3195 3917 3321 3972; x_wconf 91' lang='lat' dir='ltr'><strong>pro-</strong></span> 
     </span>
    </p>
   </div>
   <div class='ocr_carea' id='block_1_100' title="bbox 1719 3972 3322 4052">
    <p class='ocr_par' dir='ltr' id='par_1_100' title="bbox 1719 3972 3322 4052">
     <span class='ocr_line' id='line_1_100' title="bbox 1719 3972 3322 4052; baseline -0.004 -16"><span class='ocrx_word' id='word_1_749' title='bbox 1719 3972 1838 4052; x_wconf 56' lang='lat' dir='ltr'><strong>prie&#39;</strong></span> <span class='ocrx_word' id='word_1_750' title='bbox 1879 3972 2078 4035; x_wconf 77' lang='lat' dir='ltr'><strong>dicitur</strong></span> <span class='ocrx_word' id='word_1_751' title='bbox 2100 4021 2116 4046; x_wconf 92' lang='lat'><strong>,</strong></span> <span class='ocrx_word' id='word_1_752' title='bbox 2155 3976 2248 4034; x_wconf 89' lang='lat' dir='ltr'><strong>sed</strong></span> <span class='ocrx_word' id='word_1_753' title='bbox 2282 3992 2314 4032; x_wconf 87' lang='lat' dir='ltr'><strong>a</strong></span> <span class='ocrx_word' id='word_1_754' title='bbox 2366 3975 2748 4031; x_wconf 85' lang='lat' dir='ltr'><strong>Macedonibus</strong></span> <span class='ocrx_word' id='word_1_755' title='bbox 2783 3972 2983 4029; x_wconf 88' lang='lat' dir='ltr'><strong>Tanais</strong></span> <span class='ocrx_word' id='word_1_756' title='bbox 3012 3975 3322 4030; x_wconf 87' lang='lat' dir='ltr'><strong>nominatus</strong></span> 
     </span>
    </p>
   </div>
   <div class='ocr_carea' id='block_1_101' title="bbox 1715 4062 3322 4192">
    <p class='ocr_par' dir='ltr' id='par_1_101' title="bbox 1715 4062 3322 4192">
     <span class='ocr_line' id='line_1_101' title="bbox 1715 4062 3322 4192; baseline -0.005 -13"><span class='ocrx_word' id='word_1_757' title='bbox 1715 4062 1819 4156; x_wconf 37' lang='lat' dir='ltr'><strong>est;</strong></span> <span class='ocrx_word' id='word_1_758' title='bbox 1856 4123 2063 4178; x_wconf 85' lang='lat' dir='ltr'><strong>Albani.</strong></span> <span class='ocrx_word' id='word_1_759' title='bbox 2117 4120 2303 4192; x_wconf 89' lang='lat' dir='ltr'><strong>Populi</strong></span> <span class='ocrx_word' id='word_1_760' title='bbox 2358 4127 2485 4174; x_wconf 89' lang='lat' dir='ltr'><strong>sunt</strong></span> <span class='ocrx_word' id='word_1_761' title='bbox 2525 4116 2770 4192; x_wconf 76' lang='lat' dir='ltr'><strong>Orientis</strong></span> <span class='ocrx_word' id='word_1_762' title='bbox 2819 4117 2961 4192; x_wconf 76' lang='lat' dir='ltr'><strong>inter</strong></span> <span class='ocrx_word' id='word_1_763' title='bbox 3008 4116 3235 4192; x_wconf 77' lang='lat' dir='ltr'><strong>lberiam</strong></span> <span class='ocrx_word' id='word_1_764' title='bbox 3266 4123 3322 4171; x_wconf 84' lang='lat' dir='ltr'><strong>et</strong></span> 
     </span>
    </p>
   </div>
   <div class='ocr_carea' id='block_1_102' title="bbox 1720 4188 3321 4264">
    <p class='ocr_par' dir='ltr' id='par_1_102' title="bbox 1720 4188 3321 4264">
     <span class='ocr_line' id='line_1_102' title="bbox 1720 4188 3321 4264; baseline -0.006 -12"><span class='ocrx_word' id='word_1_765' title='bbox 1720 4212 1869 4252; x_wconf 84' lang='lat' dir='ltr'><strong>mare</strong></span> <span class='ocrx_word' id='word_1_766' title='bbox 1912 4196 2161 4264; x_wconf 81' lang='lat' dir='ltr'><strong>Caspium</strong></span> <span class='ocrx_word' id='word_1_767' title='bbox 2180 4188 2212 4260; x_wconf 66' lang='grc'><strong>,⁷</strong></span> <span class='ocrx_word' id='word_1_768' title='bbox 2231 4206 2365 4263; x_wconf 84' lang='lat' dir='ltr'><strong>quos</strong></span> <span class='ocrx_word' id='word_1_769' title='bbox 2396 4190 2592 4247; x_wconf 89' lang='lat' dir='ltr'><strong>Strabo</strong></span> <span class='ocrx_word' id='word_1_770' title='bbox 2616 4188 2889 4259; x_wconf 74' lang='lat' dir='ltr'><strong>iaculandi</strong></span> <span class='ocrx_word' id='word_1_771' title='bbox 2920 4189 3125 4258; x_wconf 90' lang='lat' dir='ltr'><strong>peritos</strong></span> <span class='ocrx_word' id='word_1_772' title='bbox 3157 4188 3321 4242; x_wconf 83' lang='lat' dir='ltr'><strong>fuisse</strong></span> 
     </span>
    </p>
   </div>
   <div class='ocr_carea' id='block_1_103' title="bbox 1717 4268 3318 4402">
    <p class='ocr_par' dir='ltr' id='par_1_103' title="bbox 1717 4268 3318 4402">
     <span class='ocr_line' id='line_1_103' title="bbox 1717 4268 3318 4402; baseline -0.005 -10"><span class='ocrx_word' id='word_1_773' title='bbox 1717 4268 2100 4393; x_wconf 47' lang='lat' dir='ltr'><strong>Mamillio&quot;:</strong></span> <span class='ocrx_word' id='word_1_774' title='bbox 2144 4335 2381 4390; x_wconf 75' lang='lat' dir='ltr'><strong>consulit.</strong></span> <span class='ocrx_word' id='word_1_775' title='bbox 2430 4302 2707 4402; x_wconf 82' lang='lat' dir='ltr'><strong>Frequens</strong></span> <span class='ocrx_word' id='word_1_776' title='bbox 2752 4330 2890 4401; x_wconf 89' lang='lat' dir='ltr'><strong>apud</strong></span> <span class='ocrx_word' id='word_1_777' title='bbox 2939 4328 3177 4385; x_wconf 85' lang='lat' dir='ltr'><strong>Tullium</strong></span> <span class='ocrx_word' id='word_1_778' title='bbox 3230 4328 3318 4383; x_wconf 85' lang='lat' dir='ltr'><strong>lo-</strong></span> 
     </span>
    </p>
   </div>
   <div class='ocr_carea' id='block_1_104' title="bbox 1719 4402 3320 4480">
    <p class='ocr_par' dir='ltr' id='par_1_104' title="bbox 1719 4402 3320 4480">
     <span class='ocr_line' id='line_1_104' title="bbox 1719 4402 3320 4480; baseline -0.006 -14"><span class='ocrx_word' id='word_1_779' title='bbox 1719 4410 1921 4480; x_wconf 89' lang='lat' dir='ltr'><strong>quendi</strong></span> <span class='ocrx_word' id='word_1_780' title='bbox 1954 4409 2164 4465; x_wconf 87' lang='lat' dir='ltr'><strong>modus.</strong></span> <span class='ocrx_word' id='word_1_781' title='bbox 2194 4407 2327 4461; x_wconf 84' lang='lat' dir='ltr'><strong>Boni</strong></span> <span class='ocrx_word' id='word_1_782' title='bbox 2364 4404 2629 4460; x_wconf 71' lang='lat' dir='ltr'><strong>consulere</strong></span> <span class='ocrx_word' id='word_1_783' title='bbox 2675 4419 2770 4458; x_wconf 88' lang='lat' dir='ltr'><strong>seu</strong></span> <span class='ocrx_word' id='word_1_784' title='bbox 2792 4403 2926 4473; x_wconf 67' lang='lat' dir='ltr'><strong>(equi</strong></span> <span class='ocrx_word' id='word_1_785' title='bbox 2954 4402 3170 4472; x_wconf 84' lang='lat' dir='ltr'><strong>bonique</strong></span> <span class='ocrx_word' id='word_1_786' title='bbox 3191 4416 3320 4456; x_wconf 67' lang='lat' dir='ltr'><strong>com</strong></span> 
     </span>
    </p>
   </div>
   <div class='ocr_carea' id='block_1_105' title="bbox 1717 4483 3320 4625">
    <p class='ocr_par' dir='ltr' id='par_1_105' title="bbox 1717 4483 3320 4625">
     <span class='ocr_line' id='line_1_105' title="bbox 1717 4483 3320 4625; baseline -0.005 -18"><span class='ocrx_word' id='word_1_787' title='bbox 1717 4483 1968 4625; x_wconf 48' lang='grc' dir='ltr'><strong>ωιξτῗίηε</strong></span> <span class='ocrx_word' id='word_1_788' title='bbox 1996 4552 2085 4606; x_wconf 89' lang='lat' dir='ltr'><strong>ille</strong></span> <span class='ocrx_word' id='word_1_789' title='bbox 2111 4566 2220 4625; x_wconf 63' lang='lat' dir='ltr'><strong>reas.</strong></span> <span class='ocrx_word' id='word_1_790' title='bbox 2252 4550 2598 4625; x_wconf 80' lang='lat' dir='ltr'><strong>Artaxerxes,</strong></span> <span class='ocrx_word' id='word_1_791' title='bbox 2634 4547 2757 4625; x_wconf 79' lang='lat' dir='ltr'><strong>sive</strong></span> <span class='ocrx_word' id='word_1_792' title='bbox 2777 4546 2916 4601; x_wconf 91' lang='lat' dir='ltr'><strong>alius</strong></span> <span class='ocrx_word' id='word_1_793' title='bbox 2938 4546 3067 4610; x_wconf 83' lang='lat' dir='ltr'><strong>fuit,</strong></span> <span class='ocrx_word' id='word_1_794' title='bbox 3098 4545 3188 4615; x_wconf 91' lang='lat' dir='ltr'><strong>qui</strong></span> <span class='ocrx_word' id='word_1_795' title='bbox 3220 4544 3320 4600; x_wconf 76' lang='lat' dir='ltr'><strong>Ri~</strong></span> 
     </span>
    </p>
   </div>
   <div class='ocr_carea' id='block_1_106' title="bbox 1723 4618 3322 4689">
    <p class='ocr_par' dir='ltr' id='par_1_106' title="bbox 1723 4618 3322 4689">
     <span class='ocr_line' id='line_1_106' title="bbox 1723 4618 3322 4689; baseline -0.006 -8"><span class='ocrx_word' id='word_1_796' title='bbox 1723 4618 1982 4681; x_wconf 84' lang='lat' dir='ltr'><strong>chomere</strong></span> <span class='ocrx_word' id='word_1_797' title='bbox 2002 4666 2016 4689; x_wconf 92' lang='lat'><strong>,</strong></span> <span class='ocrx_word' id='word_1_798' title='bbox 2050 4634 2104 4677; x_wconf 90' lang='lat' dir='ltr'><strong>et</strong></span> <span class='ocrx_word' id='word_1_799' title='bbox 2155 4621 2417 4677; x_wconf 86' lang='lat' dir='ltr'><strong>Clearcho</strong></span> <span class='ocrx_word' id='word_1_800' title='bbox 2448 4636 2593 4676; x_wconf 87' lang='lat' dir='ltr'><strong>coss.</strong></span> <span class='ocrx_word' id='word_1_801' title='bbox 2632 4634 2723 4687; x_wconf 82' lang='lat' dir='ltr'><strong>per</strong></span> <span class='ocrx_word' id='word_1_802' title='bbox 2746 4618 2950 4689; x_wconf 74' lang='lat' dir='ltr'><strong>legatos</strong></span> <span class='ocrx_word' id='word_1_803' title='bbox 2978 4632 3101 4672; x_wconf 86' lang='lat' dir='ltr'><strong>cum</strong></span> <span class='ocrx_word' id='word_1_804' title='bbox 3130 4632 3322 4672; x_wconf 90' lang='lat' dir='ltr'><strong>mune-</strong></span> 
     </span>
    </p>
   </div>
   <div class='ocr_carea' id='block_1_107' title="bbox 1645 4686 3323 4763">
    <p class='ocr_par' dir='ltr' id='par_1_107' title="bbox 1645 4686 3323 4763">
     <span class='ocr_line' id='line_1_107' title="bbox 1645 4686 3323 4763; baseline -0.007 -9"><span class='ocrx_word' id='word_1_805' title='bbox 1645 4686 1877 4753; x_wconf 78' lang='lat' dir='ltr'><strong>Drihus</strong></span> <span class='ocrx_word' id='word_1_806' title='bbox 1921 4686 2153 4760; x_wconf 84' lang='lat' dir='ltr'><strong>missos,</strong></span> <span class='ocrx_word' id='word_1_807' title='bbox 2196 4709 2378 4763; x_wconf 85' lang='lat' dir='ltr'><strong>pacem</strong></span> <span class='ocrx_word' id='word_1_808' title='bbox 2428 4708 2457 4746; x_wconf 92' lang='lat' dir='ltr'><strong>a</strong></span> <span class='ocrx_word' id='word_1_809' title='bbox 2502 4686 2820 4746; x_wconf 68' lang='lat' dir='ltr'><strong>Theodosio</strong></span> <span class='ocrx_word' id='word_1_810' title='bbox 2853 4689 3037 4763; x_wconf 78' lang='lat' dir='ltr'><strong>petiit,</strong></span> <span class='ocrx_word' id='word_1_811' title='bbox 3068 4699 3123 4742; x_wconf 91' lang='lat' dir='ltr'><strong>ut</strong></span> <span class='ocrx_word' id='word_1_812' title='bbox 3171 4689 3323 4763; x_wconf 86' lang='lat' dir='ltr'><strong>aiunt</strong></span> 
     </span>
    </p>
   </div>
   <div class='ocr_carea' id='block_1_108' title="bbox 1725 4760 3321 4833">
    <p class='ocr_par' dir='ltr' id='par_1_108' title="bbox 1725 4760 3321 4833">
     <span class='ocr_line' id='line_1_108' title="bbox 1725 4760 3321 4833; baseline -0.008 -8"><span class='ocrx_word' id='word_1_813' title='bbox 1725 4770 1999 4830; x_wconf 84' lang='lat' dir='ltr'><strong>Soet-ales,</strong></span> <span class='ocrx_word' id='word_1_814' title='bbox 2028 4766 2065 4820; x_wconf 92' lang='lat' dir='ltr'><strong>l.</strong></span> <span class='ocrx_word' id='word_1_815' title='bbox 2093 4783 2143 4833; x_wconf 91' lang='lat' dir='ltr'><strong>v,</strong></span> <span class='ocrx_word' id='word_1_816' title='bbox 2170 4760 2509 4820; x_wconf 88' lang='lat' dir='ltr'><strong>Marcellinus</strong></span> <span class='ocrx_word' id='word_1_817' title='bbox 2544 4778 2749 4827; x_wconf 86' lang='lat' dir='ltr'><strong>comes,</strong></span> <span class='ocrx_word' id='word_1_818' title='bbox 2775 4770 2829 4817; x_wconf 91' lang='lat' dir='ltr'><strong>et</strong></span> <span class='ocrx_word' id='word_1_819' title='bbox 2849 4760 3239 4833; x_wconf 87' lang='lat' dir='ltr'><strong>Claudian._de</strong></span> <span class='ocrx_word' id='word_1_820' title='bbox 3266 4774 3321 4813; x_wconf 81' lang='lat' dir='ltr'><strong>vr</strong></span> 
     </span>
    </p>
   </div>
   <div class='ocr_carea' id='block_1_109' title="bbox 1725 4829 3324 4905">
    <p class='ocr_par' dir='ltr' id='par_1_109' title="bbox 1725 4829 3324 4905">
     <span class='ocr_line' id='line_1_109' title="bbox 1725 4829 3324 4905; baseline -0.007 -10"><span class='ocrx_word' id='word_1_821' title='bbox 1725 4840 2005 4896; x_wconf 89' lang='lat' dir='ltr'><strong>consulatu</strong></span> <span class='ocrx_word' id='word_1_822' title='bbox 2052 4829 2277 4892; x_wconf 82' lang='lat' dir='ltr'><strong>Honorii</strong></span> <span class='ocrx_word' id='word_1_823' title='bbox 2304 4855 2316 4891; x_wconf 89' lang='lat'>:</span> <span class='ocrx_word' id='word_1_824' title='bbox 2347 4837 2585 4905; x_wconf 80' lang='lat' dir='ltr'><strong>missique</strong></span> <span class='ocrx_word' id='word_1_825' title='bbox 2626 4842 2863 4905; x_wconf 82' lang='lat' dir='ltr'><strong>rogatum</strong></span> <span class='ocrx_word' id='word_1_826' title='bbox 2905 4833 3098 4905; x_wconf 67' lang='lat' dir='ltr'><strong>{tndem</strong></span> <span class='ocrx_word' id='word_1_827' title='bbox 3136 4829 3324 4885; x_wconf 74' lang='lat' dir='ltr'><strong>Persa-</strong></span> 
     </span>
    </p>
   </div>
   <div class='ocr_carea' id='block_1_110' title="bbox 1725 4918 2250 4974">
    <p class='ocr_par' dir='ltr' id='par_1_110' title="bbox 1725 4918 2250 4974">
     <span class='ocr_line' id='line_1_110' title="bbox 1725 4918 2250 4974; baseline -0.011 -7"><span class='ocrx_word' id='word_1_828' title='bbox 1725 4930 1841 4967; x_wconf 84' lang='lat' dir='ltr'><strong>rum</strong></span> <span class='ocrx_word' id='word_1_829' title='bbox 1865 4927 2117 4974; x_wconf 82' lang='lat' dir='ltr'><strong>proceres,</strong></span> <span class='ocrx_word' id='word_1_830' title='bbox 2146 4918 2250 4964; x_wconf 90' lang='lat' dir='ltr'><strong>etc.</strong></span> 
     </span>
    </p>
   </div>
   <div class='ocr_carea' id='block_1_111' title="bbox 1799 4973 3325 5053">
    <p class='ocr_par' dir='ltr' id='par_1_111' title="bbox 1799 4973 3325 5053">
     <span class='ocr_line' id='line_1_111' title="bbox 1799 4973 3325 5053; baseline -0.008 -16"><span class='ocrx_word' id='word_1_831' title='bbox 1799 4988 1819 5017; x_wconf 72' lang='grc' dir='ltr'><strong>θ</strong></span> <span class='ocrx_word' id='word_1_832' title='bbox 1854 4982 1977 5037; x_wconf 83' lang='lat' dir='ltr'><strong>Non</strong></span> <span class='ocrx_word' id='word_1_833' title='bbox 2004 4992 2076 5036; x_wconf 86' lang='lat' dir='ltr'><strong>est</strong></span> <span class='ocrx_word' id='word_1_834' title='bbox 2107 4982 2399 5053; x_wconf 64' lang='lat' dir='ltr'><strong>[cedet-atus.</strong></span> <span class='ocrx_word' id='word_1_835' title='bbox 2428 4981 2498 5033; x_wconf 82' lang='lat' dir='ltr'><strong>At</strong></span> <span class='ocrx_word' id='word_1_836' title='bbox 2552 4987 2736 5053; x_wconf 84' lang='lat' dir='ltr'><strong>postea</strong></span> <span class='ocrx_word' id='word_1_837' title='bbox 2755 4977 2918 5053; x_wconf 79' lang='lat' dir='ltr'><strong>_fnit,</strong></span> <span class='ocrx_word' id='word_1_838' title='bbox 2968 4985 3025 5030; x_wconf 94' lang='lat' dir='ltr'><strong>ut</strong></span> <span class='ocrx_word' id='word_1_839' title='bbox 3073 4973 3325 5053; x_wconf 54' lang='lat' dir='ltr'><strong>observat</strong></span> 
     </span>
    </p>
   </div>
   <div class='ocr_carea' id='block_1_112' title="bbox 1732 5043 3321 5121">
    <p class='ocr_par' dir='ltr' id='par_1_112' title="bbox 1732 5043 3321 5121">
     <span class='ocr_line' id='line_1_112' title="bbox 1732 5043 3321 5121; baseline -0.011 -10"><span class='ocrx_word' id='word_1_840' title='bbox 1732 5057 2003 5111; x_wconf 85' lang='lat' dir='ltr'><strong>Puteanus</strong></span> <span class='ocrx_word' id='word_1_841' title='bbox 2030 5043 2320 5108; x_wconf 55' lang='lat' dir='ltr'><strong>ex&#39;Aurel.</strong></span> <span class='ocrx_word' id='word_1_842' title='bbox 2350 5043 2569 5107; x_wconf 80' lang='lat' dir='ltr'><strong>Victore</strong></span> <span class='ocrx_word' id='word_1_843' title='bbox 2590 5092 2603 5111; x_wconf 87' lang='lat'><strong>.</strong></span> <span class='ocrx_word' id='word_1_844' title='bbox 2636 5051 2724 5121; x_wconf 84' lang='lat' dir='ltr'><strong>qui</strong></span> <span class='ocrx_word' id='word_1_845' title='bbox 2754 5043 2950 5121; x_wconf 80' lang='lat' dir='ltr'><strong>Persas</strong></span> <span class='ocrx_word' id='word_1_846' title='bbox 2985 5061 3111 5121; x_wconf 74' lang='lat' dir='ltr'><strong>cum</strong></span> <span class='ocrx_word' id='word_1_847' title='bbox 3140 5043 3321 5121; x_wconf 82' lang='lat' dir='ltr'><strong>Theo-</strong></span> 
     </span>
    </p>
   </div>
   <div class='ocr_carea' id='block_1_113' title="bbox 1731 5114 3321 5193">
    <p class='ocr_par' dir='ltr' id='par_1_113' title="bbox 1731 5114 3321 5193">
     <span class='ocr_line' id='line_1_113' title="bbox 1731 5114 3321 5193; baseline -0.008 -12"><span class='ocrx_word' id='word_1_848' title='bbox 1731 5127 1884 5183; x_wconf 73' lang='lat' dir='ltr'><strong>dosio</strong></span> <span class='ocrx_word' id='word_1_849' title='bbox 1917 5140 2102 5191; x_wconf 85' lang='lat' dir='ltr'><strong>pacem</strong></span> <span class='ocrx_word' id='word_1_850' title='bbox 2136 5123 2405 5193; x_wconf 86' lang='lat' dir='ltr'><strong>pepigisse</strong></span> <span class='ocrx_word' id='word_1_851' title='bbox 2434 5123 2525 5177; x_wconf 90' lang='lat' dir='ltr'><strong>ait.</strong></span> <span class='ocrx_word' id='word_1_852' title='bbox 2560 5114 2713 5190; x_wconf 78' lang='lat' dir='ltr'><strong>Quod</strong></span> <span class='ocrx_word' id='word_1_853' title='bbox 2754 5114 3321 5193; x_wconf 79' lang='lat' dir='ltr'><strong>conﬁrmat__0ros_i_us.</strong></span> 
     </span>
    </p>
   </div>
   <div class='ocr_carea' id='block_1_114' title="bbox 1806 5184 3325 5264">
    <p class='ocr_par' dir='ltr' id='par_1_114' title="bbox 1806 5184 3325 5264">
     <span class='ocr_line' id='line_1_114' title="bbox 1806 5184 3325 5264; baseline -0.009 -12"><span class='ocrx_word' id='word_1_854' title='bbox 1806 5184 1995 5252; x_wconf 80' lang='lat' dir='ltr'><strong>XXlll.</strong></span> <span class='ocrx_word' id='word_1_855' title='bbox 2030 5226 2099 5236; x_wconf 93' lang='lat'><em>—</em></span> <span class='ocrx_word' id='word_1_856' title='bbox 2121 5184 2149 5226; x_wconf 72' lang='grc'><strong>¹’</strong></span> <span class='ocrx_word' id='word_1_857' title='bbox 2166 5184 2247 5248; x_wconf 64' lang='grc' dir='ltr'><strong>ΑΗ</strong></span> <span class='ocrx_word' id='word_1_858' title='bbox 2264 5184 2474 5249; x_wconf 60' lang='lat' dir='ltr'><strong>uarium</strong></span> <span class='ocrx_word' id='word_1_859' title='bbox 2501 5184 2740 5264; x_wconf 54' lang='lat' dir='ltr'><strong>gratiam.</strong></span> <span class='ocrx_word' id='word_1_860' title='bbox 2766 5192 2896 5264; x_wconf 67' lang='lat' dir='ltr'><strong>&#39;[ale</strong></span> <span class='ocrx_word' id='word_1_861' title='bbox 2916 5198 2999 5244; x_wconf 85' lang='lat' dir='ltr'><strong>est</strong></span> <span class='ocrx_word' id='word_1_862' title='bbox 3034 5186 3160 5264; x_wconf 77' lang='lat' dir='ltr'><strong>illud</strong></span> <span class='ocrx_word' id='word_1_863' title='bbox 3192 5184 3325 5239; x_wconf 89' lang='lat' dir='ltr'><strong>Tre-</strong></span> 
     </span>
    </p>
   </div>
   <div class='ocr_carea' id='block_1_115' title="bbox 1732 5258 3325 5338">
    <p class='ocr_par' dir='ltr' id='par_1_115' title="bbox 1732 5258 3325 5338">
     <span class='ocr_line' id='line_1_115' title="bbox 1732 5258 3325 5338; baseline -0.009 -14"><span class='ocrx_word' id='word_1_864' title='bbox 1732 5270 1881 5325; x_wconf 88' lang='lat' dir='ltr'><strong>bonii</strong></span> <span class='ocrx_word' id='word_1_865' title='bbox 1902 5268 1969 5322; x_wconf 89' lang='lat' dir='ltr'><strong>ad</strong></span> <span class='ocrx_word' id='word_1_866' title='bbox 1992 5267 2224 5322; x_wconf 91' lang='lat' dir='ltr'><strong>Tullium</strong></span> <span class='ocrx_word' id='word_1_867' title='bbox 2252 5284 2265 5319; x_wconf 88' lang='lat'><strong>:</strong></span> <span class='ocrx_word' id='word_1_868' title='bbox 2301 5265 2427 5338; x_wconf 64' lang='lat' dir='ltr'><strong>Noli</strong></span> <span class='ocrx_word' id='word_1_869' title='bbox 2453 5258 2652 5338; x_wconf 68' lang='lat' dir='ltr'><strong>putare,</strong></span> <span class='ocrx_word' id='word_1_870' title='bbox 2684 5265 2751 5316; x_wconf 83' lang='lat' dir='ltr'><strong>mi</strong></span> <span class='ocrx_word' id='word_1_871' title='bbox 2776 5261 3080 5338; x_wconf 62' lang='lat' dir='ltr'><strong>Cicero,_me</strong></span> <span class='ocrx_word' id='word_1_872' title='bbox 3107 5258 3325 5338; x_wconf 58' lang='lat' dir='ltr'><strong>hoc&#39;att:</strong></span> 
     </span>
    </p>
   </div>
   <div class='ocr_carea' id='block_1_116' title="bbox 1732 5328 3324 5417">
    <p class='ocr_par' dir='ltr' id='par_1_116' title="bbox 1732 5328 3324 5417">
     <span class='ocr_line' id='line_1_116' title="bbox 1732 5328 3324 5417; baseline -0.011 -20"><span class='ocrx_word' id='word_1_873' title='bbox 1732 5342 1874 5397; x_wconf 84' lang='lat' dir='ltr'><strong>ribus</strong></span> <span class='ocrx_word' id='word_1_874' title='bbox 1898 5340 1997 5395; x_wconf 86' lang='lat' dir='ltr'><strong>tuis</strong></span> <span class='ocrx_word' id='word_1_875' title='bbox 2028 5339 2170 5417; x_wconf 61' lang='lat' dir='ltr'><strong>dare.</strong></span> <span class='ocrx_word' id='word_1_876' title='bbox 2198 5328 2479 5417; x_wconf 83' lang='lat' dir='ltr'><strong>&#39;l‘ullii_E_p.</strong></span> <span class='ocrx_word' id='word_1_877' title='bbox 2513 5336 2667 5417; x_wconf 41' lang='grc' dir='ltr'><strong>1...χιι,</strong></span> <span class='ocrx_word' id='word_1_878' title='bbox 2697 5350 2785 5403; x_wconf 83' lang='lat' dir='ltr'><strong>ep.</strong></span> <span class='ocrx_word' id='word_1_879' title='bbox 2819 5334 2907 5387; x_wconf 79' lang='grc'><strong>16.</strong></span> <span class='ocrx_word' id='word_1_880' title='bbox 2941 5331 2995 5385; x_wconf 87' lang='lat' dir='ltr'><strong>ld</strong></span> <span class='ocrx_word' id='word_1_881' title='bbox 3027 5340 3139 5396; x_wconf 89' lang='lat' dir='ltr'><strong>est,</strong></span> <span class='ocrx_word' id='word_1_882' title='bbox 3173 5343 3241 5383; x_wconf 92' lang='lat' dir='ltr'><strong>ne</strong></span> <span class='ocrx_word' id='word_1_883' title='bbox 3273 5328 3324 5380; x_wconf 90' lang='lat' dir='ltr'><strong>id</strong></span> 
     </span>
    </p>
   </div>
   <div class='ocr_carea' id='block_1_117' title="bbox 1734 5407 3325 5552">
    <p class='ocr_par' dir='ltr' id='par_1_117' title="bbox 1734 5407 3325 5552">
     <span class='ocr_line' id='line_1_117' title="bbox 1734 5407 3260 5485; baseline -0.01 -17"><span class='ocrx_word' id='word_1_884' title='bbox 1734 5421 1890 5485; x_wconf 88' lang='lat' dir='ltr'><strong>putes</strong></span> <span class='ocrx_word' id='word_1_885' title='bbox 1918 5426 1947 5464; x_wconf 87' lang='lat' dir='ltr'><strong>a</strong></span> <span class='ocrx_word' id='word_1_886' title='bbox 1973 5426 2057 5465; x_wconf 90' lang='lat' dir='ltr'><strong>me</strong></span> <span class='ocrx_word' id='word_1_887' title='bbox 2080 5410 2279 5465; x_wconf 90' lang='lat' dir='ltr'><strong>dictum</strong></span> <span class='ocrx_word' id='word_1_888' title='bbox 2308 5407 2563 5463; x_wconf 81' lang='lat' dir='ltr'><strong>adulandi</strong></span> <span class='ocrx_word' id='word_1_889' title='bbox 2595 5421 2778 5459; x_wconf 90' lang='lat' dir='ltr'><strong>causa.</strong></span> <span class='ocrx_word' id='word_1_890' title='bbox 2947 5448 2954 5455; x_wconf 86' lang='lat'><strong>.</strong></span> <span class='ocrx_word' id='word_1_891' title='bbox 3250 5469 3260 5480; x_wconf 79' lang='lat'><em>_</em></span> 
     </span>
     <span class='ocr_line' id='line_1_118' title="bbox 1805 5469 3325 5552; baseline -0.011 -14"><span class='ocrx_word' id='word_1_892' title='bbox 1805 5486 1825 5515; x_wconf 83' lang='grc'>¹</span> <span class='ocrx_word' id='word_1_893' title='bbox 1855 5482 2152 5552; x_wconf 83' lang='lat' dir='ltr'><strong>Triumphis</strong></span> <span class='ocrx_word' id='word_1_894' title='bbox 2198 5481 2299 5536; x_wconf 85' lang='lat' dir='ltr'><strong>tuis</strong></span> <span class='ocrx_word' id='word_1_895' title='bbox 2347 5478 2579 5533; x_wconf 79' lang='lat' dir='ltr'><strong>Gallicis.</strong></span> <span class='ocrx_word' id='word_1_896' title='bbox 2630 5476 2891 5531; x_wconf 76' lang='lat' dir='ltr'><strong>Maximus</strong></span> <span class='ocrx_word' id='word_1_897' title='bbox 2939 5473 3085 5529; x_wconf 91' lang='lat' dir='ltr'><strong>enim</strong></span> <span class='ocrx_word' id='word_1_898' title='bbox 3127 5469 3325 5526; x_wconf 81' lang='lat' dir='ltr'><strong>Gallias</strong></span> 
     </span>
    </p>
   </div>
   <div class='ocr_carea' id='block_1_118' title="bbox 1734 5564 3243 5611">
    <p class='ocr_par' dir='ltr' id='par_1_118' title="bbox 1734 5564 3243 5611">
     <span class='ocr_line' id='line_1_119' title="bbox 1734 5564 3243 5611; baseline -0.016 0"><span class='ocrx_word' id='word_1_899' title='bbox 1734 5570 1864 5611; x_wconf 82' lang='lat' dir='ltr'><strong>OCCII</strong></span> <span class='ocrx_word' id='word_1_900' title='bbox 1873 5570 1994 5611; x_wconf 81' lang='lat' dir='ltr'><strong>para</strong></span> <span class='ocrx_word' id='word_1_901' title='bbox 2004 5564 2019 5608; x_wconf 75' lang='grc' dir='ltr'>ί</span> <span class='ocrx_word' id='word_1_902' title='bbox 2028 5592 2041 5606; x_wconf 86' lang='grc'><strong>.</strong></span> <span class='ocrx_word' id='word_1_903' title='bbox 3236 5604 3243 5611; x_wconf 30' lang='grc'><strong><em>⁵</em></strong></span> 
     </span>
    </p>
   </div>
   <div class='ocr_carea' id='block_1_119' title="bbox 1810 5572 3327 5682">
    <p class='ocr_par' dir='ltr' id='par_1_119' title="bbox 1810 5572 3327 5682">
     <span class='ocr_line' id='line_1_120' title="bbox 1810 5572 3327 5682; baseline -0.011 -2"><span class='ocrx_word' id='word_1_904' title='bbox 1810 5572 2143 5679; x_wconf 48' lang='lat' dir='ltr'><strong>Enlpiflrelruota</strong></span> <span class='ocrx_word' id='word_1_905' title='bbox 2169 5632 2441 5678; x_wconf 86' lang='lat' dir='ltr'><strong>terrarum.</strong></span> <span class='ocrx_word' id='word_1_906' title='bbox 2474 5620 2703 5674; x_wconf 89' lang='lat' dir='ltr'><strong>Pacatus</strong></span> <span class='ocrx_word' id='word_1_907' title='bbox 2752 5615 2936 5669; x_wconf 65' lang='lat' dir='ltr'><strong>Roma:</strong></span> <span class='ocrx_word' id='word_1_908' title='bbox 2990 5604 3243 5682; x_wconf 44' lang='lat' dir='ltr'><strong>loquitur&quot;</strong></span> <span class='ocrx_word' id='word_1_909' title='bbox 3271 5622 3327 5667; x_wconf 89' lang='lat' dir='ltr'><strong>et</strong></span> 
     </span>
    </p>
   </div>
   <div class='ocr_carea' id='block_1_120' title="bbox 1738 5694 2567 5763">
    <p class='ocr_par' dir='ltr' id='par_1_120' title="bbox 1738 5694 2567 5763">
     <span class='ocr_line' id='line_1_121' title="bbox 1738 5694 2567 5763; baseline -0.012 -12"><span class='ocrx_word' id='word_1_910' title='bbox 1738 5713 1917 5752; x_wconf 88' lang='lat' dir='ltr'><strong>coram</strong></span> <span class='ocrx_word' id='word_1_911' title='bbox 1954 5697 2275 5763; x_wconf 85' lang='lat' dir='ltr'><strong>imperatore</strong></span> <span class='ocrx_word' id='word_1_912' title='bbox 2304 5694 2567 5763; x_wconf 78' lang='lat' dir='ltr'><strong>llomano.</strong></span> 
     </span>
    </p>
   </div>
   <div class='ocr_carea' id='block_1_121' title="bbox 1814 5754 3323 5839">
    <p class='ocr_par' dir='ltr' id='par_1_121' title="bbox 1814 5754 3323 5839">
     <span class='ocr_line' id='line_1_122' title="bbox 1814 5754 3323 5839; baseline -0.01 -17"><span class='ocrx_word' id='word_1_913' title='bbox 1814 5768 1833 5798; x_wconf 72' lang='lat'><strong>‘</strong></span> <span class='ocrx_word' id='word_1_914' title='bbox 1866 5754 2319 5839; x_wconf 27' lang='lat' dir='ltr'><strong>Regrm‘Orieulis.</strong></span> <span class='ocrx_word' id='word_1_915' title='bbox 2353 5759 2660 5839; x_wconf 67' lang='lat' dir='ltr'><strong>Theodosio</strong></span> <span class='ocrx_word' id='word_1_916' title='bbox 2700 5756 2788 5839; x_wconf 75' lang='lat' dir='ltr'><strong>uni</strong></span> <span class='ocrx_word' id='word_1_917' title='bbox 2819 5754 3052 5839; x_wconf 70' lang='lat' dir='ltr'><strong>Orientis</strong></span> <span class='ocrx_word' id='word_1_918' title='bbox 3098 5764 3323 5823; x_wconf 78' lang='lat' dir='ltr'><strong>regnum</strong></span> 
     </span>
    </p>
   </div>
   <div class='ocr_carea' id='block_1_122' title="bbox 1710 5826 3073 5910">
    <p class='ocr_par' dir='ltr' id='par_1_122' title="bbox 1710 5826 3073 5910">
     <span class='ocr_line' id='line_1_123' title="bbox 1710 5826 3073 5910; baseline -0.014 -13"><span class='ocrx_word' id='word_1_919' title='bbox 1710 5890 1715 5897; x_wconf 95' lang='lat'><strong>.</strong></span> <span class='ocrx_word' id='word_1_920' title='bbox 1744 5826 2008 5910; x_wconf 58' lang='lat' dir='ltr'><strong>obtigerat</strong></span> <span class='ocrx_word' id='word_1_921' title='bbox 2028 5836 2270 5894; x_wconf 85' lang='lat' dir='ltr'><strong>Gratiani</strong></span> <span class='ocrx_word' id='word_1_922' title='bbox 2298 5853 2325 5891; x_wconf 90' lang='lat' dir='ltr'><strong>a</strong></span> <span class='ocrx_word' id='word_1_923' title='bbox 2359 5831 2594 5890; x_wconf 76' lang='lat' dir='ltr'><strong>Maximo</strong></span> <span class='ocrx_word' id='word_1_924' title='bbox 2617 5827 2880 5884; x_wconf 85' lang='lat' dir='ltr'><strong>interfecti</strong></span> <span class='ocrx_word' id='word_1_925' title='bbox 2908 5826 3073 5881; x_wconf 61' lang='lat' dir='ltr'><strong>caede.</strong></span> 
     </span>
    </p>
   </div>
  </div>
