1925 3167
13 103 52 141 illi
458 101 699 134 PANEGYRICUS
717 101 843 138 ΡΑβΔΤΙ
862 101 1058 140 TﬂEDDOSIO
1071 102 1203 133 DlCTlJS.
1229 98 1232 101 ’

1605 101 1660 131 501

12 166 153 198 tumet-nm
173 158 338 198 dignitates,
364 163 391 187 et
404 158 414 175 ⁸
429 162 533 193 exutos,
554 158 656 197 trabeis
683 159 810 187 consula-
824 159 850 196 Α
863 159 952 187 culum
967 159 1117 196 videretur.
1147 160 1201 189 Sed
1225 165 1314 188 tamen
1337 159 1408 188 latro
1424 159 1509 196 raptis
1525 158 1657 195 abutitur,

12 214 47 234 es
60 227 68 238 .
93 210 123 233 et
138 213 224 233 senes
237 204 247 221 ⁸
262 205 431 234 fortunarum
448 205 608 245 superstites
621 211 645 233 et
667 205 809 234 infantium

12 252 53 280 sub
72 251 136 289 ipso
161 256 270 279 sectore
294 251 442 279 ludentium
467 251 583 284 flendum
609 250 807 285 securitatem;

12 307 65 327 :um
83 298 202 326 interim
218 299 309 327 miseri
322 298 481 326 vetabamur
492 302 505 317 °
516 305 598 334 agere
614 297 741 331 miseros,
756 298 811 325 imo

12 347 87 375 :tiam
115 346 288 381 cogebantur
311 346 420 374 mentiri
441 344 455 364 δ
478 345 587 379 beatos,
613 349 640 373 et
661 352 720 373 cum
736 344 810 373 domi

12 399 86 428 itque
101 397 218 421 secreto
231 392 297 420 solis
315 392 473 428 conjugibus
495 399 526 420 ac
542 392 637 420 liberis
650 392 661 408 ⁸
675 391 810 425 credidis-

12 446 96 468 ieutus
112 440 246 466 furtivum
261 439 384 467 dolorem
398 460 405 473 ,
433 439 647 474 procedebantus
672 438 698 466 in
721 438 810 474 publi-

12 494 66 514 :um
94 486 104 501 ⁸
129 494 188 514 non
219 490 319 513 nostra;
340 486 456 513 fortuna:
480 485 568 513 vultu.
600 485 718 513 Audires
739 486 811 513 enim

12 533 99 561 licere
115 531 293 560 delatorem:
314 532 383 567 Quid
407 532 443 559 ita
465 532 510 559 ille
524 532 610 559 tristis
626 531 748 559 incedit?
770 531 812 560 An

12 579 67 614 quia
85 585 194 614 pauper
209 586 243 605 ex
257 577 339 605 divite
354 582 394 605 est
408 580 418 605 ’Ξ
437 577 494 605 Non
511 579 584 605 enim
599 585 627 605 se
644 579 736 606 vivere
749 585 813 613 gra-

11 624 130 652 tulatur?
151 623 229 657 Quid
254 623 289 651 ita
314 624 357 651 hic
373 624 508 659 publicum
523 625 533 639 ⁷
554 628 658 652 atratus
675 623 814 652 incestat?

11 671 110 706 Luget,
127 670 233 702 credo,
256 670 379 698 fratrem.
410 669 462 698 Sed
479 670 559 697 habet
575 669 668 697 filium.
699 668 737 697 ita
754 668 813 697 ﬂeri

11 724 60 744 non
76 715 179 744 licebat
195 716 310 749 amissa,
325 720 398 743 ntetu
415 716 592 752 reliquorum.
615 716 734 743 Sereuos
749 723 815 754 ergo

12 764 109 793 nubilis
123 763 267 791 mentibus
281 764 371 791 vultus
387 763 583 798 inducbamus,
605 768 632 791 et
651 763 684 791 ad
706 763 813 791 illorum

12 813 96 840 vicem
106 834 113 844 ,
131 812 179 847 qui
194 811 340 847 degustato
355 811 366 827 ⁸
381 811 529 839 Sardorum
545 811 697 847 graminum
720 817 813 843 succo,

861 211 888 234 et
901 206 989 234 ablata
1005 206 1066 233 aliis
1081 206 1130 234 sibi
1155 206 1264 240 reddit;
1286 214 1337 234 nec
1356 205 1418 234 ideo
1437 206 1494 242 vias
1514 205 1655 240 saltuSque

861 252 982 285 obsidet,
997 252 1195 280 ut'tbesaurum
1212 257 1297 279 struat
1310 256 1392 287 atque
1405 252 1534 283 defodiat.
1550 255 1577 279 et
1591 258 1654 278 cum

861 300 964 328 scelere
980 300 1063 328 miser
1076 299 1110 327 sit
1122 308 1130 332 ;
1144 299 1190 328 sed
1206 304 1235 327 ut
1248 300 1317 335 gulm
1331 300 1473 335 ventrique
1486 299 1657 335 suppeditet,

853 354 913 379 ,nec
937 346 1008 374 desit
1030 350 1155 382 sumptus
1177 346 1332 381 impendiis.
1363 346 1430 374 Nam
1449 351 1477 374 et
1496 345 1611 376 etfundit
1633 349 1660 372 et

864 394 993 429 negligit,
1022 393 1116 422 eadem
1143 393 1274 429 perdendi
1300 398 1327 421 et
1351 393 1489 429 quatrendi
1518 392 1660 421 facilitate.

862 440 959 469 Noster
976 440 1021 468 ille
1034 441 1132 475 pirata.
1147 440 1275 476 quidquid
1290 440 1479 475 undecumque
1491 439 1502 455 "
1514 447 1661 467 converre-

863 491 922 519 rat.
940 486 964 514 id
980 486 1058 514 nobis
1072 486 1176 521 sibique
1191 487 1357 521 perituruut,
1374 486 1400 513 iit
1416 486 1488 513 illam
1504 493 1603 521 specus
1617 485 1660 512 stti

865 533 874 548 '
888 531 1053 569 Charybdim
1072 533 1246 568 congerebat.
1274 532 1437 569 Charybdim
1459 532 1577 568 loquor?
1600 539 1661 567 quae

863 587 924 607 cum
942 579 1021 615 plena
1037 579 1141 615 navigia
1155 579 1303 611 sorbuerit,
1316 579 1413 607 dicitur
1427 584 1515 607 tamen
1530 579 1662 615 rejectare

864 625 1014 660 naufragia,
1029 630 1057 653 et
1071 630 1209 653 contortas
1225 625 1308 652 fundo
1323 630 1395 653 rates
1407 625 1417 640 ⁸
1430 625 1662 653 Taurominitanis

865 673 1002 701 littoribtts
1024 680 1172 707 exponere.
1195 672 1268 700 BOna
1292 677 1383 703 nostra
1406 672 1439 699 ad
1461 673 1588 700 aerarium
1610 679 1663 699 una

865 724 892 747 et
907 723 1037 754 perpetua
1052 720 1092 746 via
1107 720 1198 752 ibant,
1213 719 1301 746 nullas
1317 726 1411 746 eorum
1426 719 1569 754 reliquias,
1587 719 1660 746 nulla

866 765 1017 801 fragmenta
1033 766 1074 793 vel
1095 773 1158 794 sero
1171 766 1240 793 victa
1257 765 1366 793 fastidio
1382 765 1428 793 illa
1446 765 1601 794 communis
1614 773 1661 792 vo-

867 819 932 847 rago
951 812 1119 840 rcvomebat.

13 853 134 888 feruntur
149 859 177 886 in
192 862 283 886 morte
298 858 388 886 ridere
399 879 407 891 ,
430 858 603 886 imitabamur
617 859 678 885 beta
692 865 812 885 mmreu-
827 857 852 889 Β
901 858 1007 886 XXVII.
1030 859 1077 886 Est
1091 858 1277 894 improborum
1293 859 1443 894 principum
1463 862 1600 894 postrema
1616 857 1667 886 de-

15 911 62 934 tes.
84 906 132 933 Est
156 905 270 941 aliquod
284 905 468 933 calamitatum
483 904 689 932 delinimentum
706 904 814 932 dedisse

17 953 146 989 iacrymas
170 951 271 985 malis,
297 957 324 979 et
341 956 434 987 pectus
451 952 556 979 laxasse
574 950 711 986 suspiriis.
735 950 814 978 Nulla

15 999 97 1034 major
109 1003 151 1027 est
174 1005 258 1035 paena
277 1005 358 1033 quam
380 1005 442 1025 esse
465 998 612 1029 utiserunt,
638 1005 689 1024 nec
713 996 814 1025 videri.

19 1046 81 1082 Spes
93 1046 165 1073 inter
180 1044 242 1073 ha-c
258 1045 332 1072 utilia
350 1044 486 1080 praedonis
499 1043 637 1080 explendi.
659 1043 714 1071 Nec
730 1044 814 1077 enim,

18 1098 43 1120 ut
58 1097 150 1120 natura
167 1091 220 1120 fert
230 1113 237 1124 ,
258 1091 364 1127 copiam
379 1092 490 1119 satietas
504 1083 685 1125 sequebatur,
709 1098 817 1126 cresce:

18 1139 60 1166 bat
72 1138 97 1166 in
112 1138 172 1166 dies
187 1137 309 1165 habendi
323 1137 424 1171 fames,
446 1143 472 1164 et
488 1137 600 1172 parandi
618 1128 723 1173 rabiem
739 1141 815 1172 parta

19 1186 164 1213 irritabant.
202 1185 238 1213 Ut
263 1192 397 1220 mgrorum
425 1185 497 1211 sitim
522 1189 601 1219 polus
624 1184 762 1217 accendit,
787 1173 817 1221 ut

20 1232 85 1267 ignis
112 1232 255 1260 arentibus
283 1239 336 1258 non
365 1224 509 1264 obrui-tur,
536 1231 583 1258 sed
611 1235 749 1266 augetur,
779 1230 816 1257 ita

21 1283 114 1307 Coacta:
133 1278 241 1313 publica
261 1282 382 1313 egestate
404 1277 506 1305 divitiae
525 1271 683 1304 aviditatem
716 1271 816 1312 jejuna

23 1325 113 1352 mentis
135 1324 284 1352 acuebant.

54 1370 146 1399 XXVI.
169 1371 177 1387 ¹
194 1371 293 1398 Stabat
311 1370 370 1405 ipse
384 1374 548 1405 purpuratus
563 1374 575 1389 ε
592 1369 625 1396 ad
651 1368 744 1396 lances
756 1389 764 1402 ,
790 1373 818 1396 et

25 1424 152 1446 moutenta
169 1416 335 1453 ponderum,
354 1417 365 1432 ¹
381 1422 517 1452 nutusque
534 1415 695 1443 trutinarum
714 1415 818 1450 pallens

26 1469 98 1500 atque
124 1464 234 1491 inhians
264 1463 399 1499 exigebat.
431 1462 680 1497 Comportubantur
708 1460 817 1502 interitu

27 1512 106 1547 spolia
121 1511 335 1547 provinciarum,
350 1509 455 1537 exuvite
470 1510 605 1542 exsulum,
625 1508 696 1536 bona
711 1515 819 1545 perem-

28 1562 136 1593 ptornm.

28 1609 134 1638 tractum
149 1625 156 1638 ,
181 1604 236 1633 illic
258 1608 343 1639 raptae
358 1603 521 1639 pupillorum
536 1603 546 1618 ³
560 1602 713 1630 cervicibus
728 1601 820 1635 builaz,

30 1651 84 1678 istic
96 1651 269 1684 dominorum
284 1657 382 1678 cruore
396 1648 535 1684 perfusum
557 1648 763 1684 appendebatur
776 1655 822 1675 ar-

31 1703 141 1732 gentum.
169 1697 313 1725 Numer-ari
341 1696 442 1731 ubique
465 1695 604 1731 pecunia,
631 1694 688 1722 fisci
712 1694 819 1730 repleri,

33 1752 79 1771 tera
93 1739 237 1784 cumulari,
265 1751 329 1772 vasa
343 1743 449 1771 concidi
462 1752 470 1778 ;
493 1743 580 1771 cuivis
594 1747 624 1770 ut
637 1742 751 1785 intuenti
767 1750 821 1770 non

35 1790 94 1821 illud
108 1791 280 1827 imperatoris
295 1790 463 1823 domicilium
474 1811 482 1824 ,
506 1790 555 1819 sed
571 1790 684 1818 latronis
698 1794 821 1825 recepta-

867 905 968 938 fensio,
990 905 1097 933 auferre
1110 905 1228 934 donandi
1244 906 1345 941 gratia,
1366 910 1394 933 et
1408 905 1537 932 invidiam
1553 905 1662 942 rapina-

866 960 924 980 rum
941 952 1124 987 magnitudiue
1138 959 1281 980 munerum
1295 951 1307 969 ά
1322 951 1462 986 deprecari
1475 959 1482 984 ;
1508 958 1584 986 quas,
1604 957 1662 977 ma-

867 998 942 1026 lum!
969 998 1038 1025 ratio
1056 1002 1117 1028 est.
1143 998 1288 1025 abstulisse
1307 998 1454 1030 omnibus,
1479 996 1550 1033 quod
1576 996 1668 1024 nullus

867 1045 1009 1073 habiturus
1024 1044 1080 1072 sit?
1102 1045 1135 1079 Et
1152 1045 1318 1081 privatorum
1334 1044 1443 1079 quidem
1464 1044 1587 1071 avaritia:
1601 1043 1667 1072 licet

867 1091 948 1123 mala,
967 1095 1054 1127 tamen
1071 1091 1161 1126 aliqua
1176 1091 1299 1118 defensio
1313 1095 1371 1123 est,
1389 1090 1500 1118 timetur
1515 1089 1616 1125 inopia,
1639 1093 1667 1117 et

868 1138 876 1153 ¹
894 1138 1033 1173 reponitur
1051 1137 1199 1172 Settectuli,
1218 1141 1245 1164 et
1265 1136 1429 1172 prospicitur
1443 1135 1555 1163 bmredi.
1579 1135 1666 1169 Quam

867 1184 946 1212 aﬂ'ert
964 1192 1073 1211 causam
1098 1183 1319 1219 concupisceudi.
1344 1182 1400 1218 qui.
1419 1187 1549 1216 quantum
1568 1181 1668 1216 ubique

868 1238 925 1265 est,
950 1231 1053 1259 habet?
1080 1230 1149 1265 Quin
1165 1238 1235 1266 ego,
1259 1231 1281 1257 si
1303 1229 1342 1256 fas
1358 1230 1485 1268 piumque
1508 1228 1669 1256 mortalibus

867 1278 1024 1306 existimare
1043 1277 1185 1308 caalestia,
1217 1275 1315 1302 nullam
1346 1274 1478 1309 majorem
1502 1273 1668 1301 crediderim

868 1331 930 1351 esse
955 1323 1107 1358 principum
1131 1321 1289 1349 felicitatem
1316 1328 1396 1356 quam
1418 1320 1515 1347 fecisse
1542 1319 1667 1350 felicem.

868 1375 895 1397 ct
908 1375 920 1388 θ
936 1369 1125 1397 intercessisse
1138 1367 1246 1402 inopiae,
1259 1372 1285 1394 et
1300 1366 1398 1394 vicisse
1414 1358 1560 1398 fortunam,
1581 1369 1610 1392 ct
1622 1365 1670 1392 de-

869 1416 943 1444 disse
967 1414 1069 1442 homini
1093 1413 1102 1433 ί
1128 1421 1228 1441 novum
1257 1414 1352 1440 fatum.
1394 1412 1485 1446 Itaque
1513 1410 1669 1447 imperatori

871 1463 1009 1500 propriam
1033 1461 1203 1497 maiestatem
1233 1460 1303 1488 bene
1327 1458 1494 1492 aestimanti,
1527 1466 1581 1486 non
1615 1463 1670 1485 tam

871 1512 937 1539 illud
951 1511 1034 1539 videri
1049 1518 1126 1537 suum
1140 1509 1237 1542 debet,
1258 1508 1329 1543 quod
1344 1508 1471 1548 abstulit,
1493 1514 1575 1548 quam
1597 1505 1671 1544 quod

179 1557 228 1585 Hic
263 1563 358 1584 aurum
391 1560 576 1590 matronarum
609 1554 735 1581 manibus
767 1561 818 1581 ex-

884 1558 957 1586 Iedit.
988 1557 1054 1585 Nam
1069 1564 1130 1584 cum
1154 1556 1224 1583 intra
1246 1554 1335 1589 ipsum
1356 1554 1512 1587 volutantur
1528 1553 1630 1585 omnia,
1644 1557 1673 1586 et

875 1608 905 1632 ut
929 1603 988 1635 ille.
1009 1602 1055 1638 qui
1079 1606 1176 1629 cuncta
1201 1600 1286 1628 ambit
1307 1607 1441 1631 oceanus,
1464 1606 1531 1634 quas
1551 1597 1674 1633 suggerit

876 1657 960 1685 aquas
974 1649 1053 1677 terris
1073 1647 1171 1682 recipit
1192 1654 1208 1674 e
1229 1647 1325 1678 terris,
1347 1646 1382 1672 ita
1403 1644 1533 1680 quidquid
1554 1643 1582 1671 in
1599 1644 1673 1672 cives

877 1701 970 1724 manat
988 1704 1002 1722 a
1027 1694 1148 1730 principe
1168 1692 1302 1721 redundat
1332 1692 1359 1719 in
1383 1691 1533 1728 principem
1552 1698 1559 1723 ;
1587 1695 1613 1718 et
1633 1689 1673 1728 rei

877 1748 905 1772 et
922 1743 1001 1770 fama:
1018 1742 1088 1770 bene
1104 1739 1221 1768 consulit
1237 1738 1380 1766 munificus
1396 1739 1554 1773 imperator.
1573 1736 1674 1765 Lucra-

878 1795 920 1817 tur
933 1789 1005 1816 enim
1020 1787 1145 1824 gloriam,
1160 1794 1221 1814 cum
1235 1785 1281 1813 det
1297 1784 1440 1821 pecuniam
1453 1790 1636 1821 reversuraut.

709 1850 1001 1881 INTEBPBETATIO.

69 1904 82 1919 ι
98 1900 150 1964 Ero
169 1900 278 1930 miseris
298 1907 349 1928 nos
367 1906 476 1936 gerere.

69 1934 82 1955 δ
124 1936 212 1964 ilares.

69 1934 82 1955 δ
101 1934 212 1965 Hilares.

72 1976 85 2013 ﬁ
102 1972 134 2013 Εξι
148 1972 339 2013 inclinationes
354 1970 503 2013 ponderum
514 1990 522 2002 ,
535 1977 578 2013 ἐς
599 1969 717 2012 lanciunt
730 1968 826 2000 'motus

41 2006 181 2036 levissimos
194 2005 275 2036 anxie
288 2012 315 2036 et
329 2005 408 2035 avide
418 2005 592 2035 observabat.

913 1897 927 1917 ἀ
947 1898 1094 1926 Excusare.

915 1939 927 1954 ε
940 1932 1100 1962 Removisse
1112 1932 1243 1968 inopiam.

917 1969 926 1989 τ
943 1970 1044 1998 Novam
1056 1973 1168 1996 sortem.

787 2060 893 2091 NOTE
898 2082 905 2090 .

75 2113 199 2176 ξιξερο.
222 2113 326 2158 trabeis.
360 2111 390 2141 ld
416 2115 475 2145 est,
501 2111 660 2141 consulatus
683 2109 832 2145 insignibus

45 2154 273 2225 ερῗῗβζῗῗίιηαηιῃι
287 2184 448 2220 superstites.
474 2183 501 2211 Id
516 2188 575 2216 est,
592 2190 671 2210 senes
685 2182 760 2217 prius
776 2181 832 2209 for-

48 2221 122 2252 tunis,
136 2229 213 2255 quant
228 2221 280 2249 vita
294 2228 397 2255 cassos.

80 2239 489 2297 Ela‘iicuium
505 2254 540 2283 de
556 2254 635 2287 malis
656 2253 756 2284 nostris
769 2239 833 2280 con-
847 2266 875 2296 Β

49 2291 257 2329 qneslierutuus.
293 2292 297 2297 ⁵
469 2326 491 2329 __
513 2326 520 2329 _
763 2323 769 2329 -
817 2307 825 2312 ”

82 2325 171 2355 "Non
193 2326 287 2365 nostra:
311 2330 433 2365 fortuna.
469 2326 552 2362 Yuitu
577 2333 630 2361 non
655 2323 836 2360 conveniente

52 2368 142 2390 nostrm
163 2364 321 2391 conditioni.

84 2398 92 2413 "
115 2399 227 2435 Atratus.
259 2403 322 2427 Atra
349 2399 434 2435 vestis
459 2396 569 2435 propria
597 2396 788 2435 fuit__virorum
809 2395 835 2422 in

53 2431 128 2471 luctu.
149 2434 213 2471 Nam
227 2435 298 2471 quod
313 2434 346 2462 ad
363 2431 487 2462 fmntinus
500 2431 614 2471 spectat,
630 2431 683 2459 alia
697 2431 756 2471 aliis
770 2436 837 2459 tein-

54 2469 154 2502 poribus
169 2470 218 2497 fuit
230 2468 243 2497 ε’
261 2471 340 2498 modo
358 2471 446 2502 nigra,
461 2469 543 2497 modo
558 2469 628 2496 alba.
706 2468 708 2471 ”

86 2505 96 2520 ⁸
114 2504 359 2533 Smdorum‘succo.
387 2501 489 2533 Nomm
505 2505 569 2536 est.’
586 2503 656 2538 quod
677 2503 712 2530 de
735 2501 837 2530 Sardoa

57 2537 130 2566 herba
143 2541 252 2577 ferunt,
276 2542 311 2569 ita
331 2549 424 2569 eorum
436 2550 449 2567 :t
463 2541 560 2577 quibus
580 2537 769 2577 tiegttstarelur
790 2544 838 2564 ora

57 2576 241 2612 gputraheme,
272 2580 300 2605 u‘t
323 2583 434 2612 agerent
460 2574 577 2604 animam
600 2574 837 2612 velutiAridcntes.

59 2607 128 2637 Unde
148 2607 311 2642 Sartlouicus
336 2607 406 2640 risus
432 2612 587 2640 celebratus
612 2618 661 2646 pro
686 2609 773 2642 ﬁcto,‘
795 2614 841 2635 aut

59 2647 215 2685 amarulentn
229 2649 295 2685 risu.
308 2650 477 2685 Quamquam
492 2656 547 2685 non
561 2647 657 2685 desunt
670 2667 677 2677 ,
702 2648 745 2685 q_ui
760 2645 841 2685 aliam

62 2678 131 2713 huius
146 2683 181 2710 rei
197 2678 331 2720 originem
341 2678 475 2712 referunt.
497 2683 577 2711 Sardi
594 2688 696 2715 autem,
710 2680 843 2710 Sardinl'e

63 2715 147 2742 lngula!
165 2722 261 2742 immiti,
560 2721 562 2725 '
595 2723 597 2727 ‘
633 2719 635 2725 ‘

72 2719 147 2753 "93's
165 2719 262 2753 mnu".
560 2721 562 2725 '
595 2723 597 2727 ·
633 2719 635 2725 ‘

96 2750 185 2791 XXVI.
198 2750 239 2775 Ᾰ-·
255 2757 263 2772 ¹
279 2756 371 2783 Stabat
391 2756 457 2790 ipse.
478 2755 648 2784 ὑπθτύπωσις
664 2751 780 2791 hominis
795 2759 843 2791 ne-

66 2788 147 2823 quiter
162 2791 252 2818 attenti
268 2793 300 2819 ad
315 2788 408 2819 eorum
426 2792 560 2819 bonorum
577 2790 770 2820 venditionem,
785 2788 844 2823 qui-

69 2820 239 2863 ὶιξιεηξιῃηιιιὶε
254 2828 409 2863 perfunctus
431 2825 676 2863 honoribus-viros,
693 2820 842 2856 matronas,

70 2858 175 2900 pupillas
188 2867 218 2889 ac
226 2858 380 2900 provincias
394 2861 513 2902 integras
525 2860 678 2899 spoliasset.

922 2108 933 2123 ¹
949 2106 1086 2141 Nimisque
1101 2104 1266 2141 trutinarum.
1280 2101 1365 2141 Nutus
1378 2101 1541 2141 trutinarum
1550 2096 1680 2133 appellat,

884 2151 947 2172 cum
963 2135 1049 2170 altera
1063 2142 1124 2168 lanx
1138 2140 1270 2175 deorsum
1277 2139 1380 2175 vergit,
1396 2135 1612 2175 propendetque;
1648 2168 1664 2175 __

921 2170 931 2194 ί
947 2178 1093 2206 Cervicibus
1106 2176 1193 2203 bullte.
1220 2173 1297 2201 Bulla
1312 2170 1435 2210 tispendt'
1448 2170 1476 2198 in
1489 2170 1555 2197 collo
1569 2170 1681 2210 infanti:

886 2215 932 2242 bus
958 2213 1076 2247 ingenuis
1099 2212 1161 2239 solet
1184 2218 1262 2237 aurea
1275 2208 1559 2247 ,_libertiuis_s_corte_a
1568 2226 1586 2247 ,_
1596 2207 1684 2247 inquit

886 2241 1029 2278 Asconius.
1042 2248 1127 2281 Quem
1142 2254 1244 2273 morem
1259 2245 1428 2281 aTarquinio
1436 2243 1530 2271 Prisco
1543 2241 1682 2299 intinctqu

891 2286 976 2299 ι-,.-...,.
1087 2283 1170 2299 nu...“
1186 2290 1261 2299 ........
1278 2281 1310 2299 tt
1324 2289 1408 2299 ...ιι-..ς
1424 2283 1513 2299 Iunium
1528 2277 1562 2299 εἴη
1575 2295 1580 2299 .
1595 2277 1682 2299 ξιΙιιιιις

890 2276 994 2316 ferunt,
1009 2276 1069 2312 cum
1087 2283 1170 2310 li!ium
1185 2290 1262 2309 suum
1278 2281 1311 2309 Η
1323 2276 1409 2315 aup'us
1424 2283 1513 2316 natum
1528 2276 1565 2314 de
1574 2276 1684 2314 sabinis

890 2322 1020 2349 victorem
1035 2319 1086 2347 hoc
1100 2318 1203 2346 honore
1216 2317 1336 2344 donavit.

927 2357 937 2372 ⁵
951 2356 1129 2384 Convenerat.
1152 2353 1189 2381 ita
1204 2352 1351 2382 Baltluiuus
1371 2355 1432 2387 post
1449 2349 1603 2387 complures
1619 2348 1686 2375 alios

890 2393 966 2428 legit,
982 2400 1030 2427 pro
1044 2394 1205 2428 toilt‘eiit’r—lll,
1221 2390 1256 2415 uti
1271 2393 1310 2428 est
1326 2390 1350 2414 iu
1365 2386 1622 2428 aliisetlilitinii‘utsL

927 2420 937 2444 ³
956 2420 1121 2462 Charybdim.
1154 2425 1188 2453 Fr
1207 2430 1262 2451 tum
1285 2424 1354 2462 inter
1376 2423 1478 2449 italiam
1501 2426 1527 2447 et
1549 2420 1684 2462 Siciliain,

890 2454 1086 2492 contraritiruttt
1107 2461 1233 2488 fluctuum
1254 2460 1393 2495 collisione
1416 2463 1488 2491 rupta
1506 2462 1620 2495 qumque
1638 2454 1687 2495 ab:

1017 2503 1044 2525 ct
1057 2503 1194 2525 eructans.
1217 2492 1382 2532 Charybdim
1399 2489 1486 2520 atttetu
1501 2489 1586 2532 poem-I2
1601 2489 1632 2515 [ιιι
1643 2492 1690 2532 ltiti

892 2525 1034 2563 mulierem
1052 2534 1134 2560 fuisse
1155 2525 1359 2567 rapacissiutzun
1374 2552 1380 2559 ,
1402 2537 1460 2567 qua}
1484 2525 1544 2567 cum
1567 2525 1692 2566 ilcrculis

893 2578 988 2598 vaccas
1005 2573 1155 2603 rztpmssct,
1174 2565 1267 2595 a'Jove
1280 2573 1406 2603 percussa
1422 2565 1548 2592 fulmine.
1570 2565 1595 2587 lit
1613 2567 1690 2586 mon-

893 2613 978 2635 strum
999 2611 1130 2633 conversa
1150 2608 1201 2631 est.
1254 2607 1256 2610 '

932 2630 1178 2669 ‘lV-iattroininitnnis
1194 2630 1330 2666 littoribus.
1344 2634 1563 2673 rTattrominiuu}.
1571 2630 1636 2673 urbs
1651 2633 1695 2657 est

895 2667 994 2707 Siciliae
1007 2667 1021 2709 ,7
1038 2684 1098 2704 cttut
1114 2675 1234 2710 portuiin
1249 2681 1294 2710 ora
1309 2671 1445 2699 orientali
1459 2667 1694 2696 inter’Messattam

895 2718 923 2742 et
934 2715 1074 2743 (Satanam.
1096 2709 1174 2737 hodie
1190 2709 1340 2736 Tnorntina.

1131 2735 1273 2782 Reponitur
1290 2742 1422 2782 senectuti.
1445 2740 1491 2767 Sic

897 2774 981 2814 serui:
994 2785 1011 2811 l.
1023 2774 1043 2816 t,
1059 2783 1116 2810 Sat.
1133 2781 1143 2808 l
1159 2774 1238 2808 :lllac
1248 2778 1454 2816 mrnte_luborem
1468 2782 1523 2815 sese
1535 2774 1602 2816 ferre
1611 2779 1697 2816 series,

1060 2807 1167 2845 vin-votis
1188 2821 1242 2842 tuta
1263 2814 1429 2851 recedant
1450 2830 1461 2851 ,Ι
1474 2828 1482 2835 .
1502 2810 1568 2836 sicut
1588 2807 1698 2843 parvula

898 2845 1090 2890 namvetcemplo
1104 2858 1140 2881 ut
1155 2851 1242 2887 magni
1256 2848 1365 2885 formica
1378 2845 1485 2874 laboris.
