3850 6334
17 247 98 304 05
904 239 1387 300 PANEGYRICUS
1424 237 1675 298 PACATI
1710 238 2097 297 TllEODOSlO
2138 237 2401 298 DlCTUS.

3218 231 3323 290 506

18 376 273 418 erorum
300 360 520 417 auribus
549 372 613 415 ac
638 358 931 415 luminibus
954 358 1282 425 hausissent,
1314 372 1437 413 cum
1471 357 1622 412 licto-
1649 364 1703 426 Α
1728 356 1942 412 fecisset
1974 356 2025 411 in
2055 356 2192 412 bella
2222 357 2304 411 vel
2330 355 2506 412 solum
2532 355 2740 412 venire.
2769 353 2902 411 Nam
2927 354 2969 410 si
2990 353 3120 410 olim
3152 353 3329 410 domi-

18 472 112 509 .llll
143 470 339 520 arma,
368 469 486 510 cum
534 452 914 509 damnatorum
946 462 971 489 ει
1013 453 1035 483 ⁸
1064 451 1230 506 frzena
1279 459 1622 518 traetassent,

18 548 264 603 ollutas
289 546 481 620 ptenali
514 562 704 601 manus
735 555 985 601 contactu
1012 542 1077 598 ad
1108 558 1261 599 sacra
1289 542 1622 607 referebant,

18 650 38 696 t
71 641 461 697 creremonias
488 655 622 711 quas
651 638 1067 707 ineestaverant
1112 636 1406 700 mentibus,
1461 637 1623 690 etiam

18 735 346 806 orporibus
368 732 395 771 ιι
426 733 743 803 impiabant.
802 732 909 786 llos
942 730 1032 785 ille
1059 732 1078 761 ⁷
1110 729 1357 785 Phalaris
1408 729 1460 783 iu
1492 728 1626 784 ami-

18 827 67 881 is
117 827 395 892 habebat,
422 825 474 881 hi
506 828 527 858 ⁸
554 825 608 881 in
638 824 807 881 oculis
837 824 975 895 ejus,
1001 834 1160 893 atque
1191 824 1352 878 etiam
1386 821 1438 876 in
1469 835 1626 875 oscu-

18 937 53 975 ιε
80 929 269 975 erant
300 936 314 986 ;
346 935 445 975 nec
468 920 682 990 injuria,
734 932 755 957 ε
790 934 819 974 a
860 919 1054 990 quibus
1108 926 1187 974 tot
1239 918 1396 972 simul
1444 918 1624 973 votiva

18 1015 335 1093 eniehant,
389 1030 555 1071 avaro
601 1015 829 1070 divitum
877 1015 1059 1082 bona;
1105 1023 1331 1070 cruento
1362 1013 1623 1068 innocen-

17 1108 135 1163 ium
170 1123 382 1177 poena;
419 1108 586 1179 impio
609 1108 888 1179 religionis
912 1106 939 1144 (ι
976 1107 1192 1178 injuria.

66 1200 266 1255 XXX.
308 1200 548 1257 Tandem
583 1201 635 1256 in
668 1216 788 1270 nos,
815 1200 1001 1256 oculos
1030 1201 1171 1255 Deus
1200 1199 1409 1263 retulit,
1444 1208 1496 1254 et
1530 1199 1627 1254 bo-

17 1295 83 1350 iis
108 1294 369 1350 Orientis
398 1295 662 1364 intentus,
709 1295 775 1350 ad
818 1295 956 1349 mala
1001 1303 1182 1350 nostra
1244 1295 1516 1365 reSpexit,
1571 1305 1626 1350 et

46 1385 209 1441 hunc
239 1388 541 1441 sacerrimo
561 1388 756 1457 capitit
785 1387 983 1457 objecit
1018 1388 1287 1453 furorem,
1318 1396 1377 1441 ut
1400 1391 1419 1419 ²
1451 1388 1625 1444 fmdns

18 1484 367 1551 tbrumpere,
402 1482 422 1511 ³
444 1482 536 1553 jus
562 1482 753 1537 feciale
775 1483 995 1547 violare,
1030 1482 1231 1536 bellant
1273 1481 1489 1537 edicere
1517 1499 1621 1541 non

20 1574 258 1630 itneret.
295 1575 376 1630 Au
408 1591 511 1647 ego
547 1577 663 1631 sine
691 1575 873 1630 divino
904 1576 1126 1631 numine
1178 1574 1379 1631 factum
1416 1586 1620 1645 putem,

18 1676 55 1721 tt
88 1668 188 1737 qui
216 1666 328 1722 sub
378 1668 601 1724 nomine
632 1670 778 1740 pacis
826 1669 1036 1738 ludere,
1069 1678 1123 1725 et
1147 1670 1166 1699 ³
1195 1670 1359 1741 primi
1399 1671 1623 1725 sceleris

1730 450 1782 506 ni
1812 450 2092 506 adversum
2132 451 2363 505 rebelles
2402 466 2589 506 servos
2633 450 2937 507 dimicaturi
2980 451 2998 481 ⁷
3048 447 3213 519 ﬂagra
3270 449 3323 505 in

1728 543 1897 597 aciem
1947 542 2289 609 detulerunt,
2335 551 2586 613 tantaque
2615 544 2695 598 vis
2726 544 3073 599 conscientiae
3104 542 3231 607 fuit,
3268 551 3329 598 ut

1727 636 1795 692 ab
1827 637 2125 692 inermibus
2166 646 2505 693 verterentur
2547 638 2773 703 armati,
2815 650 2869 695 et
2904 640 2993 710 qui
3022 638 3331 694 obtulerant

1729 715 1992 785 mortibus
2020 739 2237 801 pectora
2259 731 2451 787 darent
2483 741 2630 803 terga
2668 733 2985 788 verberibus
3019 750 3033 787 :
3069 748 3246 788 nonne
3270 741 3325 787 tu

1727 837 1941 895 quoque
1973 824 2270 894 legionibus
2298 824 2485 879 otiosis
2523 841 2635 880 rem
2660 832 2826 881 totam
2860 828 3037 892 visus,
3083 826 3326 896 egisses?

1801 915 1995 973 XXXI.
2039 920 2118 971 An
2145 917 2413 973 sustinere
2438 928 2488 973 te
2518 933 2724 984 coram,
2759 930 2813 974 et
2838 921 3014 974 solum
3042 920 3325 975 oculorum

1730 1022 1941 1066 tuorum
1976 1011 2117 1067 ferre
2142 1012 2441 1082 conjectum
2465 1012 2555 1068 ille
2572 1012 2842 1083 quondam
2862 1013 3055 1068 domus
3078 1024 3184 1068 tum
3200 1016 3215 1045 ¹
3234 1029 3329 1069 ne-

1728 1103 2147 1175 gligentissimus
2189 1104 2418 1160 vernula
2448 1146 2461 1171 ,
2516 1104 2991 1177 mensularumque
3047 1086 3327 1161 servilium

1726 1200 1984 1255 statarius
2018 1199 2120 1253 lixa
2159 1199 2613 1270 potuisset?.Non
2642 1199 2825 1254 statim
2874 1208 3043 1254 totum
3098 1201 3333 1255 subisset

1728 1293 2000 1349 hominem
2035 1294 2305 1364 prmterita
2348 1294 2433 1348 sui
2486 1294 2666 1363 tuique
2708 1295 3024 1365 reputatio?
3055 1294 3171 1349 Non
3214 1296 3330 1364 ipse

1727 1390 1829 1445 sibi
1859 1389 2151 1460 objecisset
2184 1400 2236 1443 te
2274 1405 2396 1444 esse
2420 1391 2440 1419 ¹
2470 1389 2810 1459 triumphalis
2839 1388 2937 1443 viri
2970 1388 3172 1453 lilium;
3216 1398 3240 1435 Β
3269 1404 3329 1443 se

1729 1485 1894 1554 patris
1943 1482 2248 1539 incertum?
2280 1492 2330 1538 te
2373 1482 2644 1539 lncredent
2694 1482 3045 1538 nobilissima:
3088 1482 3325 1547 familiai;

1728 1576 1748 1607 ³
1778 1590 1836 1631 se
1868 1577 2157 1632 clientem?
2192 1586 2243 1631 te
2285 1576 2428 1631 omni
2456 1586 2600 1631 retro
2630 1586 2873 1646 tempore
2900 1575 3129 1631 Romani
3169 1591 3330 1630 exer-

1726 1670 1867 1725 citus
1898 1670 2113 1737 ducem,
2152 1672 2413 1727 libertatis
2438 1681 2719 1740 patronum
2747 1686 2761 1736 ;
2790 1667 2815 1705 ¹¹
2844 1684 2904 1725 se
2926 1668 2947 1699 ’⁸
2975 1668 3121 1723 orbis
3150 1678 3332 1723 extor-

18 1776 202 1818 ttenas
247 1762 450 1819 lucrari
496 1763 824 1835 quiescendo
856 1765 1142 1833 potuisset,
1167 1763 1463 1818 secundum
1514 1773 1621 1818 ter-
1652 1770 1697 1830 Β
1726 1776 1863 1829 rem,
1900 1762 2192 1833 patrimque
2220 1763 2501 1833 fugitivum
2526 1763 2549 1816 ?
2570 1763 2680 1834 jam
2705 1778 2835 1817 vero
2866 1772 2917 1817 te
2949 1762 3244 1832 principem
3275 1761 3331 1815 in

24 1856 263 1926 iumque
294 1856 555 1911 vexillum
587 1855 857 1911 latrocinii
886 1856 1061 1911 civilis
1095 1856 1368 1911 attolleret
1392 1898 1406 1921 ,
1440 1865 1494 1911 et
1533 1872 1619 1910 sn-

18 1950 216 2004 )eratis
248 1950 272 1979 ⁵
295 1949 528 2019 Alpibus
547 1948 772 2017 Cottiis,
805 1948 945 2006 Julia
972 1964 1185 2020 quoque
1213 1950 1444 2004 claustra
1476 1950 1622 2004 laxa-

18 2052 121 2109 ret,
152 2043 404 2113 tibique,
442 2043 772 2113 imperator,
810 2044 1138 2113 imponeret,
1172 2051 1399 2096 servatae
1448 2042 1622 2097 adhuc

17 2136 183 2190 venite
237 2134 428 2202 fidenti,
461 2136 708 2191 vincendi
756 2137 1157 2192 necessitatem.
1189 2137 1397 2207 Agebat
1454 2151 1577 2191 eum
1605 2180 1619 2204 ,

18 2228 209 2295 credo,
257 2230 597 2301 praecipitem
639 2229 958 2286 vindicanda
990 2231 1098 2301 jam
1146 2231 1393 2301 proximo
1444 2231 1623 2285 ultore

17 2326 353 2395 respublica,
382 2334 441 2383 et
461 2326 760 2382 exstinctus
795 2338 985 2397 aperto
1011 2327 1031 2357 ‘
1058 2326 1306 2381 dominus
1329 2325 1622 2397 parricidio

17 2434 202 2490 pcenas
234 2420 309 2476 ab
365 2435 432 2477 eo
457 2420 669 2477 debitas
699 2421 1009 2491 expetebat.
1042 2420 1157 2476 Non
1183 2420 1232 2475 id
1272 2418 1617 2485 confidentia,

17 2514 107 2570 sed
166 2515 451 2581 amentia;
524 2531 630 2571 non
685 2513 984 2582 temeritas,
1022 2514 1118 2569 sed
1150 2514 1442 2569 necessitas
1462 2520 1620 2575 erat;

18 2625 116 2666 nce
166 2609 322 2665 ultro
352 2609 658 2666 lacessebat
705 2609 793 2666 ille
825 2618 876 2665 te
904 2608 1079 2675 bello;
1112 2609 1207 2664 sed
1255 2608 1481 2664 ulterius
1513 2604 1530 2643 ί
1562 2621 1623 2661 se

19 2718 214 2773 negare
266 2703 542 2773 supplicio
600 2717 706 2757 non
761 2709 990 2772 poterat.
1044 2700 1296 2771 Alioquin
1353 2699 1624 2772 quomodo

20 2807 217 2853 tantam
260 2797 610 2869 concepisset
654 2797 965 2863 audaciam,
1009 2807 1065 2853 ut
1099 2813 1255 2853 ruere
1295 2799 1347 2852 in
1397 2796 1620 2865 ferrum,

21 2901 73 2947 et
96 2892 317 2948 obviam
378 2893 538 2948 morti
571 2893 758 2948 venire
786 2903 892 2947 tam
926 2893 1148 2963 ignavus
1175 2901 1229 2947 et
1262 2892 1455 2947 timens
1482 2906 1626 2947 mor-

23 2984 87 3039 tis
137 2986 398 3052 anderet,
431 2996 489 3042 ut
510 2988 599 3059 qui
628 3003 689 3043 se
719 3004 824 3041 non
858 2987 1092 3057 potuerit
1120 2996 1305 3057 postea
1345 2988 1430 3043 vel
1455 2988 1627 3043 victus

30 3081 275 3137 occidere
294 3083 321 3135 ?
348 3082 418 3137 Et
445 3092 497 3138 te
527 3082 766 3154 quidem,
784 3084 1083 3153 imperator
1110 3084 1371 3155 Auguste,
1390 3084 1456 3140 ad
1479 3099 1625 3140 asse-

1727 1855 1905 1911 medio
1948 1857 2256 1926 reipublic-.e
2296 1857 2439 1921 sinu,
2485 1857 2725 1911 omnium
2773 1856 3027 1927 suffragio
3072 1855 3327 1922 militum,

1725 1964 1991 2004 consensu
2023 1952 2443 2020 provinciarum,
2477 1952 2644 2021 ipsius
2674 1952 2909 2021 denique
2929 1950 3135 2005 ambitu
3156 1950 3327 2020 impe-

1725 2044 1925 2099 ratoris
1956 2053 2192 2114 optatum
2220 2062 2233 2109 ;
2277 2061 2335 2100 se
2386 2045 2437 2099 in
2471 2045 2658 2099 ultimo
2690 2054 2953 2099 terrarum
2984 2060 3224 2110 recessu,
3256 2045 3334 2100 le-

1725 2136 1975 2206 gionibus
2031 2139 2262 2201 nesciis,
2300 2138 2312 2173 ί
2374 2138 2620 2194 adversis
2662 2138 3067 2208 provinciarum
3113 2136 3329 2205 studiis,

1727 2229 1888 2285 nullis
1927 2230 2159 2301 denique
2202 2232 2453 2302 auSpiciis
2500 2233 2550 2287 in
2598 2234 2724 2288 illud
2779 2234 3044 2305 tyrannici
3091 2235 3329 2290 nominis

1724 2325 1992 2393 aspirasse
2038 2324 2286 2380 furtum?
2323 2339 2598 2395 postremo
2643 2336 2817 2383 tecum
2875 2327 3074 2390 fidem;
3137 2342 3323 2381 secum

1728 2416 2037 2486 perfidiam;
2089 2428 2261 2473 tecum
2294 2419 2371 2473 las
2402 2437 2415 2485 ;
2450 2435 2634 2475 secum
2676 2419 2847 2489 nefas;
2885 2429 3060 2474 tecum
3084 2418 3209 2489 jus;
3240 2434 3327 2475 se-

1726 2527 1846 2567 cum
1877 2513 2123 2583 injnriam
2151 2531 2164 2581 ;
2204 2526 2376 2571 tecum
2408 2516 2773 2581 clementiam,
2807 2516 3122 2585 pudicitiam
3145 2557 3160 2582 ,
3193 2517 3328 2571 reli-

1724 2606 1967 2678 gionem;
1997 2624 2178 2663 secum
2214 2610 2567 2681 impietatem,
2596 2610 2900 2677 libidinem,
2925 2610 3331 2675 crudelitatem,

1727 2711 1779 2755 et
1809 2702 2052 2758 omnium
2086 2704 2375 2771 scelerum,
2411 2715 2914 2776 postremornmque
2942 2704 3196 2760 vitiorum
3226 2713 3335 2759 sta-

1728 2809 1786 2850 re
1812 2796 2135 2868 Collegium?
2164 2798 2271 2853 Res
2299 2800 2441 2868 ipsas
2465 2800 2879 2870 interrogemus.
2901 2808 2976 2864 et,
3000 2813 3119 2867 qua:
3138 2800 3336 2853 certis-

1725 2891 1865 2953 sima
1904 2896 2225 2969 conjectatio
2274 2905 2385 2957 est,
2435 2896 2447 2945 i
2503 2895 2819 2967 colligamus
2871 2893 3106 2965 gerenda
3144 2893 3334 2964 gestis.

1728 2995 1866 3053 Num
1899 2991 2114 3048 tandem
2146 2990 2378 3046 dubitari
2413 2999 2610 3059 potest,
2646 2990 2771 3062 quid
2808 2988 2968 3045 fuerit
2999 3004 3065 3045 eo
3093 3003 3333 3059 praesen-

1729 3100 1804 3156 te,
1836 3088 2095 3153 facturns,
2125 3100 2285 3157 quem
2310 3099 2413 3139 non
2448 3086 2604 3149 vidit,
2646 3095 2698 3139 ct
2734 3083 2906 3156 fugit?

28 3174 244 3230 rendam
263 3175 683 3247 remjublicam,
706 3175 1177 3249 usurpandamque
1204 3178 1482 3235 victoriam
1510 3177 1622 3234 suf—
1654 3172 1699 3233 C
1802 3178 2290 3249 XXXll.Quamvis
2319 3178 2504 3251 igitur,
2536 3178 2851 3251 imperator,
2887 3178 3044 3236 hoste
3076 3178 3169 3234 tali
3200 3178 3337 3236 abu-

1395 3295 1974 3356 INTERPRETATIO.

98 3399 121 3426 °
161 3391 417 3450 Vincula.

98 3461 125 3501 δ
154 3464 505 3521 Polluebant.

35 3545 124 3659 me
157 3535 260 3592 Per
277 3552 422 3609 quos
446 3546 523 3594 tot
549 3552 636 3594 res
666 3538 1033 3610 Optatissimas
1065 3538 1229 3597 simul
1258 3539 1628 3611 consequeba-

91 3621 133 3659 1⁸.
1204 3636 1207 3639 ί

91 3621 114 3659 1⁸
121 3646 133 3661 ο
1204 3636 1207 3639 ί

99 3678 123 3713 α
156 3679 410 3736 Violatio.

104 3760 125 3786 ε
158 3750 381 3808 llomini
412 3754 813 3826 improbissimo
831 3755 1034 3827 injecit.

1809 3395 1828 3435 ί
1861 3397 1932 3453 Se
1962 3394 2264 3451 subducere
2290 3392 2473 3449 morti.

1806 3479 1831 3515 8
1863 3469 1933 3525 Se
1962 3467 2151 3523 incerti
2182 3465 2370 3537 patris.

1802 3540 1829 3577 ιι
1853 3540 1923 3597 Se
1954 3533 2195 3609 ejectum’
2213 3540 2281 3592 ab
2305 3533 2559 3591 omnibus
2590 3544 2643 3591 et
2664 3536 2835 3605 patria
2864 3537 3100 3607 pulsum.

1810 3613 1826 3650 ί
1863 3610 2309 3667 Adversantihus.
2478 3673 2482 3677 ,

1805 3687 1818 3734 t
1859 3683 1933 3740 Ex
1960 3683 2126 3755 gestis
2152 3682 2314 3739 rebus
2334 3680 2595 3753 gerendas
2618 3680 2970 3738 aestimemus.

1551 3843 1779 3902 NOTAE.

105 3943 124 4016 ἔ
155 3941 371 4016 Frena.
403 3944 484 4001 An
516 3946 693 4016 potius
720 3947 929 4014 funera,
971 3956 1027 4003 ut
1048 3946 1300 4003 emendat
1326 3944 1627 4000 Livineius.

108 4015 126 4045 ⁷
160 4014 423 4090 Phalaris.
449 4014 748 4090 Phalaridis
777 4019 1247 4089 Agrigentinorum
1279 4016 1495 4090 tyranni
1521 4030 1629 4090 _ll0-

43 4093 88 4138 ta
116 4088 429 4157 crudelitas,
465 4098 522 4145 ut
558 4089 760 4163 ferocis
800 4088 1029 4160 alicujus
1061 4091 1272 4163 tyranni
1304 4088 1627 4157 exemplum

43 4163 313 4227 qumrenti,
344 4163 524 4216 statim
554 4162 644 4216 ille
669 4174 938 4217 occurrat.

110 4231 131 4261 ⁸
156 4229 219 4285 In
236 4235 402 4306 oculis
424 4237 556 4306 ejus.
583 4233 713 4289 Esse
732 4236 887 4289 alicui
911 4236 963 4288 in
996 4235 1178 4288 oculis.
1213 4232 1597 4289 Ciceronianus
1614 4272 1627 4295 ,

46 4297 503 4376 Terentianusque
558 4306 811 4375 loquendi
857 4306 1048 4360 modus
1077 4321 1175 4376 pro
1220 4306 1383 4358 amari
1433 4306 1626 4358 unice:

49 4387 285 4448 “severo
328 4378 384 4430 in
423 4378 638 4443 osculis,
672 4379 758 4431 ubi
789 4385 1049 4448 praeterea
1082 4376 1290 4440 legatur
1323 4377 1463 4431 haud
1494 4376 1626 4429 scio.

71 4514 81 4524 .
114 4445 393 4524 ΧΧΧμ-τι
428 4448 626 4521 Objeeit
655 4445 903 4524 furorem.
928 4450 973 4524 A_
995 4448 1098 4504 diis
1118 4448 1269 4503 iratis
1296 4449 1430 4524 mala
1453 4448 1633 4524 consi-

50 4511 112 4568 lia
138 4517 188 4570 in
212 4511 737 4576 hominum'men'tes
760 4522 973 4576 immitti
991 4529 1205 4575 veteres
1226 4521 1625 4574 existimabant.

54 4585 215 4661 Quare
241 4590 472 4649 Paculus
503 4593 604 4647 hoc
634 4593 755 4647 loco
781 4593 894 4647 Deo
927 4592 1090 4647 l0titts
1119 4591 1356 4646 Orientis
1402 4603 1632 4661 patrono

1811 3938 1832 3970 ³
1856 3937 1954 3993 lus
1990 3937 2171 4005 feciale
2200 3936 2411 3991 violare.
2470 3936 2525 3992 Id
2586 3945 2667 3991 est
2699 3934 2899 3990 bellum
2972 3935 3175 3990 inl‘erre
3212 3944 3339 3993 ante

1739 4011 1933 4066 missos
1959 4008 2195 4064 feciales.
2224 4008 2408 4080 Neque
2440 4009 2583 4064 enim
2611 4007 2816 4080 licebat
2852 4007 3054 4080 bellum
3099 4006 3333 4072 inferre.

1738 4083 1837 4161 nisi
1883 4081 1936 4161 lt_i
1978 4081 2192 4161 etjusta
2223 4077 2384 4161 capia
2428 4087 2735 4161 susceptum
2787 4077 3236 4144 declaravissent,
3286 4090 3341 4135 et

1740 4154 1887 4224 prius
1912 4151 2253 4207 indixissent.
2288 4150 2534 4223 (Vari-0.)

1810 4225 1831 4255 ’δ
1870 4224 2035 4277 Primi
2077 4225 2301 4278 sceleris.
2338 4219 3330 4292 Occupatiimperiiptenamcll‘ngere.

1811 4300 1831 4327 ⁸
1859 4297 2075 4361 Alpibus
2092 4294 2292 4349 Cottiis.
2313 4295 2472 4363 Alpes
2490 4290 2614 4347 alim
2638 4290 2832 4360 Cottiw,
2855 4292 2976 4345 alia:
3004 4290 3192 4346 Iuliae:
3224 4301 3331 4348 etc.

1813 4370 1833 4399 ⁶
1864 4366 2138 4421 Dominus.
2171 4366 2479 4421 Gratianus.
2760 4418 2763 4421 ν

1812 4441 1830 4471 ⁷
1864 4437 2062 4508 Flagra
2091 4439 2142 4491 in
2172 4438 2355 4490 aciem.
2398 4436 2453 4491 ld
2476 4435 2541 4508 de
2567 4433 2783 4508 Scythis
2820 4432 3065 4508 referunt
3090 4433 3333 4508 Herodo-

1742 4521 1828 4565 tus
1872 4504 2023 4564 initio
2054 4510 2438 4577 Melpomenes.
2467 4506 2710 4577 Justinus
2743 4505 2776 4559 Ι.
2826 4521 2883 4559 ll.
2912 4515 2965 4559 et
3008 4504 3337 4561 Claudianus

1739 4582 1777 4637 Ι.
1811 4598 1828 4637 ι
1860 4583 1911 4635 in
1937 4575 2250 4649 Eutropium
2280 4581 2404 4634 508.
2451 4578 2519 4634 Ut
2553 4575 2747 4647 Scytha
2778 4588 2889 4648 post
2921 4578 3106 4631 multos
3133 4580 3335 4634 rediens

56 4654 253 4717 Maximi
269 4664 503 4719 furorem
528 4667 733 4721 tribuit.
754 4665 845 4722 Sic
865 4665 1128 4719 Homerus
1143 4662 1292 4718 Iliad.
1310 4662 1374 4730 A,
1396 4649 1538 4717 vers.
1565 4664 1629 4717 8:

1763 4655 1989 4708 exercitus
2014 4667 2316 4730 annoscum
2336 4651 2434 4730 sibi
2459 4650 2634 4730 servili
2663 4666 2754 4716 pro
2786 4649 2972 4717 ﬁnibus
3005 4649 3151 4704 obvia
3178 4651 3335 4719 pubes

286 4774 349 4817 τίς
371 4767 416 4822 ἄρ
440 4776 534 4822 σφᾶς
552 4771 639 4810 θεῶν
663 4767 754 4821 ἴριδι
780 4770 919 4820 ξυνιηιι
939 4769 1130 4823 Miscent.

62 4830 296 4910 Quisnam
321 4841 460 4910 ipsos
496 4841 709 4895 deorum
741 4842 1060 4895 contentione
1088 4840 1340 4893 commisit
1365 4839 1632 4910 pugnare?

59 4901 255 4963 Tullius
276 4901 371 4978 pro
395 4913 611 4975 Milone,
645 4929 700 4967 η.
724 4912 823 4969 88:
856 4912 959 4966 Hic
987 4913 1061 4967 dii
1088 4901 1517 4975 immortalésfut
1546 4930 1634 4966 su-

62 4991 147 5053 pra
188 4980 313 5053 dixi,
347 4995 558 5039 mentem
589 4985 834 5038 dederunt
864 4984 941 5038 illi
975 4984 1195 5052 perdito,
1228 5001 1294 5037 ac
1332 4984 1550 5053 furioso,
1581 4993 1634 5037 ut

64 5047 168 5101 huic
194 5052 377 5127 faceret
401 5056 643 5127 insidias;
676 5057 825 5127 aliter
852 5047 1019 5125 perire
1048 5047 1199 5121 pestis
1217 5054 1311 5109 illa
1332 5047 1445 5111 'non
1498 5047 1637 5127 pote-

63 5128 150 5171 rat.
210 5123 297 5179 Sic
322 5127 457 5196 apud
478 5126 668 5197 Virgil.
697 5123 909 5183 Aineid.
940 5144 993 5190 x,
1026 5128 1122 5182 ἠε

151 5212 402 5340 9deos
420 5223 471 5271 in
484 5220 726 5286 fraudem,
749 5236 861 5287 quae
874 5222 997 5273 dura
1018 5224 1233 5286 potentia
1257 5230 1421 5273 nostra

224 5296 283 5332 ll“!

133 5360 368 5438 ’_Ftcdus
408 5370 723 5437 abrumpere.
774 5368 1036 5424 Maximus
1083 5377 1335 5438 suscepto
1370 5367 1631 5423 invaden-

71 5426 144 5514 dre
176 5430 332 5514 Italia:
367 5426 610 5514 consilio.
634 5441 838 5496 veritus
868 5442 1029 5514 ne_i_n
1049 5426 1261 5514 Alpium
1296 5451 1633 5514 transgressu

71 5505 439 5577 concideretur,
458 5513 741 5579 ltomnino,
758 5527 916 5581 quem
942 5505 1343 5567 Valentinianus
1367 5505 1632 5582 Aquileia,

75 5583 170 5655 quo
189 5589 244 5630 se
265 5593 530 5651 receperat
558 5585 661 5640 sibi
712 5587 934 5655 legarat,
966 5597 1149 5652 pacem
1176 5586 1378 5652 petenti
1428 5586 1480 5638 in
1513 5596 1629 5655 spe-

75 5652 199 5723 ςιεφ
237 5655 453 5723 annuit,
483 5665 538 5711 at
568 5652 880 5712 redeuntem
906 5671 1028 5711 cum
1055 5656 1294 5710 exercitu
1326 5670 1424 5710 suo
1450 5654 1634 5710 occul-

78 5716 456 5859 (Exsecutus,
487 5724 692 5785 Italiam
733 5728 910 5786 subito
933 5729 1214 5799 occupavit
1254 5725 1507 5800 (Prosper
1540 5725 1635 5781 Pi-

1737 4726 1853 4789 iret,
1878 4735 1922 4779 et
1941 4734 2133 4778 arceret
2155 4723 2375 4776 dominis
2401 4722 2581 4777 tellure
2605 4736 2831 4776 reversos
2849 4761 2861 4783 ,
2885 4731 3135 4776 armatam
3165 4733 3336 4777 osten-

1739 4798 1807 4852 sis
1845 4797 2007 4850 aciem
2060 4795 2238 4865 fudere
2265 4795 2504 4865 ﬂagellis.

1824 4866 2013 4924 XXXI.
2037 4863 2106 4907 4—-
2124 4869 2141 4899 ¹
2158 4866 2211 4920 Ν
2216 4863 2639 4939 egligjentissimns
2658 4865 2892 4939 vernula.
2916 4864 3123 4939 Nempe
3166 4863 3337 4939 blatti-

1741 4956 1884 5007 mus,
1918 4955 2075 5009 quem
2114 4935 2546 4993 mox'st'atarium
2584 4937 2740 4991 lixam
2783 4935 3076 5009 Ausonius;
3110 4936 3332 5009 armige-

1738 5030 1854 5068 rum
1904 5006 2064 5065 lixam
2118 5011 2351 5079 appellat
2405 5011 2652 5064 Pacatns.
2702 5008 2863 5077 Atqui
2904 5008 3161 5079 Zosimus
3202 5006 3245 5079 Ιἶ
3282 5023 3334 5061 tv

1743 5077 2339 5139 MaximumTlteodos'ti
2385 5080 2806 5136 commilitonem
2840 5078 3005 5134 luisse
3034 5078 3183 5133 dicit.
3225 5077 3330 5131 Sed

1742 5171 1883 5224 quae,
1911 5164 1968 5208 ut
1991 5154 2098 5221 jam
2136 5168 2279 5220 s-rpe
2308 5152 2437 5218 dixi,
2492 5151 2615 5205 huic
2644 5152 2845 5224 ψειοηί
2882 5150 3017 5205 fides
3062 5163 3183 5204 esse
3236 5148 3332 5224 de:

1744 5221 1887 5281 beat.
1916 5225 2024 5280 Nisi
2049 5226 2185 5280 forte
2206 5225 2629 5278 commilitonem
2653 5221 2941 5276 Theodosii
2973 5231 3146 5283 voret,
3167 5222 3257 5291 qni
3281 5223 3332 5275 ei

1746 5297 2001 5366 pugnanti
2056 5296 2226 5351 inStar
2260 5296 2464 5350 calonis
2490 5303 2609 5366 Aaut
2638 5294 2899 5366 vernula:
2944 5292 3328 5366 uiittistrasset.

1748 5361 1980 5423 Vernula
2005 5379 2183 5422 autem
2214 5368 2257 5419 is
2285 5379 2389 5432 est,
2413 5364 2503 5436 qui
2530 5381 2592 5420 ex
2630 5363 2824 5418 famula
2857 5372 3033 5420 natus.
3060 5361 3132 5416 ita
3160 5365 3331 5433 glossa

1737 5442 1979 5496 editionis
2007 5438 2335 5493 Basilecnsis.

1813 5514 1833 5544 θ
1860 5510 2210 5581 Triumphalia
2253 5511 2352 5564 viri
2399 5509 2586 5581 ﬁlium.
2634 5503 2925 5559 Theodosii
2956 5516 3105 5575 pater
3144 5506 3333 5560 trium-

1742 5583 1918 5656 phalia
1952 5578 2223 5656 meruerat
2245 5590 2369 5656 post
2393 5578 2622 5656 Gottlios
2648 5586 2948 5646 superatos.

1817 5656 1838 5687 ³
1866 5654 1935 5710 Se
1954 5654 2208 5708 clientem.
2243 5652 2371 5707 Tua:
2399 5650 2635 5705 familiae.

1816 5726 1838 5757 ⁸
1881 5725 2032 5780 Orbis
2060 5734 2335 5779 extorrem.
2364 5723 2498 5791 Quia
2525 5736 2589 5776 ex
2611 5718 2780 5776 divisa
2805 5728 2931 5794 toto
2960 5718 3095 5778 orbe
3124 5719 3335 5777 Britan-

1744 5798 1830 5855 nia
1853 5806 1999 5856 esset
2023 5795 2283 5857 oriundus
