3950 6350
520 269 625 327 5η

1711 268 2146 329 TIIEODOSIUS
2185 270 2274 328 ET
2313 270 2652 331 PACATUS.

3671 274 3759 335 519.

516 386 788 459 publicam
829 400 989 443 manu
1019 401 1200 458 agere.
1234 385 1430 443 Hostes
1460 384 1732 442 venditem
1765 401 2006 458 Operam,
2042 386 2122 443 la—
2146 390 2202 451 Α
2236 389 2260 460 '_‘
2298 388 2562 448 XXXVII.
2605 389 2716 448 Nec
2747 392 2828 463 pia
2866 391 2878 424 ¹
2914 392 3170 448 Hzcmona
3201 395 3560 462 cunctantius,
3597 396 3674 452 ubi
3714 408 3758 457 te

517 491 757 538 ceratam
784 481 1016 550 Italiam,
1049 497 1204 554 spem
1245 481 1297 536 in
1331 481 1471 538 ferro
1501 481 1763 553 reliquam
1793 484 2118 554 Cogitantcs,

515 573 837 646 gladiatoria
905 573 1286 645 deSperatione
1330 591 1590 647 pugnare,
1665 589 1763 632 nec
1824 575 1991 648 gradu
2032 591 2122 634 ce-

516 666 666 732 dere,
699 666 794 722 sed
827 667 883 722 in
911 668 1142 739 vestigio
1170 677 1341 736 stare,
1374 669 1458 725 vel
1485 668 1705 724 cadere.

587 759 835 817 XXXVI.
864 763 930 816 At
963 761 1051 818 ubi
1081 762 1310 833 impulsa
1337 763 1505 828 acies,
1535 761 1794 833 fronsque
1836 762 2033 831 laxata,
2066 773 2122 820 et

513 853 532 885 ¹
566 851 760 909 fiducia
805 853 861 910 in
912 853 1076 925 pedes
1118 870 1271 912 versa
1309 864 1412 923 est,
1464 856 1543 911 ire
1591 855 1916 926 praecipites,
1960 864 2053 911 aut
2091 865 2118 893 α

509 948 672 1021 globo
699 949 907 1021 fugere,
939 959 995 1006 et
1023 965 1083 1007 se
1112 951 1340 1007 invicem
1385 949 1691 1007 festinando
1735 950 1972 1006 tardare.
2015 949 2120 1007 Ar-

511 1044 673 1110 mati,
707 1041 974 1112 inermes,
1005 1044 1233 1114 integri,
1269 1044 1470 1111 saucii,
1507 1043 1705 1116 primi,
1740 1044 2119 1116 postremique

511 1136 752 1192 misceri.
808 1137 963 1193 Miles
1007 1154 1198 1210 urgere
1240 1139 1488 1207 eminus,
1539 1139 1825 1208 cominus,
1882 1137 2114 1210 gladiis,

511 1230 721 1297 hastis,
771 1232 792 1262 ’
843 1233 1119 1302 punctim,
1167 1231 1351 1287 caesim
1395 1232 1579 1288 ferire.
1623 1231 1775 1288 Alii'
1825 1229 2118 1302 p0plitibus

508 1324 794 1380 imminere
817 1366 833 1392 ,
863 1324 958 1380 alii
987 1335 1132 1396 terga
1170 1325 1441 1396 conligere
1462 1365 1476 1389 ,
1507 1334 1602 1380 aut
1647 1338 1782 1396 quos
1812 1339 1976 1378 cursu
2008 1339 2115 1379 non

508 1429 759 1492 poterant
811 1420 828 1450 ³
879 1420 1227 1491 contingere,
1273 1416 1526 1489 jaculisb
1573 1432 1859 1488 occupare.
1906 1419 2112 1484 Arma',

509 1513 648 1579 tela,
677 1513 838 1584 equi,
869 1512 1117 1568 homines
1142 1554 1156 1579 ,
1200 1513 1316 1567 viva
1340 1555 1355 1578 ,
1390 1520 1666 1583 perempta
1690 1553 1706 1579 ,
1739 1526 1936 1582 prona,
1965 1509 2116 1581 supi-

510 1623 690 1680 naquc
717 1622 945 1679 corpora
975 1608 1174 1679 passim
1201 1651 1216 1676 ,
1249 1606 1334 1663 vel
1364 1607 1416 1662 in
1443 1605 1858 1678 acervojacerc.
1895 1604 1975 1659 Illi
1999 1619 2115 1659 mu-

508 1702 620 1758 tilis
642 1700 946 1773 excisisquc
969 1701 1225 1757 membris
1247 1742 1261 1767 ,
1285 1700 1492 1771 reliqua
1518 1700 1600 1756 sui
1627 1709 1778 1768 parte
1803 1697 2111 1768 fugiebant;

2224 482 2391 540 affore
2415 483 2718 540 nuntiatum
2742 527 2757 553 ,
2788 485 3034 557 impulsis
3064 484 3232 540 effusa
3263 487 3426 556 portis
3444 487 3640 543 obviam
3658 503 3762 559 pro-

2225 575 2447 643 volavit,
2479 585 2554 643 et,
2586 586 2645 632 ut
2670 586 2753 634 est
2791 593 2952 634 omne
2983 575 3306 633 desiderium
3340 589 3457 648 post
3500 594 3636 648 Spem
3675 581 3761 636 itn-

2223 669 2531 741 patientius,
2559 685 2748 741 parum
2779 670 3012 726 credens
3037 678 3223 740 patere
3250 670 3499 737 venienti,
3528 669 3762 728 festinavit

2221 778 2514 820 occursare
2544 773 2794 820 venturo.
2834 762 2852 802 ί
2883 763 3067 833 Fingit
3092 762 3310 833 quidem
3337 804 3350 828 ,
3393 772 3450 817 ut
3475 763 3764 829 scimus,ti—

2221 874 2338 913 mor
2368 858 2622 930 gaudium
2649 900 2662 923 ,
2696 857 2794 913 sed
2826 858 2897 910 ita
2927 857 3146 912 intimos
3199 855 3394 911 mentis
3429 854 3638 912 affectus
3663 872 3762 928 pro-

2220 949 2364 1005 ditor
2385 951 2564 1004 vultus
2588 959 2611 995 ε
2635 949 2913 1014 enuntiat,
2941 957 2997 1003 ut
3019 951 3070 1004 in
3100 947 3324 1018 speculo
3347 947 3589 1003 frontium
3616 947 3764 1020 imago

2220 1052 2366 1098 extat
2394 1043 2723 1097 animorum.
2760 1041 2915 1096 Velut
2945 1041 3034 1095 illa
3057 1040 3249 1096 civitas
3275 1055 3302 1094 a
3333 1040 3487 1112 longa
3517 1041 3764 1098 obsidione

2221 1135 2515 1206 reSpirans,
2544 1134 2688 1206 quod
2743 1135 2860 1190 cuin
2903 1146 3160 1206 tyrannus
3212 1134 3439 1204 Alpibus
3462 1133 3764 1204 obiacentem

2221 1238 2494 1300 tamquam
2515 1229 2642 1284 belli
2668 1229 2833 1284 limen
2855 1229 3156 1290 attriverat,
3183 1235 3332 1282 tanta
3360 1223 3527 1282 seetll
3547 1236 3643 1282 tam
3661 1227 3766 1284 sim-

2219 1322 2342 1393 plici
2383 1322 2717 1377 exultatione
2741 1321 3002 1393 jactabat,
3035 1331 3092 1377 ut
3137 1321 3188 1377 ni
3230 1331 3379 1377 esset
3407 1337 3529 1377 vera
3571 1323 3763 1392 laetitia,

2218 1415 2381 1472 nimia
2413 1416 2708 1472 videretur.
2763 1415 3032 1472 Ferebaut
3072 1431 3132 1470 se
3180 1415 3358 1471 obvia:
3399 1415 3765 1487 tripudiantium

2216 1519 2466 1566 catervae.
2495 1508 2698 1565 Cuncta
2728 1521 2911 1576 cantu,
2936 1518 2993 1564 et
3018 1512 3037 1541 ³
3060 1509 3285 1565 crutalis
3309 1510 3669 1582 personabant.
3689 1511 3767 1568 llic

2218 1603 2314 1658 tibi
2345 1604 2674 1678 triumphum
2699 1604 2928 1672 chorus;
2962 1605 3054 1661 ille
3075 1614 3267 1660 contra
3295 1615 3522 1676 tyranno
3551 1604 3766 1662 funebres

2217 1698 2238 1729 ³
2270 1699 2475 1754 nrenias
2518 1707 2574 1755 et
2597 1715 2820 1755 carmen
2853 1699 3143 1770 exequiale
3190 1699 3432 1754 diccbat.
3493 1699 3582 1754 llic
3609 1714 3768 1770 perpe-

507 1793 560 1849 hi
592 1793 836 1850 dolorem
865 1793 1148 1850 vulnerum
1180 1792 1588 1863 sequebantur;
1619 1791 1708 1847 isti
1745 1802 1765 1829 c
1797 1800 1999 1846 mortes
2026 1805 2113 1848 re-
2143 1796 2188 1856 Β
2219 1801 2368 1848 tuum
2398 1793 2554 1849 victis
2584 1793 2823 1858 abitum;
2859 1793 2951 1849 ille
2980 1793 3284 1848 victoribus
3311 1792 3558 1849 crebrum
3584 1793 3766 1865 optabat

505 1895 691 1958 ceptas
722 1885 775 1941 in
805 1885 971 1942 silvas
992 1929 1005 1953 ,
1037 1894 1093 1942 et
1119 1884 1340 1942 flumina
1371 1883 1710 1942 deferebant.
1743 1883 1854 1941 Illic
1893 1894 2108 1956 postre-

505 1994 655 2035 mum
695 1979 944 2049 Spiritum
993 1980 1045 2034 in
1093 1979 1450 2036 admiratione
1497 1978 1729 2034 nominis
1766 1979 1879 2045 tui,
1924 1988 1979 2035 et
2025 1979 2109 2035 sui

506 2071 661 2129 ducis
691 2071 1052 2128 detestatione
1083 2071 1398 2128 fundebant.
1436 2071 1774 2144 Nullus_lini's
1818 2072 2060 2128 caedendi
2090 2114 2106 2140 ,

504 2165 934 2238 insequendique
951 2207 965 2235 ,
993 2166 1093 2221 nisi
1117 2165 1476 2222 subtraxisset
1500 2165 1792 2237 aliquando
1812 2165 2108 2222 victoribus

505 2274 656 2315 mors
682 2259 892 2316 hostem
916 2304 930 2327 ,
964 2271 1018 2316 et
1047 2275 1153 2316 nox
1181 2260 1346 2316 diem.
1378 2261 1449 2315 At
1477 2270 1680 2330 quanto
1711 2261 1904 2316 melius
1927 2257 1954 2296 ἀ
1987 2275 2106 2318 ma-

505 2367 606 2407 nus
635 2351 722 2407 illa
742 2353 1044 2420 consuluit,
1068 2369 1189 2426 quae
1213 2354 1501 2410 submissis
1525 2355 1865 2426 precabunda
1895 2353 2109 2410 vexillis

505 2446 661 2518 petiit
684 2447 705 2478 "
733 2447 944 2502 veniam
973 2447 1333 2516 necessitatis,
1365 2457 1421 2502 et
1449 2456 1647 2504 terram
1671 2448 1727 2503 in
1758 2446 1956 2503 osculis
1988 2461 2109 2516 pre-

505 2554 660 2596 mens
705 2540 965 2596 calcanda
992 2551 1014 2579 ε
1045 2541 1287 2612 vestigiis
1318 2541 1424 2597 tuis
1452 2556 1680 2613 corpora
1719 2549 1774 2598 et
1802 2555 1950 2596 arma
1984 2555 2106 2611 pro-

497 2635 670 2708 jecit?
695 2635 865 2706 Quam
900 2647 954 2691 tu
986 2652 1091 2692 non
1123 2637 1388 2709 superbe,
1430 2648 1490 2693 ut
1521 2638 1747 2704 victam,
1796 2653 1900 2692 non
1932 2637 2066 2693 irate
2089 2679 2104 2706 ,

505 2739 565 2785 ut
591 2745 774 2796 ream,
807 2745 914 2786 non
957 2730 1325 2802 negligenter,
1377 2742 1434 2786 ut
1470 2747 1658 2803 parum
1701 2733 2104 2799 necessariam,

506 2825 792 2895 praeteristi
818 2867 833 2888 .
865 2826 960 2881 sed
995 2825 1188 2882 blande
1235 2826 1638 2897 liberaliterque
1685 2837 1964 2884 tractatam
1991 2827 2108 2898 jus—
2137 2851 2140 2853 λ

505 2914 626 2985 sisti
653 2931 776 2972 esse
806 2917 1130 2974 Romanam.
1157 2918 1467 2990 Iunguntur
1487 2921 1630 2976 socia
1655 2922 1867 2992 agmina
1887 2964 1899 2984 .
1934 2933 1987 2977 et
2005 2920 2108 2977 sub

506 3023 616 3065 uno
657 3010 833 3080 capite
879 3010 1093 3069 diversa
1141 3013 1450 3085 reipublicae
1487 3016 1726 3071 membra
1771 3015 2102 3072 coalescunt.

505 3100 681 3157 Ambo
711 3103 823 3174 pari
853 3105 1051 3174 gaudio
1079 3107 1333 3163 feruntur
1359 3108 1658 3165 exercitus.
1693 3108 1791 3166 Hic
1813 3125 1978 3182 opera
2008 3125 2106 3167 sua

499 3193 731 3265 gaudet,
761 3195 849 3253 hic
879 3199 1068 3266 venia,
1098 3209 1323 3272 uterque
1353 3201 1600 3257 victoria.

2213 1885 2528 1943 adventum.
2573 1886 2690 1943 .Iam
2722 1903 3064 1960 quocumque
3108 1889 3334 1943 tulisses
3361 1888 3578 1960 gradum
3607 1890 3765 1959 sequi,

2214 1979 2664 2044 circumcursare,
2701 1979 3046 2050 praecedere;
3073 1981 3186 2035 vias
3217 1980 3478 2051 denique,
3510 1981 3686 2052 quibus
3707 1981 3768 2036 fc—

2213 2071 2441 2136 rebaris,
2471 2072 2779 2128 obstruere.
2813 2072 3000 2160 Nullus
3027 2073 3285 2142 cuiquam
3312 2073 3394 2128 sui
3426 2073 3565 2128 tuive
3589 2089 3768 2144 respec-

2214 2177 2297 2223 tus
2326 2167 2579 2223 blandam
2611 2166 2704 2222 tibi
2732 2165 2966 2223 faciebat
2994 2166 3249 2237 injuriam
3285 2166 3646 2223 icontumacia
3663 2183 3764 2239 gau-

2211 2264 2447 2320 diorum.
2518 2263 2657 2333 Quid
2736 2277 2838 2334 ego
2892 2261 3124 2318 referam
3170 2263 3182 2313 i
3223 2277 3324 2333 pro
3378 2263 3637 2319 mtenibus
3675 2263 3765 2318 suis

2213 2359 2406 2414 festum
2441 2359 2631 2412 liberae
2661 2355 2957 2412 nobilitatis
2976 2370 3291 2424 occursum,
3313 2357 3625 2429 conspicuos
3643 2367 3764 2412 veste

2211 2453 2371 2507 nivea
2403 2460 2684 2508 senatores
2710 2492 2724 2516 ,
2778 2450 3105 2507 reverendos
3143 2451 3165 2481 "
3207 2452 3521 2523 municipali
3568 2467 3764 2523 purpura

2210 2544 2476 2611 flamines,
2496 2547 2516 2576 ⁵
2535 2545 2773 2616 insignes
2801 2544 3042 2615 apicibus
3063 2545 3426 2602 sacerdotes?
3455 2547 3586 2617 Quid
3615 2555 3764 2617 portas

2211 2641 2514 2712 virentibus
2541 2642 2702 2696 sertis
2727 2640 3062 2695 coronatas?
3090 2639 3231 2709 Quid
3262 2639 3290 2678 ιι
3320 2641 3507 2697 aulaeis
3535 2641 3763 2697 undantes

2211 2735 2438 2806 plateas,
2487 2735 2838 2804 accensisque
2876 2733 3143 2790 funalibus
3183 2744 3407 2789 auctum
3435 2733 3608 2790 diem?
3652 2732 3762 2801 Quid

2209 2829 2435 2886 effusam
2469 2829 2520 2883 in
2551 2827 2825 2900 publicum
2850 2827 3062 2882 turbam
3086 2827 3107 2858 ⁸
3126 2827 3464 2897 domorum,"
3479 2829 3765 2901 gratulantes

2209 2925 2370 2979 annis
2399 2937 2579 2988 senes,
2611 2935 2808 2992 pueros
2866 2920 2959 2976 tibi
2995 2921 3210 2993 longam
3241 2923 3559 2978 servitutem
3599 2935 3764 2977 voven-

2212 3024 2314 3084 tes,
2343 3023 2550 3080 matres
2596 3014 2786 3080 ltetas,
2842 3011 3190 3084 virginesque
3245 3015 3509 3070 securas?
3558 3013 3766 3070 Nondum

2207 3123 2371 3165 omne
2396 3107 2713 3164 confeceras
2740 3105 2962 3172 bellum,
2978 3106 3090 3176 jam
3118 3106 3326 3177 agebas
3350 3108 3684 3180 triumphum.

2131 3195 2176 3257 C
2283 3200 2570 3260 XXXVIII.
2612 3199 2729 3258 Ibat
2767 3199 2988 3256 interim
3016 3198 3306 3270 Maximus,
3335 3215 3399 3258 ac
3427 3211 3479 3259 te
3513 3209 3625 3274 post
3646 3210 3764 3270 terga

1865 3297 2443 3360 INTERPRETATIO.

568 3396 592 3424 α
633 3386 952 3445 Turmatim.

572 3457 600 3498 ι)
639 3457 891 3532 Assequi.

577 3544 598 3608 τ
642 3532 906 3608 acceptas
925 3532 1155 3590 Iethales
1180 3534 1383 3608 plagas.

572 3604 601 3645 ὰ
645 3601 823 3657 Turba
854 3604 965 3660 illa.

578 3687 602 3715 e
641 3671 932 3732 Gressibus
973 3676 1099 3732 tuis.

578 3745 599 3786 ί
641 3743 906 3803 Lzetitiam
937 3749 1195 3806 simulare
1221 3759 1420 3822 potest.

2281 3407 2306 3446 ε
2348 3393 2571 3451 Indicat.

2279 3466 2308 3506 ¹ι
2347 3467 2478 3522 Tam
2511 3479 2618 3521 non
2650 3463 2850 3520 fucata.

2286 3540 2302 3578 ί
2346 3536 2681 3608 Significatio
2708 3536 2907 3592 Itelitite
2933 3536 3099 3593 nimis
3125 3536 3429 3595 obstinata.

2281 3611 2295 3662 t'
2344 3610 2427 3666 Ad
2457 3609 2676 3665 mcenia.

2277 3683 2306 3721 ιί
2345 3683 2576 3740 Ornatas
2605 3679 2933 3738 undantibus
2964 3679 3198 3752 tapetis.‘

2015 3843 2248 3903 ΝΟΤιΕ.

573 3956 814 4034 XXXVI.
837 3990 909 4001 -—
936 3961 950 3992 ¹
982 3959 1206 4034 Fiducia
1228 3963 1282 4016 in
1312 3962 1462 4034 pedes
1491 3978 1634 4018 versa
1661 3972 1754 4019 est.
1785 3964 1862 4019 Ac
1883 3977 2008 4033 spes
2049 3963 2100 4018 in

497 4027 618 4106 lyga
665 4031 788 4106 poni
821 4041 996 4106 empta
1033 4043 1135 4088 est.
1165 4027 1460 4106 iSum'ptum
1503 4034 1633 4090 illud
1671 4050 1739 4090 ex
1780 4027 2103 4106 panegyrico

498 4101 872 4170 Constantini,
912 4101 1136 4160 auctore
1163 4101 1418 4167 Nazario,
1453 4123 1506 4160 η.
1533 4106 1605 4160 28
1627 4149 1642 4172 ,
1682 4107 1769 4161 ubi
1781 4101 2102 4161 'relaiavcrit

497 4173 656 4248 acies,
685 4184 773 4229 aut
802 4179 946 4244 frons
964 4177 1188 4248 impulsa
1209 4177 1522 4243 titubaverit,
1554 4177 1748 4248 ﬁducia
1776 4195 2018 4232 manuum
2047 4179 2100 4232 iu

502 4246 657 4318 pedes
685 4262 830 4302 uersa
858 4258 955 4303 est.

571 4320 591 4350 ²
629 4317 889 4388 Punctim,
923 4321 1297 4394 cwsintrferire.
1325 4320 1481 4394 Modo
1509 4321 1786 4394 cuspidem
1832 4322 2094 4377 intentan-

499 4397 602 4453 tes,
647 4394 810 4464 modo
855 4400 1019 4449 totam
1065 4393 1226 4463 gladii
1278 4393 1473 4450 molem
1502 4393 1777 4450 vibrantes
1823 4409 1971 4464 :qua
2023 4394 2100 4447 lo-

497 4462 711 4535 quendi
741 4463 962 4519 formula
999 4462 1222 4520 utuntur
1249 4464 1436 4520 Livius
1463 4476 1518 4521 et
1548 4465 1822 4534 Vegetius.
1871 4462 2099 4535 Ipsaque

499 4533 662 4615 cessit
704 4534 754 4586 in
787 4537 1150 4603 proverbium,
1186 4552 1283 4607 pro
1321 4553 1387 4592 eo
1411 4537 1556 4609 quod
1585 4533 1672 4594 est
1713 4541 1834 4592 totis
1863 4533 2058 4592 viribus
2080 4579 2095 4604 ,

501 4618 738 4677 aututgue
754 4616 951 4677 conatu
979 4624 1087 4662 rem
1107 4625 1277 4677 agere.

2209 3957 2472 4016 Balduino
2500 3957 2712 4014 videtur
2745 3957 2794 4032 id
2827 3956 2893 4014 de
2921 3957 3166 4032 Aquileia
3198 3961 3316 4031 ipsa
3357 3960 3768 4032 intelligendum,

2210 4033 2298 4088 ubi
2347 4041 2678 4100 postremum
2723 4031 2896 4086 victus
2925 4039 3009 4086 est
3037 4030 3323 4089 Maximus.
3375 4034 3482 4090 Sed
3511 4030 3640 4089 male
3677 4046 3769 4087 mea

2208 4103 2422 4176 quidem
2451 4103 2737 4176 sententia.

2279 4179 2298 4207 ²
2333 4173 2574 4229 Crotalis.
2623 4174 2897 4229 Crotalum
2928 4182 3045 4230 erat
3083 4176 3483 4246 crepitaculum
3513 4193 3576 4234 ex
3620 4177 3767 4246 ligno,

2207 4263 2347 4313 tere,
2381 4247 2552 4301 aliave
2574 4247 2798 4301 materia
2825 4248 2898 4302 ita
2925 4249 3310 4303 concinnatum
3337 4292 3352 4316 ,
3384 4259 3443 4304 ut
3471 4249 3671 4306 efficere
3702 4261 3771 4300 so-

2206 4335 2333 4374 num
2380 4327 2564 4394 posset
2609 4333 2769 4372 manu
2796 4317 3052 4394 pulsum.
3084 4319 3304 4376 Crotala
3347 4320 3495 4378 dicta
3538 4329 3654 4376 sunt
3690 4319 3770 4375 ἀπὸ

2202 4399 2292 4448 τοῦ
2322 4393 2522 4460 κρούειν
2550 4404 2579 4444 a
2606 4388 2976 4460 percutiéndo.

2275 4463 2296 4495 ³
2338 4462 2574 4517 Narniae.
2607 4462 2972 4533 Quintilianus
3015 4462 3054 4517 I.
3087 4478 3214 4527 vrtt,
3242 4478 3296 4518 c.
3327 4463 3366 4518 2
3412 4483 3425 4518 :
3477 4462 3678 4519 Carmen
3705 4465 3772 4533 [ι-

2199 4534 2353 4590 nebre
2392 4533 2598 4605 proprie
2624 4532 3006 4605 meniaidicitur
3027 4576 3040 4600 ,
3071 4550 3100 4589 a
3131 4540 3329 4592 νείατον
3367 4538 3630 4592 ultimum.
3669 4534 3774 4590 Erat

2201 4607 2345 4663 enim
2379 4603 2626 4660 ultimum
2672 4604 2815 4674 quod
2853 4603 3122 4661 defunctis
3165 4617 3492 4672 caneretur,
3524 4609 3588 4662 ad
3618 4607 3770 4662 tibiam

574 4672 594 4703 ³
623 4673 917 4761 rapiamus
964 4672 1245 4735 imminEre.
1301 4680 1432 4738 Tale
1479 4680 1610 4738 illud
1661 4679 1867 4739 Horatii
1917 4680 1952 4736 l.
2002 4696 2096 4748 III,
2127 4676 2592 4761 Dantecagaver
2624 4672 3141 4761 sepultum-ﬁoran
3176 4678 3214 4734 1ο
3251 4694 3322 4761 ιι,
3357 4680 3449 4735 od-
3481 4679 3592 4736 θοι
3627 4676 3773 4760 Aid“

499 4743 588 4800 od.
623 4745 658 4800 4
684 4765 698 4802 :

626 4863 758 4934 Mors
773 4869 825 4916 et
846 4863 1071 4934 fugacem
1094 4869 1409 4934 persequitur
1426 4873 1601 4934 virum,

686 4927 972 5000 lgeeparcit
997 4927 1207 5000 imbellis
1223 4927 1443 4994 juventae

691 4990 982 5054 Poplitibus,
1009 4990 1239 5046 timidové
1265 5001 1428 5059 tergo.

500 5170 539 5225 ι,
572 5097 593 5129 ’⁵
623 5096 944 5172 Contingere.
978 5101 1056 5156 Ita
1104 5102 1331 5158 restituo
1369 5118 1492 5159 cum
1519 5101 1751 5160 Grutero
1779 5146 1792 5170 ,
1837 5119 1934 5176 pro
1979 5121 2104 5160 con-

522 5185 680 5224 mere.

522 5185 680 5224 mare.

574 5242 595 5272 ⁵
635 5240 1206 5320 Vettiamuecessitatis.
1237 5245 1536 5302 Postulavit
1558 5247 1762 5318 ignosci
1793 5247 1926 5316 sibi,
1954 5248 2102 5320 quod

399 5380 406 5384 τ
502 5316 828 5389 necessitate
861 5317 1089 5389 impulsa
1121 5327 1307 5389 contra
1343 5327 1395 5372 te
1427 5316 1735 5389 pugnasset.

575 5383 668 5460 XX
681 5385 819 5460 XVII
830 5383 1376 5460 .—"Ha2mona.7Urbs
1390 5383 1688 5460 A'qu'ileiam
1701 5406 1766 5446 ex
1781 5391 1912 5446 urbe
1927 5390 2099 5448 Siscia

501 5457 745 5512 tendenti
760 5459 810 5512 in
827 5460 1018 5514 itinere
1033 5459 1193 5515 hodie
1206 5457 1468 5515 Laubach.
1499 5461 1794 5517 Rhenanus
1813 5478 1942 5517 vero
1955 5474 2100 5519 errat

502 5536 560 5605 ut
587 5527 860 5605 Livineius
891 5540 1038 5588 recte
1068 5532 1318 5605 advertit,
1343 5547 1465 5605 cum
1490 5547 1589 5605 pro
1617 5532 1871 5588 meomz
1885 5535 2098 5605 reponit

504 5597 745 5656 Narona.
793 5601 926 5658 Nam
957 5603 1231 5676 quomodo
1257 5597 1594 5676 Theodosius
1615 5597 2098 5676 ,exercitum'pro-

503 5685 823 5747 pAeratttem,
856 5688 912 5730 ut
951 5678 1122 5746 spatio
1165 5677 1294 5732 lucis
1332 5679 1484 5732 unius
1521 5675 1740 5747 Illyrico
1783 5679 2100 5734 continuaret

509 5741 817 5824 Aquileiam
838 5741 989 5824 _(sic'
1014 5749 1248 5820 loquitur
1276 5748 1536 5824 Bacehis)
1566 5741 1888 5824 longissimo
1930 5760 2099 5824 tractu

513 5818 660 5868 rcwo
688 5826 808 5887 agat
837 5818 890 5872 in
923 5818 1097 5876 imum
1119 5835 1256 5892 pene
1288 5818 1582 5892 Illyricum,
1614 5818 1702 5877 ubi
1733 5821 1819 5878 est
1845 5818 2102 5878 Narona?

2206 4751 2352 4804 inani
2411 4753 2593 4822 funere
2647 4750 2829 4804 mania:
2848 4791 2864 4816 ,
2913 4747 3205 4822 Luctusque
3251 4760 3430 4822 turpes
3459 4762 3506 4807 et
3555 4749 3774 4822 querimo-

2208 4823 2310 4878 niae
2332 4864 2347 4888 ,
2377 4831 2482 4878 etc.

2280 4893 2302 4924 ‘
2329 4892 2638 4962 Municipati
2667 4908 2896 4962 purpura
2920 4894 3178 4963 ﬂamines.
3214 4894 3437 4952 Videtur
3463 4911 3523 4952 ex
3556 4894 3650 4950 hoc
3676 4892 3774 4946 loco

2209 4965 2587 5020 nonnullarum
2637 4963 2913 5020 civitatum
2963 4964 3208 5022 flamines
3255 4967 3513 5024 habuisse
3545 4966 3626 5036 jus
3668 4977 3772 5035 pur-

2249 5053 2378 5091 "NB.

2207 5050 2576 5190 malaeque;
2602 5107 2856 5190 apicibus.
2883 5107 2941 5163 Id
2967 5117 3051 5164 est
3071 5151 3092 5190 _,
3124 5110 3363 5190 insigpili
3395 5109 3549 5180 Ρίίθίε
3578 5110 3626 5165 in
3665 5120 3774 5190 “9‘”

2209 5196 2332 5236 men
2361 5179 2764 5253 desinentibus,
2813 5194 2950 5251 quos
2993 5182 3115 5253 quia
3163 5179 3356 5236 aestivo
3398 5179 3636 5253 tempore
3662 5179 3774 5234 citra

2205 5252 2506 5323 molestiam
2555 5251 2696 5323 ferre
2727 5265 2830 5306 non
2874 5251 3120 5320 poterant
3141 5295 3154 5312 .
3187 5263 3243 5309 et
3270 5253 3430 5308 nudis
3461 5252 3662 5323 penitus
3701 5262 3775 5323 ca-

2207 5325 2404 5398 pitibus
2450 5321 2700 5398 incedere
2735 5319 2888 5377 nefas
2917 5333 3071 5398 erat,
3126 5324 3215 5379 filo
3257 5319 3558 5398 religarunt
3597 5343 3611 5380 :
3655 5319 3773 5376 unde

2205 5395 2447 5450 flamines
2477 5393 2606 5448 dieti
2637 5403 2780 5456 sunt,
2813 5394 2968 5464 quasi
2999 5397 3280 5452 tilamines.

2276 5467 2296 5497 ³
2339 5465 2642 5519 Domorum.
2675 5465 2732 5518 Id
2763 5460 2867 5532 est,
2901 5465 3125 5523 effusam
3157 5483 3186 5523 e
3212 5467 3464 5523 domibus
3507 5460 3774 5522 multitudi-

2205 5554 2349 5593 nem.
2384 5536 2562 5605 Aliqui
2595 5535 2780 5604 legunt
2803 5536 3076 5595 bonorum.
3104 5539 3162 5596 In
3189 5539 3302 5594 aliis
3333 5539 3654 5595 editionibus
3685 5547 3771 5588 vox

2203 5608 2297 5684 illa
2323 5611 2480 5684 plane
2503 5609 2844 5684 expungitur.
3094 5683 3105 5684 γ
3431 5683 3439 5684 ί
3470 5683 3476 5684 γ
3724 5673 3736 5684 ,

2278 5679 2670 5754 Γϐναιαιαηιεε
2708 5681 2830 5754 anni
2861 5699 3034 5754 senes.
3084 5683 3272 5739 Simile
3316 5683 3566 5754 quiddam
3605 5685 3685 5754 est
3709 5679 3768 5754 In

2205 5751 2363 5808 Plinii
2395 5767 2674 5835 paneg..n.
2710 5751 2780 5807 22
2807 5771 2820 5808 :
2856 5753 2928 5809 Te
2947 5757 3149 5829 parvuli
3171 5748 3376 5814 noscere
3397 5797 3414 5826 ,
3438 5752 3676 5812 attentare
3691 5748 3770 5818 ju-

2205 5839 2354 5880 venes
2377 5865 2391 5894 ,
2423 5825 2605 5880 mirari
2631 5841 2810 5894 senes,
2841 5825 2949 5883 etc.
