3950 6350
218 281 321 337 515

1096 276 1579 341 PANEGYRICUS
1616 277 1869 340 PACATI
1906 279 2295 342 THEODOSIO
2334 283 2597 345 DICTUS.

3412 287 3518 346 5M

215 406 533 464 respectans
589 396 640 452 iu
687 395 907 454 modum
956 400 1189 455 amentis
1245 400 1509 456 attonitus
1535 400 1808 456 avolabat.
1838 401 1884 463 Α
1919 416 2057 472 pene
2087 401 2341 468 dixerim,
2374 403 2488 459 sole
2522 401 2748 473 positus,
2781 401 2957 473 spatio
3011 401 3148 459 lueis
3200 401 3406 460 uniusi
3446 404 3517 460 ll-

213 488 320 543 Nec
350 490 518 544 ullum
544 488 637 546 ille
661 490 971 559 consilium,
1006 492 1237 547 ullamve
1262 493 1557 557 rationem,
1590 501 1683 547 aut
1712 493 1808 548 de-

212 583 374 651 nique
402 598 580 653 spem,
607 600 728 655 qua:
759 585 773 616 ¹
806 594 1077 655 postrema
1109 585 1360 641 homines
1392 586 1627 655 deserit,
1660 596 1684 623 τι
1724 600 1812 642 se-

210 678 515 749 quebatur;
558 680 687 751 quin
728 681 876 752 ipsos
898 680 1001 737 via:
1047 680 1358 752 implicabat
1406 698 1652 749 errores,
1707 682 1809 739 etb

211 787 352 827 nunc
384 771 577 828 dexter
600 814 615 841 ,
656 782 751 828 aut
803 773 969 829 laevus
990 815 1003 838 ,
1036 788 1178 829 nunc
1206 774 1452 846 vestigiis
1481 776 1594 831 suis
1619 775 1811 830 obvius

208 865 476 922 incertum
503 868 606 923 iter
633 867 857 938 ancipiti
887 868 1112 939 ambage
1141 868 1386 925 texebat.
1435 869 1661 938 Quoties
1704 870 1809 925 sibi

208 958 382 1028 ipsum
415 971 667 1030 putamus
694 960 923 1026 dixisse,
957 963 977 991 ²
1005 977 1112 1032 quo
1145 961 1334 1030 fugio?
1377 963 1662 1019 Bellumne
1693 972 1811 1019 ten-

208 1050 332 1107 tabo
354 1052 380 1104 ἲ
412 1062 434 1090 ε
469 1052 538 1109 Ut
570 1069 729 1124 quem
758 1054 964 1109 viribus
992 1054 1119 1108 totis
1146 1054 1290 1111 ferre
1322 1070 1428 1111 non
1472 1055 1625 1125 potui
1658 1064 1810 1125 parte

205 1146 545 1201 sustineam!
578 1147 745 1216 Alpes
774 1145 984 1201 Cottias
1016 1141 1043 1182 ἀ
1074 1146 1388 1202 obserabo?
1420 1146 1440 1177 ³
1471 1146 1607 1213 Quia
1650 1146 1809 1202 Julia:

203 1239 564 1309 profuerunt!
601 1230 731 1296 Peto
775 1239 1055 1295 Africam?
1091 1255 1252 1309 quam
1304 1238 1554 1295 exhausi.
1595 1238 1807 1309 Repeto

200 1332 583 1389 Britanniam?
611 1349 774 1405 quam
822 1332 1042 1403 reliqui.
1076 1330 1254 1388 Credo
1301 1348 1387 1388 me
1436 1332 1664 1389 Galliae?
1694 1331 1805 1402 sed

204 1426 224 1456 ³
255 1427 469 1482 invisus
495 1442 637 1482 sum.
674 1425 944 1496 Hispaniae
975 1424 1297 1481 committo?
1324 1424 1418 1481 sed
1452 1436 1613 1479 notus
1653 1439 1796 1478 sum.

199 1519 338 1587 Quid
361 1534 494 1591 ergo
521 1518 737 1584 faciam,
764 1518 909 1573 inter
937 1532 1084 1572 arma
1107 1527 1160 1572 ct
1188 1516 1311 1572 odia
1343 1516 1593 1572 medius?
1623 1516 1669 1571 A
1694 1525 1805 1571 ter-

195 1631 263 1685 go
296 1628 515 1684 premor
543 1613 808 1679 hostibus,
840 1628 870 1667 a
898 1611 1079 1668 fronte
1106 1611 1445 1667 criminibus.
1470 1612 1523 1667 Si
1557 1626 1805 1666 morerer

198 1710 220 1741 ³
245 1723 528 1765 evaserant
550 1707 572 1760 ?
595 1706 702 1762 Sed
725 1721 852 1763 ecce
883 1717 904 1743 ε
932 1721 1032 1762 nec
1054 1706 1291 1760 animum
1315 1705 1565 1775 sequitur
1587 1718 1800 1770 manus,

1914 493 2085 565 lyrieo
2130 495 2469 550 continuavit
2500 494 2823 566 Aquileiam.
2871 494 3017 551 Niltil
3064 505 3245 552 tamen
3296 498 3517 553 sibimet

1912 588 2016 644 hoc
2062 589 2281 644 nomine
2312 590 2331 619 ’
2366 589 2671 652 vindicant,
2722 596 2777 643 et
2807 587 2852 643 si
2880 588 3097 660 quando
3138 587 3160 619 ³
3201 590 3510 645 mirantium

1912 680 2145 738 circulos
2185 680 2535 750 contrahunt,
2586 690 2679 737 aut
2720 681 2966 737 convivia
3021 692 3205 738 nostra
3258 698 3512 740 sermone

1912 773 2251 844 producunt,
2282 771 2310 811 ιι
2342 788 2560 844 operam
2588 789 2803 830 omnem
2834 790 2986 829 suam
3022 773 3127 832 fine
3153 775 3365 847 Alpium
3397 784 3511 832 ter-

1911 867 2395 935 minantes,deberi
2436 867 2538 923 sibi
2560 867 2802 923 abnuunt
2823 868 2971 923 illam
2990 868 3350 934 celeritatem,
3367 869 3510 939 quod

1911 970 2175 1030 expertes.
2198 960 2441 1016 laborum
2471 961 2788 1031 pervenisse
2816 977 2876 1017 se
2897 960 3153 1028 viderint,
3172 977 3278 1033 quo
3301 961 3380 1018 ire
3402 978 3509 1018 non

1910 1064 2213 1111 senserant.
2239 1054 2446 1126 Negant
2474 1054 2587 1111 imo
2608 1070 2668 1111 se
2685 1055 2801 1110 suis
2826 1063 3009 1111 vectos
3030 1070 3153 1111 esse
3168 1055 3512 1126 corporibus,

1910 1148 2004 1205 sed
2037 1158 2290 1221 tanquam
2323 1164 2423 1219 per
2447 1149 2660 1221 aliquas
2698 1148 2963 1220 imagines
3015 1150 3351 1205 somniorum
3404 1149 3512 1206 fer-

1909 1251 2097 1297 rentur
2122 1240 2144 1271 δ
2171 1242 2444 1308 absentes,
2481 1242 2781 1312 prtcbuisse
2803 1242 3141 1312 gestantibus
3173 1244 3347 1298 ventis
3373 1244 3508 1299 otio-

1908 1349 2092 1391 sorum
2142 1335 2441 1391 ministeria
2492 1334 2884 1391 membrorum.
2922 1335 2939 1372 1
2977 1335 3087 1391 Nec
3117 1335 3251 1393 fides
3283 1352 3503 1409 anceps.

1908 1426 2043 1482 Nam
2072 1426 2116 1482 si
2139 1427 2268 1482 olim
2300 1426 2476 1483 severi
2511 1426 2799 1484 credidere
2822 1428 3059 1497 majores
3083 1429 3102 1459 ⁵
3129 1426 3385 1487 Castoras
3414 1445 3506 1502 ge-

1908 1522 2107 1586 minos,
2125 1521 2433 1576 albentibus
2454 1521 2632 1591 equis,
2649 1530 2701 1575 et
2729 1521 2959 1576 stellatis
2981 1521 3228 1591 apicibus
3247 1522 3506 1593 insignes,

1909 1615 2187 1685 pulverem
2230 1629 2595 1683 cruoremque
2645 1613 3017 1670 Thessalicum
3068 1616 3224 1686 aquis
3276 1615 3506 1687 Tyberis

1906 1708 2189 1764 abluentes
2216 1750 2230 1775 ,
2275 1717 2329 1764 et
2376 1708 2654 1765 nuntiasse
2688 1708 2990 1774 victoriam,
3022 1718 3076 1764 et
3124 1719 3163 1746 ιιι
3212 1709 3506 1779 imputasse

197 1819 303 1859 nec
331 1818 552 1858 manum
578 1801 815 1872 gladius;
850 1800 1051 1855 labitur
1082 1799 1311 1864 ferrum,
1342 1797 1520 1853 tremit
1551 1798 1799 1861 demera,
1831 1796 1878 1857 Β
1908 1800 2178 1867 ntilitiam,
2230 1816 2329 1856 cur
2370 1816 2475 1856 non
2506 1810 2533 1837 ιι
2563 1811 2667 1856 tua:
2709 1802 3049 1874 publica:th
3090 1802 3340 1859 vindicta:
3367 1819 3502 1859 cou—

201 1895 221 1933 ί
253 1912 411 1951 mens
451 1894 669 1950 fatiscit.
702 1893 748 1949 Ο
796 1909 957 1965 quam
995 1892 1212 1948 difficile
1242 1901 1326 1947 est
1374 1890 1591 1947 miseris
1638 1889 1799 1945 etiam

192 1991 416 2061 perire!
476 1989 620 2061 Ergo
671 1997 732 2043 ut
776 1988 978 2044 clauste
1007 1986 1254 2042 cassibus
1292 1984 1422 2040 fera:
1451 1984 1683 2055 quarsito
1707 1982 1798 2038 diu

187 2084 364 2147 exitu,
392 2081 812 2153 desperatoque,
840 2080 1167 2144 consistunt,
1217 2086 1272 2134 et
1314 2092 1427 2148 pne
1457 2078 1653 2132 timore
1689 2092 1796 2131 non

187 2177 427 2249 fugiunt,
459 2178 530 2232 ita
560 2178 675 2243 ille,
705 2178 822 2248 ipso
852 2191 960 2246 quo
986 2175 1287 2247 agitabatur
1330 2182 1478 2229 metu
1502 2215 1516 2240 ,
1542 2172 1797 2244 alligatus

164 2269 243 2325 ~in
295 2270 553 2341 oppidum
593 2280 765 2327 semet
819 2270 1168 2340 Aquileiense
1197 2265 1542 2338 prmcipitat;
1578 2283 1683 2321 non
1739 2274 1795 2321 ut

188 2366 355 2422 vitam
384 2366 706 2423 defenderet
734 2363 1043 2421 resistendo
1071 2405 1087 2431 ,
1142 2362 1241 2419 sed
1296 2378 1364 2418 ne
1407 2376 1625 2432 ptenam
1683 2360 1796 2415 fru-

182 2461 420 2516 strando
474 2460 740 2516 dili'erret.
793 2460 1130 2529 Quamquam
1176 2473 1295 2527 qua:
1324 2465 1539 2528 poterat
1568 2456 1796 2511 ulterior

181 2570 313 2611 e~se
356 2553 591 2609 dilatio?
629 2568 751 2609 cum
786 2553 858 2609 ita
890 2552 1132 2622 vestigiis
1176 2551 1293 2621 ejus
1319 2564 1384 2605 ac
1414 2558 1566 2619 tergo
1593 2546 1794 2604 ardens

178 2649 347 2703 miles
380 2646 687 2709 insisteret,
738 2655 795 2700 ut
844 2659 982 2715 pene
1008 2658 1251 2709 omnem,
1296 2657 1418 2713 quze
1466 2649 1553 2697 est
1606 2648 1791 2697 secuta

178 2756 443 2813 pompam
468 2738 603 2793 ultio
635 2737 885 2794 festinata
918 2737 938 2767 ⁶
963 2737 1225 2808 percepit.

250 2831 507 2888 XXXIX.
550 2831 717 2887 Recte
747 2830 994 2901 profecto
1017 2840 1042 2877 κ
1060 2845 1318 2902 germana
1342 2829 1431 2884 illa
1453 2830 1468 2860 ¹
1496 2828 1788 2899 pictorum,

174 2936 580 2998 poetarumque
608 2933 921 2980 commenta
951 2965 964 2988 ,
1018 2922 1303 2978 victoriam
1336 2922 1545 2977 finxere
1580 2935 1787 2990 penua-

174 3033 291 3079 tam
326 3064 342 3088 ,
372 3020 399 3058 ιι
430 3022 573 3093 quod
615 3021 895 3077 hominum
955 3036 1077 3076 cum
1124 3019 1337 3076 fortuna
1385 3020 1632 3074 euntium
1684 3032 1791 3072 non

173 3129 378 3171 cursus
403 3124 507 3179 est,
538 3114 633 3170 sed
664 3115 899 3170 volatus.
946 3114 1043 3170 llle
1092 3114 1161 3169 ab
1191 3112 1386 3167 ultimo
1409 3111 1635 3166 orientis
1664 3111 1791 3165 sinu

1905 1893 2101 1949 fessam
2136 1893 2373 1963 aliquam
2405 1894 2729 1949 immortalis
2771 1894 2859 1951 dei
2891 1910 3076 1951 curam
3118 1906 3367 1965 putemus
3408 1911 3505 1951 an-

1905 1984 2123 2040 nixam?
2173 1985 2284 2040 Nisi
2334 1985 2477 2042 forte
2519 1986 2780 2056 majorem
2822 1986 2991 2041 divini
3037 1988 3236 2043 favoris
3278 2004 3501 2057 Operam

1902 2093 1990 2135 res
2029 2078 2270 2134 Romana
2313 2079 2571 2149 poscebat
2609 2079 2959 2135 Macedonico
3005 2081 3251 2153 augenda
3299 2097 3500 2153 regno,

1900 2186 2060 2243 quam
2102 2171 2386 2243 tyrannico
2431 2170 2716 2228 eximenda
2759 2172 3003 2228 servitio.
3050 2172 3165 2245 Ego
3206 2189 3366 2241 vero,
3410 2174 3499 2229 si0

1900 2264 2124 2320 cmleste
2174 2263 2410 2319 studium
2457 2278 2555 2333 pro
2601 2264 2860 2335 dignitate
2903 2278 3186 2320 causarum
3224 2267 3502 2321 mstiman-

1898 2355 2027 2411 dum
2059 2356 2157 2425 sit,
2186 2356 2310 2426 jure
2346 2355 2721 2412 contenderim
2766 2357 2977 2427 equites
3010 2359 3169 2413 tuos‘5
3201 2358 3451 2428 Pegasis,
3474 2361 3494 2392 ⁷

1900 2450 2162 2506 talaribus
2189 2451 2397 2521 pedites
2432 2457 2616 2507 vectos
2645 2465 2710 2506 ac
2736 2465 3032 2522 suspensos
3065 2452 3281 2509 fuisse.8
3308 2453 3495 2523 Neque

1898 2542 2044 2600 enim
2086 2545 2211 2615 quia
2251 2558 2312 2600 se
2338 2543 2515 2599 divina
2547 2545 2866 2600 mortalibus
2893 2544 3256 2616 dedignantur
3304 2545 3495 2611 fateri,

1896 2635 2102 2693 idcirco
2130 2652 2251 2707 quae
2277 2636 2391 2693 visa
2423 2653 2528 2692 non
2557 2638 2761 2693 fuerint
2788 2637 3153 2695 dubitavimus
3184 2640 3344 2707 facta,
3372 2656 3497 2697 cum

1895 2729 2035 2785 facta
2072 2729 2385 2795 videamus,
2433 2744 2556 2799 quae
2587 2729 3017 2787 dubitaverimus
3056 2746 3179 2787 esse
3224 2730 3498 2791 facienda.

1969 2822 2083 2878 XL.
2130 2833 2156 2872 Ρ
2197 2822 2437 2895 Anguste
2481 2823 2755 2880 fortunam
2803 2834 2983 2894 tuam,
3034 2826 3362 2896 Imperator,
3406 2843 3502 2884 ex-

1897 2916 2084 2988 pendit
2111 2916 2359 2988 quisquis
2386 2915 2440 2971 id
2485 2916 2553 2973 de
2582 2927 2636 2974 te
2676 2927 2915 2983 tantum,
2962 2919 3106 2988 quod
3137 2919 3254 2975 fieri
3284 2930 3497 2992 potest,

1895 3012 2090 3068 credit.
2124 3011 2206 3066 An
2237 3025 2370 3082 ego,
2400 3026 2522 3067 cum
2554 3011 2621 3067 ab
2649 3012 2880 3083 Alpibus
2910 3012 3067 3069 Juliis
3088 3016 3311 3071 otioso‘t
3342 3014 3500 3071 feria-

1897 3114 2060 3173 t0que
2096 3104 2241 3160 ferro
2278 3120 2386 3160 non
2417 3104 2658 3174 praelium
2692 3104 2859 3162 fuisse
2891 3106 3137 3172 videam,
3171 3108 3267 3164 sed
3302 3111 3495 3164 trium-

172 3206 456 3264 festiuatis
490 3206 775 3263 itineribus
812 3216 1001 3276 raptus
1032 3207 1334 3273 exercitus,
1391 3204 1405 3242 ί
1441 3213 1519 3259 tot
1552 3203 1782 3259 natioui-
1807 3202 1853 3266 C
1887 3199 2077 3269 phum,
2109 3197 2469 3254 dubitaverim
2506 3199 2652 3253 illam
2680 3200 2972 3272 specialem
3001 3201 3289 3272 quamdam
3318 3213 3339 3241 ι’
3373 3202 3497 3259 fcli-

152 3300 281 3357 bus
314 3300 711 3372 relinquendis,
737 3311 817 3357 tot
842 3301 1154 3358 fluminibus
1183 3300 1488 3364 euatandis,
1517 3308 1594 3355 tot
1625 3313 1784 3354 scan-

172 3394 379 3452 deudis
408 3396 688 3454 montibus
716 3396 990 3469 fatigatus,
1023 3397 1075 3453 in
1112 3397 1220 3453 alio
1246 3396 1402 3465 orbe,
1431 3402 1488 3452 et
1524 3393 1626 3450 sub
1652 3393 1781 3458 alio,

1889 3292 2069 3349 citatis
2097 3298 2202 3346 tuac
2232 3290 2437 3346 dixisse
2467 3290 2711 3346 militiam
2736 3293 2760 3345 ζ’
2786 3294 3000 3350 Scimus
3029 3294 3245 3366 quidem
3265 3336 3281 3363 ,
3312 3294 3487 3367 Impe—

1889 3395 2068 3451 rator,
2101 3384 2173 3440 ita
2214 3394 2267 3441 te
2293 3395 2487 3441 cuncta
2514 3385 2956 3456 administrasse,
2989 3398 3010 3425 ⁸
3040 3396 3097 3444 ut
3125 3404 3235 3447 non
3279 3391 3488 3463 possint

1552 3476 2136 3541 INTERPRETATIO.

246 3593 274 3619 ιι
320 3582 607 3651 Reliquam
640 3584 889 3641 habebat.

244 3653 274 3692 ι)
320 3655 484 3711 Modo
511 3657 562 3710 in
593 3658 751 3723 hanc,
780 3657 943 3712 modo
972 3657 1024 3711 in
1052 3656 1198 3713 illam
1228 3664 1438 3727 partem
1462 3652 1735 3713 ferebatur
1762 3695 1777 3719 ,

170 3727 598 3819 modo-vestigia
623 3744 719 3819 sua
747 3728 1044 3819 relegebat:
1371 3801 1404 3819 η
1683 3805 1695 3819 ,
1744 3796 1755 3809 .

248 3810 271 3872 αξ
307 3798 382 3872 yt
410 3800 496 3872 cui
520 3798 787 3872 fresistere
812 3798 936 3857 cum
968 3802 1177 3872 integro
1205 3801 1447 3857 exercitu
1475 3813 1579 3855 non
1609 3798 1778 3869 potui.

245 3867 273 3907 ἀ
307 3869 664 3927 Ριθτροιιιιιειπη.
878 3908 881 3911 ‹

252 3954 274 4017 ιζ
306 3940 419 4017 Nec
450 3945 717 4017 voluntati,
738 3960 931 4002 manus
961 3954 1136 4017 paret.

254 4012 536 4070 fAnimus
564 4014 767 4072 deficit.
961 4012 979 4017 ⁷
1096 4020 1097 4023 “
1153 4030 1156 4032 ⁷

247 4095 274 4161 ξς
309 4084 614 4161 Pictoribus
640 4098 692 4144 et
728 4088 905 4160 poetis
932 4089 1240 4145 communia
1276 4090 1548 4161 figmenta.

242 4154 272 4281 ξι
304 4157 464 4281 Qtuod
493 4159 690 4229 quibus
721 4154 865 4216 favet
893 4161 1105 4217 fortuna
1135 4177 1243 4218 non
1281 4154 1387 4216 tam
1426 4166 1591 4226 eunt,
1620 4172 1779 4230 quam

261 4245 333 4281 ειη
367 4272 381 4281 .

167 4239 381 4284 νοιειιιι.

246 4302 260 4338 ί
299 4300 408 4358 Τοι
436 4302 748 4375 regionibus
770 4304 1141 4378 peragrandis.

1966 3574 1979 3646 i
2024 3573 2113 3646 Ex,
2134 3572 2350 3646 Illyrico
2376 3576 2524 3630 venit
2552 3574 2878 3645 Aquileiam.

1964 3644 1990 3683 κ
2022 3644 2317 3715 Susceptos
2347 3664 2375 3700 a
2405 3663 2465 3703 se
2497 3644 2729 3705 labores.

1968 3715 1984 3755 1
2020 3717 2129 3773 Nec
2159 3717 2293 3773 fides
2321 3718 2549 3774 incerta.

1960 3799 1998 3828 ιη
2029 3791 2259 3863 Operam
2292 3790 2504 3847 dedisse
2534 3790 2792 3848 Romanis
2821 3792 2873 3849 in
2906 3808 2972 3850 eo
3001 3795 3209 3863 praelia.

1961 3870 1988 3897 η
2038 3860 2375 3918 Manifestam
2429 3872 2532 3919 tua:
2576 3864 2915 3937 publicaeque
2967 3860 3207 3925 vindictc
3283 3869 3491 3929 allaboo

1888 3949 2057 3992 rassc.

1960 4016 1984 4044 0
2019 4008 2251 4062 Deorum
2282 4005 2454 4063 favor.

1960 4090 1986 4129 ρ
2016 4078 2186 4134 Nimis
2215 4092 2375 4149 parce
2405 4078 2474 4135 de
2504 4087 2592 4135 tua
2618 4078 2873 4138 felicitate
2904 4081 3087 4139 sentit.

1965 4162 1991 4201 τι
2026 4149 2307 4206 Cessante.

1966 4232 1987 4259 ιτ
2031 4220 2284 4299 fortunae
2310 4223 2463 4299 quasi
2492 4222 2902 4299 tibimilitantis
2932 4225 3275 4299 obsequium.

1965 4303 1986 4331 ε
2034 4292 2106 4350 Ut
2134 4293 2348 4351 casibus
2375 4294 2509 4351 nihil
2535 4296 2755 4353 debeas.
3087 4292 3095 4341 ἶ

1719 4388 1952 4451 NOTAE.

243 4491 542 4548 XXXV-lu.
572 4524 643 4534 _
674 4495 690 4525 ι
718 4494 991 4551 postrema
1012 4494 1242 4551 homines
1263 4494 1471 4551 deserit.
1497 4490 1783 4557 Nomsme
1811 4492 1863 4555 ί)
1960 4482 1981 4513 ³
2038 4478 2977 4559 Miranlium‘circumstatura/runt.
2996 4482 3061 4540 Et
3087 4484 3372 4559 siquando
3402 4505 3490 4548 res

168 4563 375 4621 Tibulli
405 4566 705 4621 versiculus
734 4567 774 4622 l.
807 4584 842 4622 tr
861 4609 876 4634 ,
904 4568 1043 4638 eleg.
1074 4567 1107 4622 6
1142 4585 1156 4623 :

293 4659 428 4722 Spes
452 4658 604 4724 fovet,
632 4667 686 4712 et
708 4662 886 4712 melius
902 4673 1011 4711 cras
1033 4660 1140 4713 fore
1164 4674 1363 4725 semper
1383 4664 1464 4711 ait.

170 4739 335 4799 Plura
378 4760 445 4798 ex
478 4745 850 4802 selectissimis
896 4746 1205 4801 auctoribus
1247 4744 1302 4800 in
1350 4760 1515 4800 unum
1556 4741 1778 4813 collegit

169 4816 347 4869 Aldus
371 4815 643 4872 Manutius
672 4818 723 4872 in
752 4818 863 4873 suis
890 4818 955 4871 ad
986 4815 1274 4872 Catilinam
1309 4818 1468 4872 notis.

237 4890 259 4919 ³
295 4888 413 4955 Qua
446 4890 609 4961 fugio.
642 4888 747 4945 Pro
772 4906 873 4955 quo
898 4889 1134 4960 fugiam?
1160 4887 1233 4961 Ut
1262 4890 1459 4958 passim
1482 4887 1621 4959 apud
1645 4886 1773 4942 Tul-

168 4958 300 5014 lium
330 5001 346 5025 ,
379 4958 630 5031 quid'ago
658 4978 755 5029 pro
794 4958 916 5031 quid
937 4958 1310 5032 iagamiNota
1341 4970 1521 5016 autem
1554 4960 1769 5029 elegan-

169 5040 277 5086 tem
302 5041 357 5086 et
390 5032 587 5086 factum
619 5047 879 5100 expresse
903 5031 1116 5087 lllaitimi
1142 5031 1539 5102 dialogismum.

242 5104 263 5133 ³
295 5103 610 5181 ρηξαιιιιὶω
629 5105 951 5173 profuerunt.
981 5100 1309 5181 Eipwvtxéif
1328 5103 1494 5181 Julize
1515 5103 1657 5159 enim
1689 5100 1769 5157 ni-

164 5172 240 5229 hil
275 5172 635 5244 prrufuerant,
654 5190 853 5244 easque
885 5172 1199 5244 perruperat
1226 5174 1586 5231 Theodosius.

240 5246 261 5276 δ
319 5243 527 5301 Invisus
572 5263 707 5301 sum.
752 5243 978 5317 Propter
1028 5246 1343 5303 Gratianum
1399 5246 1763 5303 interfectum.

239 5318 260 5349 ⁵
294 5317 598 5372 Evaseram.
636 5319 761 5375 Haec
792 5320 930 5374 mala
961 5318 1277 5385 elfugeram.

240 5390 278 5473 ⁸.
296 5389 562 5461 Percepit.
594 5391 737 5462 Lege
766 5406 895 5465 cum,
931 5391 1176 5447 Acidalio
1211 5398 1268 5445 et.
1295 5390 1539 5447 Livineio
1571 5404 1765 5459 praece-

205 5473 320 5516 ent.

243 5532 862 5592 XXXIX—‘Pictorum
878 5579 892 5602 ,
909 5544 1290 5608 praeturamque,
1317 5535 1505 5606 Magna
1535 5532 1771 5608 pictores

169 5603 316 5662 inter
345 5615 603 5678 etpoetas
634 5608 889 5664 affinitas.
910 5603 1108 5664 'tlorat.
1148 5603 1216 5662 de
1244 5607 1377 5662 Arte
1408 5603 1555 5677 poet.
1588 5604 1686 5661 361
1712 5648 1726 5672 ,

517 5700 584 5751 Ut
610 5702 816 5764 pictura,
855 5702 1019 5766 poesis
1042 5701 1158 5761 (rit,
1177 5708 1273 5751 etc.

243 5794 264 5823 ι
319 5785 617 5840 l’indicant.
659 5785 873 5843 Nullam
921 5786 1023 5845 sibi
1053 5784 1265 5843 laudem
1294 5782 1364 5842 ob
1402 5782 1456 5840 id
1485 5782 1647 5840 tribui
1680 5795 1772 5838 vo-

168 5854 288 5915 lunt
314 5857 514 5915 milites
542 5858 636 5914 tui.

1886 4561 2066 4626 gestas
2097 4553 2403 4626 narrantia
2440 4553 2657 4609 circulis
2678 4596 2691 4618 ,
2716 4625 2720 4626 ν
2744 4569 2807 4610 ac
2834 4555 3066 4613 coetibus
3098 4553 3376 4616 hominum
3420 4563 3487 4618 ad

1885 4624 1982 4684 ρυε
2011 4641 2070 4705 se
2096 4624 2347 4680 audiendi
2392 4639 2553 4705 causa
2598 4625 2880 4705 confestim
2922 4630 3274 4702 certatimque
3312 4635 3491 4705 appli-

1883 4698 2121 4772 cantium
2151 4696 2467 4772 aquornodo
2492 4698 2632 4767 apud
2662 4697 2966 4765 Horatium,
2996 4696 3229 4758 canente
3266 4696 3449 4762 Alcaeo
3468 4748 3482 4772 ,

1881 4770 1918 4825 Ι.
1954 4786 2013 4833 ll,
2045 4768 2135 4843 ed.
2159 4769 2256 4843 15.
2289 4767 2504 4843 Pugnae
2534 4779 2585 4823 et
2611 4779 2819 4826 exactos
2850 4780 3098 4843 tyrannos
3125 4772 3355 4831 Densum
3391 4767 3489 4832 hu;

1879 4843 2034 4897 meris
2066 4841 2189 4895 bibit
2218 4856 2343 4895 aure
2378 4840 2581 4912 vulgus.

1949 4934 1970 4965 ⁵
2012 4933 2293 5009 ‘Absentes.
2320 4930 2490 5009 Forte
2532 4933 2863 5004 obsequentes
2903 4944 2963 4992 ut
3002 4938 3344 5009 suSpicantur
3388 4940 3485 4997 Li-

1880 5004 2093 5060 vincius
2120 5013 2175 5059 et
2202 5004 2495 5059 Acidalius.

1950 5087 1971 5117 ⁵
2016 5085 2257 5141 Castores
2295 5086 2546 5156 geminos.
2577 5085 2632 5140 ld
2661 5094 2777 5153 est,
2810 5086 3091 5146 Castorem
3124 5098 3181 5147 et
3205 5090 3480 5150 Pollucem

1875 5160 2070 5214 fratres
2097 5156 2357 5228 gemellos
2386 5172 2452 5213 ex
2484 5156 2629 5213 Leda
2659 5166 2715 5213 et
2738 5158 2891 5216 Jove.

1949 5251 1969 5281 δ
2010 5248 2246 5321 Pegasis.
2279 5249 2354 5304 De
2384 5249 2591 5321 Pegaso
2622 5260 2904 5321 poetarum
2953 5252 3147 5311 fabulis
3198 5257 3484 5316 notissimo

1874 5336 2334 5391 supervacaneum
2368 5330 2452 5376 est
2479 5322 2685 5378 dicere.

1946 5404 1965 5483 7
2009 5401 2299 5483 Ταέανίὸω.
2336 5401 2441 5483 _Pe_r
2468 5403 2669 5483 talaria
2687 5403 2939 5483 intelligit
2967 5405 3105 5476 alas,
3137 5423 3272 5479 quas
3304 5409 3356 5465 in
3388 5427 3484 5483 pe-

1824 5524 1829 5527 .
1873 5472 2036 5530 dibus
2070 5474 2306 5545 Pegasus
2336 5473 2593 5529 habuisse
2619 5474 2836 5530 dicitur.

1948 5568 1970 5599 ⁸
2010 5564 2193 5637 Neque
2216 5565 2372 5622 enim.
2407 5566 2619 5622 Etenim
2644 5583 2764 5623 cmn
2797 5567 2976 5623 divina
3004 5571 3329 5629 mortalibus
3353 5590 3481 5632 ocu-

1875 5638 1943 5694 lis
1973 5655 2032 5694 se
2061 5638 2395 5707 subducant,
2425 5638 2675 5694 dubitare
2703 5654 2808 5694 non
2834 5639 3095 5697 debemus
3125 5643 3255 5700 illud
3302 5649 3481 5703 conti-

1875 5711 2056 5782 gisse,
2107 5709 2250 5781 quod
2282 5709 2453 5767 visum
2502 5726 2608 5782 non
2650 5710 2840 5782 fuerit,
2884 5726 3010 5768 cum
3051 5714 3249 5771 factum
3294 5718 3483 5775 videa-

1877 5799 2042 5911 mulis
2068 5783 2121 5838 id
2150 5792 2267 5847 est,
2298 5784 2499 5839 victum
2539 5781 2827 5839 Maximum
2847 5823 2862 5853 ,
2891 5798 3014 5857 quae
3046 5786 3135 5842 vix
3174 5787 3289 5848 ﬁeri
3319 5805 3481 5864 posse

1878 5870 1950 5911 nu
1976 5871 1985 5885 ·
2046 5870 2200 5911 amus

1878 5863 2200 5928 putabamus
