3950 6350
537 267 644 324 [illi

538 401 597 440 sc
629 383 721 438 ιηιὶ
753 381 1016 456 imputare
1044 395 1331 440 successus
1353 421 1367 447 ,
1399 379 1494 438 sed
1526 379 1747 439 fatearis
1789 395 2015 437 necesse
2051 387 2137 436 est

537 486 798 547 quantum
832 483 882 531 te
918 477 970 530 in
1005 475 1146 532 bello
1168 517 1182 542 ,
1213 483 1422 531 tantum
1473 474 1743 531 fortunam
1791 487 1933 530 tuam
1966 474 2142 545 egisse

539 577 664 640 post
701 568 970 626 bellum.‘Il
1009 567 1106 624 Cui
1152 570 1197 624 si
1239 584 1428 625 vocem
1489 567 1718 635 demus,
1762 575 1820 624 et
1869 566 2140 638 judicent,

538 679 721 719 nonne
755 663 962 734 prolixe
1013 671 1166 718 Suam
1198 659 1537 720 enumerabit
1565 663 1818 733 Operam,
1850 674 1905 717 et
1944 669 2002 716 ttt
2029 662 2140 715 vir-

535 757 737 812 tutibus
787 757 894 811 tuis
936 757 1104 812 multa
1144 755 1440 820 concedat,
1486 755 1501 787 ¹
1543 753 1645 812 sibi
1684 754 1918 825 aliquam
1963 751 2143 808 vindi-é

534 849 724 906 cabit?
755 849 819 904 Et
861 863 986 912 cur,
1019 861 1236 921 quaeso,
1272 864 1377 906 non
1411 847 1602 904 demtts
1624 890 1638 913 ,
1673 857 1730 901 ut
1767 846 2141 915 accipiamns'

536 943 821 1014 utriusque
854 933 1023 1013 partis
1088 954 1328 1007 asserta,
1379 957 1501 996 cum
1548 939 1763 1012 sitqua:
1793 939 1990 994 viceris
2017 936 2142 993 tua?

535 1036 558 1070 ³
585 1037 762 1094 Audio
782 1036 1148 1092 censlantiam
1191 1033 1398 1103 dieere,
1435 1031 1642 1089 Belldm
1669 1039 1826 1089 atrox
1867 1031 2143 1103 periculo-

535 1145 768 1203 sumque
811 1129 1063 1201 'suscepi;
1095 1143 1398 1185 memorare
1429 1125 1743 1198 patientiam
1770 1167 1783 1190 ,
1817 1125 2139 1180 iitilneusum

534 1222 672 1290 iter,
717 1233 932 1292 tempus
984 1223 1112 1277 anni
1149 1235 1314 1293 grave
1344 1227 1562 1290 semper
1602 1213 1841 1285 armata,
1885 1217 2032 1288 saepe
2057 1216 2141 1287 je-‘

531 1318 662 1389 juna
725 1315 1005 1384 toleravi;
1065 1326 1253 1372 tenere
1309 1311 1724 1385 prudentiam,‘
1773 1311 1968 1384 partita
2019 1317 2139 1366 sum

533 1407 798 1477 militent,
847 1418 902 1466 et
947 1407 1306 1481 multiplicavi
1363 1417 1482 1462 arte
1537 1407 1836 1472 terrorem;
1892 1417 2143 1462 asserere

534 1503 942 1570 fortitudinem,
993 1503 1014 1534 ⁸
1052 1502 1135 1558 bis
1181 1499 1403 1557 connisi
1449 1507 1570 1555 ‘cum
1629 1499 1816 1566 hoste,
1870 1497 1953 1553 bis
2005 1498 2140 1565 vici;

536 1597 729 1649 untnes
758 1603 1036 1664 postremo
1065 1591 1339 1648 clamare:
1375 1590 1502 1661 quid
1554 1590 1646 1646 tibi
1679 1588 1964 1655 debemus,
2009 1586 2144 1644 For-

537 1698 700 1758 tuna,
731 1689 753 1721 ⁸
781 1705 940 1761 quam
985 1685 1251 1744 fecimus?
1291 1685 1401 1742 Sed
1440 1686 1485 1741 si
1529 1683 1620 1741 illa
1663 1687 1840 1740 dicat:
1885 1697 2144 1755 propera-

534 1785 734 1840 tionem
755 1783 983 1838 militum
999 1797 1101 1854 ego
1114 1780 1248 1852 juvi,
1266 1781 1445 1854 fugam
1466 1780 1698 1837 hostium
1714 1777 2137 1851 praepedivi,'ego

536 1875 827 1933 Maximum
867 1875 918 1931 in
961 1890 1146 1930 muros
1181 1873 1369 1944 coegi,
1419 1883 1473 1929 et
1517 1887 1678 1945 quem
1725 1887 1820 1927 vos
1862 1870 2140 1942 'cogcbatis

540 1969 714 2035 mori,
757 1971 934 2025 vivum
979 1969 1201 2025 domino
1231 1967 1534 2034 reservavi,
1570 1981 1675 2021 nou
1708 1964 1901 2032 video,
1927 1959 1954 2002 ι»
1995 1962 2138 2034 quod

539 2062 710 2133 possit
748 2077 870 2118 esse
909 2060 1204 2133 judicium,
1239 2060 1368 2132 quin
1415 2073 1538 2116 cum
1587 2057 1688 2114 ista
1737 2071 1863 2128 pars
1911 2057 2141 2128 imputet

534 2157 748 2229 tyranni
781 2155 958 2228 fugam
979 2199 992 2222 ,
1026 2155 1116 2212 illa
1149 2153 1488 2218 custodiam;
1521 2151 1822 2224 respublica
1852 2155 1972 2223 quae
2006 2150 2141 2204 utri-

534 2267 642 2324 que
669 2253 872 2322 pariter
900 2249 1135 2306 obnoxia
1165 2259 1275 2316 est,
1307 2247 1379 2304 ita
1409 2259 1693 2318 utramque
1719 2243 2047 2316 eonjungat,
2080 2251 2139 2298 ut

530 2344 763 2424 fateatur
807 2345 897 2401 tini
952 2351 1126 2401 semet
1172 2341 1452 2398 victoriam
1480 2383 1495 2409 ,
1546 2339 1705 2397 alteri
1748 2337 1950 2395 debere
2011 2337 2135 2393 Vin-

534 2437 756 2495 dictam.

605 2529 744 2586 XLI.
785 2517 893 2589 Sed
917 2544 1016 2586 nec
1043 2538 1098 2585 tu
1126 2527 1361 2585 debitam
1384 2527 1614 2600 gratiam
1643 2524 1891 2582 beneficii
1923 2523 2135 2580 inficias

536 2634 622 2681 tcr
651 2625 891 2696 abjttras.
921 2623 1056 2680 Nam
1081 2625 1180 2679 etsi
1210 2637 1304 2693 per
1334 2632 1386 2678 te
1411 2621 1711 2678 confeceris
1741 2635 1861 2692 quae
1886 2619 2135 2688 volebas,

537 2733 631 2788 per
661 2717 933 2773 fortunam
974 2725 1153 2772 tamen
1201 2717 1320 2787 plus
1349 2713 1580 2783 adeptus
1610 2728 1672 2769 es
1701 2725 1861 2784 quam
1890 2711 2131 2768 volebas.

534 2807 813 2882 Agedum,
866 2807 913 2866 si
964 2809 1209 2874 videtur,
1260 2807 1564 2879 praeteritas
1612 2806 1970 2877 cogitationes
2015 2815 2136 2860 tuas

535 2905 783 2974 conSule,
821 2917 842 2944 ο
872 2913 927 2962 ‘et
951 2915 1071 2960 vota
1101 2904 1352 2960 conveni.
1396 2901 1533 2958 Num
1565 2901 1797 2972 amplius
1825 2899 2136 2970 speravisti,

533 2997 692 3071 quam
722 3006 778 3054 ut
804 2995 1066 3054 Maximus
1099 2997 1192 3054 tibi
1224 2997 1568 3052 nuntiaretur
1604 2993 1850 3061 occisus,
1883 3006 2044 3065 quam
2077 2999 2138 3048 ut

531 3093 850 3148 semivivum
892 3091 1009 3162 ejus
1051 3101 1244 3162 caput,
1289 3087 1527 3145 nondum
1574 3087 1772 3144 clausis
1813 3093 1925 3144 tota
1960 3095 2134 3144 morte

531 3185 728 3255 Oculis,
780 3187 847 3242 ex
893 3186 1012 3241 acie
1051 3183 1387 3250 referretur,
1435 3198 1596 3254 quam
1643 3181 1708 3237 ad
1756 3195 2028 3240 summum
2077 3189 2136 3236 ut

526 3279 741 3352 fugiens
804 3279 1137 3336 resistensye
1186 3277 1510 3348 caperetur?
1560 3277 1832 3334 Caeterum
1915 3276 2134 3348 quando

529 3371 675 3445 quod
708 3371 906 3428 factum
932 3380 1018 3428 est
1043 3369 1127 3428 vel
1161 3372 1392 3442 optasti,
1421 3379 1480 3426 ut
1508 3367 1569 3425 Se
1598 3367 1696 3425 tibi
1723 3368 1840 3440 ipse
1864 3377 2133 3438 servaret,

532 3473 591 3521 ut
623 3467 972 3520 consciscere
1012 3463 1232 3519 sibimet
1263 3462 1548 3518 interitum
1579 3461 1779 3529 nollet,
1812 3472 1868 3519 et
1909 3461 2136 3534 posset?

1721 249 2157 325 rusuoosms
2195 249 2284 325 Er
2327 251 2667 327 PACATUS.

3679 260 3760 330 liill

2162 382 2216 446 Α
2241 381 2432 454 Magno
2460 381 2676 452 quidem
2700 423 2714 446 ,
2750 379 2958 447 fateor,
2990 379 3306 452 pectoribus
3335 379 3595 449 humanis,
3635 395 3762 454 atque

2245 475 2382 531 adeo
2409 475 2646 532 maximo
2668 472 2695 513 ει
2713 473 2806 530 lux
2837 474 3032 541 atnori,
3067 472 3319 529 interitus
3346 471 3539 530 horrori
3563 483 3665 539 est,
3691 476 3765 532 sed

2244 579 2508 640 quatenus
2538 577 2630 624 aut
2667 569 2771 623 ista
2799 565 2976 638 optari
3007 574 3223 637 potest,
3251 565 3341 621 alit
3370 566 3455 622 ille
3476 567 3635 622 vitari.
3658 567 3716 623 At
3731 569 3767 624 si

2244 663 2430 717 ultima
2483 673 2646 732 supra
2694 669 2858 731 caput
2898 660 3118 715 steterit
3169 660 3322 725 hora,
3364 669 3416 712 et
3459 659 3644 714 venerit
3677 659 3771 716 dies

2245 767 2520 823 nunquam
2551 763 2874 810 reversarus
2894 793 2909 820 ,
2941 762 2965 790 ο
2994 767 3057 808 ac
3089 765 3149 808 se
3175 750 3420 806 confessa
3459 765 3593 808 mors
3626 751 3770 818 fuerit,

2246 857 2351 903 non
2376 847 2634 904 timentur
2660 855 2926 912 extrema,
2958 851 3080 902 cum
3107 843 3257 902 certa
3286 856 3427 901 sunt.
3451 844 3574 901 Hinc
3595 860 3771 902 reorum

2244 943 2417 1012 usque
2447 941 2512 996 ad
2539 939 2944 996 damnationem
2971 935 3151 996 metus
3171 979 3184 1005 ,
3212 947 3396 1010 postea
3423 938 3656 993 attonitus
3679 949 3775 993 stu-

2245 1045 2344 1105 por
2364 1075 2379 1099 ,
2411 1044 2467 1089 et
2492 1045 2559 1090 ex
2589 1034 2972 1104 desperatione
2998 1033 3297 1099 securitas,
3329 1041 3384 1087 et
3407 1031 3471 1086 ad
3497 1031 3652 1086 locum
3677 1045 3776 1100 sup-

2243 1126 2388 1197 pli‘cii
2419 1125 2746 1194 voluntaria,
2781 1124 3040 1182 carnillee
3064 1139 3172 1181 non
3204 1124 3470 1190 trahente,
3497 1125 3774 1196 properatio.

2245 1221 2316 1278 Ut
2345 1221 2412 1277 de
2441 1217 2526 1279 bis
2547 1229 2757 1278 taceam
2783 1222 2898 1294 qui,
2923 1235 3046 1277 cum
3070 1219 3198 1276 fatis
3225 1219 3243 1250 ί
3267 1218 3456 1275 fortius
3475 1221 3776 1289 paciscentes.

2245 1314 2510 1371 incertum
2541 1317 2748 1371 exitum
2779 1323 2932 1371 certo
2967 1313 2987 1353 ί
3019 1323 3460 1386 oecupaverant;
3492 1321 3547 1368 ut
3583 1312 3694 1368 nihil
3727 1313 3788 1370 de

2246 1409 2420 1464 servis
2463 1409 2686 1481 loquar,
2715 1411 2804 1480 qui
2845 1410 3074 1467 verbera
3111 1410 3353 1465 vitavere
3381 1408 3780 1476 suspendioﬂet

2246 1509 2425 1558 motus
2473 1502 2673 1560 heriles
2716 1519 2889 1575 ttsque
2927 1503 2994 1560 ad
3046 1502 3343 1575 przecipitia
3385 1503 3646 1574 fugerunt;
3688 1501 3781 1573 quis

2246 1611 2481 1668 unquam
2509 1595 2536 1634 ιι
2560 1597 2580 1630 ²
2608 1597 2753 1653 ultra
2793 1611 2946 1669 spem
2991 1595 3206 1653 timuit?
3250 1596 3377 1668 quis
3424 1595 3612 1652 idcirco
3648 1606 3783 1650 semet

2246 1689 2496 1747 Occidere
2519 1690 2719 1758 noluit,
2743 1701 2801 1748 ut
2821 1691 3207 1748 occideretur?
3229 1689 3345 1745 Nisi
3372 1703 3497 1745 vero
3518 1688 3592 1744 vel
3619 1687 3633 1726 ί
3652 1687 3784 1743 levior

2171 1775 2219 1850 Β
2248 1797 2442 1838 manus
2465 1783 2644 1839 aliena
2671 1791 2830 1855 quam
2862 1783 3101 1854 propria,
3129 1782 3213 1838 vel
3243 1779 3438 1838 fcedior
3459 1794 3594 1836 mors
3619 1781 3782 1850 privata

2247 1877 2408 1949 quam
2443 1876 2682 1946 publica,
2710 1876 2792 1932 vel
2825 1876 3038 1948 longior
3069 1889 3225 1946 paena
3255 1876 3404 1931 ferro
3425 1873 3722 1940 incumbere,
3745 1880 3785 1927 et

2245 1983 2477 2038 corpore
2507 1968 2704 2024 vulnus
2729 1977 2964 2025 onerare
2984 2009 3000 2035 ,
3041 1976 3098 2025 et
3123 1967 3374 2040 recipere
3415 1965 3670 2022 interitum
3703 1974 3786 2018 sta-

2246 2062 2342 2119 tim
2392 2069 2562 2119 tutum
2587 2105 2600 2129 ,
2637 2063 2652 2114 1
2692 2077 2854 2135 quam
2905 2063 3231 2134 supplicium
3278 2061 3548 2136 dividere,
3581 2059 3785 2130 poplitem

2245 2157 2482 2221 flectere,
2509 2155 2777 2213 cervicem
2799 2155 3098 2228 extendere
3122 2155 3190 2212 ad
3214 2155 3452 2228 plagam,
3479 2153 3685 2209 fortasse
3703 2165 3786 2207 non

2248 2263 2430 2302 unam.

2316 2339 2477 2396 XLII.
2518 2339 2544 2379 ι
2577 2342 2645 2397 Et
2681 2349 2862 2399 tamen
2889 2341 3106 2416 quando
3137 2357 3328 2400 secum
3357 2343 3447 2399 ille
3476 2341 3612 2398 ferro
3634 2339 3788 2396 transi-

2241 2434 2477 2505 gendum
2501 2433 2744 2505 putabat,
2771 2451 2877 2492 non
2904 2437 3083 2508 potius
3106 2438 3312 2508 ignem,
3339 2436 3580 2502 laminas,
3596 2447 3788 2498 crucem,

2245 2529 2261 2561 ¹
2291 2529 2544 2599 culeum,
2577 2535 2631 2586 et
2655 2533 2916 2605 quidquid
2949 2525 3282 2602 merebatur,
3321 2533 3578 2590 timebat?
3621 2527 3636 2570 ι
3663 2530 3787 2586 Nutu-

2241 2633 2401 2691 quam
2435 2625 2679 2692 profecto
2723 2637 2832 2682 tam
2874 2627 3014 2684 bene
3055 2627 3125 2684 de
3169 2628 3474 2685 sceleribus
3501 2624 3606 2684 suis
3639 2624 3787 2688 sensit,

2243 2725 2300 2772 ut
2329 2725 2560 2774 mortem
2591 2721 2830 2790 potuerit
2855 2735 3106 2792 sperare,
3129 2729 3234 2793 qua
3263 2723 3452 2792 periit.
3476 2719 3531 2778 Si
3558 2720 3698 2791 igitur
3715 2729 3790 2773 nec

2245 2825 2577 2878 przcsnmere
2600 2814 2815 2870 veniam
2847 2829 2991 2883 reus,
3023 2829 3125 2872 nec
3148 2823 3379 2888 sperare
3407 2816 3576 2888 fugam
3599 2813 3789 2876 clausus,

2243 2920 2343 2961 nec
2371 2914 2600 2961 mortem
2645 2909 2817 2978 potuit
2846 2910 3035 2966 timere
3065 2909 3398 2978 moriturus,
3431 2919 3469 2950 ω
3491 2919 3542 2967 et
3568 2917 3696 2966 certo
3717 2919 3792 2963 ex-

2243 3009 2541 3057 tremorum
2566 3002 2738 3060 levior
2758 3005 2929 3060 videri
2949 3005 3139 3062 debuit
3166 3007 3515 3064 vdidntarius
3535 3021 3676 3078 quam
3696 3015 3794 3058 coa-

2241 3106 2396 3162 ctus,
2430 3094 2712 3152 honestior
2757 3099 2998 3169 privatus
3042 3103 3204 3171 quam
3239 3102 3525 3171 publicus,
3567 3103 3794 3170 postremo

2239 3185 2459 3243 brevior
2475 3200 2770 3261 occupatus
2793 3203 2954 3264 quam
2983 3195 3335 3264 exspectatus
3359 3191 3654 3258 interitus,’
3672 3201 3788 3252 num.

2243 3281 2331 3336 cui
2378 3281 2600 3337 dubium
2644 3291 2728 3340 est
2775 3285 2828 3340 in
2859 3299 2958 3354 eo,
2984 3285 3130 3358 quod
3162 3285 3270 3342 lion
3322 3269 3510 3343 habuit
3551 3281 3788 3342 rationem,

2243 3374 2412 3430 fuisse
2451 3374 2764 3432 fortunam?
2796 3378 2887 3434 illa
2908 3421 2923 3446 ,
2956 3379 3048 3435 illa
3092 3379 3310 3452 tyranni
3341 3379 3567 3437 coasilia
3593 3373 3789 3436 etiam“,

2244 3465 2338 3522 illa
2363 3476 2418 3524 et
2459 3468 2702 3526 animum
2733 3469 2853 3543 ejus
2879 3471 3094 3530 obludit
3122 3482 3180 3531 et
3203 3472 3480 3547 gladium,
3509 3472 3593 3529 ilia
3616 3465 3791 3540 expedi-

2161 3234 2206 3297 C

1898 3609 2482 3686 INTERPRETATIO.

607 3746 634 3808 ρ
673 3737 741 3793 Et
768 3738 812 3794 si
847 3751 944 3808 pro
968 3750 1030 3794 se
1058 3751 1242 3794 coram
1267 3735 1450 3808 judice
1478 3737 1703 3794 diceret.
1875 3793 1880 3798 .

603 3807 630 3847 ι)
669 3809 803 3878 Quae
823 3807 987 3879 super
1010 3823 1075 3865 ea
1099 3813 1448 3881 contentione
1469 3811 1736 3866 sententia
1760 3807 1890 3866 ferri
1923 3811 2130 3881 possit:

529 3883 634 3954 nisi
661 3898 784 3938 cum
803 3881 976 3937 altera
1002 3895 1128 3951 pars
1159 3879 1260 3936 sibi
1286 3881 1518 3936 ascribat
1546 3882 1785 3954 fugatum
1810 3879 2125 3954 tyrannum,

530 3953 704 4010 altera
750 3954 928 4009 vivum
969 3961 1340 4026 reservatum;
1388 3953 1692 4023 respublica
1739 3953 1860 4024 quae
1913 3958 2129 4026 utrique

531 4027 758 4083 multum
773 4026 956 4090 debet,
980 4025 1059 4096 ita
1073 4025 1330 4088 conciliet
1355 4034 1637 4096 utramque
1659 4034 1717 4080 ut
1735 4026 1988 4095 fateatur,
2014 4025 2125 4085 etc.

602 4110 629 4207 Ξ
672 4099 910 4226 efuvide
940 4095 1066 4170 quid
1097 4096 1372 4167 Optaveris
1404 4095 1659 4153 maxime.

721 4172 813 4226 ita.

606 4253 628 4314 ιῗ
670 4245 747 4298 Ac
774 4244 964 4299 mortis
994 4239 1344 4298 manifestum
1373 4241 1534 4299 fuerit
1563 4239 1886 4314 perieulum.

607 4312 626 4351 ί
671 4315 1082 4372 Ρταενειιθι-ιιηι.

604 4395 628 4434 6
670 4386 739 4442 Et
767 4397 824 4443 ut
853 4386 1112 4445 berorum
1133 4399 1328 4443 manus
1352 4383 1624 4458 fugerent,
1651 4396 1877 4444 ruerunt
1906 4387 1962 4446 in
1991 4383 2128 4460 pne-

2242 3744 2448 3817 cipitia.

2315 3815 2345 3898 ξι
2387 3820 2596 3898 {imissa
2616 3836 2739 3898 _spc.

2318 3890 2337 3968 ,ί
2383 3890 2560 3968 hiinus
2589 3890 2849 3952 timenda.

2313 3964 2326 4042 _i
2377 3964 2547 4042 Quam
2578 3977 2939 4042 mortetnpet‘
2962 3977 3143 4042 partes
3176 3971 3347 4033 ferre.

2311 4032 2336 4070 ¹ί
2376 4035 2656 4118 Quafum
2685 4039 2756 4118 ita
2783 4032 2923 4107 sint,
2947 4032 3025 4118 _an
3053 4032 3322 4104 Maximus
3353 4048 3569 4118 quando
3587 4047 3676 4106 sibi
3702 4049 3791 4117 ipse

2239 4120 2431 4162 manus
2471 4107 2665 4181 afferre
2706 4111 3066 4181 decernebat,
3116 4132 3224 4174 non
3275 4107 3457 4177 minus
3497 4121 3598 4178 hoc
3639 4107 3792 4176 mortis

2236 4179 2814 4266 get‘iu‘s're'formidasse
2835 4179 3140 4243 censendus
3159 4200 3266 4266 est,
3297 4209 3486 4262 quam,
3517 4205 3617 4251 etc.

2314 4247 2343 4336 ξ
2375 4249 2595 4336 ῌριὶοιςει
2624 4255 2680 4336 ei
2703 4270 2918 4336 semper
2943 4272 3039 4314 sua
3069 4247 3277 4318 scelera
3316 4247 3563 4336 fuerunt,
3581 4247 3681 4322 etc.

2307 4331 2347 4360 ω
2387 4323 2454 4379 Et
2475 4325 2568 4396 qui
2597 4323 2842 4385 extrema
2867 4330 3040 4388 vitare
3065 4347 3174 4390 non
3201 4343 3409 4405 pote5t.

2069 4535 2302 4597 NOTAE.

608 4626 1261 4746 ξιῶἰῖείὲςὸξέιξςξῇφ
1307 4653 1608 4746 tiindicabit;
1652 4655 1894 4728 Respicit
1935 4655 2004 4712 ad
2045 4657 2128 4713 lo-
2155 4665 2208 4726 D
2235 4657 2382 4746 s’etur
2407 4677 2469 4746 ac
2493 4664 2672 4746 .tintor
2699 4665 2989 4746 :nolat’uni
3037 4659 3218 4746 laméii
3245 4665 3331 4728 est
3366 4688 3395 4728 a
3423 4659 3796 4746 sapientissimis

532 4737 654 4778 cum
683 4721 841 4776 Tullii
871 4721 970 4791 pro
995 4721 1284 4792 Marcello,
1312 4743 1368 4780 n.
1398 4727 1452 4781 6-.

604 4804 625 4834 ³
675 4799 954 4888 Utriusque
992 4804 1150 4888 partis
1177 4808 1569 4888 asserta..Qtta‘.
1617 4806 1718 4888 sibi
1759 4820 1864 4888 tina
1905 4823 2134 4888 qumque

536 4890 662 4946 pars
726 4875 1126 4948 vindicaverit:
1162 4875 1277 4930 sive
1335 4876 1479 4932 enim
1529 4891 1650 4948 qua:
1699 4875 1958 4947 fortunae,
2018 4875 2134 4938 sive

533 4962 656 5019 qua:
687 4946 869 5019 virtuti
902 4947 1196 5019 tribuetur,
1231 4957 1317 5019 tua
1350 4958 1451 5003 est.
1549 4946 1558 4948 ⁷
1947 4946 1950 4947 ⁷
2121 5005 2126 5012 _

607 5019 628 5049 ³
667 5017 838 5094 Audio
868 5018 1226 5094 constantiam.
1261 5018 1587 5094 Plena_artis
1618 5019 2037 5094 Prosopopaaia,
2065 5023 2133 5079 ad

533 5089 826 5163 Theodosii
865 5089 1090 5144 virtutes
1117 5091 1515 5163 percurrendas
1543 5089 1844 5163 aptissima.

605 5107 826 5146 tcouosn
865 5107 1090 5144 virtutes
1125 5107 1515 5214 percurrettaas
1543 5107 1844 5163 apttsStma.

605 5161 870 5238 ‘_l_’artita
909 5162 1126 5238 sumpti
1155 5161 1293 5238 item.
1341 5161 1638 5238 Trifariqnt
1668 5174 1725 5218 ut
1763 5165 1923 5234 supra
1964 5163 2126 5235 dixit,

535 5233 733 5310 n._52,
762 5245 814 5288 ut
846 5243 900 5310 et,
920 5233 1078 5288 hostis
1105 5233 1382 5310 audaciam
1414 5233 1756 5310 multiplicato
1787 5233 1981 5292 terrore
2005 5233 2128 5310 per;

533 5307 735 5361 calleret
754 5349 770 5373 ,
798 5318 844 5360 et
875 5309 1054 5379 fugam
1082 5305 1423 5379 circumfusus
1453 5305 1691 5362 ambiret.

607 5387 628 5460 ‘f
665 5384 756 5441 Bis
775 5377 986 5454 conﬂia'i
1013 5387 1318 5460 cumjtoste.
1347 5377 1431 5460 _Ad
1462 5385 1688 5460 Sisciam
1717 5385 1783 5460 et
1804 5377 2127 5460 Aquileiam.

566 5531 580 5544 ο
607 5459 629 5490 ⁸
670 5460 838 5544 Quam
855 5460 1094 5531 fecimus.
1118 5457 1248 5525 Qum
1270 5457 1427 5514 nobis
1453 5457 1618 5515 debes
1647 5457 2025 5530 quodcumque
2047 5457 2129 5528 es,

535 5529 858 5657 s"§t:l‘.m—di
874 5598 1085 5658 Fortius
1103 5601 1438 5674 pavitantes.
1465 5595 1714 5658 Fortiore
1729 5602 1914 5658 aniino
1933 5604 2134 5674 pactio-

537 5687 823 5799 nemtcum
867 5679 1042 5731 Morte
1069 5675 1353 5743 facientes,
1378 5673 1482 5731 hoe
1522 5683 1608 5730 est
1635 5685 1754 5730 eam
1779 5673 1960 5732 minus
1986 5675 2132 5731 refu-

536 5759 657 5816 gten
678 5758 766 5816 es.

611 5816 631 5847 '
673 5812 824 5871 Ultra
859 5831 1000 5887 spent
1042 5816 1232 5874 timuit.
1276 5817 1414 5876 Cum"
1442 5818 1558 5892 spei
1593 5816 1727 5878 nihil
1754 5833 1908 5892 aeque
1935 5817 2129 5878 adver-

2237 4731 2390 4814 vir_is,
2416 4735 2505 4790 ubi
2527 4735 2705 4792 Omnis
2725 4737 2949 4814 omnino
2972 4738 3182 4814 sublata
3209 4755 3336 4814 spes
3363 4741 3466 4811 est,
3489 4731 3560 4802 ne
3584 4741 3795 4800 timorem

2237 4804 2454 4888 quidem
2485 4823 2644 4888 posse
2673 4811 2991 4888 subsistere.
3027 4803 3266 4888 Pendeat
3300 4803 3685 4888 enim'Opurtet
3705 4826 3795 4888 nte;

2239 4881 2437 4960 tuentis
2478 4879 2726 4960 animus;
2758 4885 2847 4960 qui
2965 4883 3114 4960 spei,
3148 4885 3274 4958 quo.
3301 4879 3664 4953 sustentetur,
3693 4881 3798 4941 nihil
3881 4880 3888 4888 ’

2240 4955 2461 5029 prorsus
2479 4951 2744 5024 reliquum
2767 4951 2857 5029 sit,
2875 4951 3030 5029 pta'n‘e
3047 4951 3210 5026 jacet.
3241 4955 3419 5029 Atque
3441 4963 3542 5017 hbc
3563 4951 3799 5029 eleganter

2237 5022 2894 5100 admodum_espressisse
2930 5022 3152 5100 Δῆνὶἁριίιν
3194 5022 3521 5088 adolescens
3555 5022 3796 5089 Terentia.

2240 5091 2576 5150 nus.Andria
2604 5091 2710 5152 act.
2739 5095 2794 5152 ἓ.
2819 5099 2899 5153 "se.
2923 5095 2954 5153 ’1
2982 5099 2997 5154 ἑ
3029 5099 3120 5156 Va:
3144 5101 3334 5158 misero
3358 5104 3527 5160 mihi!
3553 5115 3603 5157 ut
3627 5103 3797 5157 animus

2235 5167 2287 5220 in
2310 5184 2420 5242 spe,
2446 5177 2601 5248 atque
2616 5169 2670 5222 in
2695 5169 2876 5224 timore
2907 5169 3318 5248 usqueantehac
3357 5183 3580 5246 att‘eattts
3608 5175 3722 5248 (ait,
3741 5165 3798 5223 ἱιὰ

2237 5239 2504 5321 postquam
2531 5239 2774 5321 adempta
2797 5257 2916 5321 spes
2937 5239 3252 5321 est,_lussu's,
3273 5247 3402 5321 cui-a
3432 5239 3684 5321 confectus
3705 5254 3796 5298 stu-

2237 5317 2344 5380 pet.
2366 5309 2617 5382 Muretus
2635 5311 2762 5368 Var.
2795 5309 3012 5370 lection.
3045 5309 3082 5370 Ι.
3117 5325 3212 5380 xtl,
3241 5309 3288 5372 c.
3323 5315 3380 5375 8.

2263 5463 2272 5474 _
2316 5381 2837 5474 Xl.ll._-—‘Ctiieum.
2860 5392 3075 5474 _Culeus
3105 5407 3223 5454 uter
3255 5397 3390 5474 fuit,
3437 5401 3533 5474 seu
3555 5401 3797 5474 saccuses

2240 5461 2370 5528 lino,
2400 5463 2486 5518 vel
2509 5465 2876 5531 caunahe,vel
2889 5469 3039 5524 corio
3052 5469 3329 5534 factus,ab
3358 5461 3678 5532 occulendo,
3703 5465 3799 5522 sive

2237 5535 2566 5614 claudendo;
2596 5536 2738 5606 quod
2769 5539 3122 5614 nocenteseo
3148 5542 3343 5614 inclusi
3388 5545 3440 5598 in
3474 5542 3798 5614 proﬂuentem

2238 5607 2584 5684 mitterentur
2609 5625 2621 5660 :
2653 5607 3112 5684 quodpari‘icidze
3135 5607 3606 5684 stipplieium'fuit.

2307 5679 2328 5751 ξ
2373 5677 2546 5751 Nam,
2588 5677 2910 5751 cui—dubium
2943 5685 3035 5738 esi.
3080 5677 3214 5751 Qilis
3241 5677 3502 5743 "dubitare
3531 5693 3695 5751 patest
3715 5723 3727 5746 ,
3755 5677 3799 5734 id

2235 5749 2552 5879 {imiimi
2589 5749 2746 5810 me“
2767 5754 2874 5812 u’“
2900 5751 3005 5811 ωίί
3021 5793 3040 5826 ι
3073 5749 3246 5813 ictum
3271 5755 3510 5814 fortuna
3531 5749 3694 5813 lbisse
3719 5751 3800 5808 tri-
