3850 6334
44 310 141 365 sit
930 288 1419 363 cameramos
1456 288 1704 360 PACA‘II
1744 284 2131 359 TlIEODOSlU
2170 283 2439 359 blCTUS.
3220 282 3323 353 sic

42 436 142 481 tam
172 425 224 479 ιιι
253 410 445 478 volnus
473 434 685 478 manum
709 423 731 453 ³
752 422 1020 493 percussit
1048 429 1101 474 ct
1123 422 1313 477 tenuit.
1340 420 1451 477 Nisi
1486 435 1613 475 vero
1646 422 1691 483 Α
1720 420 1931 483 Saltem,
1964 429 2048 473 aut
2081 419 2366 474 mussitare
2393 417 2564 487 potuit
2584 459 2597 481 ,
2628 410 2754 486 quin
2788 411 3073 469 consilium
3102 427 3263 467 ontnc
3302 409 3317 448 ι

42 533 89 576 ιιι
119 531 287 584 ιιιιιιιι,
316 516 637 572 venerabilis
658 516 931 583 Gratiane,
965 515 1272 570 Carnificem
1304 523 1329 551 ³
1353 514 1496 567 Diris
1524 529 1614 568 co-

1811 521 1969 588 Iaret,
2001 536 2059 575 se
2073 518 2323 574 videlicet
2348 518 2542 573 favoris
2562 517 2633 572 tui
2654 515 2963 571 obtendisse
2980 522 3317 583 pra’lextuut,

39 614 249 669 milams
273 610 553 665 “'"icn’us
580 608 889 673 οὶκίάδυθεο
918 610 971 664 έῑ
1001 608 1134 662 ira“
1165 607 1187 639 ⁸
1211 608 1393 662 “lin”
1423 606 1612 661 "milia
1720 621 1861 692 quod
1909 622 2063 675 aliter
2109 628 2215 673 non
2266 620 2529 689 potuisset
2577 614 2793 673 allicere
2840 614 3066 671 militum
3098 615 3325 669 societa-

37 707 105 763 ob
158 708 219 759 os
274 703 393 775 ejus
462 702 755 771 tabulaeque
803 700 1071 755 fumantes
1121 700 1344 755 infernis
1407 699 1617 769 ignibus

40 797 216 861 nudas,
252 804 305 852 et
335 792 652 865 crepitantia
688 804 831 850 torto
858 806 1029 865 angue
1059 792 1223 863 ﬂagra
1256 792 1560 864 quatiebas,
1587 788 1615 829 ιί

38 908 100 948 ne
129 893 283 945 morti
317 889 561 945 honesta:
592 896 838 953 vacaret,
879 900 948 942 ne
988 885 1221 957 regalem
1249 883 1399 939 illum
1436 892 1619 939 sacro-

34 994 381 1054 sanctumque
424 983 675 1038 vestitum
719 981 884 1052 impio
910 993 1106 1035 cruore
1160 978 1459 1049 pollueret,
1501 976 1568 1033 ne
1594 986 1617 1015 ο

32 1080 195 1135 cultus
215 1078 344 1133 olim
369 1086 517 1143 tuus,
547 1076 567 1106 ⁸
594 1090 657 1130 ac
678 1074 935 1144 deinceps
959 1073 1184 1129 fratrum
1212 1072 1443 1138 futurus;
1470 1068 1621 1126 ntue-

33 1181 165 1225 stum
190 1167 218 1207 ἀ
237 1170 581 1240 Sanguinem,
615 1168 699 1223 vel
725 1168 853 1222 dum
881 1166 1206 1230 vindicatur,
1229 1167 1522 1237 acciperet,
1554 1172 1621 1220 tie

33 1274 301 1336 postremo
343 1273 396 1318 te
428 1276 617 1318 manus
647 1263 999 1318 ulcisceretur
1030 1263 1274 1335 tyranni,
1306 1266 1361 1318 et
1390 1262 1622 1318 deberes

34 1358 256 1413 Maximo
287 1358 372 1413 vel
401 1356 423 1387 ⁸
455 1368 607 1412 suam
648 1360 901 1413 mortem.

96 1446 277 1504 XLIII.
315 1448 381 1504 Et
406 1450 564 1518 plane
592 1449 663 1502 ita
682 1457 871 1503 cuncta
895 1447 1223 1513 diciderunt;
1251 1457 1307 1502 ut
1328 1457 1352 1485 ε
1371 1461 1476 1503 ιιοιι
1506 1454 1622 1502 ser-

1722 732 1849 790 tem,
1881 724 1919 761 in
1953 724 2053 781 nisi
2089 729 2103 756 ι
2134 727 2522 779 auctoramenti
2554 723 2635 777 sui
2668 732 2718 777 te
2744 721 2987 776 [iunxisset
3024 732 3324 773 auctorem.

1793 796 1977 874 XLIV.
2010 816 2075 873 Et
2102 824 2224 888 post
2249 816 2385 871 lianc
2414 826 2469 870 tu
2496 832 2681 871 vocem
2713 832 2818 870 non
2852 815 3000 870 illum
3031 815 3082 867 in
3105 827 3323 867 crucem

1724 917 1880 985 tolli,
1934 934 2038 974 non
2077 918 2234 973 culeo
2289 918 2428 973 insui
2455 959 2468 982 ,
2516 934 2623 973 non
2662 916 2899 987 discerpi
2933 916 2985 970 in
3017 911 3328 983 frustajus-

1724 1023 1860 1085 sisti.
1911 1040 2018 1078 non
2064 1032 2338 1092 postremo
2385 1020 2532 1076 illaut
2576 1023 2707 1075 tanti
2739 1011 2884 1075 ream
2920 1017 3188 1074 mendacii
3218 1018 3324 1073 lin—

1722 1138 1879 1194 guam
1901 1102 2153 1178 radicitus
2178 1123 2293 1177 erui
2316 1122 2645 1193 praecepisti,
2666 1136 2789 1197 cum
2813 1136 2999 1175 eorutn
3018 1129 3169 1191 parte
3190 1128 3219 1155 ἰ
3246 1119 3324 1173 vi-

1727 1227 1936 1293 taliom,
1965 1241 2194 1298 quorum
2230 1225 2400 1281 fuerat
2423 1224 2599 1279 locuta
2625 1224 3029 1279 commentum?
3054 1224 3192 1290 Quin
3214 1222 3323 1293 jam

1726 1343 1969 1398 coeperas
1999 1327 2067 1383 de
2092 1327 2210 1397 ejus
2236 1335 2412 1382 morte
2434 1325 2702 1391 dubitare,
2738 1332 2793 1381 et
2814 1325 3091 1397 dejeceras
3115 1325 3325 1393 oculos,

1727 1440 1782 1488 et
1827 1433 2032 1487 mltum
2086 1434 2286 1486 rubore
2336 1428 2660 1494 suffuderas,
2710 1438 2913 1484 etcum
2961 1427 3331 1483 misericordia

36 1550 145 1597 rata
175 1540 336 1597 modo
380 1542 514 1597 ultio
535 1584 549 1608 ,
592 1540 687 1597 sed
711 1540 956 1596 ordinata
995 1540 1257 1596 videatur.
1294 1540 1423 1595 Nam
1458 1538 1623 1607 unde,
1725 1534 2052 1605 loquebaris.
2082 1532 2185 1589 Sed
2210 1532 2347 1587 bene
2374 1540 2475 1593 est,
2496 1529 2638 1602 quod
2663 1546 2766 1583 non
2786 1530 2964 1584 omnia
2987 1534 3157 1597 potes.
3188 1529 3203 1559 ί
3225 1527 3333 1582 Τι’..

35 1649 225 1707 qutcso,
247 1645 353 1689 tam
371 1634 646 1705 repentina
662 1635 1141 1705 conversio,utqui
1162 1641 1416 1705 oppetere
1434 1634 1627 1691 timtte-
1732 1645 1782 1692 te
1826 1634 2100 1689 vindicant
2127 1643 2180 1690 et
2212 1636 2457 1691 invitum.
2491 1634 2510 1664 ²
2539 1632 2762 1702 Rapitur
2799 1647 2928 1702 ergo
2951 1638 3016 1685 ex
3042 1616 3213 1685 oculis
3233 1675 3246 1697 ,
3278 1632 3333 1685 et

36 1739 110 1784 rat
134 1729 429 1795 interitum,
456 1726 476 1765 τ
504 1743 610 1782 non
641 1728 857 1784 timeret
878 1737 1157 1798 expetere,
1181 1740 1236 1784 et
1264 1740 1423 1799 quem
1452 1727 1627 1784 inclu-
1732 1744 1800 1786 ne
1841 1728 1969 1801 quid
2012 1726 2176 1784 Iiéére
2230 1738 2411 1798 posset
2459 1726 2783 1795 elementiie,
2832 1723 2975 1780 inter
3020 1723 3336 1779 innumeras

36 1833 170 1880 serat
217 1833 428 1892 metus,
461 1822 729 1889 proferret
773 1820 1034 1877 audacia?
1064 1820 1160 1877 Hic
1190 1823 1334 1877 nulla
1356 1823 1465 1892 jam
1499 1823 1624 1878 reli-
1656 1812 1703 1880 B
1732 1822 1921 1879 maniis
1970 1822 2137 1879 fertur
2180 1821 2244 1877 ad
2298 1830 2549 1877 mortem.
2601 1821 2737 1876 Ecce
2768 1820 2987 1885 iterum,
3018 1818 3335 1888 imperator,

35 1931 130 1987 qua
170 1914 489 1969 festinandis
537 1915 697 1969 rebus
728 1930 903 1970 mora.
942 1914 1187 1970 Actutum
1217 1912 1497 1970 fortissimi
1522 1916 1624 1971 tiu-'-
1729 1908 2013 1981 averteris,
2047 1918 2142 1969 Oct
2170 1914 2315 1969 illam
2346 1912 2611 1985 tyrannici
2642 1913 2819 1969 exitus
2855 1911 3174 1967 relationem
3219 1912 3341 1981 gra—

35 2009 461 2065 cesinstrucndo
487 2009 844 2080 accinguntur
869 2008 1165 2078 triumplto,
1188 2010 1347 2077 capiti
1376 2006 1624 2065 diadema
1730 2010 1893 2065 varis.
1944 2008 2061 2063 Iam
2099 2012 2208 2076 jam
2250 2018 2367 2062 esto
2398 2021 2655 2071 securus,
2690 2008 2870 2076 geram
2900 2006 3339 2061 clementim-tuac
3402 2006 3407 2011 ’

37 2110 59 2147 κ
89 2101 372 2165 decutitur,
410 2101 652 2155 humeris
679 2101 877 2167 vestris
918 2101 1174 2161 aufertur,
1212 2100 1435 2170 pedibus
1466 2108 1628 2157 orna;
1734 2112 1982 2166 morem;
2031 2100 2174 2171 quod
2226 2100 2447 2155 noluisti
2492 2100 2674 2155 videre
2719 2116 2823 2155 non
2856 2099 3062 2155 audies.
3098 2098 3213 2156 Huc
3235 2098 3341 2154 huc

38 2203 114 2249 tus
154 2195 426 2262 evellitur,
462 2204 606 2249 totus
654 2193 887 2264 denique
910 2192 1075 2248 homo
1102 2203 1317 2265 aptatur
1344 2192 1372 2232 λ
1399 2195 1464 2249 ad
1490 2196 1629 2251 intc-
1734 2208 1874 2254 totas
1907 2198 1977 2268 pii
2008 2208 2159 2254 rates
2186 2199 2465 2255 doctarum
2496 2198 2735 2253 noctium
2763 2196 3005 2252 conferte
3032 2202 3209 2261 curas,
3239 2194 3343 2251 hoc

34 2290 202 2343 ritum.
230 2287 453 2343 Publice
477 2287 719 2358 publicus
745 2288 1008 2359 spoliator
1053 2287 1290 2354 emitur,
1340 2296 1629 2345 nectuntur
1733 2294 1982 2349 omnibus
2034 2294 2232 2365 linguis
2274 2294 2580 2364 IittetiSquc
2624 2293 2919 2347 celebrate.
2974 2290 3085 2347 Nec
3131 2292 3249 2346 sitis
3274 2290 3345 2347 de

36 2395 214 2435 manus
252 2388 504 2450 fallaces,
543 2379 815 2435 ηιιάηηιιιι·
846 2396 1001 2436 οΐυΐτι
1034 2378 1292 2451 fugitive.
1319 2382 1441 2437 talis
1470 2382 1626 2438 denis
1735 2404 1962 2458 operum
2008 2398 2315 2443 vestrorum
2360 2380 2695 2457 perennilale
2738 2382 2978 2442 solliciti.
3034 2384 3127 2439 Illa
3181 2394 3344 2454 quam

35 2490 129 2544 que
179 2475 284 2530 tuis
324 2474 552 2530 offertur
603 2476 775 2529 oculis
804 2475 1017 2545 qualem
1046 2473 1224 2529 oﬂ‘erri
1254 2473 1479 2529 decebat
1514 2477 1629 2531 vic-
1738 2490 1996 2550 praestare
2033 2480 2274 2536 historiis
2300 2478 2559 2534 solebatis
2591 2477 2611 2508 ³
2640 2477 2708 2533 ab
2733 2476 2961 2532 historia
2983 2476 3166 2531 veniet
3191 2486 3349 2530 aster-

39 2567 127 2620 tori
158 2576 407 2637 captum,
442 2567 662 2622 domino
692 2582 940 2634 servum,
975 2569 1287 2637 imperatori
1316 2572 1627 2641 tyrannum.
1738 2575 1899 2628 nitas.
1931 2572 2043 2629 Vos
2073 2588 2311 2645 quoque,
2341 2571 2538 2642 quibus
2558 2570 2581 2602 ⁴
2611 2569 2852 2626 secunda
2884 2584 3004 2624 sors
3035 2568 3347 2625 cessitdare

34 2661 134 2718 Nec
160 2672 212 2717 tu
241 2663 421 2728 illum,
456 2678 558 2734 qua
586 2678 646 2719 es
668 2660 977 2731 clementia,
1012 2666 1065 2721 in
1095 2666 1448 2735 conSpectdm
1478 2676 1627 2722 tuum
1738 2669 1934 2722 famam
1977 2669 2159 2735 rebus,
2194 2667 2452 2731 artifices,
2484 2666 2699 2737 vulgata
2753 2667 2845 2721 illa
2897 2676 3140 2721 veterum
3195 2665 3347 2719 fabo-

37 2757 210 2810 venire
233 2757 523 2821 voluisses,
554 2771 622 2812 ne
652 2757 841 2813 oculos
897 2758 1029 2813 istos
1083 2760 1335 2815 omnibus
1365 2762 1630 2816 salutares
1739 2759 1910 2815 larmn
1953 2769 2268 2829 argumenta
2318 2758 2603 2829 despicite,
2638 2759 2657 2789 ³
2693 2758 2991 2813 Herculeos
3020 2757 3262 2821 labores,
3295 2764 3351 2812 et

42 2847 55 2884 ί
83 2846 237 2905 homo
260 2849 504 2905 funebris
524 2850 791 2921 impiaret,
824 2852 924 2905 nisi
945 2851 1141 2907 famam
1169 2852 1450 2909 confutare
1482 2838 1634 2909 men-
1741 2837 1955 2911 indicas
1982 2834 2161 2911 Liberi
2188 2853 2515 2926 triumphos,
2547 2862 2598 2907 et
2626 2852 2988 2924 anguipedum
3025 2849 3163 2906 bella
3196 2865 3352 2904 mon-

34 2943 187 3010 dacii,
220 2953 383 3015 teque
418 2942 644 3017 purgare
670 2945 859 3002 eodem
892 2948 1089 3010 teste,i
1125 2960 1231 3019 quo
1260 2937 1631 3006 insimulatore
1739 2942 1997 3005 strorum.
2062 2950 2185 3003 llaec
2232 2950 2431 3019 potius,
2480 2948 2594 3002 haec
2654 2958 2808 3019 gesta
2877 2944 3105 3001 solertes
3161 2960 3354 2999 manus

35 3038 304 3094 voluisses.
355 3038 532 3093 Habet
577 3040 739 3105 vires,
771 3038 934 3095 habet
973 3041 1157 3095 nescio
1208 3057 1342 3112 quos
1390 3042 1634 3098 internus
1742 3045 2011 3112 Pducant;
2044 3028 2276 3111 bisfora,
2307 3034 2390 3100 liis
2418 3044 2617 3113 templa
2647 3043 3007 3106 decorentur;
3042 3040 3158 3095 haec
3188 3038 3354 3095 ebore

37 3130 178 3186 mens
199 3132 475 3187 scelerata
505 3134 806 3201 carnifices,
840 3144 931 3188 aut
960 3136 1072 3205 ipsa
1099 3136 1201 3190 sibi
1230 3136 1471 3191 carnifex
1497 3153 1630 3193 con-
1744 3149 1771 3189 τι
1802 3140 2118 3207 reddantur,
2151 3136 2270 3194 hanc
2294 3153 2585 3201 marmore,
2620 3134 2739 3193 tunc
2768 3132 2819 3189 in
2850 3132 3129 3190 coloribus
3152 3133 3353 3199 vivant,

34 3224 247 3279 scientia
274 3232 397 3291 est;
425 3228 535 3292 aut,
571 3227 715 3296 quod
746 3228 915 3296 magis
942 3228 1129 3296 credo,
1156 3226 1182 3265 ¹ί
1220 3231 1363 3283 omni
1393 3231 1637 3287 severius
1667 3228 1713 3294 C
1748 3232 1865 3289 Ii:cc
1889 3235 1939 3289 iu
1989 3249 2095 3289 mra
2128 3230 2468 3300 moveantur,
2504 3214 2661 3287 bam"
2691 3230 2920 3301 gemmis
2950 3222 3183 3300 augeant
3212 3226 3359 3296 'pl'az-

38 3318 327 3384 quzestione
357 3328 442 3372 est
474 3333 505 3372 a
527 3325 579 3373 te
609 3318 951 3390 interrogari.
984 3320 1063 3376 Ad
1096 3321 1324 3391 primam
1357 3329 1502 3377 tuam
1544 3330 1640 3379 v04
1750 3327 1904 3382 tium.

36 3424 146 3467 cem
170 3410 379 3468 nefario
400 3412 603 3483 pectori
623 3427 850 3470 excussa
870 3413 1142 3470 confessio
1165 3423 1270 3483 est,
1286 3429 1386 3472 nec
1398 3418 1639 3473 cunctari
1826 3419 2245 3477 XLV.Perti’nct
2270 3418 2335 3475 ad
2361 3417 2703 3476 securitatem
2735 3415 2975 3472 omnium
3000 3412 3355 3478 saeculorum,

1412 3574 2001 3640 INTERPRETATIO.

106 3748 130 3776 ἰ
168 3738 368 3795 Furiis.

104 3809 130 3849 δ
168 3811 245 3883 Ne
274 3814 562 3867 honestam
599 3818 829 3868 mortem
861 3810 1147 3883 cogitaret.

112 3893 130 3957 ξ
173 3876 414 3957 insignia
447 3885 618 3957 regia.

109 3948 132 3989 ἀ
173 3948 387 4011 Cruore
418 3948 804 4011 macularetur.

112 4038 132 4063 ο
162 4026 280 4082 Non
323 4027 489 4082 modo
526 4038 737 4097 sumpta
784 4024 1055 4094 vindicta,
1084 4025 1180 4083 sed
1213 4025 1375 4083 etiam
1405 4040 1527 4083 cum
1554 4041 1644 4082 or-

43 4096 158 4153 dine
182 4108 397 4169 sumpla
430 4096 692 4153 videatur.

114 4169 129 4207 ί
160 4168 275 4225 Non
297 4168 589 4226 dubitaret.

111 4251 135 4313 ξε
168 4241 446 4313 Deii‘cilur-
498 4304 503 4311 .

112 4309 137 4349 l1
167 4309 255 4370 Ad
271 4312 465 4370 morus
493 4309 840 4387 Supplicium.

1823 3737 1840 3777 ί
1872 3740 2027 3796 Morti
2058 3738 2361 3796 destinatos
2391 3739 2678 3809 pollueret.

1821 3810 1835 3863 ι
1876 3812 1977 3880 Qui
2014 3818 2294 3867 accusator
2322 3816 2445 3866 tuus
2477 3810 2670 3867 fuerat;

1820 3880 1843 3919 ¹ί
1878 3884 2054 3939 Dirius
2083 3884 2232 3940 omni
2263 3891 2557 3939 tormento.

1826 3952 2056 4011 lPalam
2086 3954 2312 4011 faceret.
2650 4014 2657 4021 .
2730 4017 2737 4023 ,
2897 4022 2905 4025 λ
3057 3952 3073 4025 ξ
3170 4020 3185 4025 ,
3416 4020 3417 4025 η

1823 4036 1864 4063 ω
1891 4028 2001 4084 Nisi
2038 4028 2496 4087 seauctoritatem
2525 4025 2621 4083 abs
2651 4034 2702 4082 te
2728 4020 3001 4093 accepisse
3026 4020 3363 4077 simulassct.

1826 4107 1852 4163 ει
1875 4099 2327 4171 Prmcordiorum,
2358 4115 2588 4171 quorttm
2618 4096 2957 4171 mendacium
2984 4094 3305 4171 protulerat.

1828 4178 1853 4206 ο
1886 4166 1955 4226 Et
1986 4168 2129 4243 illum
2168 4171 2237 4227 de
2263 4164 2411 4228 exitu
2444 4168 2681 4243 Tyranni
2707 4169 3069 4224 narrationem
3129 4164 3357 4236 refugis.

1829 4250 1856 4291 Ρ
1888 4242 2228 4315 Exprimant.

1831 4324 1859 4364 (ι
1886 4315 2280 4373 Exhibeantur.

1589 4495 1820 4555 ΝΟΤΕ.

1822 4652 2007 4710 XLIV.
2049 4682 2121 4695 -—
2144 4654 2160 4684 ¹
2194 4650 2290 4706 Tui
2314 4660 2360 4707 te
2384 4644 2664 4705 vindicant.
2694 4647 2823 4706 Sum
2836 4657 2984 4719 ptum
3014 4646 3145 4703 illud
3171 4644 3235 4719 ea
3258 4630 3359 4719 Pa-

115 4664 135 4698 ⁸
175 4665 463 4721 Percussit.
498 4656 688 4721 Utrum
732 4660 1001 4738 perculsit,
1051 4670 1109 4717 ιιι
1156 4656 1339 4717 t'olltttl
1362 4654 1549 4731 aliqui,
1577 4673 1642 4712 an

50 4740 283 4794 repressit
300 4740 327 4793 Ζ)

138 4756 327 4794 νεδδιιᾳν

104 4756 136 4842 ξ
178 4810 363 4865 Minax
389 4811 586 4864 umbra.
632 4809 763 4864 Nota
792 4817 1037 4862 veterum
1080 4804 1426 4874 opinionem,
1474 4800 1642 4874 iittcr-

51 4881 311 4937 fectorum
342 4896 530 4938 manes
560 4883 654 4947 iis,
688 4896 716 4935 a
749 4881 945 4950 quibus
978 4872 1246 4950 interfecti
1279 4886 1440 4950 sunt,
1473 4872 1646 4950 infe-tt-

52 4968 137 5007 sos
175 4968 319 5008 esse.
349 4954 500 5022 Quod
544 4964 597 5008 et
638 4944 665 5005 ἐι
697 4944 925 5007 Platone
959 4948 1188 5022 traditur
1214 4948 1249 5002 l.
1278 4962 1333 5001 ιι
1367 4944 1643 5022 detegib.

51 5027 126 5078 sic
147 5017 456 5080 Oresten'in
484 5025 759 5095 tragoediis
791 5021 1135 5095 persequitur
1165 5024 1339 5075 mater
1364 5035 1376 5072 :
1412 5019 1491 5072 sic
1523 5017 1649 5071 Vir-

52 5096 242 5166 giliana
275 5097 409 5151 Dido
440 5098 476 5152 l-.
510 5094 585 5163 tv,
612 5097 739 5160 586,
772 5095 963 5150 (Encas
991 5094 1257 5147 minatur:

144 5212 381 5263 Omnibus
396 5212 568 5262 umbra
594 5211 713 5262 locis
735 5210 888 5261 adero
910 5225 923 5263 :
942 5209 1084 5259 dabis
1099 5207 1321 5269 improbe
1345 5217 1533 5269 ptenas.

60 5391 79 5445 ῐ
126 5321 159 5445 ⁸1
186 5320 260 5375 Ac
290 5320 527 5391 deinec)”
556 5312 799 5386 fratrum.
828 5312 1225 5384 Valentiniani,
1268 5314 1355 5386 qui
1399 5310 1645 5370 Gratiani

80 5408 132 5445 ra
164 5407 245 5445 er.

80 5401 353 5518 Μαίθὲὶιωη
368 5468 599 5518 nionem.
616 5462 730 5518 Non
748 5470 867 5519 erat
882 5460 1150 5526 maiestati
1174 5467 1279 5513 tua:
1289 5456 1649 5523 conveniens,

63 5543 119 5591 ut
147 5535 381 5590 Maximo
407 5533 635 5590 deberes
664 5535 749 5589 vel
778 5548 929 5588 suam
959 5538 1209 5585 mortem.

128 5613 316 5669 XLIII.
344 5626 417 5655 -έ
445 5615 458 5645 ¹
510 5614 890 5669 Auctoramenti
926 5611 1026 5667 sui.
1060 5609 1215 5665 Hunc
1240 5609 1415 5663 locum
1448 5602 1657 5663 l'eStitui

64 5701 127 5742 ex
154 5686 447 5741 Viennensi
468 5684 705 5742 editione
726 5686 1076 5753 onmiumque
1096 5680 1457 5753 interpretum
1474 5684 1659 5753 emen-

65 5757 303 5813 datione.
331 5755 390 5812 In
416 5756 535 5813 aliis
561 5766 677 5825 est,
705 5756 803 5814 nisi
851 5770 906 5811 sc
931 5750 1304 5810 auctoramenti
1325 5752 1400 5806 tui
1420 5750 1657 5819 ﬂuctuet
1678 5778 1691 5785 -

68 5836 349 5884 auctorem.

1672 4760 1725 4820 D

1751 4726 2006 4798 negyrico
2057 4725 2147 4798 ubi
2196 4723 2491 4798 Eumenius
2525 4723 2589 4777 ad
2626 4714 3056 4798 Constantinum
3097 4720 3164 4773 de
3190 4714 3356 4798 illati-

1753 4786 1933 4854 ιιιὶἷιῖιο
1962 4797 2123 4853 simili
2164 4798 2321 4866 plane
2343 4795 2548 4866 ratione
2575 4808 2605 4848 a
2637 4794 2908 4849 militibus
2940 4794 3147 4849 octiso.
3183 4786 3271 4845 Dii
3302 4800 3354 4845 te

1751 4872 2030 4933 vindicant,
2056 4862 2249 4939 inquit;
2282 4868 2359 4923 vel
2387 4862 2627 4922 inviium.

1824 4968 1842 4997 ³
1874 4965 2099 5035 Rapitur
2130 4980 2248 5039 ergo
2274 4978 2335 5017 ex
2364 4962 2546 5018 oculis.
2584 4962 2657 5016 Ita
2693 4960 2860 5016 refert
2901 4959 3178 5015 Socrates.

1825 5058 1847 5090 ³
1875 5057 1949 5113 Ab
1978 5058 2209 5113 hiatoria.
2239 5052 2322 5113 Ab
2349 5054 2587 5111 historiae
2611 5050 2779 5125 ipsius
2803 5048 3083 5124 dignitate.

1828 5148 1850 5181 "
1882 5150 2121 5207 Secunda
2152 5154 2281 5205 sors.
2314 5147 2424 5204 Vos
2460 5163 2685 5219 quoque
2720 5138 2954 5219 artifices
2985 5145 3035 5198 in
3063 5140 3255 5219 quibus
3282 5141 3365 5219 al-

1757 5222 1870 5281 tera
1917 5232 2036 5295 post
2073 5233 2221 5279 vates
2262 5237 2323 5278 ac
2356 5208 2649 5291 scriptores
2680 5216 3001 5274 immortalis
3028 5208 3216 5286 gloriae
3242 5208 3366 5282 spes

1759 5298 1936 5369 posita
1969 5303 2073 5352 est.

1831 5396 1853 5428 ⁸
1884 5394 2164 5450 Herculeos
2195 5393 2410 5448 labores.
2444 5392 2521 5447 De
2559 5388 2807 5444 Herculis
2846 5385 3122 5440 laboribus
3154 5381 3368 5447 adesis;

1758 5469 1804 5526 si
1836 5468 2003 5593 luget,
2035 5466 2425 5537 Panegyricum
2465 5461 2768 5518 Mamertini
2800 5454 3189 5521 Constantino,
3228 5466 3281 5507 n.
3311 5452 3371 5509 4.

1761 5550 1876 5593 not.
1948 5581 1960 5593 .

1761 5550 2108 5687 ¹¹⁰ἕὲένηιηεε
2137 5636 2359 5703 augeant
2380 5620 2971 5703 pressum-nauseae
3002 5616 3228 5703 arari-fc
3250 5620 3371 5703 βιςεξ

1764 5705 1930 5768 tium,
1976 5688 2255 5775 nonaria
2288 5688 2527 5775 laborata
2560 5688 2736 5749 nobile
3005 5688 3251 5756 facilius;
3281 5688 3376 5746 aut

1772 5765 2030 5847 principis
2055 5772 2283 5843 alicujus
2311 5769 2515 5826 voltum
2543 5765 2916 5835 repraesentat.
