3950 6350
510 270 617 328 519

1624 264 2071 325 THEODOSIUS
2117 265 2205 325 ET
2244 264 2581 324 PACATUS.
3654 280 3733 337 520

510 396 550 473 εἰ
567 385 713 463 quod
749 392 832 463 cst
858 381 1269 467 factumvideri
1298 427 1311 449 ,
1346 383 1471 439 utsi
1498 385 1617 455 quis
1640 400 1873 456 unquam
1903 383 2106 441 nefaria
2138 387 2186 446 A
2215 386 2467 442 domibus
2488 385 2623 452 suis,
2642 383 2819 441 cuncti
2842 383 3163 456 coniugibus
3184 398 3244 442 ac
3272 385 3464 455 liberis,
3497 392 3646 448 cuncti
3663 395 3734 452 de-

512 489 633 533 vota
666 480 996 549 conceperit,
1036 479 1400 534 monumentis
1448 487 1755 534 nostrorum
1807 490 2106 549 temporum

509 568 538 609 ι’
562 571 838 627 recensitis
858 586 952 642 per
980 570 1167 626 oculos
1183 582 1204 610 ε
1222 572 1430 626 hauriat
1447 571 1837 627 innocentiam.
1856 572 2109 643 Quisquis

510 680 742 736 purpura
770 664 1095 736 quandoque
1124 664 1290 735 regali
1316 666 1513 722 vestire
1542 667 1799 720 humeros
1823 665 2105 736 cogitabit;

508 758 777 815 Maximus
812 759 862 815 ei
911 768 1105 815 exutus
1135 767 1402 815 occurrat.
1451 758 1705 830 Quisquis
1750 774 1935 815 aurum
1956 776 2101 831 gem-

509 868 733 924 masque
772 852 992 923 privatis
1033 852 1259 924 pedibus
1280 853 1520 923 Optabit;
1553 851 1815 909 Maximus
1841 855 1888 909 ei
1916 853 2110 924 plantis

506 945 684 1002 nudus
730 953 1007 1017 appareat.
1055 944 1315 1017 Quisquis
1353 945 1632 1017 imponere
1671 947 1831 1018 capiti
1863 946 2109 1003 diadema

508 1040 900 1107 meditabitur;
949 1041 1194 1097 avulsum
1237 1040 1477 1096 humeris
1517 1041 1732 1096 Maximi
1774 1052 1954 1114 caput,
2006 1042 2105 1097 et‘

506 1135 629 1191 sine
678 1136 894 1191 nomine
922 1150 1127 1206 corpus
1152 1135 1399 1215 aspiciat.
1432 1134 1645 1191 Scimus
1674 1135 1892 1206 quidem
1917 1139 1944 1180 d
1974 1134 2111 1190 nihil

507 1244 765 1300 umquam
811 1228 1148 1296 novandum,
1193 1244 1314 1283 cum
1337 1227 1641 1283 Romanum
1689 1242 1906 1298 semper
1942 1227 2112 1297 impe—

506 1322 646 1377 rium
698 1331 794 1377 aut
840 1330 992 1377 tuum
1048 1320 1285 1376 futurum
1336 1321 1439 1386 sit,
1470 1330 1561 1376 aut
1594 1330 1840 1385 tuorum;
1877 1318 2113 1391 pertinet

506 1423 687 1471 tamen
737 1414 804 1469 ad
856 1415 1127 1485 geminam
1178 1413 1490 1485 reipublica:
1542 1413 1910 1478 securitatem,
1965 1410 2111 1483 quod

507 1508 622 1565 ﬁeri
649 1523 755 1564 non
784 1515 963 1578 potest
994 1507 1158 1563 etiam
1185 1523 1291 1562 non
1321 1506 1521 1562 timeri.
1548 1505 1654 1562 Sed
1677 1515 1967 1576 utcumque
1997 1506 2111 1560 vir-

506 1603 634 1660 tutis
678 1611 784 1659 tuze
811 1618 976 1674 opera
1014 1602 1246 1658 curiosae
1272 1600 1605 1672 posteritatis
1634 1600 1808 1655 oculis
1838 1599 2109 1654 artiﬁcum

504 1712 701 1753 manus
728 1696 939 1761 reddet,
965 1711 1087 1751 cum
1113 1704 1164 1751 te
1194 1694 1277 1751 vel
1303 1693 1521 1766 Alpiunt
1544 1694 1703 1749 dorsa
1732 1701 2105 1763 superantem,

2214 480 2399 549 nique,
2433 477 2575 549 quod
2608 487 2693 533 est
2722 477 2954 544 dulcius,
2986 474 3013 513 ιι
3039 479 3359 535 innocentiae
3391 482 3597 539 restituti
3622 497 3736 544 sunt,

2217 571 2368 637 Vide,
2402 571 2723 642 Imperator,
2766 571 2897 641 quid
2927 573 3030 628 hac
3051 572 3330 629 clementia
3356 587 3641 633 consecutus
3662 579 3737 635 sis.

2214 666 2432 731 Fecisti,
2459 675 2517 721 ut
2542 681 2703 722 nemo
2731 666 2830 721 sibi
2851 666 3027 723 victus
3054 674 3109 722 te
3138 668 3337 724 victore
3356 668 3593 725 videatur.
3612 671 3742 743 Spec-

2213 760 2367 815 tabas
2409 760 2525 816 hrcc
2563 775 2592 814 a
2638 760 2742 815 tuis
2791 760 3046 827 collibus,
3080 760 3279 827 lioma,
3306 770 3357 817 et
3383 762 3402 793 ‘
3427 771 3622 834 septena
3644 780 3741 822 arce

2213 851 2460 907 sublimis
2487 852 2686 907 celsior
2714 852 2910 923 gaudio
2937 853 3221 909 ferebaris.

2286 945 2469 1003 XLVI.
2512 946 2591 1002 Tu
2617 987 2632 1012 ,
2673 962 2795 1017 qua:
2823 954 3047 1016 experta
3094 948 3109 977 ¹
3157 947 3420 1003 Cinnanos
3463 944 3673 1015 furores,
3700 959 3745 1007 et

2215 1039 2441 1095 Marium
2478 1049 2600 1112 post
2628 1040 2788 1096 exilia
2831 1040 3109 1096 crudelem
3131 1082 3145 1107 ,
3191 1049 3247 1095 et
3294 1041 3485 1097 Sullam
3521 1051 3596 1098 tua
3628 1043 3747 1102 clade

2215 1131 2456 1197 felicem,
2488 1142 2543 1188 et
2570 1131 2845 1189 Caesarem
2892 1134 2945 1188 in
2976 1141 3219 1189 mortuos
3260 1134 3660 1203 misericordem,
3696 1137 3746 1192 ad

2215 1242 2380 1283 omne
2406 1226 2589 1283 civilis
2614 1238 2795 1283 motus
2817 1228 3104 1284 classicum
3134 1228 3624 1300 tremisccbas;qua:
3644 1246 3751 1302 pra:-

2216 1326 2302 1375 ter
2350 1329 2588 1391 stragem
2635 1320 2867 1376 militum
2902 1329 3128 1392 utraque
3160 1320 3257 1376 tibi
3288 1330 3437 1393 parte
3471 1323 3751 1394 pereuntium

2214 1415 2479 1471 exstincta
2504 1414 2651 1470 domi
2681 1425 2905 1471 senatus
2936 1416 3011 1472 tui
3054 1415 3284 1483 lumina,
3328 1414 3507 1471 sulﬂxa
3534 1416 3631 1488 pilo
3654 1431 3756 1472 con-

2215 1508 2393 1563 sulum
2423 1506 2625 1577 capita,
2653 1509 2671 1537 ²
2694 1506 2926 1564 Catones
2966 1508 3020 1563 in
3063 1516 3294 1564 mortem
3337 1519 3559 1574 coactos,
3589 1508 3607 1539 ⁸
3633 1516 3753 1563 trun-

2214 1615 2417 1673 cosque
2446 1600 2762 1664 Cicerones,
2795 1609 2854 1656 et
2872 1599 2893 1631 ⁵
2919 1599 3207 1672 Pompeios
3230 1599 3454 1657 ﬂeveras
3482 1600 3755 1670 insepultos;

2214 1700 2299 1753 cui
2346 1697 2542 1753 damna
2574 1700 2836 1769 'graviora
2867 1698 3072 1754 scissus
3117 1698 3172 1753 in
3216 1705 3397 1767 partes
3428 1695 3609 1753 civium
3646 1696 3759 1751 luror

504 1793 592 1850 vel
642 1792 862 1848 ﬂumina
914 1791 1127 1863 objecta
1164 1782 1471 1845 tranantem
1493 1831 1506 1855 ,
1548 1789 1631 1844 vcl
1677 1803 1870 1860 agmen
1912 1786 2108 1843 hostile
2136 1792 2184 1853 Β
2212 1805 2369 1862 quam
2397 1792 2418 1823 ³
2446 1790 2617 1861 portis
2647 1792 2940 1848 imminens
2964 1792 3182 1857 Poenus,
3215 1791 3237 1822 ⁶
3258 1799 3353 1845 aut
3372 1799 3604 1863 receptus
3620 1790 3758 1847 cauri.

502 1887 919 1958 triumphalibus
937 1886 1173 1957 vestigiis
1190 1892 1537 1952 atterentcm,
1556 1884 1821 1955 pictorum
1836 1892 1999 1954 atque
2020 1882 2113 1937 ﬂc-

509 1987 688 2045 torum
719 1989 1039 2050 assequetur
1065 1978 1317 2044 imitatio,
1348 1976 1657 2043 clementia,
1679 1975 2001 2047 Imperator,
2023 1988 2111 2030 tua

504 2095 614 2152 quo
636 2081 799 2146 coelo,
828 2096 937 2152 quo
965 2090 988 2117 υ
1019 2077 1315 2151 pigmento,
1345 2094 1454 2150 quo
1474 2093 1605 2146 aere,
1633 2093 1838 2134 aurove
1859 2078 2110 2146 ducetur,

505 2188 611 2244 qua
650 2183 705 2229 tu
738 2173 906 2244 ipsius
927 2175 946 2204 ²
994 2173 1233 2228 victoria:
1258 2172 1431 2227 victor
1456 2171 1529 2226 ita
1557 2187 1772 2227 omnem
1796 2187 1918 2227 cum
1948 2171 2114 2227 armis

502 2274 638 2331 iram
668 2273 989 2346 deposuisti,
1014 2282 1073 2329 ut
1098 2272 1358 2330 ceciderit
1384 2287 1546 2328 nemo
1577 2284 1698 2344 post
1719 2273 2110 2339 bcllum,certe

505 2387 668 2430 nemo
722 2382 843 2444 post
890 2372 1214 2429 Maximum?
1244 2371 1457 2449 Paucis
1491 2372 1799 2428 Maurorum
1855 2373 2114 2437 hostium,

506 2492 645 2550 quos
675 2492 860 2534 secum
887 2475 1035 2532 velut
1061 2490 1257 2547 agmen
1283 2474 1551 2531 infernum
1583 2474 1878 2529 moriturus
1901 2473 1921 2506 ³
1944 2473 2116 2529 inclu-

504 2590 683 2647 serat,
716 2589 772 2637 et
809 2579 1054 2644 duobus,
1087 2586 1181 2631 aut
1219 2576 1394 2631 tribus
1426 2576 1612 2631 furiosi
1644 2575 1960 2647 gladiatoris
1986 2575 2007 2606 "
2039 2574 2118 2630 la-

506 2682 663 2739 nistis
694 2680 712 2719 ί
744 2680 800 2736 in
839 2679 967 2735 belli
999 2677 1269 2749 piaculum
1298 2681 1478 2745 cmsis,
1511 2677 1750 2748 reliquos
1780 2693 1991 2744 omnes,
2025 2692 2117 2733 ve-

507 2783 595 2838 nia
636 2781 951 2853 complexa,
1000 2779 1153 2835 velut
1195 2778 1428 2849 quodam
1468 2787 1716 2834 materno
1753 2779 1873 2834 sinu
1899 2779 2113 2836 clausit.

503 2882 713 2940 Nullius
734 2881 870 2937 bona
899 2878 1194 2951 publicata,
1220 2879 1416 2934 nullius
1438 2879 1691 2934 mulctata
1721 2879 1967 2947 libertas,
1993 2880 2116 2936 nul-

501 2981 609 3041 lius
634 2982 907 3055 praeterita
936 2980 1171 3054 dignitas
1192 2981 1492 3037 imminuta.
1534 2980 1707 3037 Nemo
1724 2980 1948 3038 aﬂ‘ectus
1966 2992 2113 3050 nota,

506 3095 533 3136 s
560 3103 719 3143 nemo
741 3085 1006 3153 convicio,
1024 3092 1117 3139 aut
1138 3082 1372 3156 denique
1397 3084 1749 3155 castigatione
1770 3085 2113 3155 perstrictus,

2219 1883 2405 1941 Gallus
2435 1885 2692 1941 intulerat
2716 1904 2731 1952 ;
2763 1886 2851 1941 cui
2878 1888 2897 1917 ⁷
2921 1885 3149 1942 Alliensi
3170 1885 3262 1942 die
3284 1887 3305 1919 ⁸
3332 1884 3592 1942 Emathia
3618 1884 3765 1941 funes-

2219 1979 2362 2044 tior,
2407 1979 2427 2011 θ
2458 1977 2660 2034 Cannis
2712 1979 2754 2010 ¹⁰
2805 1978 3012 2035 Collina
3055 1979 3309 2046 feralior,
3357 1988 3462 2035 tam
3511 1979 3631 2034 altas
3667 1977 3763 2033 olim

2217 2069 2557 2142 reliquerunt
2605 2071 2928 2140 cicatrices,
2986 2081 3083 2137 ttt,
3139 2073 3363 2143 gravius
3411 2087 3609 2142 semper
3651 2080 3762 2125 tuam

2216 2181 2378 2238 quam
2422 2166 2655 2222 alienam
2697 2176 2929 2238 experta
2975 2166 3272 2232 virtutem,
3327 2166 3458 2221 nihil
3506 2166 3592 2221 tibi
3634 2164 3768 2236 magis

2224 2277 2382 2333 quam
2414 2270 2467 2317 te
2492 2263 2746 2329 timeres;
2776 2261 2960 2317 vidisti
2989 2262 3151 2318 civile
3173 2261 3377 2317 bellum
3398 2260 3609 2316 hostium
3629 2258 3767 2323 crede,

2217 2355 2452 2410 militum
2504 2370 2664 2425 pace,
2711 2354 2878 2411 Italia:
2929 2354 3392 2426 recuperatione,
3438 2362 3521 2409 tua
3565 2352 3769 2408 libertate

2218 2449 2450 2505 ﬁnitum.
2478 2450 2706 2517 Vidisti,
2744 2450 2994 2521 inquam,
3032 2450 3244 2505 linitum
3279 2448 3442 2505 civile
3469 2446 3677 2515 bellum,
3702 2444 3769 2499 cui

2217 2540 2517 2598 decernere
2550 2557 2739 2612 posses
2768 2543 3122 2612 triumphum.

2291 2632 2501 2689 XLVII.
2529 2633 2800 2691 Hactenus
2832 2642 3054 2699 memet,
3080 2633 3388 2705 Imperator
3410 2630 3647 2702 Auguste,
3666 2642 3769 2699 pra:-

2218 2728 2411 2782 teritas
2441 2743 2528 2782 res
2559 2736 2679 2783 tuas
2705 2734 3032 2783 attrectasse
3053 2725 3137 2781 fas
3164 2726 3349 2782 fuerit.
3372 2727 3439 2780 At
3466 2739 3579 2780 cum
3602 2730 3772 2789 tempus

2220 2819 2511 2877 admoneat
2539 2820 2851 2877 meminisse
2877 2819 3230 2891 priesentium
3250 2860 3267 2885 ,
3290 2818 3449 2874 linem
3481 2816 3689 2873 sermoni
3715 2811 3775 2866 la-

2220 2927 2347 2969 cere
2374 2912 2700 2981 maluerim,
2749 2914 2953 2984 quam‘
3002 2910 3335 2984 amplissimi
3385 2909 3582 2966 ordinis
3621 2917 3775 2961 munus

2220 3004 2494 3063 invadere.
2524 3006 2753 3063 Dabitur
2781 3015 3069 3078 utcumque
3094 3005 3256 3062 venia
3293 3006 3397 3077 pia:
3427 3001 3688 3061 temeritati
3711 3041 3721 3065 ,
3743 2996 3778 3051 si

2222 3116 2517 3173 usurpasse
2528 3101 2859 3168 communia,
2880 3117 2988 3157 non
3008 3115 3313 3172 occupasse
3334 3099 3602 3156 videamur
3621 3094 3776 3150 aliena.

502 3187 717 3259 culpam
755 3186 947 3259 capitis
974 3186 995 3217 ⁵
1024 3185 1237 3242 aurium
1267 3184 1458 3242 saltem
1492 3183 1740 3241 molestia
1773 3185 1895 3241 luit.
1927 3186 2116 3243 Cuncti
2148 3202 2194 3267 ο
2225 3195 2467 3254 Licuerit
2492 3198 2622 3254 mihi
2644 3238 2658 3266 ,
2691 3214 2815 3270 qua;
2840 3197 2893 3254 in
2917 3196 3168 3254 barbaris
3197 3196 3475 3268 gentibus,
3499 3188 3779 3263 longinquis-

1864 3301 2452 3370 INTERPRETATIO.

575 3410 600 3472 ἐι
629 3398 781 3472 Quod
799 3408 1013 3472 gestum
1032 3405 1137 3466 est,
1166 3397 1438 3469 conspisci
1464 3411 1496 3452 a
1521 3395 1778 3469 posteris.

569 3470 598 3512 ι)
626 3470 901 3529 Perlectis.

578 3556 600 3585 (ε
636 3544 836 3599 Discat.

569 3613 597 3653 (ι
623 3614 902 3672 Neminem
931 3629 1167 3688 unquam
1196 3626 1285 3669 res
1316 3627 1488 3669 novas
1513 3612 1847 3669 moliturum.

2291 3415 2314 3442 ο
2343 3406 2565 3463 Colore.

2289 3472 2308 3514 ί
2335 3477 2417 3533 Ad
2444 3480 2710 3549 expianda
2734 3479 2861 3538 belli
2889 3479 3119 3538 scelera.

2288 3557 2315 3596 ε
2350 3550 2581 3607 Probro.

2278 3618 2307 3659 ιι
2338 3621 2669 3682 Innocentius
2696 3623 2897 3682 famam
2925 3640 2990 3683 ac
3027 3624 3199 3682 decus
3233 3628 3697 3697 recuperaverunt.

2044 3712 2273 3775 NOTAE.

570 3803 732 3861 XLV.
760 3834 832 3845 —
852 3804 877 3877 ξ
912 3803 1038 3877 Sine
1067 3803 1271 3859 nomine
1296 3818 1504 3875 corpus.
1534 3802 1665 3859 Tale
1713 3802 1844 3859 illud
1892 3804 2107 3877 Virgilii

503 3876 720 3935 Aineid.
754 3892 815 3947 tt,
846 3876 951 3933 557
986 3894 999 3929 :

888 3967 1035 4019 Jacet
1055 3969 1234 4032 ingens
1248 3967 1419 4018 littore
1436 3973 1659 4028 truncus,

590 4032 928 4107 Avulsumque
950 4030 1170 4081 humeris
1190 4039 1335 4095 caput
1355 4038 1408 4081 et
1424 4032 1532 4081 sine
1558 4030 1759 4081 nomine
1785 4043 1978 4094 corpus.

572 4119 592 4149 ³
633 4116 867 4172 Victoria:
918 4114 1117 4187 Victor.
1168 4114 1452 4187 Sumptum
1504 4115 1631 4168 illud
1678 4129 1742 4170 ex
1790 4114 1967 4170 Tullio
2010 4130 2107 4185 pro

496 4189 773 4254 Marcello,
803 4205 855 4245 η.
888 4185 995 4245 ηε
1031 4185 1210 4258 Ipsam
1244 4186 1526 4241 Victoriam
1545 4188 1724 4240 vicisse
1752 4186 1963 4253 videris,
1991 4203 2106 4241 cum

491 4277 552 4317 ea
574 4264 709 4333 ipsa,
738 4261 966 4333 quasilla
986 4269 1094 4316 erat
1123 4259 1331 4331 adepta,
1358 4260 1501 4313 victis
1523 4259 1785 4326 remisisti,
1820 4267 1927 4315 etc.

566 4334 588 4365 ³
618 4333 926 4389 Incluserat.
973 4332 1030 4388 In
1065 4332 1202 4389 urbe
1248 4330 1607 4389 Anuilciensi.
1652 4330 1744 4386 ubi
1790 4330 2048 4388 obsessus
2079 4346 2109 4386 a

566 4349 588 4365 ο
618 4349 926 4389 manserat.
974 4349 1030 4388 tn
1065 4349 1202 4389 urne
1248 4349 1607 4402 Αίιυιιριθηει,

494 4404 802 4460 Theodosio
830 4414 1126 4475 captusque
1156 4412 1260 4460 est.
1584 4472 1597 4475 Α

569 4475 591 4506 ⁸
612 4475 858 4531 Lanistis.
877 4472 1440 4531 Lanistazdicebantur
1462 4472 1698 4544 prmiecti
1729 4472 1870 4529 ludis
1897 4474 2109 4546 gladia-

496 4547 649 4603 toriis
691 4548 962 4616 magistri,
990 4548 1078 4617 qui
1109 4546 1437 4617 gladiatores
1462 4547 1849 4613 instituerent,
1882 4561 2109 4603 exerce-

498 4628 731 4689 rentque
754 4618 820 4672 ad
851 4630 1091 4672 mutuam
1118 4618 1407 4674 lanienam.

572 4713 594 4744 ⁸
622 4712 1127 4785 AuriumAmolestia.
1145 4710 1321 4785 Nemo~
1336 4728 1495 4779 quam
1517 4714 1732 4783 culpam
1748 4715 1925 4785 capite
1955 4714 2108 4771 luere

500 4783 691 4841 debuit
718 4826 733 4851 ,
758 4781 1025 4837 audienda
1053 4783 1243 4839 saltem
1274 4781 1654 4854 objurgatione
1679 4781 1955 4853 dependit.

505 4927 552 4986 Β
572 4857 593 4886 ⁸
624 4856 847 4928 Septena
871 4870 1010 4909 arce.
1048 4854 1306 4925 Virgilius
1333 4854 1555 4912 Aﬁneid.
1589 4873 1664 4922 vt,
1696 4858 1833 4925 785,
1861 4856 1929 4913 de
1976 4856 2111 4913 urbe

556 4943 787 4985 omana:

622 5021 928 5085 Septemque
952 5032 1051 5070 una
1070 5018 1165 5069 sibi
1181 5031 1319 5071 muro
1340 5019 1662 5071 circumdabit
1686 5035 1849 5073 arces.

570 5104 754 5161 XLVI.
784 5133 858 5145 —
886 5104 901 5134 ί
932 5101 1194 5175 Cinnanos
1250 5106 1476 5175 furores.
1522 5103 1598 5158 Dc
1645 5103 1815 5159 Cinna
1845 5146 1859 5169 ,
1897 5103 2068 5160 Mario
2089 5148 2104 5172 ,

500 5177 686 5249 Sylla,
714 5175 943 5249 confer,
970 5175 1014 5249 si
1060 5172 1259 5249 lubet,
1288 5172 1489 5249 Incerti
1538 5174 1930 5249 Panegyricum
1964 5177 2108 5249 Con-

504 5244 781 5313 stantino,
814 5264 868 5302 n.
921 5246 993 5320 20
1018 5287 1034 5311 ,
1070 5246 1258 5320 nota!
1290 5256 1343 5300 et
1371 5244 2106 5320 4;_lncerti_'Panegyricum

500 5320 827 5376 Maximiano
855 5328 907 5374 et
930 5316 1309 5385 Constantino,
1330 5333 1387 5372 n.
1414 5317 1503 5386 15,
1529 5328 1642 5373 ιιοι.
1666 5318 1756 5375 9i.
1778 5316 2107 5391 (Ld'Baunc,

502 5389 708 5462 Paneg.
740 5389 888 5462 vett.)
1183 5459 1194 5462 _
1317 5459 1328 5462 _
1396 5460 1404 5462 _
1532 5404 1565 5436 ει
1615 5461 1647 5462 ἡ

558 5408 708 5446 ansa.
740 5401 888 5446 velt.)
1532 5404 1565 5436 .‘t

694 5431 708 5446 .
848 5430 860 5443 .
1532 5410 1565 5436 .-ι

570 5410 1151 5535 ζηῗῖῗιιοῗέί.)ῦεῳῃὸηι
1180 5459 1356 5535 innuit
1374 5460 1577 5535 dictum
1606 5461 1940 5525 Uticensem,
1959 5463 2104 5535 quod

497 5532 761 5603 Pompeio
791 5537 934 5591 victo
963 5532 1131 5590 Utica;
1164 5533 1265 5589 sibi
1295 5549 1484 5588 manus
1511 5534 1776 5589 violentas
1819 5532 2062 5589 attulerit
2084 5576 2098 5596 ,

498 5622 570 5665 ne
599 5607 820 5664 victoris
848 5606 1084 5663 Caesaris
1112 5605 1318 5659 vultum
1367 5606 1566 5660 intueri
1599 5619 1825 5661 necesse
1852 5604 2100 5662 haberet.

572 5678 594 5710 ³
624 5678 855 5735 Truncos
882 5675 1172 5734 Cicerones.
1204 5680 1478 5747 Augustus
1517 5684 1573 5732 et
1601 5676 1872 5747 Antonius
1897 5678 2109 5747 gravis-

503 5749 657 5806 simis
687 5753 825 5807 odiis
856 5752 999 5806 inter
1021 5764 1083 5805 se
1114 5746 1418 5821 pugnantes
1447 5757 1601 5821 pacta
1629 5746 1917 5805 Ciceronis
1932 5758 2110 5806 morte

504 5821 777 5880 conciliati
804 5831 957 5878 sunt.

2132 4642 2188 4703 D

2292 3812 2311 3889 ἕ
2342 3813 2621 3889 Pompeios
2653 3814 2965 3889 insepultos.
2984 3815 3295 3889 Pompeius
3321 3818 3489 3889 enim_
3510 3809 3782 3889 satellitibus

2216 3885 2563 3969 aPtolemzeo
2590 3885 2778 3945 missis
2798 3899 3110 3960 peremptus
3156 3890 3208 3946 in
3242 3887 3429 3946 Nilum
3467 3886 3670 3944 ﬂuvium
3690 3896 3785 3954 pro-

2211 3967 2391 4029 jectns
2418 3969 2525 4016 est.

2289 4029 2512 4088 l“Portis
2560 4033 2831 4090 imminens
2887 4031 3101 4090 Poenus.
3154 4032 3254 4088 Cui
3307 4049 3419 4091 non
3474 4040 3650 4089 uotum
3677 4023 3781 4083 illud

2218 4101 2438 4175 Annibal
2467 4105 2536 4159 ad
2557 4116 2735 4175 portas
2753 4106 2779 4159 ζ)

2291 4174 2311 4205 ⁵
2341 4168 2597 4251 Receptus
2625 4178 2787 4251 muris
2816 4175 3022 4251 Gallus.
3048 4175 3245 4249 Tangit
3274 4168 3784 4251 SenonensiuanaI-

2216 4246 2393 4320 [orum
2428 4245 2702 4305 in'Urbem
2752 4248 3110 4317 irruptionem
3139 4245 3316 4310 [cum
3347 4249 3558 4320 direpta
3586 4245 3719 4320 Italia
3742 4245 3782 4293 in

2216 4314 2538 4390 Capitolium
2580 4314 2955 4376 ascendissent
2979 4361 2994 4386 ,
3028 4320 3083 4374 ni
3111 4320 3181 4376 Μ.
3213 4321 3452 4377 Manlius
3474 4314 3788 4390 'Capituliuus

2214 4389 2472 4463 clangore
2502 4392 2715 4447 anseris
2737 4393 2949 4447 excitus
2976 4408 3073 4447 eos
3101 4393 3420 4463 repulisset.

2288 4463 2306 4492 ⁷
2338 4462 2556 4538 Alliensi
2583 4464 2691 4538 die.
2720 4463 2853 4519 Cum
2889 4460 3178 4538 Romanis
3199 4464 3376 4521 Gallis
3401 4464 3530 4538 fusi,
3558 4460 3790 4538 lugatiﬂ‘!c

2216 4531 2282 4589 ad
2326 4533 2539 4590 Alliam.
2586 4535 2726 4589 Allia
2781 4545 2963 4590 autem
3012 4535 3209 4591 ﬂuvius
3265 4548 3354 4591 εει
3389 4552 3422 4591 a
3470 4531 3789 4591 Crustuminis

2218 4606 2489 4679 tnont_ibus
2520 4606 2936 4679 quadragesimo
2963 4606 3033 4661 ab
3068 4607 3209 4664 Urbe
3238 4607 3428 4679 lapide
3481 4608 3534 4663 itt
3577 4604 3789 4661 Orienta-

2212 4678 2314 4733 lcm
2352 4676 2563 4734 Tiberis
2593 4676 2797 4749 partem
2829 4678 3093 4734 deﬂuens.

2285 4774 2306 4803 ⁸
2335 4768 2630 4842 Αῖνηαιήἱα.
2648 4768 2937 4826 Celebrem
2968 4785 3197 4842 pugnam
3224 4771 3487 4842 intelligit
3514 4766 3788 4838 Pompeium

2218 4841 2360 4897 inter
2387 4850 2441 4896 et
2468 4841 2743 4898 C:esarem
2796 4844 2847 4896 in
2896 4845 3103 4911 campis
3133 4841 3433 4899 Emathiis
3459 4842 3789 4911 commissam.

2214 4911 2491 4967 .Emathia
2519 4925 2702 4969 autem
2737 4915 2957 4984 proprie
2984 4910 3136 4984 regio
3176 4924 3261 4969 est
3297 4914 3545 4971 Thraciae
3575 4910 3789 4970 ﬁnitima,

2214 4985 2583 5069 quod-nomen
2614 4986 2849 5069 primum
2880 4985 3038 5068 alicui
3071 4984 3405 5069 Macedonia
3435 4984 3668 5069 regioni',
3699 4990 3790 5069 tum

2217 5056 2315 5111 toti
2350 5055 2702 5125 Macedoniae,
2729 5067 2894 5128 atque
2932 5058 3093 5113 etiam
3130 5057 3230 5128 ipsi
3272 5055 3573 5115 Thessaliae
3601 5073 3629 5110 a
3650 5055 3792 5126 poetis

2210 5128 2530 5183 attributum
2554 5139 2657 5184 est.

2281 5203 2301 5272 ἒ
2332 5199 2545 5255 Cannis.
2572 5202 2914 5257 Cannensem
2948 5214 3180 5272 pugnam
3211 5201 3410 5272 tangit,
3439 5199 3622 5272 ubikab
3653 5192 3793 5254 Anni-

2214 5271 2335 5328 bale
2358 5287 2498 5328 erasa
2521 5272 2888 5329 Romanorum
2912 5270 3263 5345 quadraginta
3294 5270 3488 5345 millia.
3512 5270 3691 5327 Caune
3712 5281 3793 5321 su-

2215 5351 2321 5400 tem
2357 5347 2514 5400 vicus
2544 5355 2630 5402 est
2652 5346 2706 5400 in
2729 5343 2944 5417 Apulia,
2976 5344 3042 5400 ad
3070 5344 3323 5400 Auﬁdum
3356 5343 3601 5400 ﬂuvium.

2289 5438 2330 5469 ¹⁰
2358 5436 2565 5511 Collina
2593 5439 2827 5511 feraliqr.
2860 5435 3075 5493 Collina
3099 5446 3277 5507 porta,
3311 5453 3438 5511 qua:
3461 5437 3569 5511 [uit
3596 5429 3795 5511 in_c_ollc

2214 5507 2477 5584 Quirinali
2506 5502 2607 5584 sita
2634 5552 2649 5576 ,
2675 5510 2817 5565 unde
2843 5521 2899 5584 et
2944 5502 3147 5584 nomen
3190 5502 3427 5584 accepit.
3460 5508 3554 5562 llic
3587 5502 3793 5584 celebris

2216 5574 2552 5709 {illitlSyllpm
2585 5574 2732 5639 inter
2759 5591 2815 5638 et
2845 5580 3070 5638 Marium
3104 5596 3278 5655 pugna
3307 5574 3427 5647 [de
3454 5594 3559 5652 qua
3587 5574 3796 5632 Velleius

2270 5669 2315 5708 ts
2339 5669 2424 5710 or.
2483 5669 2579 5710 .u.

2289 5748 2503 5804 XLVII.
2531 5779 2601 5790 ——
2631 5751 2646 5781 ί
2672 5749 2995 5819 Amplissimi
3036 5749 3256 5804 ordinis.
3300 5747 3562 5819 Senatus.
3596 5739 3793 5819 Collige

2218 5835 2284 5877 ex
2309 5820 2412 5877 hoc
2433 5821 2554 5877 loco
2580 5816 2887 5879 orationem
2914 5825 3052 5878 hanc
3078 5821 3263 5877 Romae
3286 5818 3493 5877 dictam
3511 5822 3563 5875 iu
3589 5816 3789 5874 Senatu.

3886 588 3889 697 l

3894 1068 3895 1159 ψ
