3950 6350
226 243 312 303 set
998 233 1363 293 THEODOSII
1402 233 1721 292 SELECTA
1763 230 1851 290 DE
1892 228 2263 297 RELIGIONE
2303 230 2652 290 DECRETA.

3376 232 3482 289 522

222 374 311 430 quc
347 350 620 427 provinciis
642 354 661 383 ²
714 366 812 422 pro
852 366 1061 408 summa
1112 370 1170 409 re
1201 354 1413 409 fortiter
1444 353 1780 423 feliciterque
1806 356 1855 413 Α
1878 348 2079 420 justius
2103 356 2356 419 p0terunt
2387 349 2682 419 praedicare
2704 362 2824 420 quae
2853 344 3071 417 propria
3115 353 3260 401 sunt.
3290 343 3336 401 Ο
3366 362 3481 402 mea

223 449 373 507 fecisti
394 489 408 515 ,
439 457 491 502 et
538 454 806 500 annuente
837 446 1055 500 numine
1084 457 1175 500 tuo
1201 488 1215 511 ,
1249 455 1304 502 et
1346 456 1537 501 senatu
1576 444 1787 500 favente

221 543 417 599 dixisse.
442 538 513 595 Ea
540 554 687 604 vero,
718 553 838 609 quae
865 537 1053 593 Romtc
1075 547 1223 610 gesta
1251 550 1379 593 sunt
1405 549 1459 594 et
1484 547 1748 610 geruntur
1770 579 1785 601 ,

221 635 426 707 ingeniis
453 632 807 704 permittenda
830 631 1091 687 Romanis
1114 640 1260 700 sunt,
1286 632 1305 663 ³
1333 632 1547 703 qualem
1580 643 1631 686 te
1653 629 1785 687 Urbi

216 728 320 785 dies
345 726 539 797 primus
567 723 869 789 invexerit;
904 724 1025 794 quis
1044 723 1065 753 '*
1094 724 1146 778 in
1173 724 1322 778 curia
1356 722 1520 779 fueris
1544 764 1558 791 ,
1590 724 1711 793 quis
1733 721 1786 777 in

218 822 413 886 rostris;
446 829 503 875 ut
531 834 780 889 pompam
827 819 1182 890 praeeuntium
1213 819 1234 849 ⁸
1263 816 1589 874 ferculorum
1622 831 1786 873 curru

223 916 394 984 modo,
420 914 578 971 modo
610 914 835 984 pedibus
862 913 1181 970 subsecutus
1205 955 1220 980 ,
1244 914 1457 969 alterno
1483 912 1663 968 clarus
1704 912 1787 966 in-

220 1025 371 1074 cessu,
400 1022 540 1063 nunc
565 1006 631 1063 de
662 1006 838 1074 bellis,
868 1021 1010 1062 nunc
1030 1006 1099 1063 de
1123 1006 1374 1077 superbia
1403 1004 1783 1076 trinmpharis;

219 1112 266 1158 ut
293 1112 338 1157 te
364 1102 382 1132 '
408 1100 657 1156 oumibus
679 1100 1001 1172 principem,
1032 1100 1256 1170 singulis
1286 1098 1599 1154 exhibueris
1630 1112 1787 1153 sena-

217 1202 395 1259 torem;
437 1201 491 1246 ut
520 1192 745 1259 crebro,
792 1191 1046 1263 civilique
1092 1205 1382 1261 progressu
1425 1206 1532 1244 non
1574 1188 1785 1260 publica

214 1294 396 1341 tantum
424 1300 587 1353 Opera
615 1284 957 1351 lustraveris,
1004 1282 1099 1339 sed
1129 1284 1369 1355 privatas
1398 1298 1615 1354 quoque
1645 1282 1789 1338 ardes

210 1378 382 1435 divinis
412 1378 654 1448 vestigiis
681 1378 1021 1433 consecraris
1044 1419 1058 1443 ,
1094 1386 1302 1433 remota
1342 1366 1589 1433 custodia
1640 1375 1786 1431 mili—

212 1473 297 1528 tari
319 1516 334 1538 ,
362 1472 524 1528 tutior
550 1471 752 1543 publici
779 1470 981 1526 amoris
1006 1470 1270 1527 excubiis.
1298 1470 1500 1525 Horum
1532 1470 1647 1524 haec
1683 1469 1788 1524 liti-

1891 441 2015 496 felix
2040 441 2398 512 peregrinatio
2426 442 2438 495 l
2462 442 2506 497 0
2534 441 2672 497 bene
2701 441 2961 510 suscepti,
2991 448 3046 521 et
3064 439 3310 496 exhausti
3336 439 3487 494 labo-

1890 535 2013 590 res!
2048 533 2253 602 Quibus
2303 548 2402 604 ego
2452 533 2713 588 intersum
2756 532 2951 588 bonis!
2996 541 3021 569 ⁸
3072 532 3279 601 Quibus
3328 547 3491 603 paror

1890 625 2098 697 gaudiis
2129 627 2141 679 ε
2176 626 2305 693 Quae
2336 640 2590 680 reversus
2635 624 2859 681 urbibus
2887 624 3182 680 Galliarum
3206 623 3234 662 ι)
3266 624 3488 695 dispen-

1888 720 2022 775 sabo
2045 719 2343 774 miracula!
2391 720 2618 788 Quantis
2662 721 2993 791 stupentium
3048 719 3257 790 populis
3283 762 3298 787 ,
3328 736 3491 792 quam

1891 814 2064 869 multo
2090 813 2473 870 circumdabor
2501 814 2745 869 auditore
2765 856 2779 881 ,
2832 829 2955 869 cum
3003 813 3225 882 dixero,
3261 814 3490 871 Romam

1890 909 1998 964 vidi
2036 952 2049 976 ,
2106 909 2475 965 Theodosium
2524 908 2665 975 vidi,
2720 917 2773 964 et
2815 918 3103 979 utrumque
3148 910 3308 965 simul
3341 909 3487 974 vidi;

1891 1002 2001 1059 vidi
2027 1004 2177 1057 illum
2210 1004 2231 1034 ⁷
2267 1002 2525 1073 principis
2558 1012 2806 1072 patrem;
2839 1002 2948 1058 vidi
2994 1003 3146 1057 illum
3179 1005 3201 1036 ⁸
3234 1003 3494 1074 principis

1893 1095 2202 1163 vindicem;
2242 1095 2347 1151 vidi
2393 1096 2543 1151 illum
2572 1098 2592 1128 ν
2629 1095 2888 1165 principis
2942 1097 3358 1151 restitutorem!
3412 1095 3495 1152 Ad

1893 1204 1980 1245 me
2010 1190 2317 1261 longinqua:
2350 1192 2677 1245 conm-hient
2726 1190 3009 1255 civitates;
3044 1208 3071 1245 a
3104 1206 3189 1245 tne
3219 1201 3494 1263 gestarum

1892 1282 2135 1339 ordinem
2161 1299 2339 1338 rerum
2362 1283 2538 1357 stylus
2564 1284 2740 1338 omnis
2754 1285 3011 1356 accipiet;
3043 1300 3070 1338 a
3097 1302 3181 1340 tne
3204 1300 3493 1357 argumen-

1892 1386 2001 1431 tum
2021 1377 2228 1448 poetica
2255 1393 2269 1443 ;
2304 1392 2331 1429 a
2360 1392 2446 1430 me
2468 1376 2625 1431 fidem
2648 1385 2825 1432 sumet
2851 1376 3097 1432 historia.
3116 1376 3495 1449 Compensabo

1894 1473 1987 1526 tibi
2038 1474 2232 1536 istam,
2272 1472 2595 1543 imperator,
2630 1471 2921 1541 injuriam;
2964 1471 3047 1540 si,
3088 1474 3303 1545 quando
3333 1472 3401 1528 de
3445 1482 3498 1529 te

209 1567 333 1639 guis,
362 1567 550 1622 horum
578 1609 592 1631 ,
629 1566 847 1636 inquam
870 1605 883 1628 ,
917 1580 1051 1621 voce
1080 1563 1398 1630 laudentur,
1431 1564 1521 1633 qui
1548 1561 1616 1619 de
1639 1577 1789 1617 com-
1890 1564 2009 1635 ipse
2036 1564 2166 1618 nihil
2194 1563 2426 1620 dixerim
2449 1604 2464 1631 ,
2500 1565 2542 1596 ¹⁰
2571 1565 2716 1636 quod
2749 1564 3036 1637 legendum
3079 1566 3182 1634 sit,
3229 1567 3493 1625 instruant

210 1658 436 1714 munibus
466 1656 680 1730 gaudiis
703 1666 759 1712 et
784 1655 1000 1727 dignius
1031 1658 1216 1728 utique
1244 1670 1366 1727 qua:
1408 1655 1639 1711 maxima
1665 1695 1681 1722 ,
1733 1663 1792 1711 et
1890 1657 1979 1728 qui
2012 1657 2281 1728 legantur.

1544 1767 2131 1828 INTERPRETATIO.

1918 1872 1923 1877 ‘
1962 1859 1994 1898 δ
2026 1864 2327 1923 Enarrabo.

1714 1955 1944 2013 NOTE.

213 2131 246 2185 Β
269 2056 641 2142 fProsumma
660 2073 734 2112 re.
767 2056 870 2111 Pro
905 2054 1276 2127 recuperanda
1298 2054 1453 2111 Italia
1479 2096 1493 2122 ,
1537 2053 1710 2110 Gallia
1740 2063 1795 2109 et
1823 2058 1872 2119 Β
1897 2066 2053 2177 gens,
2082 2052 2302 2179 singlltllis
2330 2061 2640 2109 senatorem.
2677 2052 2889 2109 Eximia
2918 2064 3005 2112 tua
3036 2058 3293 2116 comitate
3318 2060 3500 2133 singu-

251 2140 484 2185 rttannta.
1924 2139 1985 2178 os
2012 2138 2205 2185 eontpe
2251 2139 2371 2178 ans.

251 2138 484 2185 ritannia.
1901 2138 1985 2178 tos
2012 2138 2371 2193 compellans.

271 2225 290 2256 ι
316 2222 529 2289 Qualem
581 2230 631 2275 te
676 2219 821 2276 Urbi.
854 2219 1222 2290 Triumphalis
1263 2219 1558 2276 Theodosii
1609 2220 1661 2275 in
1690 2219 1793 2276 υτ.
1899 2193 2299 2290 nigrm)?“
2312 2197 2619 2290 291mg”
2646 2207 2761 2265 est.
2791 2198 3046 2266 Honorii.
3076 2217 3233 2273 quem
3275 2202 3505 2259 Paculus

210 2273 984 2363 δεωῖιῖιὶἑὲᾷέυὲρόείεεεὲὼιὶ
1012 2273 1558 2347 n..xa‘.m..;.:“““
1702 2273 1751 2276 Γ
1899 2273 2579 2363 υνξεξυίιξξξιμξειιίξεξιιεξξιξξξ

270 2386 287 2417 ⁸
314 2385 377 2440 1η
400 2387 572 2440 curia.
598 2384 737 2453 Quid
769 2384 838 2438 sit
863 2384 1155 2456 curiaivide
1184 2385 1346 2440 Plinii
1382 2401 1572 2456 paneg.
1603 2403 1659 2440 n.
1687 2386 1753 2442 66
1774 2428 1788 2453 ,

210 2469 305 2513 not.
325 2458 380 2525 2,
405 2468 459 2513 et
481 2474 535 2512 n.
570 2457 664 2521 65,
696 2464 808 2511 not.
843 2457 864 2510 ί
899 2455 975 2521 (la
1005 2455 1204 2523 Baune,
1245 2456 1447 2529 Paneg.
1477 2455 1643 2528 vett).

269 2550 289 2581 ⁸
320 2549 682 2623 Ferculorum.
725 2549 801 2603 De
850 2548 1064 2618 ferculis
1104 2563 1268 2621 supra
1311 2550 1363 2604 in
1387 2550 1543 2605 Plinii
1595 2566 1788 2623 paneg.

210 2621 915 2763 n.‘iZl‘nilnoi‘bts?principem.
945 2690 1060 2747 Tua
1093 2692 1373 2764 majestate
1399 2708 1592 2749 omnes
1613 2705 1793 2765 prme-

269 1877 292 1906 ἰ
317 1868 438 1937 Qua:
470 1866 602 1922 mihi
627 1865 817 1939 gaudia
846 1875 1124 1938 parantur.

1973 2339 1994 2369 ⁸
2028 2336 2292 2406 Principis
2323 2340 2596 2394 vindicem.
2633 2340 2874 2398 Gratiani
2903 2358 2931 2397 a
2965 2342 3196 2398 Maximo
3221 2346 3367 2400 orsi.

1972 2412 1992 2442 θ
2024 2407 2287 2476 Principis
2318 2414 2677 2467 restitutorem.
2716 2414 3076 2469 Valentiniani
3100 2416 3355 2479 junioris.

1974 2480 2016 2511 ¹⁰
2049 2480 2200 2548 Quod
2227 2482 2499 2558 legendum
2520 2485 2607 2538 sit.
2631 2481 2764 2558 Cum
2793 2484 2921 2558 nihil
2946 2486 3176 2541 dixerim
3200 2490 3343 2558 quttd
3368 2503 3501 2544 ven-

1899 2559 2079 2607 turum
2116 2562 2189 2607 stt
2208 2555 2273 2606 ad
2308 2565 2559 2624 posteros
2582 2595 2597 2620 ,
2625 2556 2702 2628 ab
2726 2559 2791 2611 iis
2840 2557 3147 2627 legendum.
3183 2555 3329 2613 Alios
3360 2577 3463 2628 ego
3484 2602 3500 2627 ,

1897 2628 2372 2706 quominusqrtpta
2420 2633 2634 2681 :etatem
2692 2627 2868 2684 latura
2917 2641 3071 2696 sunt,
3118 2629 3329 2687 docebo
3382 2627 3504 2704 qua:

1899 2702 2150 2765 scripturi
2184 2702 2314 2750 sint.
2340 2736 2357 2757 ,

2409 2888 2918 2904 ._...~....-_.___.——_

207 2994 1349 3189 :HEODOSIUS
1446 2997 2182 3189 MAGNUS
2302 3001 2532 3130 ET
2646 3004 3489 3138 PACATUS.

1816 3218 1869 3261 ο

438 3422 519 3482 τη
1480 3353 1724 3451 tests
1791 3348 2193 3461 secantis,

581 3543 1157 3614 COMPLECTENS
1200 3540 1559 3605 SELECTA
1603 3541 2041 3605 THEODOSII
2082 3543 2187 3605 DE
2229 3544 2672 3611 RELIGIONE
2715 3549 3115 3616 DECRETA.

1100 3219 1809 3263 ————-—-==a

1877 3224 2580 3263 W-

213 3809 304 3851 ua.
343 3810 382 3851 ι.
422 3810 539 3851 τιτ.
588 3808 646 3849 x.
690 3808 759 3849 ne
796 3806 1007 3849 ometo
1043 3805 1258 3849 COIlTiS
1298 3804 1575 3847 SACBARUI
1626 3805 1808 3848 LARGI-
1832 3794 1877 3857 C
1980 3793 2036 3849 5.
2080 3790 2253 3846 Iidem
2292 3790 2449 3847 ΑΛΑ.
2494 3792 2563 3846 ad
2604 3789 2918 3849 Florianum
2958 3796 3205 3852 Comitem
3242 3813 3508 3855 sacrarum

884 3900 1105 3941 'I'IONUI.

277 3981 322 4034 l.
365 3979 580 4053 Imppp.
623 3976 946 4041 Gratianus,
988 3977 1383 4033 Valentinianus
1409 3987 1457 4032 et
1482 3976 1803 4033 Theodosius

214 4073 354 4128 ΑΑΑ.
378 4074 446 4128 ad
459 4072 748 4145 Syagrium
765 4070 852 4144 Pf.
883 4069 949 4125 P.
981 4071 1254 4127 Palatinos
1276 4082 1530 4127 strenuos
1559 4068 1799 4141 regioni-

211 4165 298 4221 bus
334 4168 563 4239 singulis
602 4166 890 4221 atlributos
924 4165 1180 4236 jubemus
1219 4181 1339 4222 eam
1379 4165 1432 4220 in
1465 4165 1675 4221 eunetis
1704 4164 1801 4219 ad-

211 4256 383 4315 hibere
420 4260 745 4327 solertiam,
786 4269 844 4314 ut
884 4274 990 4314 non
1030 4259 1192 4316 modo
1242 4260 1395 4315 abire
1441 4276 1473 4315 e
1524 4258 1799 4330 provincia

216 4365 310 4406 non
349 4352 564 4408 sinatur
584 4393 599 4417 ,
632 4351 722 4422 qui
754 4366 1017 4408 canonein
1049 4351 1284 4422 propriae
1315 4350 1801 4407 administrationis

213 4455 443 4504 exactum
466 4446 791 4503 certissimis
822 4455 1056 4516 nequeat
1083 4446 1385 4517 approbare
1424 4443 1763 4501 documentis
1786 4485 1800 4510 ,

213 4555 384 4597 verum
433 4543 601 4597 etiam
657 4540 1088 4597 mansuetudinis
1137 4551 1341 4597 nostrae
1393 4540 1659 4595 instructa
1711 4554 1803 4596 co-

214 4637 369 4707 gnitio
405 4654 531 4693 eum
571 4638 824 4709 graviore
861 4637 1096 4692 vindicta
1138 4647 1353 4693 censeat
1393 4634 1799 4706 corrigendum.

215 4726 331 4784 Dat.
361 4729 455 4784 111
493 4730 636 4785 Νοη.
693 4727 809 4784 Jul.
850 4727 1171 4795 Viminacio,
1210 4728 1436 4800 Syagrio
1466 4736 1514 4783 et
1550 4726 1805 4781 Eucherio

219 4817 351 4877 Cass.
395 4822 573 4896 (ssi).
784 4808 787 4809 ί

282 4916 335 4971 2.
378 4915 593 4989 lmppp.
632 4916 1062 4982 Valentinianus,
1104 4916 1427 4971 Theodosius
1465 4924 1511 4969 et
1550 4914 1806 4969 Arcadius

1904 3870 2256 3958 largitionum.
2292 3885 2347 3941 In
2378 3886 2628 3943 omnibus
2660 3891 2842 3944 causis
2874 3889 2942 3944 ita
2974 3892 3268 3962 cognitioni
3293 3894 3507 3965 jurgio-

1904 3995 2025 4034 rum
2084 3995 2305 4049 operam
2363 3978 2562 4046 dabis,
2626 3990 2687 4034 ut
2742 3991 2897 4036 extra
2954 3984 3201 4039 ordinem
3266 4001 3330 4041 ac
3388 3987 3539 4043 sine

1906 4072 2241 4143 temporibus
2289 4087 2721 4143 recognoscens,
2771 4088 3019 4143 mature,
3070 4092 3193 4132 cum
3242 4079 3379 4133 ratio
3426 4090 3510 4136 tu-

1902 4162 2059 4231 lerit,
2113 4180 2178 4220 ac
2224 4179 2412 4220 rursus
2454 4165 2735 4231 severius,
2781 4166 2827 4221 si
2865 4166 3077 4236 justitia
3126 4172 3496 4239 persuaserit,

1903 4257 2236 4314 deﬁnitivam
2280 4262 2421 4315 scias
2449 4259 2800 4329 promendam
2832 4275 2954 4315 esse
2984 4262 3337 4318 sententiam.
3374 4264 3499 4320 Dat.

1916 4351 1955 4407 V
1983 4351 2107 4407 Kal.
2146 4351 2266 4406 Dec.
2301 4353 2524 4407 Arcadio
2547 4352 2611 4406 Α.
2644 4352 2693 4407 I.
2728 4363 2775 4407 et
2804 4352 3040 4409 Bautone
3072 4356 3217 4412 Cass.
3253 4359 3432 4432 (585).

1972 4449 2028 4503 4.
2063 4446 2234 4503 [idem
2274 4448 2430 4502 ΑΑΔ.
2463 4449 2712 4505 Seuerino
2740 4447 2925 4505 Comiti
2953 4469 3225 4510 sacrarum
3268 4460 3509 4531 largitio-

1905 4558 2048 4596 num.
2099 4542 2516 4609 Comperimus,
2570 4544 2880 4601 inconsulto
2935 4547 3194 4617 praefecto
3240 4554 3392 4608 urbis
3447 4572 3512 4615 ac

1907 4636 2122 4707 penitus
2179 4636 2497 4707 ignorante,
2556 4647 2740 4707 raptos
2798 4637 2865 4694 ad
2921 4641 3245 4713 supplicium
3301 4663 3511 4705 merca-

1909 4736 2091 4792 tores,
2124 4727 2499 4796 corporalibns
2539 4727 2766 4785 ali'ectos
2795 4729 3011 4799 injuriis
3032 4774 3047 4797 ,
3078 4736 3256 4805 gravis
3288 4737 3510 4810 insuper

1911 4819 2127 4873 mulctte
2151 4818 2448 4874 acerbitate
2479 4819 2729 4875 nudatos.
2754 4819 2887 4876 Cum
2917 4821 3083 4894 igitur
3110 4828 3290 4881 omnia
3314 4844 3513 4901 corpo-

1910 4921 2152 4966 ratorum
2192 4926 2425 4982 genera,
2468 4928 2589 4981 quzc
2634 4913 2685 4967 in
2729 4911 3330 4987 ConstantinOpOIitana
3374 4924 3510 4980 urha

220 5006 363 5062 ΑΑΑ.
406 5007 631 5079 Trifolio
661 5006 848 5062 Comiti
885 5024 1150 5062 sacrarum
1188 5008 1541 5079 largitionum.
1577 5005 1808 5061 Palatini
1835 5018 1885 5078 ι)
1910 5013 2220 5070 versantur,
2277 5004 2564 5060 universos
2615 5022 2832 5078 quoque
2903 5009 3050 5066 cives
3119 5024 3280 5082 atque
3336 5030 3511 5085 μονα.

220 5103 507 5158 monitores
560 5100 982 5171 frequentissimi
1036 5102 1102 5157 ad
1155 5101 1521 5175 proﬂigandos
1567 5102 1813 5173 largitio-

226 5194 367 5249 nales
406 5194 593 5250 titulos
625 5194 898 5265 judicibus
936 5194 1227 5251 ordinariis
1267 5212 1486 5267 semper
1510 5196 1805 5263 assistant;

227 5284 415 5342 deinde
440 5328 458 5353 ,
491 5286 537 5341 si
566 5287 793 5357 alicujus
832 5287 1110 5343 remissior
1147 5303 1313 5356 super
1342 5288 1446 5344 hoc
1484 5286 1649 5343 fuerit
1677 5301 1809 5343 cura

222 5375 420 5434 detecta
441 5421 458 5446 ,
504 5379 704 5436 tamdiu
742 5380 1109 5451 unusquisque
1131 5380 1300 5453 judex
1328 5396 1356 5434 a
1391 5381 1641 5452 palatinis
1669 5380 1808 5435 intra

223 5474 548 5543 provinciam
589 5491 620 5531 a
648 5490 708 5530 se
741 5475 1171 5532 administratam
1204 5484 1428 5547 peracto
1455 5475 1567 5545 jam
1600 5474 1808 5529 honore

226 5572 488 5633 teneatur,
511 5566 766 5638 quamdiu
795 5581 890 5637 per
910 5582 1034 5623 eum
1061 5568 1112 5622 id
1134 5609 1148 5633 ,
1178 5565 1321 5639 quod
1348 5567 1593 5623 debitum
1625 5565 1807 5635 fuerit,

227 5658 483 5730 exigatur.
530 5659 648 5715 Dat.
700 5659 811 5714 VII
864 5660 951 5717 Id.
991 5662 1161 5733 April.
1194 5662 1681 5734 Conslantinapoli,
1714 5661 1814 5716 Ar-

230 5751 372 5809 cadio
402 5753 467 5809 Α.
498 5751 549 5810 Ι.
580 5764 627 5811 et
654 5754 886 5811 Bautone
914 5756 1059 5811 (loss.
1093 5746 1279 5828 (585).

737 5850 1010 5910 l’s'rnoL.
1047 5848 1227 5911 XIII.

1916 5099 2100 5163 lares,
2147 5096 2480 5169 praefectura:
2524 5099 2746 5155 urbanae
2788 5102 2901 5171 regi
2943 5102 3310 5159 moderamine
3350 5122 3513 5166 rem-

1916 5207 2181 5264 gnoscas:
2224 5192 2269 5247 si
2310 5192 2612 5263 cuiuspiam
2660 5193 2892 5250 fortasse
2932 5211 3162 5265 persona
3205 5199 3316 5255 ﬁsci
3356 5202 3511 5273 tingi.-

1917 5286 2053 5341 tabit
2080 5300 2305 5340 examen
2325 5327 2340 5351 ,
2372 5285 2456 5339 vel
2489 5286 2540 5340 in
2572 5286 2804 5357 aliquem
2837 5286 3028 5343 horum
3060 5290 3254 5345 similis
3288 5296 3514 5361 posthac

1917 5376 2241 5435 redundabit
2283 5378 2486 5434 invidia
2507 5419 2524 5445 ,
2556 5379 2602 5434 is
2633 5396 2739 5434 non
2772 5396 2868 5451 per
2898 5382 3135 5437 officium
3178 5386 3471 5454 palatinum
3495 5430 3514 5458 ,

1915 5469 2012 5527 sed
2065 5484 2159 5539 per
2212 5469 2607 5539 apparitionem
2661 5472 2805 5527 sedis
2857 5472 3078 5529 urbana:
3132 5482 3515 5548 cognoscendo

1920 5563 2137 5635 negotio
2167 5573 2500 5635 przeparatus
2521 5606 2537 5632 ,
2571 5566 2637 5621 ad
2667 5581 2793 5622 eum
2833 5568 3171 5638 cognitorem
3196 5613 3210 5637 ,
3254 5574 3339 5628 cui
3382 5577 3515 5636 urbs

1922 5667 2031 5713 tota
2062 5657 2301 5729 subjacet
2322 5699 2337 5723 ,
2365 5657 2683 5726 deducetur,
2713 5666 2772 5713 ut
2798 5659 2866 5714 ab
2892 5675 2959 5715 eo
2986 5662 3159 5732 possit
3185 5664 3355 5721 audiri
3387 5680 3517 5742 aut,

1922 5752 1968 5809 si
2000 5753 2297 5809 necessitas
2327 5752 2595 5817 suaserit,
2627 5750 2693 5808 ad
2720 5750 2986 5821 judicium
3021 5763 3169 5811 tuum
3192 5797 3207 5825 ,
3240 5766 3292 5816 te
3324 5772 3516 5833 peten.

3066 5850 3145 5914 17
