3950 6350
497 219 606 282 sas
1278 299 1289 302 Α
1677 219 2057 302 τιιεουοειι]

2161 221 2234 279 ΞΤ
2270 223 2611 285 PACATUS.
3639 241 3721 301 594

485 342 578 401 te,
615 333 929 392 transmitti.
988 333 1111 390 Dat.
1167 332 1216 388 Χ
1229 332 1335 388 ΠΙ
1393 332 1519 389 Kal.
1575 332 1706 418 Mai.
1761 333 2086 402 Mediolani,
2117 337 2162 398 Α
2191 351 2405 408 quoque
2425 336 2798 394 Januariarum
2822 348 3111 397 consuetos
3129 340 3246 397 dies
3268 333 3722 416 ntio‘maneipamus.

417 489 430 502 δ
493 427 712 485 Tatiano
741 439 788 486 et
818 429 1131 500 Symmacho
1161 426 1308 482 Cass.
1345 426 1520 500 (591).
2202 425 2230 497 §
2268 428 2322 482 2.
2357 428 2448 482 llis
2496 430 2779 499 adjieimus
2817 431 3088 490 natalitios
3127 432 3238 488 dies
3271 434 3466 492 urbium
3505 443 3722 500 maxima.

563 521 616 578 8.
651 519 825 592 Itupp.
867 504 1189 576 Tlttiodosius
1219 530 1266 573 et
1312 518 1704 576 Valentinianus
1750 521 1857 576 AA.
1891 521 1961 574 ad
2001 520 2096 576 Vo-
2203 536 2344 586 rum,
2390 522 2575 578 Romae
2605 533 2767 593 atque
2797 524 3309 596 Constantinopolis,
3360 530 3537 599 quibus
3561 533 3725 593 debent

493 619 757 674 lusianum
813 615 903 689 ΡῙ.
935 615 1006 672 Ρ.
1051 616 1173 674 Non
1225 617 1460 686 amplius
1481 658 1494 680 ,
1528 634 1690 686 quam
1721 618 1928 684 semel,
1958 618 2098 674 intra
2197 613 2320 685 jura
2351 613 2587 683 deferre,
2618 619 2742 688 quia
2777 627 2833 674 et
2877 619 2945 676 ab
2973 619 3104 688 ipsis
3131 628 3251 678 nata
3279 629 3416 678 sunt.
3447 622 3541 692 εὖ.
3569 625 3728 690 Ssero‘s

488 711 734 766 eamdem
765 710 1099 779 provinciam
1129 709 1422 780 quidquam
1455 710 1654 779 publici
1684 710 1927 766 numeris
1953 709 2098 780 pala-
2201 721 2417 775 quoilue
2446 707 2666 762 Pasclue
2694 709 2831 774 dies,
2864 712 2953 780 qui
2985 720 3213 781 septeno
3244 712 3327 770 vel
3355 715 3634 783 praecedunt
3655 737 3731 778 nu-

489 801 636 862 tiuus
679 812 967 868 exerceat,
1016 803 1111 860 sed
1155 803 1421 872 adjutoris
1463 804 1737 874 suggestio
1780 803 1948 874 gestis
1999 817 2096 858 es-
2203 813 2362 854 mero
2384 798 2469 854 vel
2495 811 2816 870 sequuntur,
2849 801 2902 856 in
2928 801 3118 858 eadem
3143 802 3506 862 observatione
3527 824 3731 866 numera-

495 913 685 970 pressa
721 906 990 962 teneatur,
1048 914 1170 967 qute
1202 909 1256 954 et
1288 913 1486 954 nomen
1521 897 1743 968 palatini
1783 905 1838 952 et
1878 896 1928 951 ei
1950 940 1964 964 ,
2009 895 2099 966 qui
2201 907 2342 958 mus,
2370 908 2472 950 nec
2499 911 2603 952 non
2625 905 2681 952 et
2709 895 2829 952 dies
2856 896 3008 958 solis.
3036 897 3128 967 qui
3166 899 3391 968 repetito
3418 899 3466 956 in
3490 915 3544 960 se
3567 904 3734 962 calculo

492 991 810 1061 dirigendus
831 1033 846 1058 ,
882 991 932 1046 in
964 991 1210 1048 eamdem
1245 991 1584 1060 provinciam
1616 989 1754 1044 nihil
1785 997 1914 1046 ante
1945 1003 2096 1044 com-
2204 986 2574 1042 revolvuntur.
2603 987 2706 1058 δά.
2739 989 2930 1048 Parem
2958 1005 3182 1046 necesse
3209 1001 3292 1046 est
3321 991 3494 1050 haberi
3523 1011 3733 1054 reveren-

487 1083 758 1148 missum,
811 1081 1096 1138 evidenter
1137 1082 1428 1152 exprimat.
1479 1081 1635 1150 Quod
1681 1080 1729 1138 si
1769 1091 1862 1136 aut
1912 1079 2100 1150 hujus-
2204 1079 2333 1132 tiam
2363 1080 2565 1133 nosnis
2599 1081 2761 1134 etiam
2803 1081 3017 1146 diebus.
3048 1083 3139 1151 qui
3171 1083 3252 1138 vel
3285 1083 3414 1140 lucis
3439 1088 3646 1156 auspicia
3672 1091 3734 1147 vel

488 1175 636 1234 modi
665 1176 1014 1234 solemnitate
1043 1176 1319 1246 neglecta,
1348 1187 1436 1231 aut
1461 1176 1697 1244 repetito
1725 1183 1847 1230 actu
1877 1173 1946 1230 ad
1976 1189 2098 1242 pro-
2202 1179 2356 1224 ortus
2383 1171 2591 1240 imperii
2625 1172 2984 1240 protulerunt.
3019 1171 3140 1229 Dat.
3175 1172 3282 1228 VII
3305 1172 3387 1230 Id.
3413 1177 3534 1248 Aug.
3575 1177 3732 1236 Rome.

487 1268 722 1322 vinciam
756 1269 958 1324 missus
991 1268 1153 1324 fuerit
1185 1269 1489 1338 palatinas,
1521 1267 1821 1336 adiutorem
1853 1266 2018 1322 ollicii
2045 1273 2100 1322 et
2203 1260 2432 1316 Timasio
2458 1272 2503 1318 et
2535 1261 2789 1319 Promoto
2819 1261 2966 1320 Cass.
2999 1262 3173 1336 (389).

483 1362 856 1433 primicerium
891 1374 1052 1434 atque
1094 1362 1526 1418 secundicerium
1572 1362 1789 1432 triginta
1836 1361 2094 1418 librarum
2274 1358 2722 1415 lnrenrns'rs'rto.
2765 1357 2960 1415 Causas
3012 1375 3104 1429 per
3132 1361 3256 1415 anni
3303 1365 3513 1431 spatium
3553 1366 3739 1422 omnibus

482 1456 604 1510 auri
661 1470 820 1525 poma
868 1455 1169 1526 percellat,
1247 1469 1346 1510 nec
1393 1455 1471 1510 uti
1513 1454 1697 1510 licebit
1741 1453 1825 1506 his
1867 1451 2100 1508 fortasse
2202 1449 2383 1505 diebus
2413 1452 2693 1507 secundant
2725 1453 2858 1525 leges
2892 1453 3068 1508 audiri
3092 1457 3436 1524 prwcipimus.
3481 1457 3542 1514 Et
3561 1460 3656 1517 licet
3678 1461 3742 1516 les

481 1548 776 1619 praestigiis
797 1591 810 1616 ,
844 1547 988 1618 quod
1020 1547 1201 1603 eidem
1227 1588 1242 1614 ,
1277 1563 1385 1601 tton
1417 1547 1606 1601 eadem
1641 1555 1822 1600 tamen
1846 1586 1860 1610 ,
1890 1543 2100 1614 possint
2201 1555 2423 1613 quatuor
2451 1561 2646 1600 menses
2675 1545 2745 1600 ad
2769 1549 2971 1616 fructus
3001 1547 3322 1617 colligendos
3364 1549 3631 1616 indulserit,
3671 1551 3740 1608 sed

486 1639 729 1710 gerenda
769 1640 1072 1694 committi:
1116 1639 1366 1694 eumdem
1412 1639 1554 1694 enim
1601 1638 1902 1707 palatinum
1955 1638 2097 1693 intra
2200 1638 2274 1690 ita
2302 1655 2394 1704 pro
2426 1640 2806 1706 provinciarum
2826 1639 3076 1708 qualitate
3102 1650 3151 1693 et
3176 1642 3447 1705 prtesentia
3472 1643 3741 1699 dominorum

481 1733 731 1788 eamdem
766 1732 1095 1802 provinciam
1136 1733 1429 1802 quidquam
1466 1729 1664 1799 publici
1712 1729 1956 1784 muneris
1997 1731 2088 1784 ite-
2127 1733 2173 1794 B
2200 1731 2512 1784 credidimus
2556 1731 2885 1802 (edendum,
2929 1743 2985 1785 ut
3029 1750 3062 1786 a
3109 1734 3194 1787 die
3234 1732 3382 1787 Vill
3436 1733 3741 1791 Kalendarum

478 1839 599 1880 rum
635 1839 928 1894 procurare
960 1840 1067 1878 non
1102 1824 1248 1878 licet.
1293 1823 1522 1878 Palatini
1562 1838 1692 1877 vero
1732 1821 1943 1888 scient,
1986 1823 2087 1882 sibi
2194 1818 2455 1875 Juliarnm
2503 1839 2658 1894 usque
2701 1825 2756 1877 in
2809 1823 3078 1878 Kalendas
3123 1821 3343 1898 Augusti
3383 1829 3592 1882 messivte
3627 1828 3741 1898 ferite

485 1931 608 1972 cum
655 1917 1082 1988 provincialibus
1126 1917 1263 1971 nihil
1305 1933 1426 1971 esse
1466 1931 1776 1970 commune.
1810 1915 2090 1970 Judieibus
2193 1916 2560 1977 concedantur.
2593 1927 2639 1970 et
2691 1917 2753 1969 de
2794 1913 3048 1970 Kalendis
3091 1917 3308 1991 Augusti
3341 1935 3495 1989 usque
3520 1917 3630 1972 inX
3653 1918 3741 1973 Ka-

477 2023 612 2064 sane
639 2008 913 2078 oportebit
939 2009 1216 2074 insistere,
1249 2018 1303 2064 et
1330 2009 1373 2063 si
1404 2009 1550 2062 inter
1577 2023 1669 2062 eos
1704 2007 1918 2072 breves,
1952 2023 2088 2077 quos
2192 2010 2371 2062 lendas
2402 2010 2716 2077 Septembris
2765 2012 3088 2081 agendarum
3137 2028 3407 2066 causarum
3456 2013 3640 2072 licentia
3672 2015 3744 2068 tri-

478 2098 545 2154 ad
579 2099 916 2169 provinciam
965 2099 1250 2166 delerent,
1299 2109 1352 2154 et
1394 2114 1518 2164 eos,
1565 2101 1655 2170 qui
1703 2115 1731 2154 a
1776 2099 2087 2170 provincia-
2194 2102 2400 2156 buntur.
2442 2103 2485 2156 A
2516 2101 2567 2156 Χ
2595 2113 2764 2156 antem
2800 2103 3026 2157 Kalend.
3072 2103 3335 2173 Septemb.
3373 2121 3518 2174 usque
3565 2105 3610 2158 in
3640 2103 3742 2158 ldus

476 2211 596 2252 rum
629 2195 909 2254 tabulariis
943 2195 1312 2264 proferuntur,
1347 2194 1510 2250 fuerit
1537 2195 1716 2263 aliqua
1747 2193 2038 2248 diversitas
2068 2235 2082 2259 ,
2196 2194 2406 2249 Octobr.
2441 2194 2772 2248 vindemiolas
2801 2195 2946 2266 ferite
2965 2194 3337 2259 concedantur.
3371 2193 3490 2250 Dies
3512 2196 3645 2250 etiam
3665 2196 3740 2250 do-

479 2287 702 2344 adscitis
724 2289 825 2342 sibi
870 2289 922 2342 in
965 2289 1254 2344 eousiliutn
1287 2304 1354 2343 ex
1381 2288 1656 2358 provincia
1701 2289 1938 2359 quinque
1981 2287 2083 2342 bo-
2190 2287 2522 2352 minicarunt,
2552 2288 2640 2354 qui
2671 2286 2845 2357 feriati
2875 2298 3035 2352 sunt,
3088 2288 3152 2342 ab
3179 2289 3448 2343 audiendis
3475 2290 3664 2360 negotiis
3683 2289 3743 2343 sel

476 2381 721 2449 noratis,
769 2381 912 2436 inter
962 2382 1262 2453 palatinum
1309 2396 1372 2435 ac
1413 2380 1738 2435 tabularium
1787 2379 2084 2450 provintiae
2189 2379 2452 2452 exigendis
2483 2378 2670 2434 debitis
2704 2391 3109 2450 sequestramus.
3144 2380 3369 2440 Sanctos
3393 2384 3536 2437 etiam
3563 2382 3743 2437 Pasclue

469 2474 785 2530 moderator
815 2484 1152 2542 cognoscat,
1189 2485 1244 2529 et
1273 2474 1520 2530 discussa
1561 2474 1808 2529 brevium
1849 2473 1954 2528 ﬁde
1993 2488 2082 2526 ac-
2188 2470 2318 2535 dies,
2353 2471 2408 2524 id
2436 2479 2508 2524 est
2534 2481 2726 2540 septem
2753 2472 2841 2542 qui
2883 2472 3214 2537 antecedunt,
3261 2484 3309 2527 et
3350 2486 3531 2545 septem
3565 2476 3641 2544 qui
3676 2491 3742 2528 se-

475 2569 707 2624 celerari
737 2569 1082 2624 exactionem
1106 2567 1320 2637 jubebit
1349 2575 1442 2620 aut
1479 2582 1726 2622 censurae
1771 2567 1946 2637 legum
1993 2583 2083 2621 ve-
2184 2572 2432 2633 quuntur.
2463 2561 2575 2616 Nec
2601 2579 2702 2616 non
2725 2572 2771 2616 et
2788 2563 2894 2617 dies
2908 2563 3100 2617 natalis
3126 2561 3340 2618 Domini
3363 2566 3518 2620 nostri
3543 2566 3614 2620 vel
3639 2563 3741 2638 Epi-

472 2670 648 2716 terum
681 2662 1006 2732 subjacebit.
1052 2661 1311 2716 Noverint
1352 2676 1483 2716 sane
1526 2662 1925 2731 provinciarum
1965 2676 2081 2716 mo.
2185 2653 2390 2722 pltanite
2423 2655 2534 2708 sine
2564 2657 2758 2726 forensi
2783 2657 2994 2725 strepitu
3027 2657 3258 2710 volumus
3299 2658 3556 2714 celebrari.
3601 2658 3739 2714 Nata-

471 2753 794 2816 deratores.
849 2753 1048 2808 nullam
1108 2768 1333 2816 prorsus
1383 2754 1685 2808 exactionis
1747 2762 1956 2822 partem
2011 2752 2079 2807 ad
2165 2745 2461 2800 .lemeliam
2508 2748 2757 2816 principis
2792 2747 2870 2802 vel
2907 2750 3112 2802 initium
3158 2750 3306 2820 regni
3345 2753 3457 2820 pari
3493 2752 3736 2806 reverentia

471 2845 770 2916 palatinum
803 2845 1042 2900 ofﬁcium
1085 2846 1359 2916 pertinere
1384 2888 1398 2912 ,
1443 2861 1540 2900 nec
1581 2862 1815 2915 unquam
1859 2845 1944 2900 bis
1983 2846 2081 2900 ad-
2187 2839 2417 2892 σοηυεηὶι
2450 2838 2727 2894 observari-

474 2937 732 2993 minicnla
766 2939 1089 3010 prmbenda;
1123 2938 1216 2993 sed
1253 2954 1350 2993 nec
1387 2940 1688 3007 suscvptori
1728 2938 1947 3005 quidem
1989 2947 2081 2992 aut
2253 2932 2344 2987 2οο
2384 2931 2548 2986 [idem
2579 2934 2734 2987 ΑΑΑ.
2761 2932 2990 2989 Proculo
3015 2935 3106 3008 PI.
3140 2936 3207 2992 ΙΙ.
3236 2937 3414 2995 FeSIis
3437 2939 3558 2994 solis
3585 2936 3742 2994 diebus

475 3031 744 3088 tabulario
795 3031 1089 3102 prosint-Le
1144 3031 1417 3102 palatinos
1455 3029 1768 3094 incumbet,
1821 3045 2000 3100 neque
2045 3046 2077 3086 a
2183 3024 2518 3082 Circensium
2551 3036 2678 3082 sunt
2707 3026 2999 3083 inhibenda
3031 3031 3356 3100 certamina,
3389 3047 3492 3103 quo
3511 3031 3741 3086 Christia-

471 3132 791 3192 susceptare
821 3139 1084 3178 summam
1115 3124 1392 3178 illatorum
1417 3163 1432 3188 ,
1467 3139 1640 3194 neque
1682 3123 2078 3179 nominatorios
2105 3122 2150 3186 C
2184 3135 2267 3173 na:
2299 3118 2432 3190 legis
2463 3121 2773 3196 veneranda
2824 3124 3080 3194 mysteria
3133 3125 3316 3179 nullus
3353 3124 3741 3195 spectaculorum

470 3216 666 3272 breves
695 3232 722 3269 a
757 3216 1024 3271 tabulario
1057 3216 1381 3285 postulabit,
1415 3231 1535 3270 cum
1567 3215 1683 3269 hxc
1713 3215 1895 3270 omnis
1925 3217 2078 3271 solli-
2183 3227 2479 3268 concursus
2508 3222 2737 3280 avertat,
2774 3226 2972 3284 praeter
3016 3218 3324 3272 cli-mentite
3365 3231 3556 3272 nostra:
3584 3213 3741 3269 natali-

471 3308 657 3364 ciludu
685 3309 754 3363 sit
793 3307 1013 3378 judicis.
1068 3307 1370 3362 Comitibus
1417 3321 1634 3376 queque
1686 3306 1996 3373 titulorum,
2031 3307 2078 3362 si
2185 3305 2287 3360 tios
2309 3305 2444 3360 dies.
2479 3304 2601 3359 Dat.
2641 3305 2746 3360 XV
2796 3305 2918 3362 Kal.
2968 3307 3097 3362 Mai.
3130 3309 3587 3382 Constantinopoli,
3611 3309 3742 3362 Arca-

472 3401 690 3476 quando
741 3415 834 3454 eos
880 3401 945 3453 ad
995 3401 1328 3469 pr0viuciam
1377 3400 1514 3454 tuitti
1555 3402 1694 3453 ratio
1736 3401 2078 3455 necessitatis
2182 3397 2270 3451 dio
2300 3399 2360 3452 Α.
2394 3395 2480 3464 II,
2510 3408 2557 3452 et
2592 3397 2781 3469 Ruﬁno
2807 3399 2952 3456 Coss.
2985 3400 3160 3473 (592).

466 3494 742 3564 exegerit,
796 3491 940 3546 nulla
985 3492 1312 3547 adminicula
1362 3491 1430 3546 de
1475 3492 1712 3563 palatino
1763 3490 1880 3546 dari
1920 3493 2077 3562 jube-
2255 3492 2346 3546 2L
2391 3490 2560 3548 Iidem
2603 3491 2756 3546 AAA.
2792 3492 3008 3548 Tatiano
3042 3493 3134 3568 Pf.
3175 3495 3236 3552 P.
3269 3498 3435 3554 Actus
3462 3510 3636 3550 omnes
3660 3509 3737 3549 seu

471 3601 594 3642 mus
631 3583 845 3650 ofﬁcio,
885 3582 980 3638 sed
1023 3584 1137 3638 sola
1177 3585 1256 3639 eis
1297 3584 1644 3652 provincialis
1683 3585 1951 3653 apparitio
1984 3601 2076 3654 pa-
2181 3585 2378 3655 publici
2408 3600 2502 3640 seu
2532 3587 2721 3655 privati
2755 3585 2948 3642 diebus
2969 3588 3278 3656 quindecim
3311 3591 3645 3646 Paschalibus
3671 3603 3739 3643 se-

470 3678 608 3735 rebit
638 3719 654 3744 ,
691 3692 849 3746 pmna
893 3677 1082 3745 viginti
1127 3677 1385 3731 librarum
1437 3678 1551 3729 auri
1595 3675 1849 3730 comitem
1895 3677 2072 3730 titulo-
2179 3689 2548 3749 questrentur.
2609 3678 2732 3733 Dat.
2799 3679 2867 3734 γι
2939 3679 3064 3735 Kal.
3122 3679 3254 3736 Jun.
3311 3678 3737 3752 Constantinopoli,

468 3784 591 3826 rum
621 3779 675 3824 et
697 3767 937 3824 cilicium
969 3767 1196 3822 feriente
1220 3767 1513 3836 palatinum
1539 3808 1553 3834 ,
1579 3767 1623 3820 si
1655 3768 1777 3838 quis
1807 3767 2076 3837 palatino-
2179 3771 2405 3826 Arcadio
2433 3773 2496 3826 A.
2529 3769 2590 3828 11
2619 3783 2666 3830 et
2702 3772 2892 3843 Ruﬁno
2917 3773 3062 3831 Cass.
3105 3775 3290 3848 (592).

470 3878 591 3918 rum
619 3860 844 3916 cuilibet
875 3860 1060 3914 comiti
1096 3861 1373 3914 titulorum
1407 3857 1569 3913 fuerit
1603 3858 1910 3930 adjunctus.
1945 3857 2070 3914 Dat.
2249 3862 2338 3918 25.
2367 3863 2544 3934 Ιηιρρ.
2570 3863 2831 3918 Honorius
2853 3877 2899 3920 et
2921 3865 3244 3924 Theodosius
3269 3871 3385 3924 AA.
3410 3869 3556 3924 Iovio
3578 3867 3656 3938 Pf.
3681 3863 3735 3920 P.

435 4029 444 4038 ο
469 3954 570 4018 III
596 3954 718 4014 Kal.
746 3952 905 4010 Mart.
932 3953 1208 4020 Ravenna,
1237 3950 1414 4006 Felice
1433 3962 1480 4005 et
1507 3949 1676 4005 Tauro
1698 3947 1844 4006 Coss.
1871 3951 2044 4023 (428).
2178 3954 2306 4010 Post
2331 3959 2435 4012 alia
2468 3973 2486 4012 :
2515 3958 2792 4026 Dominica
2816 3960 2926 4026 die,
2953 3976 3114 4032 quam
3137 3961 3301 4031 vulgo
3322 3965 3454 4022 solis
3477 3962 3736 4036 appellant.

2176 4049 2353 4104 nullas
2380 4049 2466 4105 edi
2521 4051 2734 4121 penitus
2782 4053 3018 4122 patimur
3046 4054 3378 4125 voluptates,
3407 4057 3507 4114 etsi
3548 4053 3738 4112 fortuito

2177 4141 2232 4198 in
2263 4158 2324 4198 ea
2357 4152 2450 4198 aut
2480 4144 2690 4212 imperii
2722 4148 2892 4202 nostri
2925 4158 3098 4216 ortus,
3131 4149 3486 4208 redeuntibus
3513 4153 3564 4206 in
3591 4156 3740 4206 semet

541 4232 630 4288 18.
659 4230 870 4304 Imppp.
901 4226 1203 4286 Gratianus.
1243 4223 1635 4279 Valentinianus
1675 4234 1720 4277 et
1754 4222 2072 4279 Theodosius

2179 4238 2301 4292 anni
2329 4239 2509 4306 metis,
2543 4239 2826 4308 oll‘ulserit,
2857 4253 2950 4299 aut
2977 4245 3138 4300 natali
3167 4245 3352 4304 debita
3378 4245 3629 4304 solemnia
3661 4244 3739 4300 de-

467 4326 626 4382 AAA.
651 4325 718 4381 ad
742 4321 1063 4393 Principium
1084 4317 1172 4389 PI.
1198 4317 1267 4373 P.
1289 4317 1428 4374 Solis
1453 4319 1555 4382 die,
1581 4333 1728 4387 quem
1757 4317 2071 4370 dominicum
2174 4331 2439 4388 fenum",
2487 4331 2610 4388 υαι,
2641 4334 2767 4390 και,
2798 4337 2970 4404 April.
3008 4336 3302 4408 ﬂauum.
3340 4339 3567 4398 nam,“
3593 4335 3738 4402 Vl",

465 4421 564 4475 rite
617 4421 791 4472 dixere
835 4419 1082 4489 majores,
1139 4413 1367 4468 omniunt
1409 4413 1615 4466 omnino
1663 4412 1862 4474 litium.
1915 4429 2025 4483 negt

1663 4412 1862 4474 lilium.
1915 4429 2070 4483 "990'
2174 4436 2222 4480 et
2251 4423 2537 4481 Theodosio
2563 4425 2683 4493 III,
2712 4428 2825 4484 AA.
2851 4429 2994 4486 Cass.
3021 4430 3195 4504 (409).

469 4514 680 4573 tiornm,
716 4509 1107 4562 conventionum
1155 4506 1379 4571 quiescat
1414 4505 1664 4570 intentio;
1713 4504 1940 4559 debitum
1969 4521 2029 4575 pa

2239 4520 2330 4575 26.
2367 4518 2536 4574 Iidem
2563 4521 2670 4574 AA.
2708 4521 2903 4578 Joanni
2933 4523 3025 4596 Pf.
3060 4523 3126 4580 P.
3159 4523 3293 4582 Post
3320 4528 3432 4583 alia
3453 4545 3472 4583 .°
3501 4527 3592 4583 Die
3621 4523 3735 4581 Sab-

464 4603 652 4658 blicum
685 4603 1034 4669 privatumque
1066 4597 1242 4650 nullus
1290 4598 1575 4668 efﬂagitel;
1621 4613 1710 4650 ttec
1758 4598 1898 4668 apud
1927 4598 2024 4668 ipst

2176 4614 2298 4669 bato
2338 4630 2402 4669 ae
2431 4617 2672 4686 reliquis,
2705 4618 2806 4672 sub
2837 4628 3102 4688 tempore,
3132 4636 3240 4691 quo
3267 4620 3442 4680 Judei
3483 4622 3648 4678 cultus
3667 4615 3736 4672 sui

464 4695 670 4769 quidem
717 4691 934 4746 arbitros
982 4692 1063 4745 vel
1089 4689 1308 4760 iudieiis
1333 4689 1599 4758 ﬂagitatos
1626 4691 1712 4745 vel
1739 4700 1931 4762 Sponte
1962 4691 2024 4746 de

2176 4707 2526 4762 reverentiam
2574 4719 2841 4776 servant,
2891 4712 3164 4768 neminem
3221 4724 3318 4768 aut
3361 4714 3538 4770 facere
3563 4708 3736 4780 aliquid

462 4794 634 4850 lectos
662 4790 771 4844 ulla
802 4789 872 4842 sit
899 4786 1100 4856 agnitio
1122 4785 1448 4855 iurgiorum.
1483 4784 1549 4840 Et
1580 4802 1685 4842 noo
1721 4788 1882 4844 modo
1912 4800 2022 4843 not:

2174 4809 2260 4854 aut
2287 4801 2392 4855 ulla
2423 4818 2488 4858 ex
2516 4812 2665 4871 parte
2689 4805 2968 4859 Conveniri
2994 4805 3194 4861 debere
3220 4808 3566 4878 prtecipimus
3593 4824 3605 4859 :
3635 4817 3734 4860 cum

456 4889 603 4951 bilis,
630 4900 812 4940 verum
843 4882 1006 4937 etiam
1046 4880 1340 4950 sacrtiegus
1362 4880 1651 4948 jlldicelur,
1682 4880 1774 4950 (Illi
1803 4898 1830 4934 3
1858 4895 2061 4936 53110ιὶΙέ
2163 4891 2437 4950 ﬁscalibus
2466 4895 2771 4952 cnlnmodis
2817 4905 2873 4950 et
3167 4899 3510 4966 ριιίνηιοτυω
3549 4902 3736 4954 consul

456 4980 736 5050 religionis
765 4975 1020 5030 instinctu
1050 4974 1227 5026 ritnve
1261 4971 1564 5026 deﬂexerit.
1602 4972 1718 5026 PP.
1779 4971 1876 5026 ΙΙΙ
1909 4972 2052 5028 Νοη.
2167 4985 2406 5054 reliquos
2458 4987 2574 5043 dies
2629 5002 2787 5056 posse
2835 4987 3108 5052 Sttl'licere,
3161 4999 3270 5044 etc.
3313 4990 3437 5046 Dat.
3499 4988 3602 5042 VII
3627 4987 3733 5044 Kal.

460 5072 711 5129 Novemb.
744 5068 1008 5138 Aquileia.
1042 5066 1164 5119 Acc.
1197 5062 1364 5118 VIII.
1399 5063 1523 5120 Kal.
1553 5064 1680 5122 Dec.
1708 5066 1908 5133 Romae,
1947 5067 2058 5122 Ηο-
2163 5077 2297 5148 Aug,
2327 5078 2604 5146 (iuvenum,
2640 5079 2761 5136 DD.
2807 5079 2942 5135 NN,
2971 5080 3208 5137 [ιοηονίο
3249 5081 3421 5152 γιη,
3453 5094 3499 5139 ει
3529 5082 3736 5140 ﬂendo.

455 5167 603 5221 norio
626 5165 695 5218 N.
725 5162 792 5217 P.
826 5171 874 5217 et
905 5160 1097 5214 Evodio
1127 5157 1268 5212 Cass.
1305 5155 1480 5229 (586).
2159 5170 2238 5223 sio
2270 5169 2390 5228 III.
2415 5171 2523 5226 AA.
2554 5171 2698 5228 Cass.
2732 5171 2904 5242 (409).

530 5258 616 5313 19.
661 5255 869 5330 Imppp.
915 5254 1328 5321 Valentinianus,
1358 5249 1674 5306 Theodosius
1707 5263 1754 5307 et
1795 5252 2051 5309 Arcadius

2229 5261 2683 5318 lnrnnrnsrs'rto.
2715 5262 2813 5317 Die
2842 5263 3057 5321 Sabbati
3084 5266 3284 5321 nullum
3321 5265 3621 5322 Judatornnt
3653 5272 3729 5318 aut

453 5351 610 5406 AAA.
661 5348 846 5404 Albino
879 5345 968 5420 Pf.
1026 5343 1092 5402 U.
1127 5346 1326 5401 Omnes
1353 5344 1471 5398 dies
1499 5344 1752 5416 jubemus
1777 5360 1898 5400 esse
1919 5347 2052 5418 juri-
2160 5369 2255 5424 pro
2284 5354 2449 5424 ﬁscali
2495 5355 2720 5409 utilitate
2757 5367 2848 5411 aut
2877 5374 2970 5426 pro
3015 5359 3242 5428 quolibet
3289 5361 3493 5432 negotio
3523 5359 3731 5415 voluntas

450 5443 620 5500 dicos.
672 5441 792 5496 Illos
843 5446 1049 5496 tantum
1095 5454 1316 5494 manere
1356 5438 1610 5494 feriarum
1663 5437 1780 5492 dies
1812 5438 1890 5492 las
1923 5440 2046 5506 erit,
2157 5447 2434 5512 conveniri,
2464 5449 2582 5518 quia
2611 5448 2874 5518 religionis
2894 5467 3070 5506 eorum
3103 5453 3212 5508 dies
3237 5471 3342 5510 non
3378 5454 3524 5514 debet
3549 5452 3730 5516 actione

447 5549 584 5605 quos
609 5533 838 5606 geminis
867 5532 1145 5589 mensibus
1166 5532 1230 5588 ad
1265 5531 1503 5602 requiem
1533 5530 1730 5586 laboris
1759 5531 2047 5602 iudulgen-
2153 5537 2328 5609 aliqua
2350 5541 2658 5608 perturbari.

444 5630 551 5685 tior
572 5643 744 5683 annus
769 5627 994 5698 accepit,
1026 5627 1228 5683 aestivis
1272 5625 1576 5681 fervoribus
1626 5625 1955 5697 mitigandis,
1986 5638 2042 5684 et
2523 5649 2625 5690 LIB.
2657 5651 2735 5692 ιιι.
2769 5651 2881 5692 τιτ.
2913 5650 3004 5700 vu.
3037 5653 3106 5702 ne
3132 5654 3355 5696 nonus.

444 5723 718 5779 autumnis
772 5719 992 5778 latibus
1040 5718 1417 5792 decerpendis.
1477 5717 1504 5792 δ
1561 5719 1611 5774 1.
1664 5717 2034 5779 Kalendarum
2217 5723 2270 5778 2.
2317 5724 2530 5798 Imppp.
2572 5725 2986 5800 Valentinianus,
3020 5729 3346 5796 Theodosius
3393 5741 3441 5792 el
3483 5730 3721 5790 Arcadius

894 4107 997 4148 LIB.
1028 4105 1086 4145 Il.
1109 4105 1218 4145 τιτ.
1244 4104 1358 4144 Vl“.
1386 4104 1454 4144 DE
1479 4103 1672 4143 FERIIS.
