3950 6350
238 266 328 321 525

1015 252 1379 314 THEODOSII
1418 247 1732 312 SELEGTA
1770 244 1861 307 DE
1902 240 2276 309 RELIGIONE
2316 242 2661 301 DECRETA.

3400 237 3561 299 526.

238 378 375 436 ΑΑΑ.
407 374 621 448 Cynegio
650 372 741 447 Pf.
773 374 839 429 P.
870 372 949 430 Ne
970 375 1091 445 quis
1116 372 1483 428 Christianam
1515 368 1798 422 mulierem
1828 367 1877 428 Α
1910 377 2024 427 sus,
2050 361 2613 427 conditionis,mtatis,
2634 372 2774 432 quos
2793 356 3072 415 barbarica
3090 356 3275 414 feritas
3293 360 3506 428 captiva

238 473 283 528 in
337 468 724 524 matrimonium
774 466 994 522 Judaeus
1043 464 1322 533 accipiat,
1380 477 1555 530 neque
1602 459 1804 515 ,ιηιιωω

235 560 547 618 Christianus
572 560 883 629 conjugium
908 557 1183 611 sortiatur.
1220 555 1350 609 Nam
1383 553 1426 608 si
1452 553 1573 622 quis
1604 547 1804 621 aliquid

236 652 516 723 hujusmodi
543 651 843 717 admiserit,
870 649 1122 706 adulterii
1147 651 1317 702 vicem
1344 641 1622 701 commissi
1646 641 1806 710 hujus

235 749 419 806 crimen
449 745 738 805 obtinebit,
787 744 1045 799 libertate
1078 743 1128 796 in
1178 739 1542 795 accusandum
1576 733 1805 805 publicis

233 854 428 912 quoque
454 838 676 892 vocibus
704 839 967 891 relaxata.
1002 834 1123 889 Dat.
1156 834 1291 905 prid.
1327 830 1413 886 Id.
1446 829 1603 884 Mart.
1638 826 1803 883 Thes-

229 935 472 996 salonica,
517 930 809 986 Theodosio
846 928 910 985 Α.
962 927 1026 983 II
1065 939 1112 984 et
1161 926 1385 1000 Cynegio
1428 924 1493 981 V.
1540 922 1599 979 ϐ.
1654 920 1803 979 Cass.

231 1029 392 1101 (338).

292 1124 737 1178 lnrenpunmo.
771 1117 923 1191 Legis
971 1117 1126 1188 hujus
1162 1114 1423 1169 severitate
1486 1107 1802 1177 prohibetur,

232 1228 281 1272 ut
319 1232 402 1270 nec
449 1213 668 1268 Indicus
718 1212 1025 1267 Christiana!
1070 1209 1397 1264 matrimonio
1449 1215 1659 1268 utatur,
1716 1218 1806 1257 nec

221 1308 516 1365 Christianus
555 1308 709 1360 homo
749 1302 992 1359 Iudaeam
1022 1318 1232 1358 uxorein
1282 1300 1522 1361 accipiat.
1561 1296 1711 1363 Quod
1760 1295 1804 1349 si

224 1404 368 1473 aliqui
391 1412 570 1458 contra
610 1402 818 1456 vetitum
864 1416 919 1453 se
947 1398 1037 1453 tali
1079 1395 1435 1469 conjunctioni
1482 1390 1799 1455 miscuerint,

217 1496 423 1551 noverint
450 1510 502 1549 se
529 1511 593 1548 ea
635 1507 803 1563 pana.
851 1507 951 1562 qua
980 1488 1202 1544 adulteri
1247 1489 1593 1549 damnantur,
1635 1498 1807 1553 perse-

214 1587 438 1659 quendos.
488 1597 534 1641 et
585 1585 961 1641 accusationem
1001 1582 1162 1654 hujus
1202 1579 1434 1635 criminis
1490 1593 1591 1631 non
1635 1575 1804 1629 solum

216 1679 528 1753 propinquis,
560 1678 649 1735 sed
690 1679 845 1735 etiam
871 1676 939 1733 ad
981 1672 1393 1748 persequendum
1434 1668 1668 1726 omnibus
1693 1683 1804 1722 esse

220 1774 524 1847 permissam.

375 1902 476 1942 LIB.
518 1900 574 1941 ν.
618 1899 729 1940 τΙΤ.
776 1899 854 1939 111.
898 1898 969 1938 ΒΕ
1008 1896 1158 1938 BONIS
1195 1893 1535 1937 CLEBICORUM
1575 1892 1645 1932 ΕΤ

806 1989 1194 2031 IONACBORUI.

280 2093 323 2145 l.
364 2091 535 2163 Intpp.
576 2088 892 2143 Theodosius
916 2096 962 2141 et
1016 2085 1411 2141 Valentinianus
1440 2083 1549 2137 AA.
1576 2081 1644 2135 ad
1670 2079 1807 2134 Tau-

215 2202 313 2240 rum
330 2183 416 2255 Pf.
448 2183 513 2237 P.
540 2192 588 2237 et
616 2181 920 2236 Patricium.
948 2180 1002 2235 Si
1027 2180 1145 2250 quis
1167 2178 1454 2247 episcopus
1474 2183 1568 2229 aut
1586 2172 1808 2244 presby-

217 2284 295 2330 ter
322 2283 411 2331 aut
431 2276 697 2329 diattonus
730 2285 821 2327 aut
849 2271 1151 2327 diacttnissa
1203 2280 1295 2323 aut
1324 2268 1691 2324 subdiaconus
1722 2261 1807 2317 vel

214 2370 478 2437 cujuslibet
530 2367 758 2421 alterius
813 2365 915 2419 loci
950 2365 1183 2419 clerictts
1226 2371 1319 2415 aut
1368 2360 1666 2415 monachus
1714 2362 1809 2410 aut

215 2462 407 2524 mulier,
438 2475 563 2531 quce
596 2459 855 2513 Stilllal‘ltl}
878 2458 1001 2510 vita:
1033 2455 1214 2510 dedita
1246 2464 1349 2520 est,
1385 2452 1532 2506 nullo
1581 2449 1804 2505 condito

217 2564 522 2610 testamento
570 2551 915 2616 decesserit,
963 2564 1061 2605 nec
1109 2549 1158 2603 ei
1218 2555 1471 2616 parentes
1527 2544 1808 2610 utriusque

213 2662 359 2703 sexus
381 2646 461 2700 vel
485 2644 671 2709 liberi,
706 2643 791 2697 vel
825 2643 867 2697 si
914 2642 1002 2712 qui
1052 2640 1357 2710 agnationis
1401 2634 1809 2705 cognationisve

208 2739 314 2810 jure
338 2740 645 2810 junguntur
671 2737 751 2790 vel
780 2751 919 2790 uxor
941 2718 1231 2799 exstiterit,
1252 2732 1414 2793 bona,
1444 2744 1562 2799 qua:
1590 2727 1654 2780 ad
1680 2738 1805 2781 eum

213 2832 578 2904 pertinuerint,
624 2837 984 2885 sacrosancta:
1027 2825 1274 2881 ecclesiae
1327 2823 1412 2877 vel
1446 2820 1800 2883 monasterio,

212 2929 286 2985 cui
309 2928 471 2983 fuerat
492 2926 824 2991 destinatus,
846 2921 1189 2975 omnifariam
1242 2918 1518 2972 Soeicntur
1563 2917 1807 2982 (excep-

214 3022 272 3075 tis
300 3021 359 3076 iis
385 3018 760 3081 facultatibus,
795 3032 930 3085 quas
965 3015 1103 3069 forte
1129 3010 1383 3066 censibus
1416 3007 1674 3074 adscripti
1716 3004 1803 3058 vel

209 3114 302 3183 jUrt
326 3122 646 3182 patronatus
698 3108 927 3178 subjecti
957 3107 1043 3162 vel
1071 3105 1260 3160 curiali
1291 3101 1587 3158 conditiOui
1636 3100 1809 3154 obno-

212 3206 277 3261 xii
300 3205 476 3262 clerici
499 3204 586 3257 vel
610 3201 856 3256 monachi
875 3200 1259 3268 cuiuscumque
1288 3211 1450 3250 sexus
1466 3194 1800 3262 relinquunt.

210 3295 308 3352 Nec
332 3299 473 3352 enim
498 3298 713 3368 justum
742 3303 849 3359 est,
878 3292 1014 3349 bona
1039 3307 1136 3345 seu
1171 3288 1401 3359 peculia,
1431 3301 1550 3355 qum
1583 3292 1678 3339 aut
1705 3298 1799 3353 pa-

211 3400 355 3446 trono
386 3390 601 3461 legibus
631 3389 898 3443 debentur
929 3395 1017 3439 aut
1047 3382 1269 3438 domino
1305 3379 1688 3449 posseSsiouis,
1715 3376 1803 3433 cui

209 3485 317 3553 quis
341 3499 530 3538 eorum
580 3482 757 3535 fuerat
779 3476 1105 3549 adscriptus,
1138 3483 1227 3528 aut
1276 3472 1342 3527 ad
1377 3471 1560 3526 curias
1595 3486 1690 3534 pro
1720 3478 1802 3524 te-

214 3593 334 3635 nore
354 3577 566 3634 dudum
590 3575 711 3630 lata:
748 3572 1154 3629 constitutionis
1183 3568 1283 3622 sub
1306 3576 1455 3622 certa
1476 3565 1646 3620 forma
1682 3579 1804 3632 per-

211 3672 372 3727 tinere
418 3678 758 3732 noscuntur,
809 3666 878 3720 ab
908 3664 1152 3720 ecclesiis
1179 3662 1445 3726 detineri;
1501 3657 1803 3713 actionibus

207 3763 442 3820 videlicet
465 3769 847 3830 competenter
875 3755 1236 3812 sacrosaut-tis
1272 3752 1518 3807 ecclesiis
1550 3764 1801 3805 reserva-

212 3856 291 3922 tis,
340 3857 532 3925 siquis
586 3855 725 3908 forte
763 3850 1037 3923 prazdietis
1088 3845 1489 3903 conditionibus
1538 3843 1803 3899 obnoxius

207 3960 288 4002 aut
310 3964 371 4003 ex
397 3947 576 4021 gestis
606 3945 838 4015 negotiis
880 3949 973 3996 aut
1001 3955 1067 3995 ex
1097 3936 1429 4004 quibuslibet
1480 3933 1599 3990 aliis
1625 3932 1801 3988 eccle-

206 4022 427 4096 Siasticis
455 4039 671 4095 actibus
700 4036 965 4107 obligatus
992 4028 1249 4101 obierit):
1285 4031 1353 4083 ita
1383 4038 1458 4090 ut,
1492 4026 1535 4080 si
1558 4041 1661 4095 qua
1695 4024 1801 4078 liti-

208 4134 284 4203 gia
330 4150 392 4188 ex
445 4129 765 4201 hujusmodi
797 4124 1277 4196 eotnpetitimtibus
1326 4122 1379 4175 itt
1422 4119 1643 4191 judiciis
1672 4132 1800 4184 pen-

206 4225 340 4292 dent,
366 4226 589 4296 peuitus
618 4223 1037 4294 sopiantur,uee
1068 4220 1227 4273 liceat
1251 4215 1465 4287 petitori
1492 4223 1611 4279 post
1639 4212 1801 4277 huius

206 4319 327 4393 legis
353 4320 776 4390 publicationem
814 4316 1076 4388 judicium
1112 4311 1340 4383 ingredi.
1374 4309 1462 4365 vel
1502 4305 1801 4362 (econotuis
1824 4342 1836 4349 -

205 4420 291 4466 aut
318 4410 599 4466 monachis
622 4422 712 4463 aut
750 4406 1194 4481 procuratoribus
1218 4401 1418 4457 inl‘erre
1470 4398 1796 4459 molestiam,

204 4502 306 4572 ipsa
342 4506 609 4574 petitione
649 4502 948 4570 antiquata,
979 4510 1032 4553 et
1065 4496 1238 4559 bouis,
1281 4510 1400 4557 qua:
1433 4493 1614 4547 relicta
1648 4499 1794 4555 sunt,
1874 4546 1875 4549 η
1902 4493 2237 4537 νεωσηψυυηι
2266 4493 2469 4517 διυυεσσ
2496 4493 2709 4523 πυαιό
2744 4493 2837 4531 μιν
2878 4493 3093 4529 νιΨηυισ
3135 4493 3367 4511 "Vw-"ww
3399 4493 3476 4511 σου

204 4595 429 4623 -ηιιηιηρι
449 4596 619 4623 .,.;...;ι.
647 4592 891 4623 manner...
921 4590 1002 4623 ..οι
1057 4585 1398 4623 "nummum
1472 4583 1669 4623 πηίιηια
1694 4582 1788 4623 .ι,.,
1825 4546 1879 4606 Ῐ)
1901 4560 2168 4615 sollicitos.
2214 4559 2293 4610 Ad
2328 4556 2554 4610 curiales
2587 4555 2743 4608 etiam
2770 4555 2869 4607 ista
2899 4552 3197 4606 sollicitudo
3225 4558 3478 4623 pertineat

1918 4596 2168 4614 ιυιῠινσουοο
2214 4596 2293 4610 [Iw
2328 4596 2409 4610 νυνι
2427 4596 2553 4609 ...νυν
2587 4596 2743 4608 νιιηιυν
2771 4596 2869 4607 .-νὴ
2899 4596 3194 4606 ννουινν-ν--υν
3225 4596 3299 4623 rv-
3318 4596 3502 4620 νιιννκν,

204 4595 622 4665 religiosissimis
646 4592 894 4649 ecclesiis
921 4590 1005 4646 vel
1057 4585 1423 4649 ιιιοιιθειθτὶἱς,
1472 4583 1669 4655 quibus
1694 4582 1788 4636 de-

204 4686 353 4742 dicati
411 4687 644 4749 fuerant,
676 4683 1028 4739 consecratis.
1081 4680 1202 4735 Dat.
1241 4675 1451 4733 XVIII
1508 4674 1631 4729 Kal.
1664 4674 1791 4728 Jan.

204 4780 475 4837 Ariovindo
506 4794 553 4836 et
582 4781 779 4848 Aspare
807 4776 951 4833 Coss.
978 4775 1154 4851 (4⁸54).

266 4895 717 4953 INTERPRETATIO.
763 4894 822 4951 Si
848 4895 962 4964 quis
981 4887 1519 4962 episcOptts,oelquos
1568 4887 1652 4942 lea:
1684 4886 1797 4956 ipsa

204 5002 593 5053 commemorat,
622 5000 712 5045 aut
739 4988 947 5059 quilibet
974 4984 1199 5058 religiosi
1238 4983 1315 5038 rel
1356 4982 1610 5051 religiosa:
1634 4982 1795 5035 in:es-

205 5086 288 5138 tati
336 5087 445 5140 sine
488 5084 631 5154 ﬁliis.
667 5082 968 5154 propinquis
1016 5081 1092 5134 vel
1152 5095 1309 5133 uxore
1344 5077 1670 5140 decesserint,
1711 5075 1797 5145 qui

204 5184 360 5230 tamen
400 5194 493 5231 nec
507 5178 662 5231 curia:
689 5177 965 5248 quidquam
996 5174 1257 5227 debuerint
1280 5187 1369 5226 nec
1392 5182 1629 5239 patrono,
1653 5168 1805 5239 quid-

202 5269 319 5338 quid
348 5269 732 5338 dereliquerint,
765 5268 833 5321 ad
869 5266 1107 5321 ecclesias
1142 5265 1219 5318 vel
1267 5264 1581 5317 monasteria
1620 5261 1803 5332 quibus

205 5357 425 5416 obsecuti
469 5362 659 5433 fuerint
685 5402 699 5421 ,
743 5359 1031 5433 pertinebit.
1076 5356 1173 5424 Qui
1208 5357 1253 5410 si
1299 5354 1475 5409 testari
1511 5352 1797 5418 voluerint,

208 5449 457 5507 habebunt
490 5454 699 5507 liberant
741 5460 1062 5521 patestatem.

524 5581 703 5621 LW.V.
747 5580 858 5620 ΤΠ.
892 5580 943 5619 ν.
996 5579 1064 5619 ΒΕ
1110 5574 1472 5618 Ροκτιυιηιιο.

270 5678 322 5734 3.
347 5677 528 5749 Inspp.
564 5680 829 5737 Honorius
852 5689 899 5734 et
920 5677 1240 5734 Theodosius
1265 5678 1374 5734 AA.
1408 5675 1683 5732 Theodoro
1704 5673 1798 5747 Pf.

209 5766 275 5826 Ρ.
307 5772 653 5831 Diversarum
688 5772 939 5831 homines
968 5771 1369 5844 proitiuciarunt
1402 5770 1692 5841 cujuslibet
1718 5783 1807 5826 so-

1913 456 2235 510 uecessitate
2270 453 2670 517 trausdmerat,
2704 452 2904 507 invitos
2934 466 3093 507 nemo
3124 450 3381 515 retineat,
3412 450 3506 505 sed

1910 547 1975 601 ad
2004 549 2220 618 propria
2250 546 2427 601 redire
2456 546 2796 613 cupientibus
2820 544 2986 597 libera
3019 543 3082 597 sit
3116 543 3360 597 facultas.
3397 541 3424 612 ς
3454 542 3503 599 1.

1910 639 2117 705 Quibus
2156 638 2201 692 si
2242 638 2530 709 quidquam
2579 637 2631 690 in
2664 652 2817 691 usum
2848 636 3075 691 vesdum
3124 636 3208 689 vel
3238 634 3511 689 :tlitllOIlltB

1912 732 2214 803 impensum
2239 742 2343 793 est,
2378 730 2692 784 humanitati
2717 729 2785 784 sit
2812 729 3133 800 pra-stitum,
3167 743 3267 784 nec
3295 738 3509 784 maneat

1911 823 2159 878 viclualis
2204 832 2448 891 Sumptus
2480 820 2765 891 repetitio:
2799 823 3039 890 exceptis
3071 822 3133 874 iis
3156 863 3181 887 ,λ
3214 836 3351 891 quos
3380 820 3508 876 bar-

1910 918 2057 972 baris
2102 918 2460 973 vendentibus
2505 928 2715 985 emptos
2763 930 2884 971 esse
2925 914 3207 969 docebitur
3250 914 3505 981 aquibus

1911 1022 2083 1064 status
2135 1011 2213 1064 sui
2265 1011 2531 1081 pretium,
2591 1019 2811 1078 propter
2859 1008 3143 1063 utilitatem
3196 1007 3506 1077 publicam,

1911 1103 2251 1169 emptoribus
2280 1118 2490 1172 :rquum
2536 1112 2617 1156 est
2665 1101 2959 1156 redhiberi.
3006 1101 3080 1154 Ne
3119 1100 3334 1171 quando
3363 1101 3507 1155 enim

1910 1194 2094 1249 damni
2122 1194 2491 1249 eonsidoratio
2521 1195 2574 1249 in
2607 1193 2699 1247 tali
2740 1195 3062 1247 necessitate
3104 1194 3293 1267 positis
3323 1191 3510 1263 negari

1910 1283 2067 1340 faciat
2096 1287 2450 1355 emptionem,
2475 1286 2633 1341 decet
2664 1286 2974 1355 redemptus
3007 1293 3098 1339 aut
3121 1287 3300 1339 datum
3332 1302 3427 1354 pro
3451 1299 3512 1341 se

1915 1380 2144 1448 pretium
2178 1379 2513 1448 emptoribus
2544 1378 2853 1444 restituere,
2890 1387 2981 1431 aut
3002 1377 3216 1443 labore,
3250 1377 3512 1447 obsequio

1912 1474 1995 1527 vel
2024 1488 2190 1540 opere
2221 1471 2573 1543 quinquennii
2608 1472 2776 1526 vicem
2806 1470 3013 1525 referre
3044 1470 3318 1534 beneﬁcii,
3360 1470 3511 1524 habi-

1915 1575 2063 1618 turus
2092 1566 2440 1630 incolumem,
2478 1564 2521 1617 si
2556 1565 2606 1617 in
2636 1578 2699 1618 ea
2730 1564 2838 1618 uati
2870 1573 3014 1629 sunt,
3053 1563 3377 1617 libertatem.
3405 1563 3506 1634 ξε.

1912 1655 2232 1711 Reddantur
2267 1656 2428 1726 igitur
2468 1655 2692 1710 sedibus
2726 1655 2958 1724 propriis
2987 1655 3087 1709 sub
3116 1654 3507 1721 moderatione,

1834 1761 1884 1822 Β
1912 1768 2014 1823 qua
2041 1753 2325 1820 jussimus,
2350 1751 2547 1821 quibus
2573 1750 2695 1820 jure
2729 1750 3043 1817 postlimiuii
3071 1751 3236 1805 etiam
3268 1759 3513 1803 veterum

1914 1847 2192 1913 responsis
2224 1843 2510 1899 ineolumia
2535 1849 2731 1899 cuncta
2754 1852 2967 1896 servata
2992 1850 3139 1897 sunt.
3174 1840 3202 1913 §
3226 1841 3279 1895 ὅ.
3306 1840 3361 1895 Si
3393 1841 3514 1911 quis

1912 1939 2095 2009 itaque
2123 1937 2247 1993 huic
2274 1946 2547 2008 praecepto
2578 1938 2738 1993 fuerit
2767 1947 2997 1993 conatus
3025 1939 3294 1993 obsistere
3340 1947 3513 2001 actor,

1912 2036 2215 2090 conductor
2244 2042 2692 2102 procuratorque,
2721 2032 2837 2085 dari
2866 2048 2927 2087 se
2951 2033 3184 2086 metallis
3207 2048 3329 2086 eum
3355 2046 3514 2103 paena

1912 2125 2302 2195 deportationis
2334 2140 2442 2179 non
2469 2125 2737 2194 ambigat;
2770 2124 2818 2178 si
2862 2139 2993 2178 vero
3025 2124 3383 2193 possessionis
3412 2124 3514 2177 do-

1913 2220 2124 2281 minus,
2172 2234 2284 2273 rem
2328 2232 2481 2271 suam
2528 2216 2659 2271 ﬁsco
2690 2216 2906 2272 noverit
2939 2215 3319 2271 vindicandam
3350 2229 3516 2285 seque

1914 2314 2329 2384 deportandum.
2357 2311 2386 2383 §
2417 2313 2470 2369 4.
2509 2312 2573 2366 Εῑ
2602 2320 2659 2365 ut
2687 2311 2859 2365 facilis
2901 2312 3180 2366 exsecutio
3210 2310 3510 2379 proveniat,

1912 2409 2252 2465 Christianos
2284 2405 2656 2477 proximorum
2692 2407 2932 2460 locorum
2963 2404 3213 2458 volumus
3248 2401 3403 2473 hujus
3435 2402 3513 2456 rei

1914 2502 2335 2559 sollicitudinem
2367 2516 2577 2569 gerere.
2620 2498 2867 2553 Curiales
2900 2511 3115 2566 quoque
3146 2499 3517 2564 proxitnarum

1913 2596 2192 2652 civitatum
2227 2592 2422 2661 placuit
2450 2591 2761 2656 admoueri,
2805 2599 2865 2643 ut
2888 2588 3294 2658 etuergentibus
3316 2587 3519 2643 talibus

1913 2694 2092 2747 causis
2121 2692 2317 2754 sciant,
2343 2689 2477 2758 legis
2506 2694 2704 2740 nostrae
2730 2684 2992 2739 auxilium
3022 2682 3412 2745 deferendum;
3444 2682 3517 2736 ita

1914 2795 1972 2841 ut
2006 2785 2257 2840 noverint
2304 2791 2543 2838 rectores
2575 2780 2850 2845 universi,
2891 2778 3081 2832 decem
3125 2777 3291 2832 libras
3336 2777 3513 2831 auria

1914 2897 1972 2937 se
2005 2890 2059 2935 et
2088 2878 2405 2934 tantundem
2432 2892 2461 2931 a
2494 2876 2609 2932 suis
2637 2873 3065 2943 apparitionibus
3096 2872 3443 2938 exigendum,
3472 2870 3517 2925 si

1915 2985 2244 3044 praeceptum
2280 2970 2639 3040 neglexerint.
2688 2965 2815 3020 Dat.
2850 2964 2935 3021 1V
2995 2964 3085 3020 Id.
3122 2963 3361 3019 Decemb.
3410 2963 3515 3017 Ra-

1912 3084 2111 3135 venna,
2159 3065 2398 3121 Honorio
2434 3062 2601 3131 VIII,
2644 3073 2693 3117 et
2747 3060 3040 3116 Theodosio
3068 3057 3193 3126 ΙΙΙ,
3224 3059 3337 3116 AA.
3369 3058 3515 3113 Cass.

1836 3150 1883 3215 C
1916 3160 2095 3230 (tua).

1987 3255 2439 3308 inventurum.
2490 3248 2580 3313 Hi,
2603 3247 2690 3318 qui
2723 3244 3039 3300 abhostibus
3078 3255 3307 3310 tempore
3348 3243 3515 3313 capti-

1910 3349 2082 3404 uitatis
2120 3347 2264 3400 ducti
2304 3352 2454 3407 sunt,
2482 3344 2525 3397 si
2554 3341 2617 3395 ab
2645 3339 2901 3410 aliquibus
2933 3338 3008 3392 vel
3032 3337 3100 3391 ad
3125 3337 3312 3390 victum
3342 3338 3419 3390 vel
3445 3337 3516 3390 ad

1910 3441 2147 3496 vestitam
2191 3437 2390 3507 aliquid
2443 3443 2782 3506 acceperunt,
2828 3448 2943 3485 cum
2986 3431 3152 3483 redire
3191 3429 3261 3482 ad
3304 3430 3515 3501 propria

1910 3538 2163 3592 uoluerint
2183 3578 2197 3602 ,
2227 3535 2438 3588 minime
2458 3531 2657 3603 aliquid
2681 3545 2776 3601 pro
2802 3543 2983 3582 eorum
3003 3527 3291 3595 requiratur
3324 3541 3515 3593 expen-

1908 3631 2002 3684 sis.
2034 3628 2231 3682 Tamen
2258 3626 2301 3678 si
2330 3625 2549 3698 pretium
2578 3638 2671 3691 pro
2701 3621 2901 3691 captivo
2940 3634 3036 3672 suo
3081 3619 3339 3684 prtedator
3368 3632 3515 3670 acce-

1910 3724 2064 3793 perit,
2092 3720 2231 3791 quod
2254 3720 2454 3773 dedisse
2483 3728 2681 3789 emptor
2713 3713 3002 3784 probaverit
3022 3754 3036 3776 ,
3067 3712 3173 3767 sine
3201 3711 3518 3766 dubitatione

1907 3820 2141 3890 recipiat.
2177 3816 2328 3884 Quod
2357 3815 2402 3869 si
2456 3813 2683 3883 pretium
2713 3826 2816 3863 non
2857 3808 3126 3874 habuerit,
3169 3806 3519 3877 quinquennio

1907 3912 2093 3967 seruiat
2112 3910 2342 3981 captivus
2365 3906 2585 3973 emptori
2604 3913 2650 3957 et
2670 3912 2785 3970 post
2801 3900 3208 3971 quinquennium
3227 3898 3336 3951 sine
3355 3898 3515 3965 pretio

1906 4002 2213 4073 ingenuitati
2259 3999 2533 4061 reddatur,
2576 3995 2699 4064 qui,
2748 4008 2864 4047 cum
2907 3992 2975 4044 ad
3022 3990 3237 4061 prapria
3279 3989 3510 4053 redierit,

1907 4096 2085 4151 omnia
2109 4110 2205 4148 sua
2227 4094 2428 4161 integra
2453 4099 2501 4144 et
2524 4090 2666 4143 salva
2690 4087 2924 4156 recipiat.
2958 4084 3018 4140 Si
3045 4085 3161 4150 quis
3192 4086 3363 4154 itaque
3389 4082 3511 4137 huic

1907 4200 2010 4243 tant
2035 4191 2195 4258 justas
2216 4185 2547 4259 prwceptioni
2576 4183 2812 4237 resistere
2842 4180 3132 4243 tentaverit,
3162 4180 3353 4231 noverit
3380 4194 3435 4231 se
3455 4178 3512 4231 in

1906 4284 2088 4339 exsilio
2109 4278 2456 4350 deputandum
2480 4293 2499 4331 :
2522 4277 2565 4329 si
2588 4293 2705 4330 vero
2728 4288 2986 4341 possessor
3010 4272 3184 4343 fuerit,
3212 4269 3510 4329 facultatem

1904 4390 2054 4429 suam
2080 4374 2191 4441 fisci
2219 4372 2413 4425 viribus
2450 4368 2815 4422 addicendam.
2856 4365 2997 4420 Sane
3034 4362 3387 4427 Christianos,
3419 4364 3510 4434 qui

1902 4467 2237 4537 redcntptioni
2266 4464 2471 4517 studere
2496 4462 2709 4523 debent,
2744 4474 2837 4531 pro
2878 4458 3093 4529 captivis
3133 4459 3367 4511 volumus
3399 4474 3507 4511 esse

1898 4654 1974 4707 ita
1994 4662 2049 4705 ut
2079 4666 2251 4705 omnes
2279 4648 2487 4719 judices
2512 4648 2721 4710 sciant,
2758 4646 2930 4698 decem
2970 4644 3127 4697 libras
3157 4645 3275 4697 auri
3299 4645 3425 4714 ﬁsco
3454 4661 3508 4699 se

1903 4746 2137 4809 daturos,
2167 4742 2260 4814 qui
2276 4742 2434 4814 hujus
2455 4740 2581 4810 legis
2604 4750 2861 4810 prwcepta
2880 4739 3221 4811 neglexerint.

1906 4892 2010 4939 LIB.
2046 4892 2120 4931 1X.
2164 4890 2276 4930 Tt'l‘.
2317 4888 2412 4929 V11.
2460 4890 2528 4928 ΑΙ)
2567 4888 2740 4929 LEGEI
2777 4888 3003 4941 JULIAH,
3043 4889 3111 4929 DE
3161 4889 3502 4931 ADULTERIIS.

1978 5015 2032 5071 5.
2075 5012 2288 5083 Imppp.
2327 5009 2741 5071 Valentinianus.
2794 5007 3115 5065 Theodosius
3155 5018 3205 5065 et
3251 5012 3504 5067 Arcadius

1912 5109 2069 5164 AAA.
2098 5107 2322 5179 Cynegio
2352 5105 2444 5177 Pf.
2479 5105 2542 5158 P.
2578 5105 2655 5159 Ne
2686 5106 2804 5175 quis
2829 5103 3189 5161 Chiistianam
3223 5108 3501 5163 mulierem

1911 5204 1964 5259 in
2017 5200 2416 5258 matrimonium
2470 5200 2691 5256 .lndaeus
2747 5199 3018 5268 accipiat,
3076 5216 3247 5271 neque
3300 5202 3504 5258 Jttdtctc

1908 5294 2109 5351 ChriSIi
2131 5311 2248 5348 inus
2274 5293 2584 5364 conjugiutn
2611 5292 2890 5348 sortiatur.
2916 5291 3046 5347 Nam
3076 5293 3119 5347 si
3151 5298 3268 5361 quis
3297 5296 3503 5366 aliquid

1907 5386 2067 5457 hujus
2092 5387 2235 5441 modi
2257 5386 2557 5452 admiserit,
2582 5385 2826 5439 adultcrti
2854 5383 3023 5438 \it:eut
3047 5386 3321 5440 commissi
3344 5388 3503 5454 hujus

1906 5484 2111 5539 crimen
2144 5482 2441 5537 obtinebit.
2486 5479 2734 5533 libuttule
2770 5479 2821 5532 itt
2867 5481 3228 5533 accusandum
3277 5482 3505 5549 publicis

1907 5591 2121 5646 quoque
2152 5576 2375 5628 vocibus
2407 5575 2664 5627 relmata.
2710 5570 2830 5624 Dat.
2874 5569 2975 5623 ΙΙΙ
3021 5570 3109 5625 Μ,
3144 5571 3303 5627 Mart.
3340 5572 3506 5629 Thes-

1910 5674 2169 5737 salont'ca,
2190 5669 2489 5724 Theodosio
2508 5668 2570 5722 Α.
2600 5663 2663 5719 ιι
2700 5676 2747 5719 et
2771 5664 2993 5738 Cynegio
3022 5666 3164 5721 (loss.
3197 5669 3366 5739 (588).

1987 5767 2447 5833 [assummum
2494 5761 2609 5818 Nec
2630 5758 2859 5819 Jrudwus
3360 5763 3515 5822 am.
