3950 6350
449 251 553 314 ΒΞΊ

1638 249 1726 310 ΤΗ
1735 249 2070 313 EODOSIUS
2108 254 2197 312 ET
2234 251 2572 314 PACATUS.
3604 264 3692 322 528

449 370 651 426 stianus
674 367 917 423 Judaeum
941 366 1096 421 ducat
1119 379 1350 422 uxorem.
1387 365 1540 434 Quod
1571 367 1615 422 si
1646 369 1845 439 fecerit,
1868 372 2045 442 cujus-
2069 369 2124 432 Α
2149 368 2536 426 maleﬁciorum
2562 410 2578 436 ,
2610 370 2782 440 stupri
2813 377 2974 442 atque
3012 368 3260 426 adulterii
3287 371 3496 444 parique
3523 375 3692 431 imma-

449 462 572 518 Iibet
596 460 939 527 accusatione,
969 459 1104 513 velut
1133 459 1186 513 in
1207 457 1470 513 adulteros
1493 459 1793 516 vindicetur.

452 593 558 634 LIB.
606 593 680 633 IX.
726 592 837 632 τη.
897 592 1024 632 XXV.
1070 592 1139 632 DE
1179 590 1354 656 RAPTU
1398 591 1499 630 νει.
1540 591 1883 634 IIA‘I'RIIONIO
1921 593 2048 634 SAN‘

661 687 1048 728 CTIIONIALIUI
1094 655 1344 728 VIBGINIJI
1386 687 1494 727 νει.
1534 687 1827 728 νιυυΑιιυιι.

522 766 576 822 3.
619 762 795 836 Impp.
830 762 1094 818 Honorius
1117 775 1166 819 et
1191 761 1508 819 Theodosius
1532 763 1641 833 ΛΑ.
1669 762 1915 819 Palladio
1951 762 2044 836 Pf.

447 855 518 913 P.
554 856 678 912 Post
713 857 821 911 alia
845 873 864 910 :
893 857 950 913 Si
980 857 1100 928 quis
1129 857 1358 913 dicatam
1393 857 1506 916 Deo
1534 857 1827 928 virginem,
1859 857 2046 929 prodi-

445 965 547 1022 gus
574 949 691 1012 sui,
740 956 924 1020 raptor
950 949 1235 1018 ambit-rit,
1275 949 1562 1020 publicatis
1606 951 1765 1007 bonis
1793 950 2048 1024 deporta-

443 1045 596 1102 tioue
621 1045 924 1116 plectatur;
956 1047 1167 1102 cunctis
1212 1046 1576 1103 accusationis
1623 1048 1784 1118 hujus
1830 1047 2048 1103 licentia

446 1137 653 1205 absque
695 1147 840 1193 metu
888 1137 1177 1196 delationis
1209 1138 1437 1194 indulta.
1479 1137 1665 1210 Neque
1712 1139 1859 1195 enim
1904 1141 2044 1212 exigi

445 1232 703 1287 convenit
729 1231 1094 1302 proditorem,
1130 1249 1290 1304 quem
1333 1249 1435 1304 pro
1479 1234 1738 1305 pudicitia
1769 1234 2047 1306 religionis

443 1323 638 1380 invitat
658 1325 984 1380 humanitas.
1009 1324 1134 1379 Dat.
1160 1323 1312 1380 VIII
1330 1324 1418 1380 Id.
1443 1325 1575 1381 Maii
1588 1325 1856 1391 Ravenna,
1881 1327 2046 1383 Theo-

441 1417 588 1474 dasio
613 1418 678 1474 Α.
702 1417 811 1486 IX,
834 1429 884 1474 et
908 1418 1206 1476 Constantio
1234 1417 1356 1486 III,
1401 1419 1459 1474 V.
1493 1419 1553 1476 C.
1582 1421 1726 1476 Cass.
1759 1419 1937 1493 (420).

686 1551 790 1592 LIB.
829 1549 906 1591 IX.
925 1549 1041 1590 ’I'IT.
1061 1550 1229 1591 ιιιν.
1257 1550 1327 1590 DE
1370 1549 1790 1598 QUES'I‘IONIBUS.

517 1653 573 1710 4.
602 1652 815 1726 Imppp.
859 1651 1136 1708 Gratianus
1161 1694 1176 1717 ,
1214 1650 1612 1706 Valentinianus
1640 1662 1688 1706 et
1729 1651 2046 1708 Theodosius

444 1744 603 1802 ΑΑΑ.
655 1745 940 1801 Albuciano
996 1743 1206 1800 Vicario
1269 1743 1621 1798 Macedoniae.

437 1839 651 1903 diebus,
682 1839 772 1909 qui
800 1837 1044 1909 auspicio
1072 1837 1522 1892 etcremoniarum
1553 1836 1810 1906 paschale
1837 1846 2052 1906 tempus

438 1931 778 2000 anticipant,
825 1929 1003 1984 omnis
1049 1927 1287 1998 cognitio
1331 1927 1643 1984 inhibeatur
1689 1929 2048 1984 criminalium

439 2025 822 2095 quaestionum.
849 2021 974 2076 Dat.
1010 2020 1088 2076 VI
1121 2019 1246 2076 Kal.
1278 2022 1442 2095 April.
1477 2019 1884 2090 Thessalonica,
1917 2019 2051 2076 Gra-

438 2116 578 2172 tiano
609 2115 673 2170 Α.
715 2114 778 2180 γ,
806 2125 853 2170 et
884 2113 1170 2170 Theodosio
1199 2115 1263 2169 Α.
1298 2113 1350 2180 l,
1385 2112 1532 2169 Cass.
1564 2114 1738 2186 (380).

509 2208 952 2264 Iarumanno
979 2207 1172 2262 Diebus
1209 2207 1619 2279 quadragesimae
1650 2223 1745 2277 pro
1767 2208 2048 2263 reverentia

435 2304 702 2377 religionis
746 2305 912 2360 omnis
939 2305 1227 2359 criminalis
1255 2305 1389 2359 actio
1410 2305 1754 2376 conquiescat.

508 2398 562 2452 5.
608 2395 822 2467 Imppp.
870 2395 1303 2463 Valentinianus,
1361 2395 1685 2451 Theodosius
1711 2406 1759 2451 et
1789 2396 2046 2452 Arcadius

435 2492 595 2548 ΑΑΑ.
649 2491 870 2546 Tatiano
909 2490 1002 2563 Pf.
1063 2490 1132 2546 P.
1162 2491 1402 2547 Sacratis
1446 2491 1881 2562 quadragesimze
1930 2491 2046 2546 dic-

435 2583 539 2640 bus
569 2583 711 2638 nulla
735 2583 1002 2654 supplicia
1028 2584 1138 2637 sint
1190 2584 1435 2652 corporis
1457 2624 1472 2648 ,
1524 2583 1720 2652 quibus
1771 2582 2046 2638 absolutio

439 2685 792 2746 exspectatur
820 2675 1145 2736 animarum.
1178 2673 1303 2727 Dat.
1343 2672 1492 2728 VIII
1535 2671 1623 2727 Id.
1669 2673 1819 2745 Sept.
1872 2673 2047 2728 Foro-

451 2767 696 2837 ﬂaminii,
723 2765 948 2822 Timasio
975 2775 1022 2821 et
1049 2765 1296 2821 Promoto
1327 2765 1473 2822 Cass.
1503 2765 1682 2839 (589).

522 2897 626 2938 LIB.
661 2897 738 2935 IX.
771 2896 886 2936 'I'I'I'.
925 2896 1163 2937 XXXVIII.
1197 2897 1266 2936 DE
1295 2896 1662 2937 INDULGEN'I‘IIS
1696 2898 1978 2940 CRIIINUII.

511 2973 566 3030 6.
609 2972 826 3046 Imppp.
849 2971 1167 3039 Gratianus,
1229 2971 1616 3028 Valentinianus
1655 2983 1701 3028 et
1728 2972 2046 3030 Theodosius

438 3067 596 3123 AAA.
626 3067 694 3122 ad
715 3067 982 3122 Antidium
1018 3065 1081 3122 V.
1116 3065 1174 3122 C.
1218 3065 1501 3122 Vicarium.
1544 3067 1820 3122 Paschalis
1844 3067 2045 3124 laetitia:

441 3159 558 3215 dies
607 3175 675 3214 ne
697 3157 790 3214 illa
822 3158 1041 3230 quidem
1067 3167 1255 3215 tenere
1285 3157 1414 3213 sinit
1441 3158 1678 3229 ingenia,
1706 3174 1826 3230 qua:
1851 3160 2048 3230 ﬂagitia
2077 3151 2121 3214 C

435 3253 714 3319 iecerunt;
764 3261 944 3324 pateat
992 3254 1218 3308 insuetis
1241 3252 1493 3309 horridus
1533 3268 1721 3309 carcer
1756 3254 2048 3323 aliquando

437 3347 752 3404 luminibus.
783 3346 1037 3402 Alienum
1065 3356 1245 3401 autem
1269 3360 1556 3402 censemus
1585 3347 1654 3402 ab
1677 3345 2009 3418 indulgentia
2031 3391 2044 3415 ,

437 3444 528 3513 qui
555 3441 817 3498 nefariam
843 3443 1135 3498 criminum
1177 3442 1566 3498 conscientiam
1617 3441 1670 3497 in
1704 3445 2046 3512 majestatem

438 3535 674 3602 superbe
699 3534 1044 3600 animaverit,
1071 3535 1160 3605 qui
1185 3532 1493 3603 parricidali
1518 3533 1702 3588 lurore
1714 3542 1901 3604 raptus
1914 3550 2048 3590 san-

433 3628 601 3698 guine
642 3629 864 3698 proprio
893 3643 1113 3682 manum
1144 3626 1346 3694 tinxit,
1379 3627 1472 3698 qui
1497 3626 1757 3696 cujusque
1780 3635 2046 3698 prmterea

440 3719 678 3775 hominis
719 3719 870 3776 caede
917 3719 1218 3775 maculatus
1261 3726 1385 3784 est,
1429 3719 1523 3790 qui
1571 3719 1798 3790 genialis
1853 3719 1954 3775 tori
1985 3734 2050 3775 ac

440 3811 624 3889 lectuli
655 3811 753 3867 luit
778 3811 999 3867 invasor
1029 3811 1226 3877 alieni,
1258 3811 1349 3882 qui
1389 3811 1732 3867 verecundiae
1768 3811 2049 3883 virginalis

442 3914 631 3976 raptor
675 3907 918 3971 exstitit,
961 3905 1056 3975 qui
1106 3905 1472 3961 venerandum
1524 3904 1748 3976 cognati
1767 3905 2048 3974 sanguinis

440 3998 719 4054 vinculum
772 3997 999 4069 profano
1043 4013 1220 4054 caecus
1244 3998 1466 4054 violavit
1514 3998 1765 4064 incestu,
1817 3997 1904 4053 vel
1956 3998 2047 4068 qui

442 4093 628 4148 noxiis
668 4093 893 4164 qttmsita
953 4091 1287 4164 graminibus
1345 4101 1400 4147 et
1447 4090 1581 4147 diris
1640 4092 2048 4148 immurmurata

442 4187 670 4243 secretis
719 4186 918 4243 mentis
949 4196 1004 4242 et
1037 4186 1284 4258 corporis
1310 4201 1518 4242 venena
1548 4184 1896 4255 composuit,
1956 4192 2051 4240 aut

441 4280 531 4350 qui
546 4280 687 4336 sacri
713 4279 824 4337 oris
840 4280 1079 4336 imitator
1100 4287 1156 4335 et
1178 4279 1486 4335 divinorum
1515 4279 1756 4334 vultuum
1781 4279 2050 4350 appetitor

443 4369 784 4425 venerabiles
813 4369 1018 4426 formas
1043 4368 1327 4438 sacrilegio
1352 4367 1597 4424 eruditus
1627 4367 1922 4438 impressit.
1952 4367 2049 4424 His

2151 463 2323 518 nitate
2365 461 2633 534 sacrilegii
2663 503 2679 530 ,
2739 462 3085 534 sepulcrique
3129 462 3343 518 violatio
3364 506 3378 530 ,
3411 476 3574 536 raptus
3602 483 3697 522 mo-

2151 563 2398 624 netmque
2438 555 2740 611 adulterata
2790 555 3059 627 ﬂguratio.
3116 555 3236 611 Dat.
3285 557 3369 614 XI
3414 557 3528 615 Kal.
3554 562 3696 634 April.

2149 649 2474 712 Mediolano,
2501 649 2804 705 Richornere
2828 660 2873 706 et
2903 649 3152 706 Clearcho
3178 651 3324 709 Cass.
3349 653 3513 726 (εει).

2220 742 2273 799 8.
2306 739 2478 795 Iidem
2499 740 2658 796 ΑΑΑ.
2689 742 2758 796 ad
2793 741 3096 797 Neoterium
3126 743 3219 814 ΡῙ.
3275 743 3344 798 Ρ.
3389 744 3548 801 Nemo
3572 747 3700 804 dein-

2147 848 2275 905 ceps
2303 834 2572 892 tardiores
2616 835 2862 892 fortassis
2905 835 3103 892 all'atus
3149 847 3345 893 nostra!
3392 841 3702 909 perennitatis

2150 940 2460 1000 exspectet:
2485 939 2861 1001 exsequantur
2885 930 3095 1000 judices
3111 973 3127 1000 ,
3152 931 3292 1002 quod
3313 931 3576 1005 indulgere
3600 950 3705 991 cou-

2148 1024 2444 1080 suevimus.
2475 1023 2574 1081 Ubi
2606 1026 2837 1094 primum
2865 1025 2982 1082 dies
3007 1025 3274 1096 paschalis
3297 1029 3570 1093 exstiterit,
3603 1029 3702 1086 nul-

2148 1121 2262 1175 lum
2295 1128 2474 1175 teneat
2499 1135 2685 1176 carcer
2711 1119 3006 1189 inclusum,
3035 1121 3276 1177 omnium
3305 1121 3508 1178 vincula
3528 1123 3706 1180 solvau~

2153 1221 2257 1268 tur.
2293 1212 2398 1270 Sed
2427 1213 2496 1269 ab
2519 1213 2600 1268 bis
2630 1212 2966 1270 secernimus
2995 1230 3090 1270 eos
3111 1256 3126 1282 ,
3169 1213 3364 1287 quibus
3390 1217 3708 1274 contaminari

2151 1307 2329 1378 potius
2376 1307 2566 1378 gaudia
2596 1307 2946 1377 laetitiamque
2976 1325 3320 1366 communem
3345 1351 3358 1375 ,
3407 1311 3450 1366 si
3478 1310 3711 1368 dimittan-

2152 1408 2238 1455 tur
2263 1445 2276 1467 ,
2331 1401 2686 1456 advertimus.
2719 1401 2850 1469 Quis
2870 1401 3015 1458 enim
3047 1402 3314 1474 sacrilego
3342 1403 3523 1460 diebus
3546 1405 3712 1460 sanctis

2151 1493 2468 1564 indulgeat?
2516 1495 2639 1566 quis
2663 1494 2908 1551 adultero
2932 1495 3017 1552 vel
3044 1495 3234 1552 inceSIi
3259 1511 3352 1553 reo
3374 1507 3596 1567 tempore
3613 1512 3712 1554 cas-

2150 1587 2321 1642 titatis
2396 1586 2684 1657 ignoscat?
2743 1589 2864 1659 quis
2916 1605 3022 1645 non
3090 1599 3363 1660 raptorem
3439 1592 3488 1646 in
3536 1606 3711 1647 summa

2150 1681 2334 1751 quiete
2362 1691 2419 1737 et
2442 1682 2640 1753 gaudio
2686 1683 2958 1738 communi
3011 1693 3368 1756 persequatur
3418 1685 3710 1741 instantius?

1679 1744 2044 1815 Quadraginta

2159 1771 2363 1826 Nullam
2385 1773 2615 1842 accipiat
2640 1775 2884 1846 requiem
2913 1776 3252 1831 vinculorum
3280 1818 3294 1844 ,
3343 1777 3429 1848 qui
3473 1776 3714 1848 quiescere

2154 1866 2395 1937 sepultos
2409 1866 2636 1936 quadam
2655 1866 2878 1923 sceleris
2893 1867 3234 1924 immanitate
3251 1884 3354 1923 non
3371 1869 3543 1933 scivit;
3567 1869 3712 1940 patia-

2153 1968 2243 2016 tur
2288 1971 2554 2018 tormenta
2604 1963 2921 2033 veneﬁcus,
2980 1963 3264 2020 maleﬁcus
3315 1963 3714 2034 adulteratorque

2157 2065 2390 2112 monetae
2415 2073 2430 2122 ;
2485 2056 2752 2112 homicida
2774 2099 2789 2123 ,
2815 2057 2958 2128 quod
2983 2057 3108 2113 fecit
3130 2099 3144 2122 ,
3173 2073 3391 2129 seraper
3433 2066 3711 2127 exspectet;

2152 2163 2278 2204 reus
2321 2149 2485 2204 etiam
2539 2149 2840 2220 majestatis
2890 2149 2958 2205 de
2984 2149 3207 2205 domino
3231 2190 3248 2217 ,
3286 2148 3556 2204 adversum
3582 2160 3716 2217 quem

2153 2241 2279 2294 talia
2309 2241 2528 2295 molitus
2550 2249 2654 2305 cst,
2682 2242 2894 2296 veniam
2918 2257 3140 2312 sperare
3176 2257 3284 2296 non
3330 2240 3503 2297 debet.
3539 2238 3644 2294 Dat.
3685 2235 3716 2291 γ

2152 2331 2280 2387 Kal.
2341 2331 2501 2389 Mart.
2561 2331 2898 2400 Mediolano,
2963 2334 3185 2389 Arcadio
3239 2334 3304 2388 Α.
3362 2331 3390 2388 Ι
3435 2343 3480 2388 et
3521 2331 3718 2386 Bautous

2152 2423 2298 2480 Cass.
2326 2423 2478 2498 (585)
2496 2466 2510 2481 .

2224 2518 2675 2576 lsrenpac'rnto.
2732 2521 3032 2593 Sacrilegus
3057 2563 3071 2589 ,
3099 2521 3310 2577 adulter
3333 2563 3348 2588 ,
3400 2521 3562 2577 incesti
3588 2535 3714 2586 reus,

2149 2623 2368 2685 raptor,
2417 2615 2770 2685 sepulcrorum
2807 2616 3067 2685 violator,
3117 2617 3405 2688 veneﬁcus,
3458 2616 3714 2685 maleﬁcus,

2149 2705 2466 2761 adulterator
2502 2718 2748 2773 monetw,
2773 2707 3034 2763 homicida
3063 2710 3243 2764 diebus
3271 2709 3488 2765 Pascha:
3524 2705 3716 2762 nullate-

2153 2815 2251 2852 nus
2279 2801 2628 2856 absolvantur.
2658 2801 2870 2872 Reliqui
2896 2819 3090 2867 omnes,
3121 2819 3253 2873 quos
3297 2804 3539 2858 minorum
3563 2815 3719 2855 causa-

2152 2908 2267 2946 rum
2319 2893 2475 2965 culpa
2527 2896 2866 2968 constringit,
2916 2896 3092 2953 diebus
3132 2898 3498 2954 uenerabilibus
3535 2892 3720 2950 Pascha

2153 2986 2443 3057 specialiter
2466 2986 2820 3044 absolvantur.

2304 3119 2412 3159 LIB.
2443 3119 2518 3159 IX.
2551 3119 2664 3160 ΤῙΤ.
2698 3121 2824 3160 XLV.
2858 3121 2927 3160 DE
2957 3120 3042 3162 HIS
3079 3119 3169 3170 QUI
3204 3121 3278 3163 AD
3323 3119 3591 3163 ECCLESMS

2807 3215 3164 3260 CONFUGIUN‘I'.

2231 3312 2280 3367 Ι.
2324 3310 2536 3385 Imppp.
2571 3311 2918 3380 Theodosius,
2950 3315 3206 3370 Arcadius
3234 3325 3282 3370 et
3317 3313 3568 3370 Honorius
3587 3310 3716 3366 ΑΑΑ.

2155 3403 2378 3460 Romulo
2407 3403 2598 3462 Comiti
2646 3406 2710 3462 S.
2743 3406 2804 3461 L.
2835 3407 3096 3464 Publicos
3137 3407 3436 3475 debitores,
3471 3408 3515 3464 si
3563 3404 3721 3461 conlu-

2153 3499 2405 3570 giendum
2437 3500 2505 3554 ad
2531 3500 2792 3557 ecclesias
2822 3501 3178 3567 crediderint,
3209 3512 3308 3559 aut
3352 3505 3491 3560 illico
3536 3497 3715 3558 extrahi

2152 3591 2220 3647 de
2244 3591 2470 3648 latebris
2499 3594 2792 3664 oportebit,
2822 3606 2916 3651 aut
2949 3611 3045 3667 pro
3074 3597 3158 3654 his
3199 3597 3376 3668 ipsos,
3403 3598 3490 3668 qui
3535 3611 3619 3653 eos
3643 3609 3720 3649 oc-

2152 3686 2362 3742 cultare
2395 3687 2714 3758 probantur,
2748 3689 3033 3760 episcopos
3058 3691 3221 3762 exigi.
3257 3691 3407 3748 Sciat
3434 3692 3582 3762 igitur
3608 3701 3718 3757 prte-

2153 3779 2359 3834 cellens
2399 3780 2696 3836 auctoritas
2729 3791 2840 3848 tua,
2889 3785 3162 3839 neminem
3191 3784 3497 3841 debitorum
3527 3781 3716 3853 posthac

2151 3883 2181 3923 a
2209 3869 2427 3924 clericis
2456 3869 2885 3938 defendendum,
2910 3883 3005 3928 aut
3047 3889 3143 3944 per
3163 3889 3262 3931 eos
3306 3876 3446 3948 eius,
3476 3889 3620 3946 quem
3644 3870 3719 3927 de-

2153 3960 2481 4018 fendendum
2499 3977 2619 4020 esse
2637 3964 2989 4032 crediderint,
3005 3966 3252 4022 debitum
3274 3983 3398 4025 esse
3417 3965 3721 4024 solvendum.

2150 4053 2278 4110 Dat.
2317 4054 2424 4111 XV
2463 4055 2590 4112 Kal.
2627 4057 2766 4113 Nov.
2807 4056 3300 4132 Constantinopoli,
3330 4062 3547 4117 Arcadio
3569 4059 3625 4115 A.
3649 4053 3720 4112 II.

2151 4158 2198 4205 et
2229 4148 2422 4220 Ruﬁno
2459 4151 2605 4207 Cass.
2639 4151 2811 4225 (592).

2519 4280 2623 4322 LIB.
2650 4281 2740 4321 XV.
2769 4283 2882 4324 ’l'l'l'.
2915 4283 3011 4324 VII.
3040 4284 3110 4324 DE
3139 4284 3402 4326 SCENICIS.

2223 4379 2278 4434 4.
2321 4377 2533 4452 Imppp.
2565 4379 2875 4447 Gratianus,
2914 4380 3316 4440 Valentinianus
3359 4396 3409 4440 et
3445 4378 3725 4438 Theodosius

445 4474 577 4528 ergo
607 4461 696 4515 tali
726 4477 940 4532 quoque
964 4461 1066 4518 sub
1113 4461 1456 4518 absolutione
1506 4461 1778 4517 damnatis
1804 4504 1820 4531 ,
1868 4461 2050 4518 indul-
2076 4539 2123 4548 _
2154 4469 2315 4525 AAA.
2363 4473 2432 4525 ad
2461 4471 2746 4528 Paulinum
2795 4473 2887 4546 Pf.
2922 4474 2990 4532 U.
3027 4474 3306 4543 Mulieres,
3336 4492 3458 4548 quae
3491 4490 3553 4531 ex
3577 4467 3724 4528 viliori

445 4559 558 4605 tum
611 4561 810 4606 nostra;
858 4553 1166 4608 serenitatis
1212 4568 1278 4609 eo
1352 4553 1615 4624 prmcepti
1664 4554 1774 4610 line
1829 4539 2309 4619 conclu-Dsorte
2334 4567 2628 4635 progenita:
2651 4568 3088 4638 spectaculorum
3107 4539 3382 4627 debentur
3401 4566 3667 4640 obsequiis,
3686 4561 3724 4617 si

445 4641 626 4697 dimus
648 4683 664 4707 ,
689 4649 750 4696 ut
796 4643 1173 4698 remissionem
1201 4644 1375 4700 venia:
1415 4645 1644 4701 crimina
1673 4688 1688 4712 ,
1722 4645 1828 4702 nisi
1883 4646 2052 4704 semel

447 4733 736 4793 commissa
765 4777 780 4800 ,
808 4749 914 4791 non
947 4735 1217 4805 habeant,
1272 4751 1341 4794 ne
1381 4737 1434 4792 in
1461 4753 1558 4794 eos
1587 4739 1929 4795 liberalitatis
1957 4756 2054 4797 au-

445 4840 617 4900 gustu:
650 4829 919 4885 referatur
957 4829 1294 4899 humanitas,
1328 4833 1418 4901 qui
1449 4832 1827 4904 impunitatem
1853 4835 2051 4892 veteris

443 4921 668 4978 admissi
698 4936 803 4978 non
830 4921 1195 4978 emendationi
1248 4925 1430 4993 potius
1464 4941 1626 4996 quam
1660 4927 2046 4984 consuetudini

446 5013 793 5085 deputarunt.
827 5013 1058 5068 Recitata
1101 5013 1219 5069 XII
1266 5013 1392 5070 Kal.
1428 5018 1561 5088 Aug.
1593 5017 1795 5088 Romae,
1828 5019 2050 5094 Syagrio

447 5119 494 5164 et
526 5107 783 5164 Eucherio
811 5107 954 5164 Cass.
984 5107 1158 5182 (581).

523 5203 573 5256 7.
634 5201 802 5256 Iidem
848 5201 1007 5256 AAA.
1051 5201 1119 5256 ad
1151 5201 1479 5258 Marcianum
1516 5203 1802 5261 Vicarium.
1840 5205 2049 5278 Religio

443 5295 832 5351 anniversaria:
865 5293 1258 5351 obsecrationis
1287 5294 1552 5364 hortatur,
1572 5307 1632 5351 ut
1657 5313 1846 5354 omnes
1870 5298 2046 5354 omni-

442 5401 513 5442 no
559 5383 798 5457 periculo
829 5388 1064 5444 carceris
1096 5396 1352 5458 metuque
1385 5401 1666 5458 pinnarum
1694 5389 1858 5445 eximi
1889 5389 2047 5460 jube-

443 5494 628 5534 remus
647 5519 663 5544 ,
690 5479 782 5549 qui
830 5479 1035 5536 leviore
1064 5481 1297 5536 crimine
1322 5479 1400 5534 rei
1422 5490 1548 5535 sunt
1575 5483 1852 5552 postulati.
1890 5482 2044 5540 Unde

439 5576 664 5639 apparet
691 5585 788 5626 eos
808 5571 1014 5643 excipi,
1053 5587 1190 5642 quos
1216 5581 1370 5628 atrox
1422 5572 1693 5642 cupiditas
1742 5575 1796 5628 in
1833 5575 2042 5632 scelera

438 5663 702 5732 compulit
749 5664 972 5720 saeviora
999 5683 1012 5718 :
1042 5667 1096 5722 in
1127 5666 1326 5738 quibus
1355 5673 1442 5722 est
1469 5666 1701 5736 primum
1731 5665 1938 5724 crimen
1981 5676 2039 5726 et

433 5757 666 5815 maxime
686 5759 984 5830 maiestatis
1005 5804 1020 5830 ,
1050 5761 1247 5820 deinde
1276 5758 1554 5822 homicidii
1583 5761 1941 5836 venaliciique
1961 5778 2027 5822 ac

2161 4655 2375 4712 scenica
2399 4656 2576 4713 ofﬁcia
2610 4659 2954 4727 declinat-int,
2988 4660 3214 4718 ludicris
3250 4662 3560 4719 ministeriis
3586 4657 3726 4727 depu-

2165 4754 2367 4816 tentur,
2387 4764 2523 4818 quas
2543 4751 2772 4806 necdum
2795 4759 2975 4808 tamen
3004 4753 3374 4810 consideratio
3386 4748 3724 4809 sacratissima

2156 4838 2436 4910 religionis
2467 4849 2522 4896 et
2567 4839 2890 4898 Christiana:
2932 4843 3070 4915 legis
3117 4845 3429 4901 reverentia
3479 4855 3584 4898 sure
3622 4833 3724 4892 lidei

2160 4935 2516 5005 mancipavit;
2571 4951 2665 4992 eas
2712 4939 2880 5006 enim,
2924 4953 3060 5009 quas
3118 4939 3316 4995 melior
3369 4935 3572 4993 vivendi
3620 4941 3724 4985 usus

2164 5027 2384 5084 vinculo
2440 5031 2703 5086 naturalis
2753 5032 3080 5090 conditionis
3127 5035 3353 5100 evolvit,
3386 5029 3575 5089 retrahi
3596 5032 3721 5081 veta-

2163 5135 2303 5175 mus.
2335 5120 2461 5175 Illas
2491 5122 2656 5178 etiam
2692 5122 2921 5180 feminas
2949 5125 3150 5182 liberas
3197 5141 3227 5181 a
3265 5122 3608 5182 contubernio
3627 5130 3725 5172 sce-

2158 5211 2267 5268 nici
2298 5214 2594 5284 prmjudicii
2618 5215 2815 5272 durare
2841 5218 3211 5290 praecipimus,
3245 5235 3369 5290 quae
3398 5207 3724 5274 mansuetudi-

2160 5303 2244 5358 nis
2275 5314 2477 5361 nOstrm
2505 5306 2770 5364 beneficio
2801 5321 3057 5380 expertes
3089 5311 3333 5367 muneris
3363 5306 3602 5380 turpioris
3621 5311 3722 5358 esse

2155 5407 2491 5451 meruerunt.
2525 5397 2650 5453 Dat.
2693 5399 2756 5454 V.
2803 5400 2928 5457 Kal.
2957 5401 3091 5457 Maii
3124 5402 3452 5468 Mediolano,
3503 5395 3720 5454 Gratiano

2158 5485 2226 5552 V,
2257 5497 2305 5542 et
2329 5487 2620 5544 Theodosio
2653 5489 2706 5557 Ι,
2738 5491 2851 5546 AA.
2878 5491 3026 5550 Cass.
3062 5493 3235 5568 (580).

2221 5578 2274 5635 5.
2316 5580 2486 5638 Iidem
2509 5584 2665 5660 AAA.
2699 5588 2769 5642 ad
2801 5586 3092 5644 Paulinum
3123 5588 3216 5660 Pf.
3253 5587 3322 5644 ΙΙ.
3353 5583 3596 5656 Quisquis
3618 5578 3718 5649 thI'

2148 5674 2396 5731 melicam
2438 5693 2505 5733 ex
2535 5679 2668 5736 urbe
2723 5681 3050 5751 venerabili,
3103 5683 3391 5740 immemor
3427 5672 3713 5736 honestatis,

2147 5765 2433 5826 abduxerit
2457 5771 2815 5845 eamdemque
2860 5774 2915 5832 iu
2943 5775 3237 5849 longinqua
3268 5768 3612 5836 transtulerit,
3635 5775 3715 5820 seu

3919 459 3921 512 ς

3920 519 3921 570 l

3919 603 3921 688 Ι
