3850 6334
91 294 215 353 529

934 294 1295 355 THEODOSII
1334 295 1651 354 SELECTA
1688 294 1779 351 DE
1819 293 2195 356 RELIGIONE
2235 299 2507 359 DECRE’I‘
2512 304 2576 359 Α.

3298 299 3406 357 530

94 417 274 471 etiam
331 418 467 474 intra
513 417 733 474 domum
784 417 1075 490 propriam,
1108 418 1180 471 ita
1230 423 1288 471 ut
1338 414 1704 485 voluptatibus
1734 413 2037 485 Agemmis
2065 415 2232 482 collo,
2253 417 2511 486 brachiis,
2557 416 2776 490 cingulo
2817 430 2925 473 non
2968 427 3232 474 vetamus.
3282 414 3409 471 Dat.

96 509 341 579 publicis
372 526 478 566 non
526 513 750 579 serviat,
806 511 1109 571 retentarit.
1158 510 1395 581 quinque
1443 508 1702 562 librarum

90 603 221 655 auri
248 603 490 659 illatione
515 604 824 661 ntulctctur.
850 602 972 658 Dat.
998 603 1041 657 V
1078 602 1201 657 Kal.
1230 602 1360 656 Maii
1379 601 1700 667 Mediolano,

92 692 361 751 Gratiano
393 696 460 762 V,
489 708 533 751 et
564 697 850 752 Theodosio
880 696 930 763 I,
955 696 1066 750 ΛΑ.
1094 694 1211 750 Cos.
1241 693 1415 767 (380).

172 788 233 844 6.
275 786 447 843 Iidem
517 788 679 845 ΑΑΑ.
732 790 798 843 ad
850 788 1187 843 Valerianum
1237 786 1330 858 Pf.
1384 785 1452 842 U.
1501 785 1703 857 Equos,

95 894 248 950 quos
276 881 341 936 ad
366 883 608 938 solemne
636 891 910 938 certamen
935 882 1015 936 vel
1049 879 1477 936 mansuetudinis
1508 888 1706 933 nostra:

92 975 324 1045 largitio
367 975 742 1031 subministrat
770 976 854 1031 vel
888 975 1230 1030 diversorum
1261 989 1330 1031 ex
1371 973 1706 1043 amplissimo

93 1066 299 1122 ordine
330 1070 763 1137 magistratuum,
796 1067 1059 1123 hactenus
1083 1068 1149 1121 ad
1182 1066 1392 1137 copiam
1423 1065 1709 1135 providen-

90 1157 204 1214 dos
233 1160 502 1215 serenitas
526 1170 707 1216 nostra
737 1161 1001 1226 decrevit,
1027 1169 1084 1214 ut
1104 1201 1116 1221 .
1139 1157 1401 1230 quidquid
1425 1158 1552 1212 illud
1583 1164 1667 1212 est
1692 1198 1705 1222 ,

92 1253 251 1324 quod
299 1253 597 1324 palmarum
651 1269 879 1310 numero
933 1254 1266 1325 gloriosum,
1316 1262 1370 1308 et
1421 1250 1709 1307 celebratis

101 1350 385 1421 utrimque
439 1348 682 1405 victoriis
734 1350 913 1405 nobile
960 1360 1336 1420 congregatur,
1388 1346 1711 1418 spectaculis

92 1441 289 1511 potius
315 1441 537 1496 urbana:
564 1440 741 1511 plebis
791 1441 1070 1507 inserviat,
1112 1455 1273 1510 quam
1328 1439 1523 1510 przcda:
1549 1448 1713 1509 atque

90 1533 427 1604 compendio
452 1533 765 1603 deputetur.
786 1533 1042 1603 Quisquis
1063 1532 1221 1602 igitur
1241 1548 1308 1587 ex
1335 1546 1421 1597 eo,
1454 1529 1597 1601 quod
1624 1529 1710 1585 vel

88 1628 372 1682 serenitas
398 1635 585 1681 nostra
617 1626 699 1681 vel
749 1626 1006 1680 ordinarii
1054 1625 1308 1680 consules
1332 1624 1414 1678 vel
1449 1632 1711 1693 praetores

90 1719 148 1775 in
210 1720 441 1789 hujusce
495 1717 642 1773 modi
729 1718 973 1773 tribuunt
1028 1719 1361 1789 voluptates,
1417 1714 1714 1786 quamlibet

1804 505 1890 562 XI
1925 507 2047 563 Kal.
2100 508 2215 563 Oct.
2250 508 2737 583 Constantinopoli,
2769 510 3059 568 Theodosio
3125 511 3189 565 Α.
3235 507 3332 563 III
3363 518 3411 564 et

1807 600 2134 655 Abundantio
2165 600 2312 655 Cass.
2343 603 2516 673 (393).

1877 694 1966 749 12.
2010 693 2178 748 Iidem
2219 695 2374 750 ΑΑΑ.
2425 697 2618 766 Ruﬁna
2648 696 2740 769 Pf.
2774 696 2842 751 Ρ.
2877 697 2932 753 Si
2963 697 3146 769 quain
3181 695 3408 768 publicis

1809 788 2105 860 porticibus
2126 788 2208 844 vel
2232 789 2284 843 in
2310 788 2393 846 bis
2414 790 2690 847 civitatum
2714 790 2876 857 locis,
2909 793 2961 848 in
2981 793 3179 864 quibus
3210 801 3410 845 nostra:

1807 882 1985 937 solent
2050 884 2311 957 imagines
2359 884 2702 953 consiicrari,
2752 888 2956 958 pictura
3020 882 3407 956 pantomimum

1811 985 1961 1032 veste
1993 976 2181 1032 humili
2206 990 2258 1034 et
2289 980 2502 1051 rugosis
2541 979 2750 1035 sinibus
2778 982 3097 1052 agitatorem
3126 988 3220 1033 aut
3247 978 3409 1033 vilem

1810 1067 2003 1124 oﬂ'erat
2034 1070 2378 1137 histrionem,
2428 1070 2573 1127 illico
2605 1072 2899 1128 revellatur
2921 1113 2938 1139 ,
2972 1086 3147 1141 neque
3175 1085 3410 1140 unquam

1810 1160 2039 1233 posthac
2089 1161 2244 1218 liceat
2274 1164 2325 1218 in
2377 1163 2496 1217 loco
2527 1163 2755 1219 honesto
2799 1163 3115 1220 iuhonestas
3150 1175 3412 1219 annotare

1813 1272 2095 1328 personas.
2130 1258 2184 1313 ln
2212 1258 2363 1314 aditu
2392 1273 2521 1314 vero
2549 1257 2711 1325 circi,
2746 1261 2831 1315 vel
2859 1260 2910 1313 in
2956 1259 3149 1314 theatri
3190 1272 3412 1328 proscc-

1813 1350 1921 1405 niis
1947 1360 2006 1405 ut
2031 1346 2399 1414 collocentur,
2422 1368 2525 1406 non
2550 1362 2817 1407 velamus.
2852 1352 2879 1424 §
2911 1353 2951 1407 Ι.
2990 1352 3085 1407 llis
3115 1352 3245 1407 illud
3270 1350 3413 1421 adji—

1813 1442 1987 1498 cimus
2007 1485 2022 1506 ,
2055 1452 2111 1497 ut
2141 1444 2348 1510 ntimze,
2374 1454 2429 1498 et
2471 1459 2592 1515 qua:
2622 1444 2853 1499 ludibrio
2879 1444 3121 1513 corporis
3149 1444 3231 1497 sui
3261 1458 3414 1514 quaso

1814 1546 1957 1590 stunt
1997 1534 2231 1603 faciunt,
2268 1535 2485 1605 publice
2518 1535 2702 1591 habitu
2726 1552 2912 1591 earum
2958 1538 3259 1611 virginum,
3292 1550 3414 1606 qua:

1815 1629 1916 1683 deo
1944 1627 2135 1683 dicata:
2188 1637 2352 1693 sunt,
2384 1645 2489 1683 non
2522 1637 2769 1693 utantur,
2804 1637 2858 1683 et
2899 1638 2955 1682 ut
2993 1628 3140 1682 nulla
3174 1627 3370 1682 femina
3394 1668 3408 1691 ,

1817 1738 1915 1778 nec
1938 1738 2070 1793 puer
2098 1721 2371 1795 thymelici
2402 1725 2679 1779 consortio
2707 1722 3039 1787 intbuantur,
3074 1724 3115 1777 si
3148 1720 3414 1776 Christia-

97 1815 419 1870 conttuodis
449 1813 877 1884 compendioqne
908 1814 1116 1883 privato
1155 1810 1507 1867 derivandam
1538 1809 1706 1865 duxe-
1736 1810 1782 1871 B
1811 1831 1894 1870 nte
1923 1815 2201 1884 religionis
2241 1830 2361 1870 esse
2406 1817 2773 1886 cognOscitur.
2832 1815 2957 1870 Dat.
2990 1812 3089 1868 III
3119 1812 3249 1869 Kal.
3296 1813 3412 1869 Jul.

93 1909 170 1963 rit
206 1907 645 1978 cssejacturatn,
679 1907 839 1961 unius
886 1904 1004 1960 auri
1057 1904 1207 1961 libra:
1255 1903 1706 1959 condemnationc

96 2001 430 2067 mulctatus,
461 1999 842 2069 largitionibus
868 1999 1069 2054 nostris
1097 2005 1318 2068 cogatur
1347 2011 1469 2051 esse
1499 1993 1711 2050 tuunili-

92 2109 217 2148 cus.
260 2092 385 2148 Dat.
422 2090 563 2146 VIII
620 2092 745 2147 Kal.
781 2090 913 2146 Maii
946 2089 1186 2159 Treviris,
1212 2088 1468 2145 Eucherio
1489 2098 1536 2143 et
1577 2087 1710 2159 Sya-

95 2189 218 2260 grio
247 2186 400 2244 Cass.
435 2188 614 2260 (581).

172 2284 231 2337 7.
283 2282 450 2338 Iidem
506 2284 665 2338 ΑΑΑ.
720 2284 789 2337 ad
848 2282 1177 2337 Valerianum
1220 2280 1311 2363 Pl.
1361 2280 1426 2338 U.
1476 2280 1582 2336 Eos
1623 2280 1713 2352 qui

96 2377 356 2445 agitandi
378 2393 573 2433 munus
598 2388 876 2444 exercent,
911 2377 1135 2432 illustris
1163 2384 1452 2434 auctoritas
1481 2388 1568 2432 tua
1594 2376 1715 2431 nul-

98 2470 193 2536 lis,
230 2479 434 2541 praeter
453 2471 699 2525 circense
728 2481 1025 2536 certamen,
1055 2471 1193 2526 allici
1224 2471 1432 2525 noverit
1461 2479 1716 2539 oportere

102 2565 422 2637 suppliciis.
468 2565 587 2621 Dat.
627 2563 776 2619 VIII
829 2564 916 2620 Id.
966 2564 1092 2619 Maii
1134 2563 1387 2619 Eucherio
1417 2574 1463 2618 et
1491 2565 1716 2636 Syagrio

105 2660 265 2718 Cass.
300 2663 419 2733 (58l
436 2663 475 2730 ).

183 2760 240 2811 8.
292 2754 461 2810 Iidem
491 2755 648 2810 ΑΑΑ.
674 2755 743 2808 ad
778 2753 1110 2808 Valerianum
1132 2751 1223 2823 ΡῙ.
1274 2752 1340 2808 U.
1371 2751 1560 2808 Scentn
1601 2767 1718 2807 mu-

108 2849 216 2906 lier
247 2851 297 2905 si
330 2850 668 2905 vacationem
708 2848 987 2919 religionis
1034 2847 1252 2901 nomine
1290 2845 1597 2915 postularit,
1624 2845 1721 2901 ob-

110 2955 275 3001 tentu
303 2943 520 3015 quidem
548 2943 824 3013 petitionis
872 2943 1045 2996 venia:
1091 2955 1199 2995 non
1229 2940 1369 2994 desit
1396 2958 1407 2992 :
1433 2953 1619 2993 verum
1674 2939 1719 2993 si

113 3051 269 3113 post,
304 3038 552 3109 turpibus
583 3039 817 3092 volutata
867 3034 1262 3105 complexibus,
1294 3042 1348 3087 et
1376 3033 1718 3104 religionem,

110 3151 287 3209 quant
319 3134 625 3205 expeticrit,
652 3131 976 3202 prodidisse,
1019 3139 1074 3186 et
1122 3145 1334 3202 gerere,
1367 3129 1510 3200 quod
1542 3127 1723 3184 ofﬁcio
1760 3158 1779 3209 τ

1815 1905 2086 1961 Heraclea:
2110 1947 2124 1973 ,
2169 1906 2391 1962 Arcadia
2418 1908 2480 1961 Α.
2530 1905 2652 1973 III,
2697 1918 2744 1963 et
2796 1906 3030 1963 Honorio
3063 1907 3124 1961 Α.
3158 1903 3244 1974 II,
3270 1905 3413 1961 Cass.

1815 1999 1995 2072 (sat).

2094 2111 2197 2150 LIB.
2232 2112 2345 2151 ινι.
2375 2111 2480 2151 τΙτ.
2507 2112 2546 2151 1.
2577 2113 2645 2152 DE
2674 2112 2797 2152 FIDE
2820 2110 3137 2153 CATHOLICA.

1889 2185 1943 2239 Ξ.
1975 2183 2186 2258 Imppp.
2219 2185 2530 2253 Gratianus,
2570 2185 2963 2242 Valentinianus
3002 2198 3049 2241 et
3094 2185 3419 2241 Theodosius

1822 2279 1978 2333 ΑΑΑ.
2002 2278 2243 2333 Edictum
2265 2280 2333 2333 ad
2365 2278 2625 2350 Populum
2649 2279 2791 2333 urbis
2812 2278 3414 2351 Constantinopolitanae.

1819 2376 2055 2431 (Iunctus
2086 2374 2347 2445 populos,
2380 2389 2516 2445 quos
2545 2374 2852 2429 clementia:
2881 2382 3079 2428 nostra:
3111 2372 3248 2443 regit
3280 2380 3419 2426 tem-

1826 2477 2235 2539 pcramentum,
2290 2468 2343 2521 in
2416 2468 2508 2522 tali
2563 2466 2817 2521 volumus
2865 2466 3126 2537 religione
3168 2465 3414 2530 versari,

1822 2577 1982 2632 quant
2006 2561 2251 2615 divinum
2281 2559 2499 2615 Petrum
2527 2560 2831 2630 apostolum
2860 2558 3144 2614 tradidisse
3165 2556 3422 2613 Romanis

1823 2655 2014 2725 religio
2041 2670 2215 2724 usque
2245 2654 2311 2708 ad
2363 2668 2507 2709 nunc
2559 2654 2627 2708 ab
2677 2654 2794 2724 ipso
2825 2654 3092 2707 insinuata
3141 2652 3420 2716 declarat,

1822 2765 2091 2821 quamque
2116 2749 2427 2820 pontilicem
2459 2748 2745 2804 Damasum
2770 2750 2920 2819 sequi
2941 2750 3111 2803 claret
3130 2756 3183 2801 et
3202 2746 3421 2801 Petrum

1824 2840 2170 2897 Alexandria:
2222 2842 2577 2911 episc0pum,
2632 2841 2807 2895 virum
2863 2840 3175 2909 apostoliczc
3226 2837 3428 2893 sancti-

1824 2934 1986 3000 tatis;
2019 2934 2120 2988 hoc
2164 2943 2247 2990 est
2274 2942 2334 2989 ut
2359 2931 2657 2989 secundum
2687 2933 3036 3004 apostolicam
3076 2930 3422 2999 disciplinam

1825 3029 2306 3098 evangelicamque
2337 3027 2638 3082 doctrinam
2664 3025 2837 3081 Patris
2867 3036 2917 3080 et
2950 3024 3074 3080 Filii
3107 3033 3160 3079 et
3187 3023 3424 3092 Spiritus

1828 3121 2001 3176 sancti
2031 3135 2194 3174 unam
2226 3120 2479 3175 deitatem
2512 3118 2613 3173 sub
2642 3118 2795 3189 parili
2823 3118 3104 3187 majestate
3125 3126 3177 3170 et
3204 3115 3308 3170 sub
3339 3116 3426 3185 pia

111 3205 385 3298 desierat,
415 3229 595 3284 animo
626 3235 806 3282 tamen
838 3225 1050 3280 scenica
1073 3224 1376 3293 detegetur,
1406 3231 1635 3278 retracta
1670 3224 1721 3277 in
1748 3208 1793 3270 C
1829 3214 2067 3268 trinitate
2088 3210 2444 3283 credamus.§
2477 3212 2526 3265 l.
2560 3210 2708 3265 Hanc
2736 3209 2906 3281 legem
2930 3218 3218 3279 sequentes
3238 3205 3427 3262 Οιινὶεο

115 3324 421 3395 pulpitum,
453 3321 571 3376 sine
600 3336 695 3390 spe
740 3319 1101 3374 absolutionis
1132 3320 1291 3373 ullius
1336 3317 1407 3372 ihi
1438 3334 1504 3371 eo
1554 3331 1723 3387 usque

114 3422 468 3489 permaneat,
498 3414 675 3470 donec
706 3426 843 3467 anns
872 3412 1116 3479 ridicula,
1136 3420 1415 3466 senectute
1443 3410 1720 3475 deformis;

118 3525 221 3563 nec
258 3516 393 3563 tunc
448 3506 668 3578 quidem
720 3504 1065 3560 absolutione
1105 3504 1358 3574 potiatur,
1404 3516 1526 3556 cum
1580 3500 1724 3556 aliud

116 3618 290 3674 quam
343 3612 491 3657 casta
534 3616 656 3657 esse
700 3615 805 3655 non
857 3600 1047 3670 possit.
1111 3596 1236 3652 Dat.
1285 3594 1430 3650 VIII
1472 3595 1559 3650 Id.
1598 3595 1725 3651 Maii

119 3697 394 3769 Aquileia,
435 3695 660 3768 Syagrio
692 3704 739 3748 et
767 3692 1025 3747 Eucherio
1054 3689 1198 3745 Cass.
1228 3689 1401 3764 (581).

194 3790 255 3846 9.
302 3788 471 3844 Iidem
499 3789 657 3843 ΑΑΑ.
706 3785 924 3840 Herasio
976 3783 1283 3852 Proconsuli
1328 3783 1538 3855 Africa.
1568 3779 1727 3850 Qua:-

121 3900 366 3956 cumque
397 3899 462 3939 ex
508 3882 668 3952 hujus
696 3880 840 3935 modi
870 3879 999 3934 la'ce
1032 3877 1327 3949 progenita:
1354 3876 1566 3932 scenica
1608 3873 1729 3956 ollis

124 3981 207 4034 cia
243 3952 547 4041 declinare,
584 3973 808 4029 ludicris
854 3972 1167 4027 ministeriis
1214 3970 1559 4040 deputentur,
1595 3952 1729 4039 quas

127 4069 367 4126 necdum
398 4078 574 4123 tamen
605 4064 961 4123 sanctissima:
1014 4062 1259 4133 religioni
1304 4069 1360 4116 et
1390 4063 1441 4116 in
1494 4076 1730 4132 perennc

127 4161 417 4219 servandte
434 4160 753 4216 Christianae
782 4158 912 4227 legis
936 4166 1264 4211 secretorum
1291 4154 1591 4209 reverentia
1620 4169 1731 4209 sua:

130 4256 261 4309 tidei
294 4253 598 4308 vindicarit.
631 4252 752 4306 Illas
775 4252 935 4305 etiam
970 4248 1213 4305 laminas
1241 4246 1498 4302 liberatas
1536 4257 1732 4302 contu-

132 4349 328 4403 hcrnio
378 4347 577 4402 scenici
627 4344 924 4415 pra-judicii
968 4342 1167 4397 durare
1212 4340 1577 4412 praecipimus,
1609 4354 1733 4411 qua:

131 4440 569 4496 mansuetudinis
620 4450 820 4493 nostra:
868 4435 1131 4492 beneﬁcio
1186 4443 1436 4504 expertes
1496 4433 1736 4489 muneris

134 4537 397 4606 turpioris
432 4549 553 4590 esse
578 4543 910 4588 meruerunt.
942 4530 1063 4586 PP.
1098 4529 1443 4603 Karthagine,
1498 4527 1541 4581 V
1606 4527 1730 4583 Kal.

134 4631 292 4703 Sept.
328 4628 580 4683 Eucherio
605 4637 649 4681 et
680 4626 903 4699 Syagrio
932 4624 1078 4679 Cass.
1104 4624 1276 4695 (⁸581).

215 4721 304 4776 10.
350 4719 517 4774 Iidem
559 4720 715 4773 ΑΑΑ.
761 4718 985 4791 Cynegio
1031 4715 1124 4790 ΡῙ.
1156 4715 1223 4771 Ρ.
1259 4714 1557 4771 Fidicinam
1599 4712 1734 4768 nulli

137 4813 305 4867 liceat
330 4813 413 4868 vel
441 4828 621 4867 emere
663 4812 747 4867 vel
775 4811 972 4866 docere
994 4810 1077 4864 vel
1110 4808 1342 4864 vendere
1369 4806 1455 4861 vel
1477 4806 1740 4863 conviviis

138 4914 237 4960 aut
292 4904 614 4975 spectaculis
664 4904 945 4959 adhibere.
980 4901 1089 4957 Nec
1114 4901 1367 4971 cuiquam
1399 4899 1466 4954 ad
1498 4898 1739 4955 delecta-

141 4999 310 5053 tionis
335 4996 667 5054 desiderium
714 4995 924 5051 erudita
956 4994 1185 5049 feminea
1215 4992 1434 5047 musica:
1460 4991 1590 5046 artis
1628 5000 1744 5047 stu-

143 5091 241 5143 (lio
291 5090 449 5145 liceat
490 5090 688 5145 habere
747 5087 1035 5158 mancipia.
1086 5085 1210 5140 Dat.
1268 5082 1413 5139 VIII
1465 5083 1589 5139 Kal.
1620 5082 1737 5138 Jul.

145 5168 617 5254 Constantinopoli,
662 5183 883 5236 Arcadio
910 5185 971 5235 Α.
1003 5179 1031 5234 I
1064 5191 1108 5234 et
1133 5179 1368 5235 Bautone
1388 5178 1534 5235 Cass.
1564 5177 1741 5250 (385).

225 5280 312 5333 11.
370 5277 584 5347 Imppp.
645 5276 1004 5342 Theodosius,
1065 5274 1321 5328 Arcadius
1375 5282 1423 5326 et
1477 5271 1745 5326 Honorius

151 5369 315 5424 ΛΑΑ.
341 5369 537 5439 Ruﬁno
559 5368 650 5442 Pf.
686 5370 751 5424 Ρ.
776 5367 933 5423 Nulla
964 5368 1125 5421 mima
1152 5364 1402 5436 gemmis,
1432 5364 1577 5419 nulla
1600 5360 1747 5431 sigil-

154 5463 283 5517 latis
336 5463 526 5517 sericis
574 5471 666 5517 aut
720 5462 878 5516 textis
927 5467 1111 5513 utatur
1160 5458 1384 5513 auratis.
1416 5456 1510 5511 llis
1535 5469 1749 5526 quoque

154 5556 399 5611 vestibus
441 5556 684 5610 noverint
707 5553 1110 5616 abstinendum,
1153 5566 1287 5620 quas
1316 5549 1507 5605 Graeco
1533 5548 1751 5603 nomine

158 5667 188 5705 a
222 5649 419 5705 Latino
449 5660 653 5704 crustas
683 5654 899 5710 vocant,
934 5645 986 5699 in
1015 5641 1208 5713 quibus
1234 5642 1337 5695 alio
1360 5640 1628 5694 admixtus
1657 5653 1752 5693 co-

160 5745 269 5801 lori
321 5743 441 5814 puri
487 5742 645 5798 rubor
674 5740 898 5796 muricis
944 5736 1252 5791 inardescit.
1283 5734 1372 5791 Uti
1398 5749 1527 5809 sane
1557 5733 1749 5788 iisdem

1829 3306 2097 3361 tianurum
2147 3304 2539 3360 catholicorum
2589 3316 2785 3357 nomen
2838 3302 3093 3372 jubeutus
3137 3299 3425 3370 amplecti,

1829 3398 2062 3468 reliquos
2092 3413 2222 3452 vero
2251 3396 2531 3451 dementes
2555 3409 2893 3465 vesanosque
2913 3393 3222 3464 iudicantes
3254 3393 3429 3447 Incre-

1831 3491 1919 3546 tici
1947 3490 2215 3563 dogmatis
2265 3488 2539 3544 infamiam
2571 3488 2872 3551 sustinere,
2921 3501 3021 3542 nec
3067 3485 3428 3541 conciliabula

1828 3599 2018 3642 eorum
2055 3584 2410 3640 ecclesiarum
2443 3598 2640 3638 nomen
2667 3583 2947 3651 accipere,
2979 3580 3159 3634 divina
3192 3579 3431 3651 primunt

1830 3677 2064 3733 vindicta
2086 3718 2099 3742 ,
2126 3686 2246 3746 post
2272 3677 2433 3731 etiam
2467 3684 2645 3731 motus
2690 3674 2897 3740 nostri,
2927 3688 3086 3744 quem
3114 3687 3184 3727 ex
3218 3671 3433 3727 caelesti

1830 3772 2056 3827 arbitrio
2085 3774 2478 3842 sumpserimus
2504 3812 2519 3838 ,
2570 3759 2777 3824 ultione
2802 3766 3139 3838 plectendos.
3180 3763 3298 3819 Dat.
3332 3761 3431 3817 III

1832 3863 1956 3920 Kal.
2007 3863 2167 3919 Mart.
2227 3863 2591 3919 Thessalonica
2619 3904 2632 3927 ,
2688 3859 2936 3916 Gratiana
2976 3859 3041 3913 Α.
3086 3857 3155 3926 ν,
3184 3867 3230 3912 et
3257 3855 3433 3911 Theo-

1831 3960 1976 4014 dosio
2000 3958 2065 4013 Α.
2099 3956 2151 4023 I,
2181 3955 2324 4012 Cass.
2357 3955 2533 4027 (380).

1905 4053 1958 4108 5.
1991 4050 2161 4105 Iidem
2211 4048 2368 4103 ΑΑΑ.
2419 4051 2487 4101 ad
2541 4046 2837 4101 Auxanium
2873 4042 3229 4115 proconsulem
3273 4039 3431 4095 Asiae.

1833 4144 2119 4215 Episcopis
2176 4141 2314 4197 tradi
2357 4154 2544 4196 omnes
2584 4138 2843 4195 ecclesias
2877 4153 3001 4191 mox
3028 4135 3311 4205 jubemus,
3343 4131 3437 4201 qui

1835 4238 1994 4293 unius
2042 4235 2343 4305 maiestatis
2372 4242 2533 4303 atque
2562 4230 2779 4285 virtutis
2806 4230 3018 4284 Patrem
3065 4238 3117 4282 et
3140 4226 3336 4281 Filium
3381 4232 3439 4277 et

1836 4330 2098 4400 Spiritum
2125 4336 2372 4383 sanctum
2407 4324 2753 4387 conﬁtentur,
2788 4320 3030 4392 ejusdem
3066 4319 3250 4390 gloria:
3274 4360 3290 4384 ,
3323 4316 3441 4371 cla-

1838 4423 2013 4479 ritatis
2063 4425 2250 4489 unius,
2302 4419 2436 4475 nihil
2480 4418 2759 4474 dissonum
2788 4417 3010 4487 profana
3060 4412 3328 4469 divisione
3356 4415 3438 4466 la-

1838 4519 2082 4584 cientes,
2110 4516 2206 4572 sed
2261 4513 2515 4569 trinitatis
2544 4510 2822 4577 ordinem,
2873 4522 3228 4580 personarum
3260 4519 3441 4560 asser-

1760 4595 1814 4657 Ῑ)
1844 4613 2043 4666 tionem
2074 4620 2130 4666 et
2158 4607 2455 4664 divinitatis
2486 4606 2777 4669 unitatem;
2822 4616 2958 4671 quos
2990 4598 3262 4655 constabit
3288 4612 3443 4653 com-

1842 4705 2098 4760 munione
2128 4701 2361 4757 Nectarii
2417 4696 2656 4769 episcopi
2690 4692 3312 4763 ConstantinOpolitante
3340 4689 3444 4746 Ec-

1844 4798 2054 4862 Clesizu,
2104 4792 2380 4850 Timothei
2430 4806 2640 4847 necnon
2684 4791 2821 4844 intra
2852 4787 3146 4860 Egyptum
3203 4785 3442 4839 Alexan-

1846 4893 2017 4948 drina:
2039 4890 2215 4955 urbis,
2250 4889 2534 4958 cpiscOpos
2556 4900 2677 4940 esse
2716 4884 2981 4948 sociatos;
3034 4894 3170 4952 quos
3195 4880 3357 4934 etiam
3387 4877 3443 4932 in

1848 4987 2084 5043 Orientis
2132 4982 2374 5055 partibus
2438 4979 2657 5050 Pelagio
2704 4977 2960 5047 episcopo
3007 4971 3328 5029 Laodicensi
3387 4979 3446 5025 et

1850 5080 2086 5135 Diodoro
2107 5076 2362 5146 episc0p0
2390 5073 2647 5129 Tarsensi
2677 5090 2688 5125 :
2720 5073 2771 5125 itt
2804 5070 2925 5124 Asia
2960 5082 3166 5122 necnon
3210 5078 3445 5135 procon-

1850 5170 2017 5227 sulari
2069 5178 2231 5239 atque
2283 5166 2483 5222 Asiana
2529 5163 2751 5219 ditecesi
2799 5159 3139 5230 Amphilocio
3193 5158 3453 5228 episcopo

1854 5263 2118 5322 lconieusi
2151 5272 2204 5318 et
2233 5262 2451 5332 Optimo
2496 5259 2752 5330 episcopo
2778 5252 3117 5309 Antiocheno
3168 5270 3181 5306 :
3214 5251 3268 5305 itt
3310 5248 3455 5305 Pon-

1857 5359 1962 5413 tica
1996 5354 2221 5411 dioecesi
2255 5350 2498 5407 Helladio
2545 5348 2799 5418 episcopo
2824 5342 3149 5401 Ctesariensi
3176 5352 3233 5397 et
3272 5340 3458 5397 Otreio

1857 5449 2115 5506 Meliteuo
2141 5455 2198 5501 et
2243 5443 2507 5515 Gregorio
2546 5440 2805 5510 episcopo
2851 5435 3098 5506 Nysseuo
3124 5476 3140 5502 ,
3181 5432 3455 5489 Terennio

1856 5545 2117 5613 episcopo
2166 5536 2425 5609 Scytltize,
2454 5529 2743 5589 Marnturio
2771 5529 3026 5597 episcOpo
3053 5525 3461 5594 Martiauopoli-

1860 5646 1988 5691 tauo
2034 5630 2436 5686 communicare
2496 5618 2821 5679 constiterit.
2875 5618 2984 5673 llos
3026 5619 3092 5673 ad
3138 5616 3466 5674 obtinendas

1863 5727 2158 5787 catholicas
2211 5720 2481 5779 Ecclesias
2525 5732 2592 5771 ex
2646 5711 3027 5768 communione
3085 5722 3135 5768 et
3187 5711 3468 5791 consortio

162 5790 455 5892 scutulutis
482 5844 534 5887 et
576 5835 736 5889 variis
787 5830 1058 5888 coloribus
1106 5828 1316 5891 sericis,
1361 5804 1598 5895 auroque
1640 5818 1758 5879 sine
1871 5812 2230 5893 probabilium
2285 5808 2626 5869 sacerdotum
2655 5802 2927 5875 oportebit
2978 5800 3190 5861 admitti
3230 5798 3470 5859 :omnos
