3950 6350
282 305 387 363 555

1101 310 1466 368 THEODOSII
1508 311 1827 369 SELECTA
1871 312 1959 369 DE
2001 314 2382 374 RELIGIONE
2424 318 2769 375 DECRETA.

3488 323 3591 377 55i

283 429 429 475 motu
458 420 730 491 pestiferae
757 426 1219 493 perseverationis
1246 426 1499 491 audebit,
1524 430 1869 499 competenti
1898 434 1953 492 Α
1979 429 2269 488 haereticos
2297 432 2515 491 illicitas
2538 451 2703 503 agere
2724 436 2867 492 intra
2897 437 3091 509 oppida
3120 441 3580 512 congregationes

279 528 438 584 plena
468 524 526 569 et
553 514 717 583 digno
738 516 1004 586 supplicio
1033 530 1367 574 coerceatttr.
1400 518 1524 575 Dat.
1565 519 1704 575 XVI
1754 521 1877 577 Kal.

274 606 392 662 .lttl.
426 606 627 675 Stobis,
659 607 948 665 Theodosio
984 614 1047 666 A.
1085 611 1146 667 ΙΙ
1176 624 1222 668 et
1276 614 1503 686 Cynegio
1533 615 1677 671 Cass.
1703 616 1878 687 (588).

347 699 403 754 3.
439 698 796 760 IidemAAA.
854 702 1093 759 Potamio
1146 705 1235 776 Pf.
1286 708 1565 778 augustalt'.
1623 710 1882 779 Depurta-

278 788 429 845 tione
460 790 658 862 dignus
686 802 769 848 est
794 835 810 861 ,
855 794 945 864 qui
975 812 1071 850 nec
1100 799 1342 867 generali
1387 801 1501 869 lege
1529 799 1837 855 admonitus
1860 838 1876 868 ,

278 899 385 939 nec
414 889 746 954 competenti
779 889 1048 944 sententia
1072 892 1390 945 emendatus
1421 902 1486 947 et
1513 894 1670 948 ﬁdem
1696 892 1883 948 catho-

272 976 437 1032 licam
470 979 648 1034 turbat
686 989 741 1034 et
786 982 1063 1050 populum.
1095 982 1220 1039 Dat.
1256 982 1361 1038 XV
1403 984 1530 1037 Kal.
1566 986 1701 1056 Aug.
1742 983 1881 1055 Con-

269 1073 646 1144 stantinOpoli,
670 1072 896 1129 Arcadio
918 1077 983 1130 A.
1017 1075 1076 1130 ll
1110 1088 1156 1131 et
1190 1077 1381 1148 Ruﬁno
1408 1080 1550 1133 Cass.
1582 1078 1757 1151 (592).

609 1182 712 1221 ωε.
748 1182 855 1221 XVI.
888 1184 1000 1224 'l'l'l‘.
1038 1186 1089 1224 ν.
1120 1186 1186 1225 DE
1218 1187 1537 1227 BERETICIS.

343 1256 405 1310 5.
446 1256 659 1330 lmppp.
687 1258 973 1314 Gratianus
996 1302 1010 1327 ,
1060 1262 1457 1318 Valentinianus
1486 1273 1533 1318 et
1565 1263 1880 1321 Theodosius

262 1348 437 1403 ΑΑΑ.
471 1350 541 1404 ad
568 1349 877 1423 Hesperium
908 1352 1000 1425 ΡῙ.
1054 1353 1120 1407 Ρ.
1153 1356 1357 1411 Omnes
1385 1357 1566 1411 vetitae
1595 1357 1799 1428 legibus
1826 1366 1880 1413 et

261 1440 478 1496 divinis
505 1452 559 1497 et
591 1442 967 1511 imperialibus
999 1444 1237 1501 hatreses
1278 1456 1541 1517 perpetuo
1587 1451 1875 1518 cooquics-

260 1546 422 1592 cant.
481 1536 739 1607 Quisquis
775 1538 1090 1607 Opinionem
1120 1540 1477 1610 plectibilibus
1509 1542 1599 1597 Dei
1625 1543 1880 1612 profanus

260 1629 581 1696 imminuit,
628 1630 730 1684 sibi
779 1633 1153 1686 tantummodo
1202 1634 1446 1688 nocitura
1476 1636 1716 1701 sentiat,
1758 1634 1879 1690 aliis

256 1721 531 1777 obfutura
562 1740 667 1778 non
711 1724 934 1795 pandat.
969 1725 1222 1796 Quisquis
1253 1728 1539 1799 redempta
1573 1730 1875 1784 venerabili

1986 535 2261 591 vetemus,
2295 542 2379 594 ac,
2408 529 2451 582 si
2483 529 2609 599 quid
2641 531 2859 600 eruptio
2902 530 3123 587 factiosa
3167 536 3493 595 teutaVerit,
3523 534 3592 591 ab

1972 619 2119 686 ipsis
2149 618 2311 674 etiam
2337 620 2551 673 urbium
2580 621 2850 676 mmnibus
2870 623 3236 678 exterminata
3260 623 3443 681 furore
3467 640 3593 695 pro—

1985 709 2112 778 pelli
2140 710 2456 779 jubeanms,
2493 719 2555 765 ut
2584 713 2798 767 eunetis
2826 712 3144 769 orthodoxis
3172 715 3465 786 episcopis,
3498 717 3589 786 qui

1984 801 2257 856 Niczettam
2293 803 2452 858 (idem
2485 813 2704 868 tenent,
2734 806 3015 861 Catholica:
3045 806 3292 863 ecclesiae
3320 815 3431 862 toto
3460 804 3593 865 urbe

1986 896 2303 950 reddantur.
2366 896 2486 951 Dat.
2532 895 2617 950 IV
2656 896 2740 954 ld.
2784 898 2910 953 Jan.
2960 896 3448 972 Constantinopoli,
3484 900 3591 955 En-

1984 987 2157 1042 cherio
2186 998 2232 1042 et
2258 988 2483 1060 Syagrio
2507 987 2654 1044 Coss.
2687 989 2859 1060 (581).

2057 1081 2110 1133 7.
2136 1079 2303 1134 Iidem
2331 1081 2487 1135 ΑΑΑ.
2518 1080 2776 1146 Εηινοιιίο
2810 1082 2894 1151 Pf.
2933 1081 3000 1137 P.
3036 1082 3093 1139 Si
3133 1085 3221 1155 qui
3246 1084 3576 1141 Mauiclneus

1984 1173 2348 1228 Manichatave
2373 1190 2435 1229 ex
2468 1174 2556 1230 die
2589 1175 2709 1230 latae
2732 1175 2932 1230 dudum
2963 1176 3097 1248 legis
3118 1218 3134 1244 ,
3164 1192 3227 1232 ac
3252 1180 3508 1249 primitus
3548 1196 3577 1234 a

1986 1269 2186 1320 neSIris
2217 1267 2530 1335 parentibus
2551 1309 2567 1333 ,
2616 1267 2668 1320 in
2700 1267 2995 1335 quamlibet
3040 1283 3327 1339 personam
3361 1269 3582 1325 condito

1988 1367 2319 1414 testamento
2367 1360 2448 1413 vel
2498 1360 2789 1429 cujuslibet
2821 1360 2978 1414 titulo
3031 1361 3376 1417 liberalitatis
3429 1373 3593 1434 atque

1984 1454 2165 1521 specie
2186 1452 2497 1507 domitionis
2528 1453 2831 1507 transmisit
2859 1455 3106 1525 proprias
3149 1455 3432 1512 facultates
3454 1497 3467 1521 ,
3502 1456 3587 1512 vel

1986 1547 2271 1615 quisquam
2318 1563 2384 1600 ex
2433 1547 2517 1600 his
2557 1548 2718 1601 editae
2750 1563 2846 1616 per
2876 1549 3177 1617 quamlibet
3226 1551 3591 1606 successionis

1984 1635 2214 1691 formam
2245 1638 2537 1693 collatiOue
2578 1639 2781 1692 ditatus
2812 1647 2935 1705 est,
2965 1642 3217 1709 quoniam
3270 1642 3461 1695 iisdem
3490 1641 3591 1696 sub

1992 1743 2251 1800 perpetua
2280 1730 2438 1799 jostae
2465 1732 2696 1785 infantia:
2724 1742 2847 1786 uota
2883 1734 3113 1788 testandi
3143 1748 3207 1789 ac
3235 1724 3621 1805 \ivendijure.

257 1815 495 1873 lavacro
525 1833 753 1887 corpora
804 1830 1051 1889 reparata
1094 1830 1272 1877 morte
1317 1823 1584 1888 tabilicat,
1638 1823 1687 1877 id
1725 1824 1874 1880 aufe-
1907 1824 1952 1885 Β
1984 1824 2228 1877 Romano
2254 1840 2473 1879 omnem
2511 1824 2760 1893 protinus
2786 1824 3048 1894 eripimus
3105 1827 3415 1881 facultatem
3442 1868 3457 1894 ,
3488 1843 3582 1882 ne-

255 1909 472 1976 rendo,
506 1910 649 1981 quod
676 1913 954 1980 geminat,
993 1913 1096 1967 sibi
1127 1916 1275 1969 snlus
1303 1916 1423 1969 talia
1458 1916 1707 1985 noverit,
1737 1916 1875 1972 alios

255 2002 482 2059 nefaria
516 2005 854 2061 institutione
883 2023 991 2062 non
1025 2008 1233 2075 perdat.
1257 2010 1569 2081 Omnesque
1600 2026 1875 2080 perversae

255 2098 432 2153 istius
453 2099 858 2168 superstitionis
894 2101 1134 2172 magistri
1165 2104 1363 2172 pariter
1388 2113 1443 2159 et
1472 2104 1700 2159 ministri
1730 2146 1744 2171 ,
1777 2120 1877 2161 seu

257 2189 342 2244 illi
384 2191 714 2246 sacerdotali
760 2194 1131 2264 assumptione
1161 2196 1537 2266 episcoporum
1570 2214 1766 2253 nomen
1799 2198 1879 2254 in-

255 2283 484 2337 famant
516 2325 530 2346 ,
573 2299 706 2351 seu,
750 2285 890 2355 quod
936 2289 1241 2357 proximum
1274 2299 1386 2356 est,
1433 2290 1877 2362 presbyterorum

254 2376 546 2431 vocabulo
574 2376 895 2448 religionem
940 2382 1278 2436 mentiuntur
1298 2422 1312 2445 ,
1343 2398 1440 2438 seu
1482 2383 1643 2439 etiam
1674 2400 1733 2440 se
1763 2386 1879 2441 dia—

253 2484 466 2530 conos.
501 2485 622 2524 cum
653 2485 752 2525 nec
779 2470 1074 2527 Christiani
1108 2475 1323 2544 quidem
1348 2475 1667 2540 habeantur,
1693 2479 1880 2548 appel-

256 2559 387 2614 lant
408 2602 425 2625 ,
467 2560 522 2615 hi
549 2561 928 2618 Cottciliabulis
955 2564 1223 2620 damnata:
1253 2566 1452 2621 dudum
1484 2569 1753 2637 opinionis
1785 2572 1880 2626 ab-

253 2654 536 2708 stineant.
582 2654 820 2726 Denique
867 2656 1149 2725 autiquato
1202 2661 1510 2730 rescripto,
1546 2662 1687 2729 quod
1737 2662 1879 2733 apud

255 2747 541 2802 Sirmium
573 2765 747 2819 nuper
792 2752 1044 2817 emersit,
1072 2767 1135 2807 ea
1166 2764 1369 2809 tantum
1414 2770 1577 2826 super
1612 2758 1879 2813 catholica

254 2842 659 2899 observatione
708 2855 1107 2914 permaneant,
1157 2864 1275 2916 quas
1323 2850 1575 2917 perennis
1626 2852 1877 2909 recorda-

258 2936 445 2989 tionis
494 2947 643 3005 pater
676 2945 861 2992 noster
904 2946 960 2991 et
1005 2954 1103 2993 nos
1136 2940 1234 3008 ipsi
1268 2940 1473 2995 victura
1522 2944 1575 2997 in
1617 2953 1877 2998 aeternum

254 3042 434 3096 aeque
487 3028 774 3082 numerosa
828 3029 1068 3096 iussione
1146 3032 1541 3088 mandavimus.
1603 3032 1730 3088 Dat.
1778 3035 1876 3089 ΙΙΙ

258 3117 429 3172 Νοη.
461 3118 597 3189 Aug.
644 3119 962 3177 Mediolano.
1010 3123 1126 3177 Acc.
1165 3122 1317 3178 X111
1362 3125 1486 3181 Kal.
1521 3126 1668 3199 Sept.
1713 3129 1884 3184 Auso-

254 3211 352 3265 nio
379 3218 438 3263 et
468 3209 683 3281 Olybrio
712 3210 855 3268 Coss.
893 3215 1066 3286 (579).
1468 3268 1471 3271 ,

334 3304 400 3359 6.
443 3302 612 3357 Iidem
659 3304 819 3360 ΑΑΑ.
849 3306 1105 3377 Eutropio
1153 3308 1241 3381 Pf.
1280 3310 1343 3366 Ρ.
1377 3311 1566 3367 Nullus
1608 3313 1879 3372 hatreticis

257 3397 665 3468 mysteriorum
699 3396 884 3463 locus,
920 3400 1064 3455 nulla
1103 3401 1168 3455 ad
1198 3405 1558 3459 exercendam
1587 3408 1751 3462 animi
1782 3410 1880 3465 ob-

256 3488 587 3545 stinatioris
617 3489 946 3547 dementiam
983 3504 1162 3565 pateat
1195 3498 1429 3551 occasio.
1457 3498 1643 3554 Sciant
1663 3516 1876 3568 omnes,

254 3581 498 3636 etiamsi
532 3582 654 3651 quid
679 3584 898 3652 speciali
930 3588 1172 3655 quolibet
1202 3590 1466 3661 rescripto
1497 3606 1594 3661 per
1634 3591 1876 3649 fraudem

254 3678 464 3732 elicito
509 3678 577 3732 ab
623 3678 926 3747 hujusmodi
963 3681 1240 3736 hominum
1282 3699 1485 3754 genere
1534 3687 1876 3757 impetratum

255 3777 387 3837 est,
432 3786 543 3823 non
588 3772 789 3826 valere.
818 3771 845 3843 §
871 3774 921 3827 1.
954 3772 1259 3830 Arceantur
1296 3787 1613 3834 cunctorum
1662 3782 1879 3837 ltth'eli-

256 3880 467 3919 eorum
513 3864 582 3919 ab
612 3865 811 3920 illicitis
842 3870 1352 3938 congregationibus
1382 3874 1572 3928 turbae.
1612 3872 1781 3931 Unius
1822 3890 1877 3932 et

256 3956 480 4012 ευωιιιὶ
512 3957 602 4010 Dei
627 3972 824 4012 nomen
857 3959 1055 4031 ubique
1083 3962 1414 4028 celebretur;
1453 3965 1684 4021 Nicwuae
1709 3968 1833 4024 ﬁdei
1860 4010 1875 4035 ,

256 4049 479 4105 dudum
508 4063 539 4103 a
571 4050 866 4121 majoribus
890 4052 1102 4108 traditae
1124 4055 1397 4111 etdivinae
1425 4057 1703 4129 religionis
1732 4064 1880 4116 testi-

259 4144 464 4199 nmnio
489 4152 653 4214 atque
681 4148 982 4201 assertione
1013 4145 1260 4213 ﬁrmata),
1292 4150 1635 4207 observantia
1663 4168 1880 4224 semper

258 4252 538 4292 mansura
572 4247 853 4303 teneatur;
892 4238 1400 4297 Photinianae‘labis
1446 4246 1835 4302 contaminatio
1859 4292 1874 4316 ,

259 4331 468 4388 Ariani
510 4329 783 4400 sacrilegii
817 4348 1083 4388 venenum
1112 4375 1125 4400 ,
1161 4334 1441 4391 Eunomia:
1490 4339 1729 4407 perﬁdia:
1774 4342 1878 4396 crio

259 4442 399 4482 men
455 4432 514 4480 et
544 4425 775 4480 nefanda
817 4410 1180 4484 monstruosis
1230 4430 1545 4486 nominibus
1592 4444 1875 4491 auctorum

258 4521 532 4593 prodigia
559 4530 833 4577 sectarum
875 4522 944 4577 ab
970 4523 1087 4594 ipso
1117 4525 1278 4579 etiam
1307 4525 1628 4581 aboleantur
1668 4528 1872 4584 auditu.

1984 1929 2090 1984 que
2140 1931 2233 1969 eos
2264 1925 2357 1969 aut
2386 1916 2757 1986 relinquendae
2788 1929 2879 1971 aut
2908 1917 3190 1987 capiendae
3221 1917 3449 1988 alicujus
3475 1917 3589 1973 hae-

1983 2010 2232 2065 reditatis
2287 2010 2490 2064 habere
2540 2010 2774 2065 sinimus
2826 2018 3191 2081 potestatem,
3250 2020 3424 2066 totum
3475 2011 3589 2066 ﬁsci

1983 2103 2157 2156 nostri
2185 2102 2391 2156 viribus
2420 2103 2761 2156 imminentis
2803 2102 3150 2173 indagatioue
3180 2104 3438 2160 societur.
3462 2102 3590 2158 Sive

1990 2193 2041 2248 id
2081 2192 2277 2247 marito
2310 2195 2426 2247 sive
2473 2178 2778 2265 pr0pinquo
2807 2202 2896 2248 aut
2944 2196 3170 2251 cuilibet
3207 2195 3346 2251 bene
3391 2196 3587 2250 merito

1983 2284 2097 2340 sive
2142 2287 2304 2339 etiam
2350 2285 2472 2340 ﬁliis
2498 2326 2513 2352 ,
2546 2302 2681 2356 quos
2706 2295 2884 2340 tamen
2916 2274 3040 2341 vita:
3083 2287 3200 2355 ejus
3248 2298 3303 2342 et
3342 2287 3589 2342 criminis

1984 2378 2221 2433 facinora
2252 2378 2453 2433 sociata
2478 2379 2809 2450 conjungaut
2833 2422 2847 2443 ,
2878 2379 2992 2435 sive
3021 2382 3183 2434 etiam
3214 2396 3309 2451 per
3337 2381 3583 2448 interpo-

1984 2473 2139 2527 sitam
2167 2473 2465 2540 quamlibet
2509 2488 2799 2543 personam
2842 2475 3177 2543 proluturum
3210 2473 3388 2529 eidem
3418 2515 3431 2539 ,
3465 2488 3588 2543 qua:

1985 2564 2075 2619 tali
2100 2566 2376 2619 hominum
2409 2581 2607 2635 genere
2632 2576 2686 2620 et
2714 2581 2877 2636 grege
2912 2567 3202 2636 reperitur,
3230 2566 3415 2620 illicita
3448 2566 3588 2620 libe-
3678 2626 3683 2631 ,

1986 2658 2198 2712 ralitate
2228 2659 2559 2729 provenerit,
2593 2659 2784 2713 caduci
2816 2658 2968 2713 titulo
3000 2657 3373 2731 vindicetur.§
3401 2660 3450 2713 1.
3477 2657 3588 2714 Nec

1987 2749 2038 2803 in
2073 2762 2345 2817 posterum
2378 2758 2585 2805 tantum
2616 2750 2776 2819 hujus
2804 2751 3018 2806 emissa:
3048 2765 3144 2820 per
3170 2760 3410 2805 nostram
3438 2766 3587 2804 matt-

1985 2842 2327 2897 suetudinem
2358 2842 2491 2912 legis
2516 2843 2685 2897 lorttta
2721 2844 3032 2912 prtevaleat,
3057 2843 3150 2897 sed
3176 2841 3228 2897 in
3252 2843 3583 2914 pra-teritum

1985 2936 2146 2990 etiam
2173 2977 2189 3002 ,
2223 2936 2483 3006 quidquid
2520 2936 2703 2990 talium
2746 2951 3100 3006 personarum
3149 2944 3243 2990 aut
3288 2937 3594 3007 proprietas

1980 3029 2237 3097 reliquit,
2294 3039 2386 3082 aut
2436 3030 2713 3083 successio
2773 3028 2992 3094 habuit,
3056 3030 3336 3097 usurpatio
3380 3028 3581 3084 ﬁscalis

1985 3122 2255 3177 commodi
2308 3132 2685 3192 persequatur.
2738 3122 2871 3177 Nam
2920 3122 3045 3176 licet
3091 3122 3223 3175 ordo
3272 3120 3579 3178 ccclestium

1908 3223 2309 3286 CStattttorum
2369 3216 2640 3269 secuturis
2700 3224 2819 3284 post
2893 3216 3299 3269 observantiam
3353 3223 3583 3269 sacratae

1986 3306 2389 3360 constitutionis
2421 3305 2659 3371 indicat,
2709 3322 2887 3376 neque
2934 3305 3069 3361 actis
3114 3301 3307 3361 obesse
3353 3321 3585 3362 consue-

1988 3400 2159 3462 verit,
2194 3410 2396 3462 tamen,
2426 3400 2681 3470 quoniam
2710 3408 2763 3455 et
2794 3398 2920 3467 quid
2951 3398 3306 3463 consuetudo,
3342 3398 3584 3454 obstina-

1987 3493 2148 3548 tioois
2174 3494 2418 3562 pertinax
2464 3504 2656 3547 natura
2689 3533 2705 3560 ,
2757 3501 3030 3546 mereatur
3054 3532 3069 3557 ,
3103 3492 3154 3545 itt
3187 3492 3286 3545 bac
3331 3500 3536 3546 tantum
3564 3534 3579 3557 ,

1986 3602 2144 3655 quam
2192 3586 2503 3655 specialiter
2552 3585 2732 3656 vigere
2764 3586 3056 3651 volumus,
3105 3585 3385 3640 sanetione
3426 3589 3587 3655 justas

1985 3696 2149 3736 sensu
2182 3680 2547 3750 instigationis
2578 3678 2946 3749 agnoscimus,
2982 3693 3097 3741 eos,
3132 3678 3254 3748 qui,
3283 3678 3444 3732 etiam
3471 3687 3594 3749 post

1988 3773 2160 3842 legem
2192 3771 2438 3839 primitus
2461 3771 2662 3837 datam,
2693 3786 3031 3841 nequaquam
3061 3770 3128 3824 ab
3154 3771 3356 3825 illicitis
3387 3782 3436 3826 et
3462 3785 3589 3840 pro-

1987 3868 2123 3921 fanis
2153 3865 2477 3920 coitionibus
2527 3866 2786 3920 refrenari
2827 3862 3010 3919 divina
3042 3864 3230 3918 saltem
3284 3864 3587 3919 monitione

1988 3960 2284 4030 potuerint,
2320 3968 2590 4029 tamquam
2625 3960 2676 4012 in
2712 3958 2882 4028 ipsius
2913 3956 3140 4027 depicta:
3173 3957 3306 4026 legis
3330 3958 3582 4026 injuriam

1988 4054 2150 4108 veluti
2185 4054 2453 4123 sacrilegii
2489 4066 2614 4107 reos
2646 4062 2927 4118 tenemus;
2973 4052 3317 4106 severitatem
3354 4065 3584 4120 prmsen-

1988 4148 2117 4200 tium
2146 4154 2473 4201 statutorum
2530 4160 2637 4198 non
2673 4154 2778 4197 tant
2827 4144 2891 4196 ad
2925 4140 3317 4197 constituenda:
3345 4184 3359 4207 ,
3392 4142 3483 4196 sed
3513 4144 3583 4197 ad

1986 4240 2314 4294 ulciscenda:
2343 4239 2473 4309 legis
2509 4238 2788 4293 sanximtts
2818 4237 3152 4307 exemplum,
3178 4238 3246 4291 ita
3278 4248 3454 4291 utnec
3484 4233 3583 4292 de-

1985 4332 2161 4386 fensio
2194 4332 2456 4400 temporis
2486 4332 2679 4400 prosit.
2718 4328 2745 4401 §
2777 4328 2832 4383 2.
2863 4327 2957 4382 His
2987 4339 3191 4382 tantum
3238 4324 3358 4381 ﬁliis
3405 4338 3587 4398 pater-

1986 4443 2179 4481 norum
2223 4427 2306 4481 vel
2340 4436 2710 4481 maternorum
2745 4424 3009 4477 bonorum
3054 4421 3331 4477 successio
3369 4418 3583 4477 delera-

1987 4532 2095 4588 tur,
2143 4522 2269 4590 qui,
2307 4521 2435 4577 licet
2472 4536 2535 4574 ex
2586 4519 2898 4573 Manicltzeis
2928 4517 3066 4579 orti,
3116 4532 3280 4573 sensu
3315 4529 3494 4572 tamen
3527 4526 3586 4574 et

264 4616 294 4688 ς
328 4617 395 4670 2.
436 4616 486 4670 Is
510 4627 689 4669 autem
716 4614 947 4671 Nicaeum
980 4625 1220 4671 assertor
1248 4618 1369 4672 ﬁdei
1401 4628 1455 4673 et
1483 4620 1763 4676 catholicis
1796 4639 1875 4678 re-

1986 4613 2181 4668 aﬂectu
2230 4612 2462 4682 proprizr.
2505 4612 2697 4664 salutis
2737 4609 2995 4663 admoniti
3043 4609 3110 4663 ab
3154 4606 3398 4680 ejusdem
3457 4609 3586 4663 vitae

260 4710 498 4782 ligionis
539 4715 712 4763 verus
745 4710 923 4763 cultor
967 4711 1316 4781 accipiendos
1345 4723 1459 4779 est,
1492 4715 1580 4783 qui
1624 4718 1875 4783 omnipo-

262 4812 484 4859 tentem
516 4801 682 4857 Deum
725 4812 775 4856 et
812 4800 1090 4857 Chi-istum
1126 4803 1294 4858 ﬁlium
1328 4804 1421 4859 Dei
1455 4821 1619 4860 unum
1660 4811 1878 4865 nomine

260 4897 592 4963 conlitetur,
621 4896 784 4957 Deum
816 4897 883 4950 de
910 4897 1043 4963 Deo,
1074 4897 1254 4953 lumen
1277 4899 1343 4953 de
1366 4899 1567 4975 lumjue
1591 4919 1604 4955 :
1639 4902 1728 4971 qui
1757 4901 1877 4973 Spi-

264 4996 447 5049 ritum
491 5000 735 5045 sanctum
759 5032 774 5057 ,
805 4990 895 5061 qtti
924 4991 975 5046 id
999 5033 1012 5055 ,
1044 4992 1186 5062 quod
1216 5009 1281 5048 ex
1327 5008 1540 5048 summo
1572 5010 1751 5049 rerum
1788 5012 1877 5066 pa-

264 5096 440 5143 rente
486 5099 769 5154 speramus
794 5126 809 5149 ,
856 5085 1474 5157 accipimus,«negattdo
1521 5103 1626 5141 non
1667 5089 1874 5144 violat:

264 5177 418 5247 apud
446 5192 637 5247 quem,
661 5176 999 5232 intemeratae
1031 5176 1149 5231 ﬁdei
1173 5193 1359 5245 sensu,
1391 5180 1533 5249 viget
1553 5179 1877 5250 incorruptae

267 5271 542 5327 trinitatis
587 5269 813 5325 indivisa
845 5271 1144 5325 substantia
1165 5312 1181 5339 ,
1214 5289 1330 5339 qtae
1360 5272 1535 5327 Grreci
1575 5274 1877 5329 as~ertione

268 5364 431 5419 verbi
469 5365 617 5418 οὐσία
641 5371 788 5417 recte
836 5363 1182 5418 credentibus
1206 5363 1421 5420 dicitur.
1467 5365 1590 5420 Hice
1635 5365 1877 5433 profecm

268 5455 444 5510 nobis
473 5456 644 5524 magis
671 5455 891 5525 probata
912 5496 927 5520 ,
964 5456 1078 5510 lucc
1120 5457 1425 5511 veneranda
1456 5467 1598 5511 sunt.
1634 5456 1662 5530 ς
1690 5460 1742 5513 5.
1777 5459 1878 5527 Qui

270 5564 410 5603 vero
441 5546 634 5602 iisdem
666 5562 770 5602 non
805 5547 1131 5614 inserviunt,
1166 5548 1416 5604 desinant
1446 5549 1712 5605 all‘ectatis
1741 5552 1880 5607 dolis

270 5643 520 5696 alienum
554 5656 695 5695 verre
742 5641 1020 5712 religionis
1052 5659 1246 5699 nomen
1298 5660 1579 5701 assumere
1606 5687 1619 5708 ,
1670 5656 1723 5701 et
1767 5648 1879 5701 suis

270 5732 487 5803 apertis
510 5730 828 5788 criminibus
857 5733 1205 5789 denotentur.
1236 5734 1319 5790 Ab
1353 5738 1594 5791 omnium
1622 5738 1880 5793 summoti

275 5824 644 5889 ecclesiarum
695 5826 884 5889 limine
925 5826 1139 5902 penitus
1168 5836 1497 5902 arceantur,
1529 5844 1654 5894 cum
1690 5845 1880 5891 omnes

1987 4704 2447 4778 professimtisque
2470 4702 2717 4771 collegiis
2766 4717 2894 4774 pura
2928 4711 3101 4755 semet
3129 4701 3291 4755 dediti
3322 4702 3586 4771 religione

1985 4799 2355 4864 demoverint,
2384 4796 2475 4850 tali
2507 4797 2773 4850 innnunes
2795 4812 2823 4849 a
2847 4795 3095 4849 crimine.
3121 4794 3147 4866 §
3172 4796 3222 4849 5.
3248 4793 3385 4850 lllttd
3416 4796 3585 4849 etiam

1988 4894 2111 4948 huic
2137 4892 2420 4962 adjicimus
2447 4890 2735 4957 sanctiOni,
2783 4905 2849 4944 ne
2897 4891 2948 4942 in
2980 4887 3375 4944 conventiculis
3420 4878 3583 4959 oppi-

1985 4992 2198 5051 dorum,
2230 5003 2294 5042 ne
2319 4988 2372 5041 in
2416 4987 2639 5040 urbibus
2671 4985 2830 5038 claris
2860 4994 3119 5038 consueta
3153 4981 3402 5036 feralium
3435 4998 3585 5053 ntys-

1984 5084 2239 5137 teriorum
2283 5080 2526 5148 sepulcra
2574 5080 2938 5145 constituant,
2972 5094 3000 5131 a
3047 5084 3341 5146 conspectu
3376 5066 3584 5130 celebri

1956 5175 2200 5230 .civitate
2226 5176 2439 5242 penitus
2462 5180 2843 5227 coerceantur.
2878 5170 2985 5225 Nec
3008 5184 3067 5224 se
3107 5170 3206 5222 sub
3234 5166 3583 5222 simulatione

1982 5266 2211 5323 fallat-ite
2241 5282 2427 5321 eorum
2468 5265 2679 5320 scilicet
2710 5264 2989 5319 nominum
3014 5304 3028 5328 ,
3073 5262 3268 5332 quibus
3298 5260 3538 5332 plerique
3559 5302 3577 5326 ,

1980 5375 2041 5419 ut
2069 5365 2421 5435 cognovimus
2442 5405 2457 5431 ,
2488 5362 2728 5433 probata:
2776 5360 2893 5414 lidei
2942 5369 2996 5413 et
3028 5357 3288 5428 propositi
3332 5354 3581 5410 castioris

1984 5459 2089 5514 dici
2131 5473 2195 5513 ac
2224 5457 2424 5528 signari
2470 5457 2684 5514 volent.
2734 5453 2963 5521 maligna
3012 5448 3201 5504 fraude
3250 5444 3579 5513 defendant;

1984 5568 2105 5605 cum
2140 5552 2439 5619 praesertim
2473 5546 2716 5602 nonnulli
2740 5561 2803 5600 ex
2839 5544 2929 5617 his.
2956 5542 3257 5596 Eucratitas
3285 5582 3298 5607 ,
3347 5542 3580 5609 Apotac-

1988 5646 2110 5701 titas
2130 5689 2142 5711 ,
2176 5641 2660 5718 llydroparastatas
2685 5644 2770 5697 vel
2817 5639 3195 5710 Saccophoros
3225 5636 3491 5692 nmuinari
3521 5649 3581 5691 se

1985 5740 2184 5805 velint,
2216 5752 2271 5793 et
2301 5740 2562 5795 varietate
2590 5736 2868 5792 nominum
2896 5731 3235 5789 diversorum
3268 5730 3415 5785 velut
3445 5728 3580 5784 reli-

1982 5836 2145 5907 giosut
2172 5834 2531 5909 professionis
2570 5830 2750 5892 ol'ticia
2778 5829 3133 5889 mentiantur.
3163 5826 3273 5886 Eos
3295 5826 3437 5886 enim
3460 5839 3579 5882 om-
