3950 6350
470 322 576 382 535
1645 317 2077 378 THEUDOSIUS
2116 317 2204 375 ET
2245 316 2578 376 PACATUS.
3617 323 3703 380 556

466 457 566 500 nes
585 444 842 500 convenit
882 457 988 500 non
1016 441 1362 514 professione
1388 438 1608 496 defendi
1633 438 1940 504 nominum,
1970 437 2067 492 sed
2093 439 2146 500 Λ
2171 435 2263 508 qui
2287 436 2583 504 exstiterit,
2614 436 2708 508 qui
2737 445 2844 492 tam
2875 437 3156 494 evidenter
3184 436 3342 494 vetita
3391 440 3706 510 transcendat,

467 539 742 596 notabiles
761 548 923 610 atque
940 536 1308 596 exsecrandos
1330 535 1516 592 haberi
1542 535 1749 591 scelere
1769 543 2064 590 sectarum.

471 628 599 686 Dat.
650 629 798 686 VIII
852 629 939 687 Id.
1018 629 1149 685 Maii
1197 627 1677 698 Constantinopoli,
1724 625 1982 682 Eucherio
2023 635 2070 680 et

472 723 698 795 Syagrio
725 721 872 780 Cass.
911 722 1085 794 (581).

540 815 595 870 8.
639 813 810 869 Iidem
838 815 1000 871 AAA.
1047 815 1116 868 ad
1162 813 1480 869 Clicherium
1525 811 1772 868 Comitem
1820 810 2068 866 Orientis.

469 905 687 962 Nullum
718 907 1181 964 Eunomianorum
1211 917 1372 978 atque
1394 904 1720 961 Arianorum
1743 903 1826 959 vel
1863 919 1931 959 ex
1974 903 2071 959 do—

467 1012 649 1072 gmate
680 1000 804 1056 Ethi
835 1001 891 1057 in
917 1000 1230 1057 civitatibus
1249 999 1330 1055 vel
1348 1000 1494 1071 agris
1520 996 1954 1054 fabricandarum
1983 1011 2075 1051 ec-

469 1094 757 1150 clesiarum
779 1095 990 1166 copiam
1017 1095 1217 1151 habere.
1235 1093 1596 1165 praecipimus.
1636 1092 1790 1160 Quod
1811 1092 1853 1146 si
1870 1100 2075 1147 temere

471 1189 540 1244 ab
561 1190 741 1261 aliquo
772 1190 823 1244 id
855 1202 1241 1261 praesumptum
1269 1190 1358 1255 sit,
1383 1188 1578 1244 domus
1607 1187 1821 1251 eadem,
1845 1185 1934 1241 ubi
1959 1187 2075 1240 haec

470 1293 782 1340 constructa
809 1283 1030 1350 fuerint,
1061 1299 1182 1356 qua:
1204 1284 1443 1340 construi
1475 1283 1848 1353 prohibentur,
1881 1279 2076 1335 fundus

469 1377 634 1432 etiam
663 1377 747 1432 vel
777 1379 983 1447 privata
1006 1379 1282 1449 possessio
1312 1377 1559 1448 protinus
1587 1374 1701 1430 fisci
1745 1374 1915 1430 nostri
1944 1373 2072 1428 viri-

467 1469 570 1526 bus
590 1469 919 1535 vindicetur,
950 1481 1113 1542 atque
1140 1471 1322 1526 omnia
1353 1471 1468 1526 loca
1490 1468 1694 1524 fiscalia
1715 1468 1896 1522 statim
1917 1468 2073 1532 flant,

469 1578 593 1632 quae
619 1563 867 1634 sacrilegi
901 1563 1061 1633 hujus
1097 1565 1361 1635 dogmatis
1411 1564 1496 1618 vel
1541 1563 1726 1618 sedem
1771 1563 2078 1633 receperint

467 1656 558 1712 vel
605 1659 901 1713 ministros.
937 1658 1057 1713 Dat.
1095 1657 1236 1713 XIV
1270 1657 1397 1714 Kal.
1435 1657 1572 1730 Aug.
1608 1655 2074 1727 Constantinapali,

476 1748 738 1805 Eucherio
759 1761 809 1806 et
842 1751 1066 1824 Syagrio
1097 1750 1242 1806 Cass.
1273 1750 1446 1823 (581).

2174 531 2437 602 permissa
2470 530 2725 587 omnibus
2755 531 3032 599 facultate,
3061 546 3196 604 quos
3219 541 3378 588 recta:
3403 532 3712 594 observantia:

2172 626 2350 682 cultus
2373 635 2430 682 et
2458 625 2806 698 pulchritudo
2835 626 3093 693 delectat,
3117 628 3383 683 communi
3405 629 3618 684 omnium
3637 630 3713 686 bo-

2171 733 2366 774 norum
2398 717 2802 790 conspiratione
2832 719 3081 789 pellatur.
3113 718 3233 774 Dat.
3275 718 3379 773 VII
3390 719 3411 774 ι
3440 718 3554 776 Kal.
3601 725 3708 794 Aug.

2175 797 2661 885 Constantinopoli,
2713 812 3032 870 Merobaude
3088 813 3152 870 II
3199 825 3246 870 et
3287 813 3555 872 Saturnino
3595 816 3711 873 Cass.

2174 903 2350 977 (583)..

2251 996 2338 1053 12.
2383 995 2552 1053 Iidem
2585 998 2742 1052 ΑΑΛ.
2776 998 3116 1054 Postumiana
3155 999 3244 1072 ΡῙ.
3271 999 3340 1055 Ρ.
3390 1000 3628 1057 Vitiorum
3651 1002 3716 1058 in-

2175 1088 2386 1146 stitutio
2419 1091 2527 1146 Deo
2551 1099 2716 1162 atque
2748 1091 3059 1148 hominibus
3086 1107 3274 1158 exosa,
3304 1093 3611 1150 Eunomiana
3633 1097 3718 1151 sci-

2177 1181 2326 1251 licet,
2345 1183 2384 1238 A
2397 1183 2567 1248 riana,
2584 1183 2988 1249 Macedonians,
3006 1185 3408 1256 Apollinariana
3423 1198 3720 1244 exterarum-

2175 1290 2282 1344 qne
2304 1285 2596 1343 sectarum,
2634 1293 2767 1348 quas
2795 1294 2941 1335 verte
2972 1279 3249 1348 religionis
3281 1281 3562 1338 venerabili
3601 1284 3719 1339 cultu

2175 1367 2460 1424 catholica:
2489 1370 2852 1426 observantia:
2880 1370 3014 1427 fides
3041 1371 3256 1428 sincera
3297 1374 3617 1441 condemnat,
3647 1390 3722 1429 ne-

2177 1475 2284 1532 que
2315 1462 2564 1533 publicis,
2591 1479 2767 1534 neque
2796 1464 3021 1534 privatis
3039 1465 3367 1522 aditionibus
3393 1467 3520 1522 intra
3543 1468 3718 1524 urbium

2180 1563 2341 1626 atque
2369 1571 2626 1627 agrorum
2675 1571 2740 1612 ac
2774 1557 3028 1613 villarum
3062 1558 3176 1614 loca
3219 1570 3309 1613 aut
3349 1559 3722 1630 colligendarum

2179 1650 2655 1720 congregationum
2717 1662 2812 1707 aut
2862 1651 3364 1708 constituendarum
3417 1653 3720 1709 ecclesiarum

2181 1742 2390 1812 copiam
2415 1755 2728 1815 praesumat,
2757 1761 2858 1802 nec
2885 1745 3255 1804 celebritatem
3287 1747 3518 1817 perfidia:
3536 1761 3632 1801 sua:
3653 1746 3722 1802 vel

543 1843 599 1900 9.
644 1844 809 1899 Iidem
829 1845 987 1899 ΑΑΑ.
1014 1844 1176 1900 Floro
1226 1843 1318 1916 Pi.
1358 1843 1424 1897 P.
1457 1843 1712 1912 Quisquis
1751 1841 2073 1896 Manichaeo-
2101 1824 2149 1884 Β
2177 1836 2574 1893 solemnitatem
2607 1838 2736 1894 dirae
2758 1839 3154 1895 communionis
3184 1849 3454 1906 exerceat,
3480 1855 3634 1912 neque
3658 1838 3725 1894 ul-

473 1953 596 1994 rum
627 1939 750 1992 vitae
771 1939 1026 1994 solitariae
1057 1937 1294 1992 falsitate
1323 1946 1528 1992 emtum
1552 1936 1816 1991 bonorum
1840 1933 1995 2005 fugit,
2016 1949 2080 1990 ac

472 2039 712 2086 secretas
744 2031 908 2086 urbes
931 2031 1084 2100 eligit
1116 2032 1500 2101 pessimorum,
1550 2029 1623 2082 ita
1659 2037 1718 2082 ut
1760 2025 2080 2098 profanator

473 2130 638 2190 atque
666 2132 954 2192 corruptor
982 2121 1287 2188 catholicae,
1311 2136 1472 2189 quam
1502 2121 1680 2176 cuncti
1725 2118 2074 2190 suspicimus,

473 2213 777 2284 disciplinae
805 2213 911 2285 legi
933 2213 1273 2286 subjngetur,
1303 2225 1358 2268 ut
1391 2211 1716 2268 intestabilis
1742 2213 1911 2277 vivat,
1941 2209 2076 2266 nibil

474 2307 638 2361 vivus
666 2306 938 2378 impendat
962 2306 1188 2374 illicitis,
1219 2305 1351 2364 nihil
1374 2306 1612 2362 moriens
1639 2305 1908 2376 relinquat
1940 2303 2080 2358 indi-

472 2399 615 2472 gnis,
648 2403 827 2455 omnia
861 2401 975 2457 suis
997 2417 1103 2456 non
1127 2400 1391 2464 moribus,
1429 2399 1524 2455 sed
1555 2411 1760 2454 natura:
1805 2397 2076 2465 restituat,

473 2500 569 2547 aut
596 2493 878 2562 proximis,
907 2493 954 2548 si
980 2492 1156 2550 deerit
1181 2492 1418 2562 legitima
1441 2491 1739 2557 successio,
1769 2490 1964 2545 melius
1987 2504 2076 2546 re-

472 2585 646 2655 genda
675 2585 932 2653 dimittat,
964 2593 1059 2640 aut
1086 2584 1203 2640 fisci
1232 2583 1498 2647 dominio,
1521 2581 1812 2638 deficiente
1837 2582 2078 2653 agnatio-

474 2695 568 2744 ne,
597 2679 714 2734 sine
746 2677 936 2734 fraude
961 2679 1256 2734 molitionis
1277 2679 1542 2748 intelligat
1569 2676 1823 2749 obligata.
1859 2677 1986 2733 Haec
2008 2677 2080 2734 de

475 2771 752 2827 solitariis.
791 2772 819 2844 ᾗ
876 2773 925 2831 l.
954 2771 1226 2827 Czrterum
1266 2785 1405 2842 quos
1445 2770 1748 2826 Encratitas
1792 2771 2077 2842 prodigiali

474 2863 842 2934 appellatione
865 2863 1276 2934 cognominant,
1297 2876 1416 2917 cum
1441 2860 1800 2930 Saccophoris
1828 2861 1944 2916 sive
1964 2860 2078 2932 lly-

475 2956 868 3027 droparastatis
891 2956 1152 3012 refotatos
1173 2955 1403 3027 judicio,
1438 2954 1680 3026 proditos
1723 2955 1952 3011 crimine
1990 2955 2077 3011 vel

475 3053 534 3109 in
562 3053 824 3110 mediocri
853 3053 1082 3124 vestigio
1105 3051 1364 3129 facinoris
1381 3050 1543 3122 hujus
1571 3049 1840 3117 inventos,
1865 3064 2078 3105 summo

476 3147 743 3220 supplicio
762 3159 817 3204 et
842 3145 1158 3217 inexpiabili
1171 3160 1331 3218 pinna
1348 3144 1600 3216 jubemus
1617 3143 1802 3215 afﬂigi,
1825 3153 2077 3200 manente

475 3255 539 3295 ea
568 3213 880 3296 conditione
909 3213 1188 3304 debonis,
1213 3213 1372 3310 quam
1393 3237 1539 3293 omni
1568 3237 1694 3292 huic
1720 3213 1954 3293 ofﬁcinae
1977 3239 2076 3292 im-
2101 3213 2148 3277 (ἶ

476 3336 776 3406 posuimus,
794 3352 823 3391 a
855 3335 979 3390 latae
999 3332 1202 3390 dudum
1231 3332 1366 3404 legis
1385 3331 1627 3387 exordio.
1645 3331 1956 3388 Sublimitas
1980 3331 2079 3388 ita-

478 3443 584 3500 que
625 3437 715 3483 tua
760 3427 854 3483 det
905 3426 1253 3497 inquisitores
1285 3466 1300 3491 ,
1355 3424 1566 3496 aperiat
1603 3424 1780 3480 forum
1815 3467 1830 3490 ,
1873 3424 2078 3480 indices

477 3522 994 3592 denuntiatoresqne
1048 3521 1168 3574 sine
1228 3518 1430 3573 invidia
1486 3518 1774 3574 delationis
1825 3517 2075 3586 accipiat.

478 3614 652 3672 Nemo
683 3615 1092 3686 praescriptione
1114 3613 1390 3668 communi
1411 3611 1692 3668 exordium
1716 3611 2080 3667 accusationis

478 3711 643 3779 hujus
674 3708 951 3780 infringat.
979 3709 1152 3764 Nemo
1178 3708 1313 3764 tales
1339 3708 1582 3764 occultos
1620 3716 1778 3778 cogat
1816 3708 2078 3764 latentes-

479 3818 588 3872 que
615 3813 916 3858 conventus
949 3821 962 3854 :
993 3803 1139 3873 agris
1167 3801 1390 3856 vetitum
1419 3801 1508 3865 sit,
1527 3800 1859 3870 prohibitum
1881 3801 2078 3856 maeui-

480 3896 606 3960 bus,
656 3896 786 3952 sede
841 3895 1053 3962 publica
1088 3895 1399 3966 privataque
1457 3895 1790 3950 damnatum.
1835 3893 1863 3966 §
1902 3895 1959 3950 2.
2001 3896 2079 3952 Ac

479 4003 688 4043 summa
716 3987 1091 4057 exploratione
1121 3988 1366 4051 rimetur,
1393 3995 1451 4043 ut
1479 3989 1806 4058 quicumque
1837 3988 1890 4042 in
1915 4005 2078 4044 unum

481 4081 704 4137 Pascha:
729 4081 873 4137 diem
907 4095 1014 4135 non
1045 4080 1367 4150 obsequenti
1393 4081 1654 4150 religione
1693 4081 2077 4147 convenerint,

481 4175 620 4230 tales
652 4173 1043 4235 indubitanter,
1069 4174 1258 4244 quales
1280 4173 1380 4230 bac
1409 4175 1528 4237 lege
1553 4173 1951 4237 damnavimus,
1984 4173 2080 4229 ha-

479 4268 733 4324 beantur.
768 4267 896 4322 Dat.
919 4265 1072 4339 prid,
1095 4265 1214 4322 Kal.
1251 4267 1423 4338 April.
1457 4264 1926 4336 Constantinopoli,
1977 4266 2081 4321 An-

481 4369 624 4416 tonia
652 4371 698 4416 et
727 4360 954 4432 Syagrio
977 4359 1122 4414 Cass.
1158 4358 1329 4430 (582).
1467 4349 1470 4351 Δ

553 4453 644 4508 10.
689 4453 859 4508 Iidem
885 4453 1047 4507 ΑΑΑ.
1077 4451 1506 4508 Constantiniana
1551 4449 1763 4506 Vicario
1805 4439 2078 4506 diwceseas

481 4545 738 4602 Ponticae.
794 4545 1194 4616 Tascodrogitte
1219 4561 1250 4600 a
1277 4545 1500 4601 sedibus
1543 4544 1762 4615 quidem
1805 4545 1919 4600 suis
1977 4543 2080 4598 mi-

2181 1930 2261 1985 las
2302 1930 2661 1986 creandorum
2706 1934 3048 1990 sacerdotum
3107 1943 3336 2004 usurpet
3383 1942 3536 2002 atque
3569 1931 3726 1987 habeat

2181 2021 2572 2079 ordinationes.
2601 2023 2818 2081 Eaedem
2846 2040 3060 2097 quoque
3080 2025 3300 2092 domus,
3342 2040 3436 2082 seu
3461 2026 3509 2080 io
3539 2024 3724 2080 urbibus

2181 2130 2276 2172 seu
2309 2118 2360 2172 in
2380 2118 2807 2190 quibuscumque
2829 2119 2962 2174 locis
2979 2119 3180 2190 passim
3203 2118 3377 2174 turba:
3402 2117 3720 2189 professorum

2181 2225 2244 2266 ac
2271 2211 2643 2268 ministrorum
2669 2215 2854 2269 talium
2895 2213 3245 2284 colligantur,
3295 2212 3408 2268 fisci
3451 2212 3604 2268 nostri
3651 2210 3728 2267 do-

2181 2305 2348 2360 minio
2370 2305 2589 2377 juriqne
2619 2305 2936 2372 subdantur,
2971 2307 3040 2360 ita
3071 2315 3129 2361 ut
3159 2305 3214 2360 hi
3237 2347 3252 2371 ,
3302 2309 3390 2375 qui
3438 2305 3516 2360 vel
3562 2303 3729 2360 doctri-

2181 2413 2305 2454 nam
2353 2398 2441 2454 vel
2495 2401 2750 2472 mysteria
2797 2401 3224 2457 conventionom
3283 2402 3468 2457 talium
3511 2413 3728 2457 exercere

2180 2503 2600 2558 consueverunt,
2632 2496 2911 2566 perquisiti
2935 2495 3004 2551 ab
3025 2497 3281 2552 omnibus
3303 2497 3516 2553 urbibus
3534 2511 3589 2552 ac
3603 2496 3724 2562 locis,

2182 2586 2475 2658 prepositte
2497 2589 2630 2659 legis
2655 2589 2841 2660 vigore
2866 2591 3145 2646 constricti
3189 2591 3527 2661 expellanlur
3549 2607 3574 2644 a
3601 2591 3727 2646 ctuti-

2178 2679 2302 2746 bus,
2333 2687 2387 2735 et
2414 2680 2480 2734 ad
2513 2681 2782 2752 proprias,
2817 2681 2962 2738 unde
2989 2680 3203 2738 oriundi
3235 2693 3382 2751 sunt,
3405 2693 3563 2738 terras
3585 2682 3727 2738 redire

2177 2769 2500 2840 jubeantur,
2540 2787 2608 2826 ne
2634 2774 2754 2843 quis
2775 2788 2962 2829 eorum
2993 2785 3083 2830 aut
3114 2775 3456 2832 commeandi
3506 2775 3565 2832 ad
3611 2789 3727 2846 quat-

2181 2862 2314 2919 libct
2339 2865 2445 2919 alia
2471 2864 2586 2921 loca
2616 2875 2710 2920 aut
2739 2867 3000 2937 evagandi
3023 2868 3090 2922 ad
3121 2869 3286 2926 urbes
3313 2870 3500 2925 habeat
3527 2875 3725 2940 potesta-

2181 2968 2308 3014 tem.
2342 2958 2496 3025 Quod
2533 2960 2579 3015 si
2629 2961 2988 3032 negligentius
3009 2977 3094 3028 ea,
3125 2978 3252 3035 qua:
3287 2965 3538 3020 serenitas
3580 2971 3726 3016 nostra

2179 3052 2480 3118 constituit,
2506 3052 2855 3120 impleantur,
2880 3067 2936 3111 et
2963 3055 3139 3111 officia
3194 3055 3585 3126 provincialium
3608 3052 3725 3124 judi-

2181 3162 2302 3202 cum
2327 3157 2383 3203 et
2413 3148 2740 3220 principales
2774 3150 2985 3204 urbium
3016 3193 3030 3216 ,
3059 3150 3112 3205 in
3140 3151 3340 3222 quibus
3385 3150 3540 3206 coitio
3581 3146 3727 3204 vetita:

2183 3239 2616 3310 congregationis
2641 3251 2859 3311 reperta
2881 3243 3296 3310 monstrabitur,
3325 3242 3592 3320 sententia:
3609 3239 3730 3293 dam-

2183 3333 2499 3405 nationique
2529 3333 2849 3400 subdantur,
2880 3334 3002 3390 Dat.
3040 3335 3135 3390 III
3186 3337 3308 3392 Non
3357 3336 3499 3407 Sept.
3521 3333 3729 3392 Constan-

2183 3427 2424 3496 tinopoli,
2460 3427 2774 3484 Merobaude
2797 3428 2856 3483 II
2888 3440 2934 3485 et
2958 3429 3246 3486 Saturnino
3266 3429 3409 3486 Cass.
3441 3427 3600 3502 (585).

2260 3519 2347 3574 15.
2393 3517 2560 3574 Iidem
2588 3520 2745 3574 ΑΑΑ.
2774 3519 3001 3593 Cynegio
3031 3520 3120 3592 ΡῙ.
3171 3521 3236 3576 ι’.
3272 3520 3578 3578 Ennomiani
3601 3561 3615 3587 ,
3643 3516 3726 3573 lla-

2184 3610 2491 3680 cedoniani,
2525 3612 2732 3676 Ariani.
2767 3628 2868 3668 nec
2905 3629 3010 3667 non
3068 3614 3460 3683 Apollinariani
3500 3614 3624 3668 inter
3659 3623 3728 3665 sa-

2185 3719 2292 3760 cra:
2323 3704 2600 3775 religionis
2625 3705 2800 3761 officia
2832 3720 2930 3778 pro
2955 3707 3070 3762 suis
3096 3707 3378 3762 erroribus
3424 3706 3608 3762 famosa
3630 3707 3729 3757 sunt

2185 3797 2428 3852 nomina.
2462 3797 2664 3852 Omnes
2695 3798 2894 3868 itaque,
2927 3799 3018 3868 qui
3046 3801 3232 3853 harum
3261 3798 3636 3869 professionum
3661 3791 3727 3847 vel

2185 3892 2524 3962 poutilicium
2554 3891 2658 3948 sibi
2688 3892 2773 3947 vel
2816 3893 3173 3948 ministerium
3217 3889 3728 3959 vindicarunt,'quise

2185 3982 2350 4054 fugati
2381 3984 2616 4042 nominis
2640 3993 2888 4040 asserunt
2919 3985 3259 4053 sacerdotes,
3291 3987 3487 4057 quique
3515 3985 3562 4039 in
3583 3980 3730 4036 crimi-

2184 4089 2319 4129 nosa
2344 4075 2604 4146 religione
2626 4075 2996 4131 ministrorum
3016 4076 3118 4130 sibi
3145 4092 3342 4133 nomen
3362 4078 3640 4146 imponunt,
3658 4067 3727 4140 qui

2185 4167 2384 4222 docere
2406 4184 2467 4224 se
2493 4168 2703 4235 dicunt,
2733 4169 2876 4241 quod
2897 4179 2991 4224 aut
3018 4172 3229 4226 nescire
3246 4181 3342 4226 aut
3365 4170 3566 4226 discere
3587 4163 3730 4221 sitde-

2184 4259 2441 4316 decorum
2477 4302 2493 4329 ,
2544 4262 2796 4318 omnibus
2857 4263 3018 4334 hujus
3065 4264 3217 4320 urbis
3264 4264 3481 4320 latebris
3523 4257 3728 4329 indagine

2183 4356 2483 4411 curiosiore
2515 4357 2836 4426 perspectis.
2865 4357 2983 4415 sine
3014 4359 3121 4414 ulla
3153 4361 3343 4430 gratia:
3375 4357 3728 4416 interveotionc

2186 4448 2488 4518 pellantur;
2515 4448 2568 4503 in
2596 4449 2716 4504 aliis
2743 4449 2877 4506 locis
2905 4450 3104 4514 vivant,
3130 4465 3192 4502 ac
3217 4451 3429 4519 penitus
3449 4465 3475 4503 a
3508 4448 3728 4502 bonorum

2183 4541 2567 4611 congressibus
2596 4553 2938 4611 separentur.
2969 4541 3090 4599 Dat.
3130 4542 3182 4596 Χ
3187 4541 3252 4597 ΙΙ
3278 4543 3404 4599 Kal.
3435 4542 3576 4598 Febr.
3619 4536 3726 4594 Con-

481 4639 630 4693 nime
659 4613 1156 4710 propellanturfad
1197 4637 1400 4692 nullam
1425 4613 1606 4692 tamen
1629 4635 1917 4692 ecclesiam
1965 4636 2078 4690 hte-
2102 4613 2160 4675 Ῑ)
2183 4634 2537 4703 stantinopali,
2568 4635 2872 4690 Richomere
2891 4645 2938 4690 et
2963 4636 3214 4691 Clearcho
3243 4635 3392 4692 Cass.
3431 4633 3594 4709 (584).

481 4731 667 4789 reticae
701 4731 1106 4802 superstitionis
1153 4731 1309 4786 turba
1338 4731 1644 4797 conveniat,
1699 4740 1792 4786 aut
1838 4731 1884 4786 si
1939 4731 2079 4786 forte

480 4824 821 4889 convenerit,
853 4839 883 4878 a
905 4821 1299 4878 conventiculis
1320 4822 1434 4878 suis
1462 4823 1581 4878 sine
1614 4822 1725 4878 ulla
1758 4837 1909 4878 mora
1956 4839 2081 4892 pro-

479 4919 744 4990 pulsetur.
774 4915 898 4972 Dat.
935 4914 1052 4970 XI!
1091 4914 1216 4970 Kal.
1252 4913 1364 4970 Iul.
1405 4912 1871 4986 Constantinopoli,
1898 4915 2077 4971 Mero-

481 5014 644 5069 baude
670 5010 732 5066 II
762 5023 809 5066 et
839 5011 1127 5067 Saturnino
1157 5008 1302 5065 Cass.
1336 5009 1510 5082 (585).

555 5106 642 5160 ii.
686 5102 856 5158 Iidem
883 5102 1040 5157 A-iA.
1075 5099 1416 5157 Postumiana
1451 5099 1544 5173 Pf.
1577 5101 1642 5155 Ρ.
1675 5099 1880 5157 Omnes
1901 5103 2080 5157 omni-

479 5211 572 5264 no,
606 5209 979 5267 quoscumqne
999 5196 1339 5250 diversarum
1385 5194 1650 5250 haeresnm
1690 5209 1844 5249 error
1885 5195 2077 5264 exagi-

482 5298 582 5354 tat,
612 5288 664 5344 id
699 5301 782 5344 est
814 5287 1159 5353 Eunomiani,
1186 5286 1394 5352 Ariani,
1447 5285 1842 5351 Macedoniani,
1905 5286 2082 5342 Pneu-

478 5381 832 5446 matomacbi,
861 5377 1163 5446 Manichzei,
1192 5380 1504 5444 Encratitae,
1559 5379 1904 5449 Apotactitae,
1948 5379 2079 5436 Sac-

477 5473 728 5542 c0phori,
760 5472 1259 5544 Hydroparastatae,
1283 5471 1447 5527 nullis
1469 5471 1684 5527 circulis
1714 5479 1926 5540 coeant,
1963 5472 2083 5527 nul-

480 5565 588 5620 lam
615 5567 874 5637 colligant
908 5567 1344 5632 multitudinem,
1395 5566 1598 5622 nullum
1631 5565 1698 5621 ad
1729 5583 1788 5622 se
1819 5567 2079 5637 pupulum

483 5657 734 5724 trahant,
760 5673 857 5713 nec
887 5660 954 5714 ad
987 5659 1275 5730 imaginem
1321 5659 1676 5714 ecclesiarum
1709 5657 1947 5726 parietes
1971 5659 2081 5729 pri-

485 5755 635 5800 vatos
662 5749 973 5816 ostendant,
998 5749 1129 5805 nihil
1158 5749 1240 5806 vel
1276 5750 1490 5822 publice
1518 5749 1605 5805 vel
1635 5749 1908 5820 privatim,
1934 5751 2077 5822 quod

481 5837 760 5896 catholica:
789 5843 1060 5898 sanctitati
1085 5841 1301 5901 ofﬁcere
1329 5844 1522 5915 possit,
1575 5845 1887 5902 exerceant.
1926 5845 2001 5900 Ac
2030 5843 2078 5900 si

2258 4725 2346 4782 14.
2390 4725 2558 4781 Iidem
2604 4726 2763 4782 ΛΑΛ.
2813 4725 3037 4800 Cynegia
3092 4727 3185 4799 Pf.
3231 4727 3298 4783 P.
3343 4724 3727 4800 Apollinarianos

2183 4827 2518 4888 cmlerosque
2549 4819 2886 4875 diversarum
2935 4820 3198 4876 lnrresum
3231 4831 3524 4878 sectatores
3553 4817 3612 4872 ab
3634 4827 3728 4870 om-

2186 4914 2342 4969 nibus
2371 4914 2506 4970 locis
2529 4915 2783 4986 iubemus
2824 4915 3079 4982 inhiberi,
3117 4931 3147 4971 a
3180 4917 3450 4974 manibus
3478 4913 3682 4975 urbium,
3704 4921 3727 4960 a

2185 5024 2484 5082 congressu
2518 5013 2870 5067 honestorum
2893 5053 2906 5077 ,
2938 5026 2968 5065 a
2994 5013 3379 5068 communione
3419 5014 3726 5067 sanctorum;

2188 5103 2644 5159 instituendorum
2665 5103 2988 5160 clericorum
3024 5121 3128 5159 non
3161 5103 3398 5162 habeant
3419 5106 3726 5174 potestatem;

2185 5195 2612 5266 colligemlarum
2639 5201 3119 5267 congregationum
3142 5199 3226 5253 vel
3261 5197 3313 5252 in
3347 5192 3565 5268 publicis
3592 5187 3662 5243 vel
3687 5184 3727 5238 in

2185 5289 2410 5358 privatis
2435 5289 2680 5345 ecclesiis
2706 5301 2928 5346 careant
2953 5289 3226 5345 facultate.
3259 5288 3413 5344 Nulla
3449 5286 3526 5342 his
3551 5282 3726 5351 episco-

2185 5399 2376 5454 porum
2405 5383 2777 5440 faciendorum
2809 5385 3117 5455 praebeatur
3158 5383 3450 5440 auctoritas
3472 5396 3486 5446 ;
3511 5376 3600 5450 ipsi
3622 5383 3729 5444 qllo'

2185 5461 2578 5548 que'episcopi,
2611 5478 2832 5533 nomine
2857 5478 3124 5545 destituti,
3157 5476 3558 5549 appellationem
3601 5463 3727 5533 hujus

2186 5568 2468 5641 dignitatis
2486 5571 2756 5626 amittant.
2778 5571 2992 5627 Adeunt
3011 5571 3148 5634 loca,
3164 5585 3284 5642 quae
3303 5570 3400 5624 hos
3413 5563 3724 5639 potissimum.

2180 5661 2334 5732 quasi
2362 5661 2524 5727 vallo,
2557 5662 2960 5733 quodammodo
2995 5662 3065 5718 ab
3106 5663 3337 5719 humana
3393 5652 3726 5716 communione

2184 5752 2488 5809 secludant.
2519 5754 2614 5809 llis
2645 5756 2807 5811 etiam
2841 5756 2970 5812 illud
3001 5757 3360 5822 annectimus,
3385 5763 3440 5809 ut
3467 5762 3609 5820 supra
3636 5753 3727 5797 "'9‘

2184 5845 2408 5903 moratis
2437 5847 2688 5905 omnibus
2714 5849 2949 5906 adeundi
2997 5861 3162 5921 atque
3206 5839 3564 5918 interpellandi
3591 5833 3726 5913 ξὲρνε·

3911 5843 3919 5894 Ξ

3919 233 3921 350 1
