3850 6334
31 316 126 372 557

836 308 1201 368 THEODOSII
1240 307 1557 367 SELECTA
1599 309 1690 366 DE
1728 309 2105 368 RELIGIONE
2147 311 2489 369 DECRETA.

3202 306 3308 364 558

33 428 247 486 nitatem
306 436 542 483 nostram
589 425 769 482 aditus
820 425 1143 495 denegetnr.
1201 424 1328 481 Dat.
1393 423 1467 479 VI
1520 422 1607 479 Id.
1638 424 1687 484 A
1718 428 1841 483 Dat.
1894 423 1967 480 VI
2002 424 2129 480 Kal.
2160 424 2288 482 Dec.
2324 425 2639 494 Mediolano,
2693 424 2926 481 Timasio
2968 431 3017 480 et
3058 422 3309 479 Promoto

33 524 184 579 Hart.
214 519 600 587 Thessalonica,
627 518 916 575 Theodosio
934 518 999 574 Α.
1027 516 1091 573 II
1133 527 1182 574 et
1212 515 1437 589 Cynegio
1457 516 1601 572 Cass.

37 615 195 687 (588).

100 711 183 765 15.
226 707 392 764 Iidem
415 707 572 763 AAA.
600 708 819 779 Trifolio
845 706 936 780 Pf.
965 705 1032 761 Ρ.
1056 707 1256 762 Omnes
1273 705 1606 761 diversarum

30 804 454 878 perlidarumque
478 813 770 868 sectarum,
800 817 936 872 quos
976 801 1028 856 in
1061 801 1230 857 Deum
1273 800 1489 854 miserae
1516 812 1608 853 ve-

29 899 167 956 sania
198 894 613 967 conspirationis
636 903 877 961 exercet,
919 894 1124 949 nullum
1168 906 1392 963 usquam
1421 891 1607 945 sinan-

32 1002 112 1047 tur
141 989 338 1046 habere
365 997 715 1054 conventum,
750 1002 857 1042 non
890 988 1029 1042 inire
1051 993 1331 1043 tractatus.
1365 998 1471 1038 non
1494 997 1609 1038 cm-

32 1094 111 1140 tus
130 1097 291 1153 agere
315 1092 576 1147 secretos,
611 1095 717 1135 non
742 1079 962 1135 nefariae
986 1076 1445 1149 praevaricationis
1468 1075 1607 1130 alta-

31 1178 104 1232 ria
135 1190 324 1231 manus
368 1175 546 1244 impia:
576 1172 772 1229 ofticiis
810 1172 1148 1243 impudenter
1206 1170 1455 1225 attollere
1481 1211 1496 1235 ,
1555 1176 1611 1223 et

30 1268 402 1341 mySteriorum
432 1267 832 1323 simulationem
875 1264 943 1320 ad
993 1264 1241 1334 injuriam
1282 1277 1427 1318 vera:
1484 1261 1612 1316 relic

30 1362 196 1433 gionis
221 1373 428 1430 aptare.
453 1359 606 1429 Quod
639 1367 698 1414 ut
717 1374 1012 1430 congruum
1034 1360 1295 1413 sortiatur
1334 1357 1610 1421 effectum,

31 1456 82 1512 in
106 1453 321 1526 specula
351 1453 655 1509 sublimitas
679 1462 769 1508 tua
798 1451 1092 1506 fidissimos
1134 1466 1381 1522 quosque
1411 1450 1616 1504 consti-

33 1560 156 1615 tuat,
189 1549 278 1619 qui
303 1557 356 1603 et
377 1547 639 1603 cohibere
666 1547 765 1602 hos
798 1546 1004 1617 possint
1053 1556 1109 1599 ct
1144 1543 1514 1614 deprehensos
1535 1541 1616 1597 of-

32 1641 169 1698 ferre
194 1642 446 1711 judiciis,
492 1642 935 1707 severissimum,
979 1638 1275 1696 secundum
1314 1638 1615 1708 praeteritas

32 1737 356 1796 sanctiones.
380 1744 437 1790 et
468 1736 578 1790 Deo
629 1735 954 1806 supplicium
1007 1734 1229 1787 daturos
1285 1744 1338 1786 et
1385 1731 1610 1801 legibus.

1710 523 1857 582 Cass.
1888 522 2065 595 (589).

1779 619 1873 675 20.
1913 616 2221 686 Exemplum
2246 630 2512 671 sacrarum
2539 613 2870 670 Litterarum.
2917 612 3305 670 Hareticorum

1709 712 1913 782 polluta
1940 708 2191 778 contagia
2220 706 2351 779 pelli
2382 708 2604 762 urbibus
2634 748 2649 775 ,
2701 706 2832 763 vicis
2881 705 3191 776 proturbari
3240 718 3307 759 ac.

1709 804 1878 860 nullis
1904 804 2118 874 penitus
2141 801 2393 871 jubemus
2418 807 2605 869 patere
2619 799 2998 866 conventibus,
3022 814 3089 854 ne
3105 798 3157 851 in
3176 810 3312 868 quo-

1710 914 1870 972 quam
1899 898 2019 952 loco
2048 894 2313 977 sacrilega
2339 892 2537 949 cohors
2585 894 2772 947 talium
2818 894 3099 949 hominum
3145 890 3307 947 colli-

1711 1004 1887 1064 gatur.
1912 990 2068 1046 Nulla
2102 1003 2289 1044 eorum
2321 984 2668 1057 perversitati
2700 986 2787 1041 vel
2821 985 3034 1055 publica
3066 999 3306 1040 conven-

1712 1086 1877 1143 ticula
1927 1085 2009 1141 vel
2051 1083 2336 1138 Iatentiora
2390 1080 2671 1136 erroribus
2727 1088 2935 1135 secreta
2984 1079 3311 1133 tribuantur.

1714 1177 1837 1233 Dat.
1869 1175 2022 1231 XIII
2055 1174 2182 1230 Kal.
2228 1172 2361 1229 Jun.
2414 1171 2604 1239 Roma,
2645 1170 2867 1225 Tatiane
2910 1178 2957 1225 et
2995 1167 3312 1242 Symmacho

1720 1271 1841 1326 VV.
1864 1269 1966 1327 CC.
1998 1269 2142 1324 Cass.
2170 1268 2346 1341 (591).

1786 1367 1876 1421 21.
1920 1364 2089 1419 Iidem
2119 1362 2275 1417 ΑΑΑ.
2309 1360 2524 1415 Taliane
2562 1357 2654 1424 PI.
2689 1357 2756 1411 P.
2801 1356 2859 1413 In
2908 1355 3179 1412 haereticis
3225 1370 3314 1411 er-

1716 1460 1929 1516 roribus
1959 1470 2327 1529 quoscumque
2347 1451 2661 1510 constiterit
2680 1452 2761 1507 vel
2787 1450 3069 1506 ordinasse
3084 1450 3315 1510 clericos

1717 1553 1802 1608 vel
1824 1553 2127 1622 suscepisse
2156 1549 2394 1605 officium
2425 1547 2778 1612 clericorum,
2804 1545 2961 1601 denis
2986 1544 3142 1599 libris
3191 1543 3310 1599 auri

1718 1649 1919 1704 viritim
1948 1644 2284 1701 mulctaudos
2322 1658 2443 1698 esse
2465 1656 2751 1696 censemus
2794 1656 2808 1692 :
2859 1638 3034 1694 locum
3059 1652 3214 1703 sane,
3261 1638 3313 1691 in

1720 1758 1827 1813 quo
1850 1742 2015 1797 vetita
2043 1747 2337 1802 tentantur,
2368 1737 2411 1791 si
2441 1732 2787 1790 connivenlia
2820 1731 3025 1787 domini
3055 1731 3314 1801 patuerit,

34 1827 149 1883 Dat.
190 1825 396 1882 XVIII
440 1826 565 1882 Kal.
598 1825 714 1881 Jul.
742 1827 935 1892 Stobis,
984 1824 1047 1882 D.
1098 1824 1171 1879 Ν.
1216 1822 1506 1879 Theodosio
1552 1823 1615 1877 Α.

1743 1836 1839 1892 isci
1869 1836 2036 1890 nostri
2064 1833 2270 1888 viribus
2313 1830 2617 1901 aggregari.
2674 1825 2827 1896 Quod
2870 1826 2913 1881 si
2949 1825 2999 1881 id
3033 1837 3316 1895 possesso-

34 1919 91 1974 ΙΙ
136 1930 181 1975 et
203 1920 431 1992 Cynegio
470 1918 531 1975 V.
564 1919 621 1975 C.
651 1918 799 1975 Cass.
827 1919 1003 1992 (588.)

99 2013 182 2069 16.
228 2010 399 2068 Iidem
426 2011 581 2067 ΑΑΑ.
614 2011 845 2083 Cynegie
886 2012 974 2084 Pf.
1021 2010 1086 2067 P.
1133 2010 1437 2068 Nonnullos
1466 2008 1618 2063 Aria-

36 2126 213 2165 norum
244 2108 474 2163 formam
504 2118 813 2163 nostrarum
849 2107 1009 2163 talem
1040 2106 1281 2177 proferre
1310 2105 1614 2175 jussionem

35 2192 408 2272 comperimus,
434 2212 490 2256 ut
515 2202 597 2256 his
626 2201 789 2257 liceat
811 2214 1097 2270 usurpare,
1123 2213 1241 2269 qua:
1262 2198 1376 2252 suis
1394 2195 1616 2251 vidcan-

37 2304 115 2350 tur
139 2296 459 2350 utilitatibus
486 2295 803 2350 convenire.
833 2292 949 2361 Qua
981 2292 1193 2347 sublata
1231 2291 1408 2345 sciant
1429 2331 1442 2354 ,
1501 2289 1618 2342 nul-

36 2386 131 2441 lam
179 2387 490 2458 bujusmodi
537 2388 839 2457 jussionem
883 2402 913 2441 e
968 2396 1152 2440 ttOStro
1201 2385 1440 2439 sacrario
1489 2398 1618 2450 pro-

37 2482 265 2537 ﬂuxisse.
297 2481 569 2550 Quidquid
603 2483 783 2551 itaque
834 2479 995 2534 fuerit
1051 2478 1118 2532 ab
1170 2478 1254 2531 his
1302 2491 1400 2547 pro
1429 2489 1618 2531 eorum

36 2575 408 2631 commoditate
433 2574 719 2643 prolatum,
760 2582 816 2627 ut
860 2572 977 2625 falsi
1027 2586 1151 2625 reus
1207 2578 1475 2631 teneatur,
1529 2565 1620 2635 qui

37 2668 280 2737 deinceps
305 2682 369 2722 ea
400 2665 813 2723 circumtulerit.
841 2664 963 2719 Dat.
1014 2664 1054 2719 V
1090 2662 1177 2716 Id.
1209 2664 1337 2733 Aug.
1369 2660 1621 2716 Constan-

37 2762 261 2831 tiuopoli.
293 2759 585 2815 Theodosio
611 2761 675 2814 Α.
702 2758 765 2813 II
786 2769 836 2813 et
861 2758 1086 2830 Cynegio
1114 2756 1261 2811 Cass.
1287 2754 1462 2829 (588).
1546 2822 1549 2823 ν

102 2856 184 2909 17.
232 2854 450 2926 Imppp.
483 2853 899 2917 Valentinianus,
936 2850 1253 2906 Theodosius
1281 2861 1329 2904 et
1370 2849 1623 2903 Arcadius

36 2947 432 3002 AAA.Tatiane
468 2945 554 3019 Pf.
592 2944 1007 3000 P.Euuomiani
1064 2944 1336 3015 Spadones
1393 2958 1492 2998 nec
1541 2944 1623 2996 fa-

36 3041 224 3102 cieudi.
252 3055 357 3096 nec
385 3038 717 3109 adipiscendi
743 3039 1261 3093 ltaheantlicmttiatn
1288 3037 1621 3092 testamenti.

38 3136 180 3205 Quod
210 3140 357 3192 circa
386 3152 600 3201 omnes,
631 3152 766 3207 quos
798 3136 952 3191 vivos
974 3135 1060 3190 lex
1102 3134 1369 3190 invenerit
1396 3175 1411 3198 ,
1473 3132 1625 3187 volu-

1721 1947 1856 1997 rem,
1881 1931 2079 2000 quippe
2109 1926 2413 1982 clanculum
2444 1933 2679 1995 gestum,
2724 1921 3003 1991 ignorasse
3055 1917 3313 1973 constite-

1720 2024 1814 2089 rit,
1848 2021 2236 2077 conductorem
2267 2017 2385 2088 ejus
2440 2015 2612 2079 fundi,
2641 2014 2686 2068 si
2713 2014 2976 2085 ingenuus
2997 2018 3102 2078 est,
3132 2010 3319 2066 decem

1720 2117 1840 2171 auri
1873 2115 2039 2171 libras
2070 2114 2200 2167 fisco
2235 2121 2420 2165 nosne
2448 2108 2651 2164 inferre
2697 2106 3060 2177 praecipimus,
3110 2103 3154 2158 si
3206 2117 3324 2158 ser-

1723 2210 1813 2265 vili
1858 2208 1987 2263 fmce
2015 2205 2355 2262 descendens
2377 2209 2697 2274 paupertate
2747 2200 2829 2255 sui
2861 2213 3077 2269 poenam
3136 2195 3322 2252 damni

1723 2318 1786 2358 ac
1817 2301 2023 2356 vilitate
2065 2298 2361 2354 contemnit
2390 2338 2404 2361 ,
2448 2308 2623 2350 cursus
2669 2291 2899 2347 fustibus
2945 2288 3324 2358 deportatione

1723 2395 2090 2453 damnabitur.
2115 2392 2252 2448 Tum
2285 2390 2415 2445 illud
2446 2387 2758 2459 specialiter
2804 2397 3172 2454 pra'cavemus
3194 2424 3208 2448 ,
3240 2388 3323 2447 ut,

1723 2492 1766 2546 si
1794 2491 1920 2544 villa
1949 2486 2221 2542 dominica
2250 2485 2410 2539 fuerit
2440 2497 2536 2538 seu
2570 2476 2860 2550 cujuslibet
2909 2476 3106 2546 publici
3158 2475 3316 2545 juris,

1724 2595 1776 2640 et
1799 2582 2097 2639 conductor
2125 2590 2178 2632 et
2208 2586 2529 2645 procurator
2573 2572 2845 2628 licentiam
2891 2568 3141 2624 dederint
3173 2566 3327 2621 colli-

1723 2676 1901 2749 gendi,
1958 2674 2112 2728 denis
2161 2672 2314 2726 libris
2368 2668 2486 2723 auri
2544 2666 2816 2737 proposita
2867 2661 3322 2719 condemnatione

1726 2768 2076 2824 mulctentnr.
2125 2764 2326 2819 Verum
2359 2762 2401 2816 si
2430 2774 2567 2829 quos
2614 2757 2814 2812 talibus
2871 2765 3117 2825 repertos
3166 2752 3326 2807 obse-

1724 2850 1965 2919 cundare
1990 2858 2266 2931 mysteriis
2291 2870 2355 2909 ac
2385 2854 2487 2908 sibi
2516 2866 2776 2921 usurpare
2827 2846 3045 2902 nomina
3100 2845 3327 2900 clerico-

1726 2971 1844 3011 rum
1880 2955 1991 3024 jam
2023 2965 2166 3006 nunc
2195 2948 2469 3020 proditum
2527 2946 2710 3008 fuerit,
2763 2942 2931 2997 denas
2988 2939 3157 2995 libras
3208 2936 3326 2991 auri

1726 3051 1865 3120 exigi
1923 3047 2164 3118 singulos
2208 3053 2263 3100 et
2310 3042 2513 3097 inferre
2554 3038 2919 3108 praecipimus.
2976 3033 3097 3087 Dat.
3148 3029 3320 3086 XVII

1729 3142 1856 3196 Kal.
1900 3138 2015 3193 Jul.
2047 3133 2512 3207 Constantinopoli,
2568 3130 2789 3185 Arcadio
2818 3130 2881 3182 Α.
2930 3125 2995 3180 Il
3045 3135 3090 3180 et
3133 3124 3326 3192 Ruﬁno

39 3248 150 3286 mus
178 3230 463 3294 custodiri,
489 3246 590 3287 nec
620 3244 944 3300 quemquam
993 3228 1280 3298 praeteritae
1318 3224 1617 3295 cujuspiam
1645 3226 1690 3289 C
1725 3235 1871 3289 δοες,
1903 3231 2074 3303 (592).

40 3326 323 3381 voluntatis
356 3325 640 3397 privilegio
660 3324 949 3386 defensuri,
979 3338 1100 3379 cum
1120 3363 1135 3386 ,
1163 3336 1258 3377 seu
1288 3321 1429 3375 facta
1475 3320 1624 3390 prius

42 3426 353 3475 testamenta
383 3433 477 3474 seu
508 3419 703 3473 infecta
736 3418 1049 3476 doceantur.
1092 3425 1211 3486 post
1262 3414 1403 3469 hanc
1453 3413 1625 3468 nostri

42 3512 236 3567 oraculi
280 3512 620 3567 sanctionem
654 3526 759 3566 non
817 3511 1053 3565 habeant
1082 3508 1393 3575 possidendi
1454 3507 1627 3562 licen-

44 3606 183 3673 tiam,
212 3622 321 3661 nou
354 3606 601 3676 petendi,
639 3623 744 3661 non
770 3608 931 3660 etiam
961 3604 1306 3674 relinquendi
1353 3605 1623 3658 luerede

43 3701 251 3756 nomine
278 3700 580 3772 principali,
612 3716 718 3755 non
749 3700 1275 3762 fideicommissario.
1326 3715 1432 3754 non
1477 3700 1625 3770 lega-

45 3793 192 3855 tario.
225 3809 333 3848 non
366 3794 529 3849 tacito
557 3793 1000 3859 fideicommisso,
1051 3795 1136 3849 vel
1159 3809 1551 3864 utramcumque
1575 3793 1625 3847 in

47 3885 413 3955 hujuscemodi
484 3887 716 3957 negOIiis
796 3886 1251 3955 nuncupationem
1300 3885 1438 3956 juris
1492 3885 1628 3942 ordo

46 3978 314 4034 consﬁtuit
345 3996 358 4032 :
384 3979 477 4033 sed
505 3980 708 4043 omnia,
737 3995 857 4047 qua:
901 3980 1085 4034 talium
1142 3994 1265 4035 esse
1314 3980 1398 4035 vel
1449 3979 1627 4034 futura

47 4084 160 4125 esse
178 4072 506 4135 constiterit,
544 4082 599 4127 ut
619 4071 817 4127 Caduca
852 4072 963 4127 fisci
995 4071 1170 4125 nostri
1214 4071 1421 4127 viribus
1450 4071 1630 4125 vindi—

47 4172 246 4218 centur.
278 4162 419 4219 Nihil
449 4164 514 4218 ad
536 4179 805 4218 summum
828 4163 1059 4219 habeant
1084 4179 1372 4219 commune
1398 4178 1519 4217 cum
1544 4178 1631 4218 re-

46 4254 219 4321 liquis.
253 4254 379 4311 Dat.
413 4255 509 4310 III
543 4256 683 4311 Non.
719 4256 852 4311 Διαὶὶ
901 4255 1202 4311 Mediolano
1236 4297 1251 4322 ,
1306 4256 1533 4311 Timasio
1583 4266 1630 4312 et

50 4346 289 4406 Promoto
317 4350 461 4407 Cass.
486 4350 661 4425 (589).

116 4443 202 4498 18.
243 4442 410 4498 Iidem
437 4445 592 4499 ΑΑΑ.
637 4445 823 4500 Albino
868 4444 958 4515 Pf.
1016 4444 1083 4500 U.
1139 4446 1479 4516 Quicumque
1531 4446 1632 4501 sub

51 4537 263 4593 nomine
281 4537 700 4594 Manichasornm
757 4539 1018 4594 mundum
1047 4538 1362 4601 sollicitant.
1386 4553 1452 4594 ex
1484 4540 1629 4593 otnni

1802 3327 1892 3381 22.
1936 3326 2148 3398 Imppp.
2199 3322 2520 3377 Theodosius
2551 3362 2567 3387 ,
2632 3316 2886 3371 Arcadius
2948 3324 2996 3367 ct
3060 3310 3325 3365 Honorius

1730 3421 1887 3475 ΑΑΑ.
1921 3418 2150 3472 Victoria
2179 3414 2490 3469 Proconsuli
2520 3412 2675 3466 Asim.
2718 3409 2966 3465 l'lairetici
3011 3421 3187 3472 neque
3210 3404 3327 3474 epi-

1727 3516 1876 3585 scopi
1916 3511 2147 3568 faciendi
2194 3518 2541 3583 potestatem,
2591 3520 2766 3575 neque
2789 3503 3167 3571 episcoporum
3196 3512 3327 3551 con-

1730 3608 2063 3664 lirmationes
2105 3603 2279 3659 licitas
2316 3602 2570 3656 habeant.
2608 3598 2731 3651 Dat.
2781 3591 2955 3649 XVII
3016 3592 3139 3645 Kal.
3194 3588 3327 3644 Maii

1729 3699 2205 3772 Constantin0poli,
2264 3694 2484 3750 Arcadio
2533 3690 2653 3758 III,
2705 3700 2749 3745 et
2796 3687 3032 3742 Honorio
3076 3682 3160 3751 II,
3213 3682 3324 3737 ΑΑ.

1730 3797 1876 3854 Cass.
1913 3793 2090 3866 (594).

1800 3890 1893 3945 25.
1938 3886 2109 3941 Iidem
2134 3884 2292 3938 ΑΑΑ.
2326 3882 2517 3952 Rufino
2562 3878 2652 3949 Pf.
2703 3876 2770 3931 P.
2822 3872 3215 3935 Eunomiauis,
3262 3885 3329 3924 nc

1731 3990 1992 4055 caperent
2030 3977 2234 4049 aliquid
2265 3976 2351 4030 vel
2383 3973 2754 4042 relinquerent
2786 3976 3130 4032 testamento,
3154 3965 3328 4035 legem

1732 4080 1934 4135 dudum
1979 4075 2309 4133 credidimus
2356 4067 2802 4139 promulgandam
2831 4105 2846 4128 ,
2891 4077 3053 4132 quam
3109 4058 3329 4129 quidem

1734 4189 1877 4231 nunc
1908 4171 2139 4228 consilio
2169 4166 2409 4238 pleniore
2441 4176 2782 4218 revocamus.
2817 4155 3152 4222 Vivantjnre
3175 4165 3330 4206 com-

1736 4269 1908 4333 muni,
1937 4265 2175 4320 scribant
2206 4261 2409 4330 pariter
2439 4270 2501 4309 ac
2532 4253 2842 4308 scribantur
2888 4246 3152 4302 halrcdes.
3206 4241 3332 4296 Dat.

1738 4361 1784 4414 Χ
1799 4360 1851 4413 II
1901 4357 2026 4411 Kal.
2059 4354 2175 4409 Jul.
2206 4347 2609 4417 Hadrianopoli,
2634 4343 2856 4398 Arcadio
2878 4338 3000 4404 III,
3029 4348 3077 4392 et
3103 4335 3335 4391 Honorio

1738 4452 1824 4521 II,
1850 4451 1960 4505 AA.
1990 4447 2134 4505 Coss.
2172 4444 2347 4517 (594).
3194 4518 3199 4523 η

1809 4542 1902 4598 24.
1946 4541 2116 4595 Iidem
2146 4538 2305 4593 AAA.
2332 4533 2528 4602 Ruﬁno
2560 4531 2651 4603 ΡῙ.
2686 4528 2756 4584 Ρ.
2799 4525 3190 4582 llzereticorum
3235 4522 3336 4577 de-

50 4630 257 4701 quidem
279 4633 412 4689 orbe
441 4644 741 4700 terrarum,
798 4632 894 4687 sed
942 4648 1100 4703 quam
1149 4634 1383 4689 maxime
1418 4634 1485 4688 de
1534 4632 1635 4689 hac
1661 4613 1941 4693 Dmentia
1967 4648 2071 4688 nec
2101 4632 2332 4687 ulterius
2356 4634 2585 4682 conetur
2629 4630 2969 4695 perpetrare,
3010 4631 3132 4686 qua:
3182 4628 3338 4683 repe-

52 4724 179 4779 nrhe
200 4726 490 4795 pellantur,
522 4726 624 4781 sub
655 4726 1093 4781 interminatione
1119 4727 1327 4797 jndicii.
1382 4726 1410 4799 ᾗ
1446 4727 1494 4780 1.
1528 4725 1633 4781 Vo-

53 4815 277 4873 luntates
322 4830 501 4875 autem
542 4819 882 4885 earumdem,
917 4821 1162 4890 quinimo
1194 4821 1325 4889 ipsa:
1353 4821 1516 4875 etiam
1559 4822 1635 4873 fa-

52 4912 291 4977 enltates,
324 4913 521 4993 populo
549 4913 830 4983 publicatae
870 4927 970 4968 nec
1023 4914 1130 4968 vim
1188 4921 1632 4968 testamentorum

55 5011 288 5071 teneant,
314 5022 412 5063 nec
435 5007 739 5078 derelinqui
771 5022 866 5075 per
894 5020 990 5062 eos
1035 5016 1128 5060 aut
1181 5005 1371 5061 iisdem
1424 5006 1503 5060 fas
1544 5007 1632 5060 sit.

53 5095 187 5151 Nihil
208 5099 272 5154 ad
294 5115 563 5155 summum
589 5100 672 5155 his
698 5102 767 5155 sit
787 5116 1079 5155 commune
1099 5116 1220 5155 cuin
1253 5101 1475 5156 mundo.
1510 5100 1632 5155 Dat.

52 5186 154 5243 XV
203 5191 318 5248 Kal.
344 5192 459 5250 Jul.
485 5194 928 5263 Roma,fTimasio
955 5205 1003 5248 et
1020 5193 1269 5249 Promoto
1289 5195 1432 5250 Cass.
1455 5195 1633 5269 (589).

121 5282 206 5337 19.
247 5284 411 5340 Iidem
456 5286 614 5341 AAA.
666 5286 887 5342 Taliane
929 5286 1020 5359 Pf.
1076 5286 1141 5343 P.
1190 5287 1283 5353 Hi,
1333 5289 1422 5360 qui
1475 5290 1637 5346 scmvi

51 5372 310 5445 dogmatis
351 5380 588 5435 retinent
632 5380 1018 5452 principatum,
1064 5380 1168 5436 hoc
1215 5390 1300 5436 est
1356 5381 1633 5452 episcopi,

55 5470 368 5542 presbyteri,
402 5474 617 5531 diaconi
641 5484 804 5545 atque
840 5475 1093 5537 lectores,
1128 5483 1184 5529 et
1211 5475 1300 5544 qui
1346 5475 1634 5531 clericatus

54 5560 309 5619 velamine
337 5566 585 5635 religioni
617 5568 881 5622 maculam
912 5575 1177 5621 conantur
1196 5566 1439 5635 infligere
1469 5608 1484 5631 ,
1532 5570 1633 5622 sub

54 5655 331 5723 cujuslibet
378 5659 605 5714 haeresis
643 5659 759 5715 sive
788 5658 993 5714 erroris
1052 5659 1274 5714 nomine
1303 5661 1582 5715 constituti
1614 5703 1629 5727 ,

52 5759 119 5827 ex
146 5746 369 5804 funestis
395 5750 809 5818 conciliabulis,
851 5765 948 5806 seu
1002 5750 1139 5805 intra
1198 5752 1385 5805 urbem
1440 5767 1536 5807 seu
1580 5754 1632 5808 in

54 5830 377 5900 imbui-benis
403 5844 525 5900 esse
554 5836 856 5913 videantur,
885 5844 1031 5902 omni
1057 5843 1217 5898 modo
1241 5842 1629 5914 propellantur.

1741 4734 1895 4795 rerit,
1920 4744 2019 4783 nec
2041 4725 2231 4782 illicita
2256 4723 2462 4778 habere
2489 4718 2721 4775 concilia
2751 4733 2764 4769 :
2798 4726 3060 4783 nusquam
3111 4707 3337 4779 profana

1742 4808 2013 4895 praecepta
2042 4819 2130 4875 vel
2160 4818 2358 4873 docere
2399 4814 2482 4870 vel
2520 4811 2754 4868 discere.
2807 4806 2885 4879 Ne
2930 4803 3201 4859 antistites
3241 4814 3337 4855 eo-

1742 4893 1987 4973 rumdem
2018 4912 2255 4967 audeant
2276 4909 2435 4963 fidem
2466 4904 2766 4965 insinuare,
2800 4915 2961 4970 quam
2987 4911 3093 4951 non
3114 4893 3336 4956 habent,

1741 5020 1796 5066 et
1825 4990 2106 5063 ministros
2131 5017 2349 5063 creare.
2407 4998 2550 5071 quod
2602 5012 2709 5051 non
2757 5002 2902 5048 sunt.
2950 4990 3025 5044 Ne
3056 5001 3153 5057 per
3205 4998 3338 5038 con-

1745 5097 2396 5167 uirentiamjudicantmn
2427 5092 2802 5160 omniumque,
2828 5084 3029 5157 quibus
3074 5094 3171 5150 per
3215 5091 3341 5132 con-

1742 5195 2053 5250 stitutiones
2093 5199 2344 5260 paternas
2387 5202 2550 5255 super
2595 5185 2697 5237 hoc
2750 5195 2877 5234 cura
2921 5174 3170 5231 mandata
3229 5180 3336 5235 cst,

1742 5286 1859 5357 ejus
1893 5285 2037 5340 modi
2068 5282 2293 5338 audacia
2322 5279 2624 5349 negligatur
2657 5285 2712 5329 et
2765 5278 2994 5325 crescat.
3046 5265 3173 5319 Dat.
3226 5260 3337 5357 VII
3376 5302 3380 5306 .

1742 5355 1831 5435 Id.
1861 5379 1975 5434 Jul.
2003 5374 2474 5447 Constantinopoli,
2517 5369 2741 5426 Arcadio
2760 5363 2883 5431 111,
2914 5373 2961 5417 et
2992 5359 3221 5415 Honorio
3250 5355 3339 5423 II,

1739 5472 1852 5529 AA.
1880 5472 2027 5527 Cass.
2057 5468 2227 5541 (594).

2041 5581 2146 5621 LIB.
2181 5578 2296 5619 XVI.
2335 5577 2447 5616 ΤΙΤ.
2482 5573 2574 5613 VII.
2623 5570 2690 5611 DE
2731 5564 3041 5608 APOSTATIS.

1815 5662 1867 5716 1.
1911 5658 2122 5731 Imppp.
2157 5655 2471 5717 Gratianus,
2511 5647 2899 5703 Valentinianus
2942 5654 2987 5698 et
3014 5638 3341 5696 Theodosius

1744 5756 1904 5810 ΑΑΑ.
1946 5753 2014 5806 ad
2054 5750 2361 5821 Eutrapium
2400 5744 2492 5812 PI.
2528 5740 2595 5795 P.
2628 5740 2741 5804 Eis,
2769 5739 2857 5807 qui
2903 5754 2969 5793 ex
3013 5734 3342 5793 Christianis

1746 5847 1936 5922 pagani
1972 5843 2097 5897 faeti
2128 5849 2273 5905 sunt,
2297 5834 2560 5905 eripiatur
2588 5829 2812 5887 facultas
2841 5830 3035 5902 jusque
3081 5826 3340 5896 testandi,
