3950 6350
531 308 638 363 559

1716 314 2153 374 THEODOSIUS
2187 316 2275 373 ΕΤ
2316 318 2649 377 PACATUS.

3679 329 3761 389 550

535 441 590 486 et
617 444 781 487 oiune
831 430 1092 499 deluncti,
1145 433 1189 488 si
1219 433 1362 502 quod
1408 442 1516 501 est,
1557 442 1940 490 testamentum
1988 447 2134 488 sum-
2159 437 2207 495 Α
2240 434 2394 488 ΑΑΑ.
2423 434 2676 491 Flaviano
2707 435 2796 509 ΡΙ.
2825 437 2892 494 P.
2925 440 3011 504 Hi,
3039 441 3129 511 qui
3177 451 3410 498 sanctam
3445 443 3591 500 [idem
3618 451 3764 516 prodi-.1,

536 536 681 579 m0ta
725 526 1036 581 conditione
1083 527 1444 582 rescindatur.
1510 526 1633 581 Dat.
1685 525 1764 581 VI
1809 525 1954 580 Non.
2005 524 2137 581 Maii

533 615 1002 689 Constantinopoli,
1037 619 1263 694 Syagrio
1294 632 1341 675 et
1374 620 1632 676 Eucherio
1663 618 1810 676 Cass.
1837 620 2018 692 (581).

609 712 664 766 2.
695 710 867 768 Iidem
897 713 1054 768 ΔΑΑ.
1094 713 1468 770 Poslhumiano
1496 715 1584 782 Pi.
1619 715 1686 770 Ρ.
1718 715 2043 771 Christianis
2071 730 2139 770 ac

535 804 805 871 ﬁdelibus,
841 807 930 876 qui
963 807 1031 862 ad
1065 823 1303 878 paganos
1335 810 1471 863 ritus
1498 809 1784 878 cultusque
1815 810 2136 878 migrarunt,

537 913 760 953 omnem
794 899 850 954 in
894 915 1292 969 quamcumque
1323 915 1606 967 pers0nani
1649 903 1956 957 testamenti
2007 915 2138 956 con-

536 990 698 1046 dendi
731 991 1108 1048 interdicimus
1140 998 1483 1063 potestatem,
1533 1003 1590 1050 ut
1637 995 1746 1050 sint
1785 996 1990 1064 absque
2013 995 2138 1065 jure

537 1082 800 1140 Romano.
837 1084 866 1158 ᾗ
901 1088 948 1142 1.
996 1086 1091 1141 His
1126 1103 1277 1150 vero,
1320 1088 1412 1158 qui
1441 1087 1731 1142 Christiani
1779 1097 1834 1142 et
1883 1088 2142 1143 catechu-

536 1179 678 1232 meni
715 1190 921 1234 tantum
951 1179 1243 1234 venerabili
1279 1182 1538 1249 religione
1570 1181 1814 1251 neglecta
1842 1179 1908 1236 ad
1935 1197 2059 1235 aras
2085 1189 2140 1236 et

541 1269 740 1337 templa
775 1271 1111 1336 transierint,
1141 1273 1184 1326 si
1219 1271 1356 1326 [ilius
1383 1273 1464 1327 vel
1499 1272 1692 1328 fratres
1720 1287 2014 1342 germanos
2038 1272 2137 1330 ha—

537 1360 758 1430 bebunt,
807 1365 909 1416 hoc
933 1373 1014 1418 est
1057 1377 1209 1418 suam
1251 1373 1348 1419 aut.
1375 1365 1669 1444 legitimam
1701 1366 2130 1434 successionem,

542 1457 770 1512 testandi
801 1457 1064 1512 arbitratu
1091 1459 1312 1529 proprio
1341 1460 1392 1513 in
1422 1459 1691 1530 quaslibet
1717 1461 1850 1514 alias
1881 1475 2140 1530 personas

532 1551 620 1622 jus
651 1548 940 1604 adimatur.
973 1548 1002 1622 δ
1033 1553 1088 1606 2.
1136 1551 1254 1606 Pari
1301 1563 1353 1606 et
1384 1553 1527 1608 circa
1573 1568 1760 1608 eorum
1793 1568 2057 1624 personas
2086 1554 2138 1608 in

536 1641 801 1712 capiendo
830 1644 1179 1698 custodienda
1207 1643 1404 1712 forma,
1439 1656 1496 1699 ut
1537 1656 1732 1715 pratter
1771 1661 1898 1701 suas
1927 1657 1980 1702 et
2009 1647 2141 1718 legi-

539 1734 720 1801 timas,
748 1750 867 1805 qua)
889 1735 1080 1792 iisdem
1113 1753 1180 1791 ex
1205 1747 1486 1808 parentum
1513 1739 1593 1793 vel
1625 1753 2006 1808 germanorum
2031 1740 2138 1794 fra-

541 1837 682 1882 trum
717 1826 872 1882 bonis
902 1828 1188 1897 pervenire
1221 1829 1515 1899 potuerint,
1564 1833 1963 1898 successiones,
1993 1830 2136 1900 judi-

540 1921 626 1975 cio
654 1922 842 1984 etiam,
873 1921 921 1978 si
946 1923 1020 1976 ita
1045 1938 1132 1978 res
1161 1922 1354 1988 lerant,
1378 1921 1610 1978 conditae
1639 1923 1953 1988 voluntatis,
1991 1923 2142 1978 nulla

543 2013 769 2067 omnino
817 2013 869 2068 in
911 2015 1190 2084 capiendis
1239 2015 1649 2072 hereditatibus
1690 2015 2141 2085 testamentijura

541 2106 648 2163 sibi
676 2108 968 2177 vindicent,
999 2118 1053 2164 et
1077 2109 1373 2165 indubitate
1399 2111 1467 2164 ab
1488 2112 1636 2165 omni
1668 2121 2137 2178 testamentorum,

542 2200 776 2256 debeant
823 2207 928 2257 nou
970 2203 1149 2257 solum
1190 2203 1621 2270 condendorum,
1664 2203 1761 2259 sed
1808 2203 1995 2270 etiam,
2040 2204 2142 2260 sub

541 2295 907 2367 adipiscendae
953 2299 1235 2370 pontificio
1292 2300 1644 2366 Iucreditatis,
1702 2302 2142 2373 usurpandorum

545 2404 816 2465 potestate
853 2396 1093 2452 excludi.
1129 2396 1250 2451 Dat.
1283 2395 1434 2454 XIII
1467 2395 1594 2452 Kal.
1625 2397 1752 2452 Jun.
1779 2398 2142 2454 Constantino-

542 2489 670 2558 poli,
706 2489 1024 2546 Merobaude
1055 2489 1136 2546 II.
1174 2503 1221 2546 et
1252 2491 1541 2548 Saturnino
1571 2491 1719 2547 Con.
1751 2493 1927 2567 (583).

613 2583 667 2639 ὅ.
704 2581 875 2638 Iidem
905 2584 1062 2642 ΑΑΑ.
1111 2585 1180 2638 ad
1227 2584 1513 2656 Hypatium
1562 2585 1650 2654 ΡῙ.
1687 2583 1752 2639 Ρ.
1803 2584 2144 2640 Christiano-

545 2691 664 2730 rum
687 2677 753 2728 ad
774 2691 897 2732 aras
922 2687 976 2732 et
1001 2679 1199 2745 templa
1227 2677 1575 2747 migrantium
1602 2688 1794 2748 negata
1819 2676 2048 2733 testandi
2079 2677 2142 2731 li-

543 2769 718 2824 centia
753 2771 1091 2826 vindicamus
1122 2771 1439 2828 admissum.
1467 2772 1668 2826 Eorum
1697 2786 1911 2843 quoque
1941 2770 2141 2842 ﬂagitia

548 2861 862 2930 puniantur,
902 2865 992 2934 qui
1033 2863 1360 2921 Christiana:
1388 2866 1664 2936 religionis
1694 2877 1747 2920 et
1791 2867 2025 2920 nominis
2053 2864 2140 2920 di-

549 2955 752 3024 gnitate
784 2957 1048 3025 neglecta,
1078 2957 1319 3013 Judaicis
1361 2970 1537 3013 seruet
1571 2959 1814 3027 polluere
1849 2959 2138 3028 contagiis.

549 3047 657 3101 Eos
687 3062 835 3116 vero,
865 3051 955 3119 qui
988 3049 1401 3106 Manichaeorum
1432 3050 1659 3106 nefanda
1691 3060 1903 3108 secreta
1935 3061 1989 3107 et
2017 3067 2140 3108 sce-

545 3139 758 3196 lerosos
792 3143 1084 3211 aliquando
1110 3145 1310 3200 sectari
1340 3145 1580 3202 maluere
1609 3161 1876 3214 secessus,
1909 3157 1975 3202 ea
1996 3146 2140 3216 jugi-

545 3243 626 3288 ter
650 3243 811 3304 atque
843 3245 1102 3305 perpetuo
1129 3252 1284 3306 pcena
1314 3237 1624 3304 comitetur,
1647 3255 1806 3308 quam
1832 3239 1912 3294 vel
1943 3238 2137 3295 divaiis

543 3325 752 3382 arbitrii
794 3329 1010 3398 genitor
1039 3327 1445 3386 Valentinianus
1483 3325 1792 3401 adscripsit.
1833 3331 1916 3386 vel
1955 3342 2139 3385 nostra

545 3418 891 3476 nihilominus
934 3425 1134 3491 saepius
1156 3424 1372 3480 decreta
1391 3425 1693 3494 jusserunt.
1715 3424 1983 3482 Anctores
2009 3439 2139 3480 vero

547 3513 914 3578 persuasionis
941 3513 1124 3584 hujus,
1153 3516 1244 3585 qui
1277 3516 1511 3572 lubricas
1543 3527 1750 3572 mentes
1778 3517 1830 3572 iu
1866 3515 2138 3586 proprium

543 3605 877 3661 deﬂexerant
927 3610 1285 3672 consortium,
1332 3609 1545 3675 eadem,
1596 3625 1717 3678 quae
1767 3624 1890 3666 reos
1935 3611 2140 3665 erroris

544 3697 768 3768 hujusce
800 3699 962 3760 modi.
999 3717 1152 3772 pinna
1181 3703 1502 3768 comitetur;
1527 3703 1656 3772 quin
1686 3704 1851 3759 etiam
1889 3702 2138 3772 graviora

542 3792 882 3862 plerumque,
916 3810 1012 3863 pro
1041 3794 1279 3849 motibus
1303 3795 1563 3863 judicium
1597 3807 1648 3850 et
1695 3797 1956 3866 qualitate
1987 3811 2140 3851 com-

547 3886 718 3950 missi,
747 3898 898 3941 extra
927 3887 1177 3944 ordinem
1207 3890 1381 3958 promi
1421 3889 1475 3944 in
1518 3890 1752 3945 nefarios
1778 3891 2001 3946 sceleris
2042 3891 2140 3944 bu-

539 3982 630 4052 jus
657 3981 894 4038 artilices
917 3984 1172 4053 supplicia
1197 3984 1550 4056 censemus.§
1581 3986 1628 4039 Ι.
1653 3984 1760 4040 Sed
1793 4001 1857 4039 ne
1886 3983 1966 4038 vel
1991 3999 2137 4038 mor-

546 4084 665 4131 tuos
699 4088 956 4146 perpetua
989 4087 1150 4134 vexet
1186 4077 1582 4134 criminationis
1606 4078 1824 4146 injuria,
1851 4079 1934 4132 vel
1967 4078 2138 4134 barre-

542 4168 751 4226 ditarize
800 4171 1150 4238 quaesuones,
1201 4180 1504 4238 temporum
1553 4172 1810 4226 varietate
1855 4171 2136 4239 longorum

544 4275 769 4333 prorsus
793 4272 1078 4328 emortum,
1118 4263 1170 4317 in
1213 4261 1486 4319 redivivos
1528 4277 1747 4332 semper
1791 4264 2138 4334 exagitentur

538 4354 845 4420 conﬂictus,
875 4357 1100 4427 hujusce
1134 4356 1278 4412 modi
1322 4355 1714 4427 quaestionibus
1759 4363 1954 4412 metam
2001 4366 2136 4412 tern-

544 4449 687 4518 poris
723 4449 1103 4516 adscribimus,
1137 4459 1213 4515 ut,
1253 4451 1296 4505 si
1327 4451 1448 4519 quis
1475 4449 1788 4506 deluncmm
1815 4448 2024 4503 violatae
2055 4457 2136 4503 at-

541 4553 646 4607 que
666 4540 894 4598 desertae
910 4541 1239 4598 Christiana;
1262 4543 1540 4614 religionis
1561 4551 1800 4609 accusat,
1824 4557 2058 4612 eumque
2081 4540 2134 4608 in

543 4629 824 4698 sacrilegia
869 4635 1193 4701 templorum
1243 4634 1329 4690 vel
1378 4637 1430 4688 in
1476 4635 1612 4690 ritus
1652 4634 1904 4690 Judaicos
1933 4635 2014 4690 vel
2066 4633 2136 4688 ad

543 4720 960 4780 Maniclueorum
1010 4725 1250 4782 dedecus
1296 4728 1557 4782 transisse
1604 4727 1924 4794 contendit,
1965 4743 2137 4798 eaque

541 4815 711 4887 gratia
737 4819 921 4872 testari
946 4821 1166 4875 minime
1194 4822 1438 4889 potuisse
1476 4821 1784 4888 conﬁrmat,
1818 4822 1959 4876 intra
1980 4823 2138 4890 quin-

539 4909 836 4982 quennium
856 4911 1006 4980 juge,
1042 4912 1186 4982 quod
1218 4913 1535 4970 iuofliciosis
1575 4915 1883 4970 actionibus
1925 4916 2132 4972 consti-

542 5013 715 5059 tutum
753 5011 860 5070 est,
887 5005 1133 5076 proprias
1162 5014 1382 5062 cits-erat
1404 5007 1665 5068 actiones.
1698 5008 1970 5078 luturique
1991 5007 2136 5077 judi-

540 5096 608 5152 cii
647 5096 872 5166 hujusce
916 5097 1060 5152 modi
1101 5098 1361 5154 sortiatur
1409 5100 1709 5164 excirdium,
1751 5109 1810 5154 ut
1854 5097 2045 5154 eodem
2083 5099 2134 5154 in

539 5189 658 5245 lucc
678 5188 931 5257 durante,
962 5190 1116 5259 cujus
1148 5192 1520 5260 praevaricatio
1545 5194 1880 5250 criminanda
1905 5201 2010 5261 est,
2041 5192 2138 5248 lla-

538 5280 658 5352 gitii
695 5281 853 5352 bojus
882 5290 938 5337 et
982 5283 1205 5340 sceleris
1253 5285 1524 5353 particeps
1561 5283 1724 5340 fuisse
1754 5286 2010 5340 doceatur
2038 5301 2136 5354 pu-

542 5375 678 5430 blica
730 5377 834 5431 sub
878 5373 1260 5432 testiﬁcatione
1309 5384 1558 5443 testatus,
1611 5376 1806 5447 probet
1855 5377 2135 5441 indicium,

542 5481 718 5537 neque
744 5482 901 5537 quam
945 5483 1182 5538 superno
1227 5469 1430 5524 nomini
1469 5471 1660 5524 tacitus
1690 5470 1942 5538 praestitit
1981 5469 2139 5540 perli-

543 5561 708 5626 diam,
755 5563 1054 5620 sceleribus
1093 5563 1470 5634 acquiescens,
1507 5563 1954 5635 praevaricatione
1981 5563 2134 5618 dein-

543 5670 674 5726 ceps
697 5665 970 5728 tamquam
1005 5658 1222 5729 ignarus
1263 5668 1501 5714 accuset.
1544 5657 1664 5713 Dat.
1696 5657 1814 5713 XII
1847 5657 1972 5714 Kal.
2003 5658 2134 5714 Jun.

553 5747 760 5815 Patavi,
791 5751 1104 5809 Merobaude
1135 5752 1200 5824 II
1219 5764 1270 5812 et
1303 5754 1588 5824 Saturnino
1616 5752 1758 5812 Cora.
1791 5753 1963 5826 (385).

625 5847 683 5914 ῥα
713 5842 923 5932 Imppp.
981 5844 1390 5921 Valentinianus,
1429 5846 1751 5914 Theodotius
1796 5855 1845 5913 et
1882 5847 2138 5912 Arcadiae

2241 527 2421 583 derint
2447 540 2498 584 et
2525 541 2772 585 sanctum
2797 533 3063 602 baptisma
3095 534 3509 604 profanaverint,
3536 553 3564 594 a
3582 555 3765 598 consor-

2243 621 2316 674 tio
2342 624 2582 676 omnium
2608 625 2876 695 segregati
2919 625 3049 692 sint,
3082 643 3111 680 a
3143 628 3455 684 testinmniis
3495 631 3760 694 alieni.tes-

2240 714 2485 776 tamenti.
2517 724 2574 768 ut
2605 728 2731 770 ante
2753 717 2861 784 jam
2888 718 3184 783 Sanximus,
3229 735 3333 774 non
3370 718 3586 776 habeant
3612 722 3766 780 factio-
3860 722 3864 726 ’

2243 823 2401 872 nem,
2456 808 2587 862 nulli
2653 809 2706 863 in
2758 809 3077 866 hiereditate
3136 811 3463 873 succedant,
3516 829 3545 868 a
3595 816 3768 872 neruine

2241 901 2547 956 scribantur
2574 901 2838 960 haeredes.
2867 904 3014 972 Quos
3044 906 3205 960 etiam
3233 907 3651 977 prter-cpissemus
3672 926 3768 980 pro-

2240 993 2324 1046 cul
2373 993 2529 1062 abjici
2583 1009 2647 1050 ac
2693 995 2906 1066 longius
2957 998 3258 1062 amandari,
3295 1000 3393 1053 nisi
3440 1014 3598 1067 mente
3625 1003 3766 1057 visum

2243 1082 2436 1139 luisset
2459 1100 2581 1140 esse
2608 1087 2856 1154 majoris,
2887 1092 3095 1144 versari
3132 1092 3272 1144 inter
3300 1090 3533 1147 homines
3567 1104 3613 1148 et
3633 1095 3770 1149 horni-

2191 1246 2198 1252 '
2243 1189 2368 1228 num
2398 1190 2587 1232 carere
2616 1177 2905 1249 suﬂragiis.
2939 1179 2967 1251 ᾗ
2997 1183 3046 1236 ί.
3081 1181 3186 1238 Sed
3211 1197 3312 1238 nec
3349 1198 3584 1252 umquam
3610 1185 3654 1238 in
3679 1195 3763 1240 sta-

2245 1276 2356 1324 tum
2414 1270 2697 1338 pristinum
2743 1282 3106 1338 revertentur,
3157 1290 3264 1329 non
3307 1273 3553 1344 ﬂagitium
3605 1291 3771 1332 morum

2243 1361 2647 1419 oblitterabitnr
2691 1366 3028 1434 pmuitentia,
3080 1385 3258 1438 neque
3294 1371 3477 1424 umbra
3514 1371 3668 1441 aliqua
3703 1387 3774 1427 ei-

2243 1455 2452 1524 quisitae
2481 1455 2811 1512 defensionis
2855 1471 2946 1514 aut
2989 1461 3305 1516 tuuniminis
3333 1461 3631 1527 ohdttcetur,
3668 1479 3775 1531 quo-

2245 1549 2387 1603 niam
2415 1550 2633 1619 quidem
2663 1566 2782 1616 eos,
2813 1555 2906 1622 qui
2958 1555 3140 1620 Iidem,
3172 1570 3334 1625 quam
3369 1556 3474 1610 Deo
3499 1556 3773 1622 dicaverant,

2245 1642 2551 1712 polluerunt
2576 1654 2628 1699 et
2656 1645 2945 1709 prodentes
2971 1644 3217 1701 divinum
3261 1647 3566 1718 mysterium
3613 1647 3659 1702 in
3683 1663 3777 1716 pro-

2244 1735 2360 1790 laua
2397 1735 2716 1807 inigrarnnt,
2761 1741 2897 1794 tueri
2925 1755 3012 1805 ea,
3063 1756 3188 1810 quae
3235 1750 3361 1795 sunt
3395 1743 3716 1796 commentitia
3739 1749 3780 1797 et

2175 1829 2218 1890 Β
2246 1830 2589 1894 concinnata,
2625 1845 2729 1884 non
2760 1839 3006 1901 possunt.
3042 1831 3236 1901 Lapsis
3279 1834 3479 1888 etenim
3511 1843 3560 1888 et
3594 1833 3777 1888 erranti-

2248 1921 2348 1975 bus
2377 1922 2716 1985 sobvenitur;
2752 1923 2976 1993 perditis
3005 1941 3156 1990 vero,
3181 1925 3288 1980 hoc
3315 1935 3399 1980 est
3437 1935 3656 1980 sanctum
3684 1927 3781 1993 bap-

2249 2013 2400 2068 tisma
2430 2015 2862 2082 profanantibus,
2894 2018 3040 2072 nullo
3071 2017 3317 2073 remedio
3341 2018 3776 2088 pteaiteatieque
3875 2051 3881 2058 -

2245 2107 2382 2160 solet
2416 2109 2538 2162 aliis
2562 2109 2882 2164 criminibus
2911 2111 3193 2180 prodesse,
3247 2115 3586 2167 succurritur.
3613 2111 3773 2178 Dauni"

2248 2196 2330 2251 Id.
2359 2198 2490 2253 Maii
2515 2199 2833 2257 Concordiw.
2859 2201 3074 2258 Taliane
3098 2213 3145 2258 el
3164 2203 3478 2276 Symmacho
3495 2203 3624 2259 Cosa.
3643 2201 3776 2273 (59l).

2318 2293 2370 2347 5.
2402 2290 2572 2348 Iidem
2605 2294 2762 2350 ΑΑΑ.
2807 2293 3062 2352 Flaviano
3103 2295 3192 2368 Pf.
3227 2296 3298 2352 Ρ.
3330 2298 3387 2354 Si
3417 2297 3530 2366 quis
3573 2297 3778 2367 splendor

2247 2387 2482 2441 coliatus
2523 2399 2609 2444 est
2652 2390 2701 2442 in
2731 2403 2827 2444 eos
2853 2389 2935 2442 vel
2971 2391 3240 2460 ingenitus
3271 2390 3556 2462 dignitatis,
3599 2391 3674 2460 qui
3699 2389 3779 2444 lide

2245 2478 2391 2534 devii
2416 2489 2470 2535 et
2502 2491 2683 2536 mente
2715 2482 2900 2536 caecati
2932 2492 3294 2537 sacrosancta:
3318 2485 3580 2553 religionis
3601 2481 3719 2536 cultu
3739 2489 3780 2535 et

2246 2573 2550 2630 reverentia
2585 2575 2963 2642 tit-scivissem,
3009 2593 3071 2630 ac
3119 2592 3178 2632 se
3217 2579 3496 2633 sacriliciis
3533 2577 3780 2645 mancipas-

2245 2674 2388 2728 sent.
2419 2667 2665 2735 perdant,
2691 2677 2748 2721 ut
2769 2667 2836 2722 de
2866 2668 2987 2723 loco
3010 2679 3110 2723 suo
3139 2678 3393 2740 statuque
3422 2669 3602 2739 dejecti
3629 2683 3776 2736 perpe-

2248 2769 2333 2814 tua
2366 2770 2591 2816 urantur
2620 2760 2860 2830 infamia,
2891 2778 2954 2818 ac
2986 2779 3055 2818 ne
3084 2764 3134 2817 in
3163 2773 3414 2819 extrema
3435 2763 3630 2835 quidem
3665 2761 3775 2832 vulgi

2247 2854 2496 2924 ignobilis
2530 2864 2680 2924 parte
2711 2865 3084 2912 numerentur.
3117 2857 3257 2925 Quid
3301 2859 3439 2912 eiiim
3467 2857 3542 2911 bis
3570 2871 3673 2911 cum
3699 2854 3776 2907 ho-

2246 2951 2478 3004 rninibus
2509 2959 2685 3015 potest
2723 2966 2847 3007 esse
2875 2967 3185 3018 commune,
3219 2955 3313 3024 qui
3342 2951 3568 3007 iul‘audis
3603 2962 3648 3006 et
3673 2947 3778 3003 lera-

2246 3043 2382 3099 iibus
2411 3043 2704 3108 mentibus,
2735 3045 2984 3114 gratiam.
2998 3047 3404 3100 communionis
3429 3045 3588 3106 exosi,
3627 3042 3685 3098 ab
3707 3041 3779 3094 lio-

2246 3138 2479 3193 minibus
2506 3139 2907 3206 recesserunt?
2943 3137 3065 3194 Dat.
3110 3139 3153 3194 V
3189 3139 3278 3195 Id.
3323 3139 3451 3194 Maii
3499 3135 3773 3201 Concordia,

2163 3221 2209 3284 C
2245 3229 2459 3284 Taliane
2485 3240 2532 3284 et
2557 3230 2869 3301 Symmacho
2896 3228 3043 3286 Cosa.
3071 3231 3246 3302 (591).

2389 3338 2490 3377 LIB.
2533 3338 2638 3378 XV}.
2672 3339 2784 3378 ΤΙΤ.
2810 3340 2924 3380 Vlll.
2964 3341 3033 3380 DE
3057 3339 3274 3392 ευωειε,
3307 3335 3590 3382 (ιωιιεοιιε
3614 3337 3670 3378 ιτ

2845 3431 3218 3474 εΑιιΑιιιτΑΝιε.

2313 3507 2367 3564 8.
2411 3506 2618 3580 lmppp.
2650 3507 2999 3574 Theodosius,
3031 3509 3290 3566 Arcadius
3321 3520 3366 3566 et
3393 3509 3633 3565 Honorius
3651 3505 3774 3561 AM.

2247 3603 2464 3658 Taliane
2491 3602 2583 3673 PI.
2619 3603 2688 3658 Ρ.
2712 3603 3024 3660 Judzeorum
3052 3605 3297 3675 querelae
3317 3605 3570 3675 quosdam
3593 3598 3778 3655 auctori-

2244 3704 2352 3750 tate
2389 3695 2634 3766 judicum
2676 3696 2842 3766 recipi
2901 3697 2952 3751 in
2994 3709 3196 3753 sectam
3227 3713 3384 3752 suam
3427 3693 3781 3752 reclamantibus

2241 3789 2378 3860 legis
2416 3806 2531 3846 suae
2581 3789 2903 3861 primatibus
2930 3799 3282 3859 asseverant,
3329 3808 3466 3863 quos
3495 3791 3585 3862 ipsi
3619 3786 3780 3858 judicio

2241 3898 2342 3940 suo
2372 3900 2436 3939 ac
2461 3885 2739 3940 voluntate
2754 3885 3064 3957 projiciuut.
3081 3886 3250 3954 Quam
3271 3889 3494 3942 omnino
3506 3879 3778 3941 sunniioveri

2234 3979 2489 4047 iubemus
2521 3979 2774 4046 injuriam
2802 4017 2817 4046 ,
2865 3977 2966 4036 nec
3007 3996 3194 4035 eorum
3245 3982 3298 4036 in
3349 3998 3411 4036 ea
3459 3977 3780 4049 superstitione

2239 4072 2460 4126 sedulus
2488 4083 2664 4127 curtus
2689 4083 2780 4130 aut
2806 4088 2899 4142 per
2931 4073 3299 4144 vinijudicum
3329 4066 3420 4130 aut
3451 4072 3670 4143 rescripti
3691 4082 3778 4122 sur-

2239 4170 2526 4234 reptione,
2577 4167 2756 4222 invitis
2801 4167 3115 4236 primatibus
3167 4171 3279 4224 suis
3307 4211 3322 4234 ,
3373 4185 3545 4239 quos,
3589 4166 3776 4219 virorum

2237 4259 2666 4314 clarissimorum
2708 4269 2764 4314 et
2797 4259 3084 4315 illuSIriuni
3117 4263 3543 4332 patriarcharum
3567 4254 3775 4316 arbitrio,

2239 4352 2580 4406 manifestum
2609 4363 2691 4407 est
2724 4352 2925 4408 habere
2955 4369 3049 4407 sua
3093 4352 3162 4409 de
3194 4354 3460 4424 religione
3485 4349 3774 4409 sententiam.

2235 4459 2392 4512 opem
2427 4445 2884 4499 reconciliationis
2908 4452 3219 4501 n'iereantur
3259 4447 3528 4502 indebita‘.
3569 4444 3672 4496 Dat.
3698 4435 3774 4493 ΧΥ

2238 4537 2363 4593 Kal.
2396 4537 2526 4593 Maii
2568 4537 3062 4610 Constantinopoli,
3109 4540 3332 4595 Arcadio
3361 4541 3425 4594 Α.
3450 4538 3507 4594 Il
3545 4547 3590 4594 et
3631 4533 3777 4600 Ruﬁni

2167 4622 2213 4682 D
2239 4631 2386 4688 Cass.
2413 4631 2589 4705 (592).

2315 4726 2368 4781 9.
2415 4724 2584 4780 Iidem
2623 4725 2779 4781 ΑΛΑ.
2810 4726 2983 4781 Addeo
3007 4725 3196 4781 Comiti
3219 4735 3264 4780 et
3297 4725 3543 4798 Magistro
3571 4722 3779 4787 atriusque

2243 4817 2442 4872 militia:
2477 4834 2570 4886 per
2628 4816 2910 4873 Orientem.
2958 4817 3269 4874 Iuda-orum
3312 4829 3510 4874 sectam
3542 4815 3668 4871 nulla
3694 4811 3779 4877 lege

2241 4911 2595 4981 prohibitam,
2641 4911 2774 4964 satis
2798 4919 3034 4964 constat.
3069 4911 3224 4968 Unde
3267 4914 3502 4982 graviter
3523 4915 3778 4965 commate-

2243 5018 2364 5056 tnur
2391 5043 2405 5069 ,
2436 5003 2751 5056 interdictos
2781 5002 3102 5072 quibusdam
3135 5003 3268 5058 locis
3297 5019 3482 5058 eortun
3511 5002 3655 5056 fuisse
3677 5009 3777 5049 cou-

2243 5110 2458 5154 ventus.
2491 5097 2756 5152 Sublimis
2785 5099 2944 5167 igitur
2974 5097 3288 5166 magnitudo
3325 5109 3438 5160 tua,
3471 5096 3564 5150 hac
3588 5093 3780 5160 iussione

2243 5199 2521 5260 suscepta,
2553 5191 2886 5246 nimietatem
2919 5205 3132 5257 eorum,
3165 5192 3254 5262 qui
3283 5190 3384 5246 sub
3413 5187 3698 5245 Christianae
3718 5193 3780 5232 rc-

2241 5286 2458 5356 ligiouis
2490 5286 2712 5341 nomine
2744 5287 2930 5341 illicita
2981 5297 3213 5356 qumque
3237 5292 3588 5356 pra'sumunt,
3638 5283 3682 5332 et
3707 5273 3780 5325 de'

2245 5390 2459 5435 struere
2504 5393 2807 5450 synagogas
2849 5388 3013 5449 atque
3039 5380 3344 5450 exspoliare
3382 5384 3658 5432 conantur.
3683 5377 3780 5420 CW

2243 5487 2377 5542 grua
2409 5473 2703 5527 severitate
2742 5471 3038 5528 cohibebit.
3071 5470 3198 5528 Dat.
3240 5469 3340 5526 III
3381 5468 3500 5525 Kal.
3555 5466 3654 5520 οη.
3678 5457 3779 5515 Con-

2245 5566 2580 5635 stantinopoli
2606 5607 2620 5631 ,
2651 5563 2954 5636 Theodosio
2983 5567 3047 5624 Α.
3087 5564 3148 5622 II
3159 5564 3185 5622 Ι
3228 5574 3275 5621 et
3323 5560 3632 5620 Abandantio
3665 5553 3776 5608 Cass.

2246 5658 2421 5731 (395).

2248 5767 2351 5814 Lm.
2383 5767 2490 5807 im.
2525 5767 2633 5810 τιτ.
2667 5768 2725 5809 x.
2775 5768 2840 5808 os
2871 5766 3119 5818 PAGANIS,
3152 5762 3455 5810 sacntrtctts
3479 5761 3543 5803 ετ
3579 5749 3775 5800 1mm

2322 5847 2375 5910 7ο
2420 5845 2636 5925 Ιηῳρρ.
2677 5846 2984 5918 Gratianus,
3037 5845 3426 5909 Valentinianus
3448 5851 3494 5902 et
3519 5830 3778 5926 fundarit}
