3950 6350
160 350 237 404 bl!
927 341 1298 401 THEODOSII
1336 328 1650 399 SELECTA
1698 338 1786 395 DE
1826 332 2196 396 RELIGIONE
2240 340 2584 397 DECRETA.

3296 335 3405 393 542

162 462 288 518 MA.
320 459 468 515 Flora
498 458 582 529 Pr.
616 457 681 512 P.
717 458 773 513 St
804 458 895 528 qui
925 459 1109 514 vetitis
1147 456 1463 524 sacrlﬂcils,
1495 454 1705 536 diurnis
1731 456 1787 519 Α
1813 454 1857 509 sl
1900 454 2022 523 quis
2060 464 2305 526 tempore
2342 456 2823 512 administrationis
2852 468 2962 511 suze
2990 497 3003 521 ,
3047 455 3210 510 fretus
3244 453 3409 523 ι)τίκὶ-

160 555 520 623 nocturnisque,
542 552 691 607 velut
712 567 944 607 vesanus
966 567 1029 606 ac
1054 552 1350 621 sacrilegus
1374 554 1703 607 incertorum

158 647 483 703 consultorum
507 645 854 709 immerserit,
883 645 1173 714 fanumque
1202 644 1303 697 sibi
1326 655 1418 697 attt
1442 642 1704 713 templum

156 740 208 794 ad
233 737 435 806 hujusce
476 736 617 790 modi
646 736 868 791 sceleris
889 738 1295 792 excusationem
1320 735 1706 789 assumendum

157 830 439 892 crediderit,
467 828 547 883 vel
572 829 843 898 putaverit
862 830 1166 884 adeundum
1187 870 1201 893 ,
1231 829 1609 897 proscriptioni
1647 843 1706 883 se

155 924 330 978 noverit
381 921 810 992 subjugandum,
852 937 976 976 cum
1033 937 1131 975 nos
1177 921 1324 992 justa
1369 920 1709 975 institutione

155 1032 461 1082 moneamus,
492 1017 654 1072 castis
697 1019 860 1071 Deum
891 1018 1140 1089 precibus
1170 1017 1528 1073 excoli-udum
1550 1059 1565 1084 ,
1599 1034 1706 1072 non

151 1111 258 1162 diris
285 1107 600 1163 carminibus
623 1108 1039 1179 profanandum.
1080 1108 1205 1163 Dat.
1238 1108 1357 1163 XII
1396 1108 1523 1163 Kal.
1576 1109 1704 1164 Jan.

154 1201 562 1271 ConstantinOpoli
584 1246 599 1271 ,
622 1202 884 1257 Eucherio
912 1213 960 1258 et
991 1203 1217 1277 Syagrio
1240 1202 1386 1259 Cass.
1424 1201 1596 1276 (38l).

205 1296 251 1350 8.
296 1293 450 1350 Iidem
498 1296 655 1351 ΑΑΑ.
716 1296 963 1352 Palladio
1024 1297 1153 1351 Duci
1211 1296 1476 1353 Osroente.
1510 1296 1709 1354 zEdem

148 1388 255 1442 olim
304 1387 613 1458 frequentia:
670 1389 1010 1455 dedicatam,
1057 1390 1222 1444 cmtui
1264 1397 1319 1443 et
1362 1389 1471 1460 jam
1506 1390 1710 1460 populo

147 1495 331 1551 quoque
376 1495 717 1536 communem
742 1523 757 1548 ,
789 1482 840 1536 in
875 1498 976 1554 qua
1018 1483 1303 1538 simulacra
1335 1482 1581 1538 feruntur
1616 1499 1709 1553 po-

150 1576 232 1628 sita
257 1616 270 1640 ,
301 1574 427 1628 artis
474 1575 649 1643 pretio
678 1592 835 1645 quam
866 1576 1145 1631 divinitate
1191 1578 1486 1643 metienda,
1508 1577 1712 1646 jugiter

148 1676 323 1735 patere,
354 1666 547 1735 publici
571 1667 781 1724 consilii
804 1670 1125 1724 auctoritate
1150 1669 1511 1735 decernimus,
1537 1684 1711 1739 neque

148 1758 249 1813 huic
276 1761 345 1814 rei
377 1760 715 1832 obreptivum
758 1763 976 1818 ofliccre
1018 1763 1244 1819 sinimus
1276 1764 1555 1819 oraculum
1583 1805 1595 1823 .
1652 1774 1708 1819 ut

1810 548 1949 619 legio
1977 551 2256 619 potestatis
2274 593 2286 612 ,
2314 551 2515 620 polluta
2539 550 2655 605 loca
2679 549 2975 618 sacrilegus
2998 558 3292 603 temerator
3324 547 3408 601 itt-

1811 644 2067 705 traverit,
2097 641 2403 711 quindecim
2428 644 2543 696 auri
2575 642 2753 711 pondo
2772 684 2785 707 ,
2817 641 3055 696 officium
3090 655 3218 694 vero
3246 642 3362 707 ejus
3390 680 3406 705 ,

1811 736 1911 789 ttisi
1943 736 2153 789 collatis
2182 735 2380 791 viribus
2402 736 2664 802 obviarit,
2703 752 2885 803 parcnt
2914 750 3179 789 summam
3213 735 3407 789 airario

1811 839 1997 881 nostro
2026 825 2226 882 inferre
2247 837 2488 896 cogatur.
2521 826 2644 881 Dat.
2677 827 2719 881 Χ
2743 826 2816 880 γι
2864 827 2983 882 Kal.
3009 826 3125 881 .Iul.
3152 827 3405 897 Aquileia,

1810 918 2034 973 Tatiano
2071 930 2117 973 et
2148 919 2460 991 Symmacho
2491 920 2636 975 Cass.
2662 919 2836 991 (39l).

1888 1013 1972 1066 12.
2008 1011 2217 1084 Imppp.
2244 1010 2584 1077 Theodosius,
2606 1013 2857 1067 Arcadius
2880 1023 2925 1066 et
2953 1012 3216 1067 Honorius
3245 1011 3401 1067 ΑΑΑ.

1812 1103 1879 1157 ad
1904 1104 2149 1173 Ruﬁnum
2182 1102 2273 1174 Pf.
2312 1104 2377 1159 P.
2426 1104 2614 1159 Nullus
2649 1105 2870 1158 omnino
2892 1146 2906 1170 ,
2952 1122 3017 1159 ex
3049 1106 3287 1174 quolibet
3314 1119 3409 1173 ge-

1814 1211 1965 1260 nere,
2001 1196 2188 1249 ordine
2221 1195 2530 1259 hominum,
2560 1196 2876 1265 dignitatum
2902 1239 2914 1261 ,
2949 1197 3033 1251 vel
3064 1200 3114 1250 in
3146 1204 3415 1266 potestate

1816 1291 2022 1361 positus
2050 1288 2134 1344 vel
2166 1290 2373 1345 honore
2407 1290 2749 1359 perfunctus,
2784 1293 2898 1345 sive
2925 1300 3115 1361 potens
3147 1301 3293 1347 sorte
3322 1308 3415 1347 na-

1815 1382 2002 1437 Sccudi
2033 1398 2125 1437 seu
2168 1381 2382 1436 humilis
2411 1399 2641 1453 genere.
2688 1384 2999 1439 conditione
3026 1428 3039 1449 ,
3081 1383 3325 1450 fortuna,
3361 1387 3415 1441 in

1815 1477 1964 1530 nullo
2015 1477 2229 1545 penitus
2264 1477 2402 1541 loco,
2455 1480 2505 1531 itt
2550 1478 2693 1532 nulla
2733 1477 2866 1533 urbe
2906 1495 3067 1533 sensu
3106 1480 3417 1535 carentibus

1815 1573 2124 1628 simulacris
2153 1572 2238 1628 vel
2270 1573 2537 1627 insontem
2565 1574 2835 1627 victimam
2868 1573 3059 1636 cmdat,
3094 1573 3200 1633 vel.
3237 1588 3417 1628 secre-

1818 1665 1953 1719 tiore
2008 1664 2240 1734 piaculo,
2298 1666 2465 1719 larem
2519 1666 2657 1731 igne,
2706 1681 2856 1719 mero
2902 1667 3139 1735 genium,
3192 1676 3414 1735 penates

1818 1757 1987 1812 odore
2034 1768 2350 1819 veneratus,
2394 1758 2649 1812 accendat
2680 1758 2905 1823 lumina,
2933 1759 3173 1828 imponat
3206 1759 3359 1813 thura
3388 1801 3403 1824 ,

144 1861 376 1909 conventu
401 1855 549 1909 urbis
577 1865 629 1910 et
654 1855 921 1926 frequenti
944 1866 1087 1913 ctetu
1116 1857 1379 1913 videatur.
1410 1857 1711 1928 Expcricu-
1745 1866 1793 1925 B
1820 1859 1960 1903 Serm
2004 1849 2319 1920 ειιςρνιιιιιιι.
2377 1850 2403 1923 §
2447 1851 2494 1906 Ι-
2538 1851 2689 1919 Quod
2737 1852 2780 1906 si
2824 1852 3087 1923 quispiam
3140 1852 3420 1908 immolare

146 1945 201 1999 tia
226 1955 323 2013 tua,
350 1948 493 2001 omni
515 1958 765 2003 votorum
788 1950 1107 2004 celebritate
1131 1960 1368 2016 servata,
1394 1950 1716 2005 auctoritate

144 2038 286 2093 nostri
315 2040 379 2092 ita
412 2048 599 2107 patere
632 2040 890 2110 templum
922 2041 1197 2110 permittat
1239 2041 1444 2096 oraculi
1468 2084 1481 2104 ,
1506 2058 1574 2096 ne
1607 2042 1717 2097 illic

147 2133 510 2203 prohibiturum
573 2152 703 2189 usus
758 2137 1148 2191 sacrificiorum
1203 2137 1362 2206 hujus
1415 2137 1717 2193 occasionis

143 2225 289 2281 aditus
316 2227 613 2299 permissus
644 2242 765 2283 esse
797 2229 1070 2283 credatur.
1101 2229 1221 2284 Dat.
1250 2230 1385 2297 prid.
1427 2228 1551 2284 Kal.
1586 2228 1713 2285 Dec.

145 2317 585 2393 Constantiiwpoli,
615 2320 838 2374 Antonio
868 2330 915 2374 et
943 2321 1167 2394 Syagrio
1196 2321 1343 2377 Coss.
1378 2321 1553 2396 (582).

198 2411 241 2465 9.
270 2411 427 2467 Iidem
460 2412 623 2468 ΑΑΑ.
672 2412 897 2485 Cynegio
920 2412 1021 2484 Pf.
1053 2414 1117 2469 Ρ.
1152 2415 1227 2469 Nc.
1258 2418 1379 2485 quis
1407 2416 1712 2471 mortalium

142 2504 198 2556 ita
228 2502 444 2561 faciendi
467 2506 722 2561 sacrificii
759 2519 933 2561 sumat
961 2508 1265 2572 audaciam,
1290 2519 1347 2563 ut
1380 2510 1716 2580 inspectione

136 2596 307 2667 jecoris
346 2610 707 2669 estorumqne
735 2594 1003 2671 praesagio
1033 2617 1184 2656 vana:
1213 2616 1364 2670 Spem
1400 2603 1715 2671 promissio-

141 2690 205 2744 nis
230 2693 484 2761 accipiat,
537 2694 642 2757 vel,
675 2692 815 2763 quod
844 2704 929 2750 est
956 2694 1195 2749 deterius
1216 2738 1231 2762 ,
1264 2695 1441 2750 futura
1488 2698 1588 2751 sub
1620 2713 1715 2752 ex-

138 2787 354 2840 secrabili
376 2787 786 2842 consultatione
815 2799 1129 2859 Cognoscat.
1166 2788 1477 2844 Acerbioris
1509 2790 1712 2845 etenim

137 2876 409 2935 imminebit
438 2880 697 2951 supplicii
727 2883 999 2937 cruciatus
1024 2884 1101 2937 eis
1123 2924 1139 2950 ,
1172 2883 1259 2954 qui
1282 2926 1297 2949 ,
1339 2896 1527 2938 contra
1571 2884 1713 2939 veti-

137 2981 266 3037 tum,
309 2977 666 3045 prmsetttium
701 2975 786 3032 vel
839 2976 1139 3031 futurarum
1191 2991 1371 3031 rerum
1425 2977 1715 3046 explorare

137 3070 430 3124 tentaverint
454 3070 766 3124 veritatem.
796 3068 922 3124 Dat.
964 3068 1106 3123 VIII
1144 3069 1265 3124 Kal.
1290 3070 1418 3124 Jun.
1462 3070 1715 3126 Constan-

136 3161 326 3230 τίποροιὶ
349 3207 362 3225 ,
414 3164 645 3218 Arcadio
672 3164 734 3219 Α.
769 3165 815 3217 I.
847 3177 893 3219 et
922 3162 1153 3220 Bautone
1189 3164 1246 3219 V.
1272 3164 1333 3219 C.
1363 3164 1509 3221 Coss.
1536 3163 1709 3239 (585).

1820 1940 2051 1996 hostiam
2082 1943 2483 1998 sacrilicaturus
2508 1944 2726 1999 audebit
2747 1956 2838 1998 aut
2864 1945 3123 2013 spirantia
3146 1954 3265 1998 exta
3291 1958 3421 1997 cou-

1819 2037 1997 2092 sulcre
2022 2079 2035 2102 ,
2072 2037 2137 2090 ad
2171 2038 2476 2106 exemplum
2518 2039 2815 2108 majestatis
2838 2054 2963 2093 rens
2985 2080 2998 2102 ,
3037 2037 3177 2091 licita
3211 2037 3420 2094 cunctis

1817 2132 2191 2196 accusatione,
2226 2131 2433 2186 delatus
2464 2132 2697 2203 excipiat
2738 2133 3060 2187 sententiam
3106 2144 3419 2203 competen-

1820 2239 1949 2293 tem,
1997 2230 2207 2283 etiamsi
2249 2229 2379 2283 nihil
2414 2239 2599 2283 contra
2628 2228 2852 2283 salutem
2888 2230 3190 2300 principum
3224 2237 3316 2282 ant
3352 2227 3421 2283 de

1820 2325 1995 2379 salute
2037 2325 2329 2394 qumsierit.
2387 2322 2598 2379 Sufficit
2640 2325 2781 2378 enim
2826 2322 2892 2378 ad
2928 2324 3170 2377 Criminis
3221 2322 3415 2376 tnoletn

1820 2429 2024 2473 natura:
2056 2418 2223 2486 ipsius
2252 2419 2393 2489 leges
2424 2418 2562 2473 velle
2592 2418 2921 2481 rescindere,
2949 2417 3136 2487 illicita
3166 2431 3415 2487 perscru-

1818 2509 1952 2573 tari,
2007 2509 2218 2564 occulta
2262 2508 2570 2575 recludere,
2619 2508 2906 2563 interdicta
2958 2517 3195 2572 tentare,
3251 2507 3415 2560 finem

1819 2620 2065 2675 qumrerc
2093 2604 2281 2658 Salutis
2316 2603 2508 2658 alienat
2536 2644 2551 2667 ,
2598 2617 2746 2672 spem
2780 2602 2938 2657 alieni
2981 2600 3230 2655 interitus
3258 2600 3419 2670 polli-

1819 2697 1949 2752 ceri.
1994 2694 2021 2769 ς
2062 2697 2112 2750 2.
2155 2695 2209 2751 Si
2243 2696 2361 2765 quis
2393 2710 2519 2749 vero
2551 2695 2768 2749 mortali
2799 2710 2964 2765 opere
2991 2694 3126 2748 faeta
3155 2705 3204 2746 et
3243 2707 3419 2747 arvum

1819 2806 2042 2861 paSsura
2074 2789 2365 2843 simulacra
2389 2787 2644 2856 imposito
2679 2787 2835 2841 thure
2866 2785 3317 2845 venerabitur,ac
3346 2784 3422 2838 ri—

1817 2874 1999 2937 diculo
2027 2883 2281 2952 exetuplo
2309 2893 2560 2936 metuens
2596 2880 2800 2945 Subito,
2830 2895 2947 2948 qua:
2980 2878 3096 2946 ipse
3129 2876 3420 2931 simulave-

1818 2978 1907 3042 rit,
1939 2975 2019 3029 vel
2050 2975 2293 3030 redimita
2329 2974 2477 3028 vittis
2504 2974 2718 3037 arbore,
2751 2973 2833 3027 vel
2864 2982 3041 3028 erecta
3082 2969 3293 3025 effossis
3324 2986 3416 3024 ara

1819 3068 2135 3139 cespitibus,
2172 3082 2336 3122 vanas
2373 3068 2655 3137 imagines,
2700 3065 2987 3119 humiliore
3018 3065 3141 3119 licet
3177 3066 3420 3120 muneris

1822 3163 2064 3231 praemio,
2092 3172 2267 3216 tamen
2297 3162 2449 3230 plena
2477 3159 2754 3229 religionis
2785 3158 2977 3228 injuria
3004 3155 3272 3211 honorare
3296 3166 3415 3210 ten-

192 3255 268 3310 10.
308 3254 473 3311 Iidem
512 3256 671 3311 ΑΑΑ.
701 3257 769 3311 ad
800 3257 1043 3311 Albinum
1080 3256 1172 3327 Pi.
1204 3256 1268 3311 Ρ.
1294 3256 1465 3312 Nemo
1496 3272 1554 3311 se
1588 3258 1712 3310 hos.
1737 3253 1782 3315 C
1819 3256 2012 3310 taverit
2035 3298 2047 3318 ,
2079 3257 2154 3321 is,
2190 3263 2379 3321 utpote
2408 3255 2619 3308 violata!
2653 3252 2928 3323 rcligioois
2968 3267 3123 3317 reus,
3158 3267 3222 3306 ea
3251 3254 3415 3305 domo

137 3344 207 3400 liis
235 3349 466 3418 polluat,
501 3366 666 3403 nemo
698 3350 963 3405 insontem
997 3349 1269 3405 victimam
1302 3349 1509 3413 ccedat,
1551 3364 1710 3403 nemo

137 3441 335 3495 delubra
368 3444 569 3506 adeat,
604 3442 802 3512 templa
844 3442 1135 3513 perlnstret
1158 3483 1171 3507 ,
1213 3449 1267 3496 ct
1300 3441 1513 3496 mortali
1547 3455 1713 3510 opere

140 3530 342 3589 formata
366 3534 664 3590 simulacra
689 3535 947 3605 suspiciat
972 3577 985 3598 ,
1013 3553 1079 3589 ne
1105 3534 1303 3588 divinis
1335 3544 1494 3605 atque
1524 3532 1714 3588 buma-

136 3626 202 3679 nis
229 3629 598 3683 sanctionibus
628 3644 753 3683 reus
785 3627 897 3683 fiat.
932 3626 1151 3683 Judiccs
1193 3644 1407 3697 quoque
1438 3627 1575 3681 hanc
1606 3627 1712 3680 fur-

136 3733 252 3773 ntam
287 3722 641 3785 contineant,
675 3732 733 3775 ut
760 3763 774 3786 ,
819 3721 862 3774 si
894 3720 1016 3791 quis
1066 3719 1288 3789 profano
1331 3720 1454 3773 ritui
1497 3719 1711 3774 deditus

135 3814 363 3884 templum
394 3813 611 3883 u5piatn
636 3813 719 3867 vel
752 3814 802 3866 itt
829 3814 1023 3867 itinere
1052 3812 1132 3866 vel
1160 3812 1209 3865 iit
1242 3812 1371 3865 urbe
1390 3811 1713 3865 adoratnrus

134 3903 408 3972 intraverit,
435 3906 748 3977 quindecim
770 3904 949 3975 pondo
967 3906 1084 3959 auri
1110 3904 1224 3974 ipsc
1249 3903 1492 3975 protinus
1514 3902 1714 3957 inferre

129 4011 361 4068 Cogatur;
396 4016 501 4056 nec
543 4015 647 4055 non
681 3999 918 4055 officimn
953 4001 1074 4066 ejus
1106 4014 1286 4068 parem
1335 4014 1600 4053 summam
1635 3998 1711 4051 si-

131 4092 223 4148 tnili
249 4097 561 4151 maturitate
583 4095 845 4151 dissolvat,
877 4136 890 4159 ,
920 4095 962 4147 si
997 4111 1103 4148 non
1131 4103 1186 4149 et
1216 4092 1672 4161 obstiteritjudici
1694 4134 1709 4159 ,

127 4197 169 4236 et
194 4186 469 4242 confestim
505 4188 718 4256 publica
764 4187 1113 4241 attestatione
1142 4186 1412 4240 retulerit.
1445 4184 1712 4240 Consula-

129 4291 201 4332 rcs
221 4293 403 4347 senas,
436 4279 621 4335 officia
650 4296 840 4334 eorum
883 4278 1047 4332 simili
1076 4278 1271 4341 modo,
1295 4287 1635 4332 correctores
1660 4285 1715 4331 et

128 4372 361 4435 praesides
413 4385 752 4441 quaternas.
803 4373 1173 4443 apparitiones
1213 4373 1431 4427 illorum
1478 4365 1711 4426 similem

126 4476 345 4518 normam
376 4464 575 4535 arquali
596 4474 744 4518 Sorte
774 4463 1094 4519 dissolvent.
1122 4462 1244 4520 Dat.
1280 4462 1350 4517 VI
1394 4463 1521 4518 Kal.
1549 4464 1710 4519 Mart.

128 4553 427 4621 Hediolauo,
467 4558 690 4612 Tatiano
717 4568 764 4612 et
792 4556 1107 4629 Symmacho
1138 4556 1282 4612 Coss.
1317 4555 1493 4630 (591).

1815 3364 1910 3401 St'u
1955 3349 2298 3418 possessione
2338 3347 2706 3411 mttlctabitur,
2759 3346 2810 3400 itt
2850 3363 2951 3417 qua
2991 3362 3112 3400 eum
3152 3345 3415 3415 gentililia

1814 3444 2119 3497 constiterit
2161 3442 2544 3508 superstitione
2586 3442 2921 3496 famulatum.
2967 3440 3207 3512 Namque
3238 3441 3417 3495 omnia

1817 3536 1953 3601 loca,
1981 3552 2099 3605 quae
2125 3535 2300 3589 ll-ttris
2330 3536 2635 3590 Conslilcril
2664 3551 2866 3603 vapore
2889 3534 3204 3595 futuasSe,si
3238 3545 3417 3589 tamen

1815 3642 1874 3682 ea
1932 3629 1980 3681 itt
2008 3629 2130 3696 jure
2183 3627 2348 3683 fuisse
2395 3628 2818 3683 tlturilicantium
2851 3628 3239 3697 probabuntur,
3288 3629 3419 3683 fisco

1816 3734 2000 3775 nostro
2027 3722 2344 3777 associanda
2374 3738 2679 3777 censemus.
2732 3720 2759 3795 ξ
2803 3722 2853 3777 5.
2901 3722 2994 3777 Sin
3030 3739 3157 3776 vero
3190 3722 3241 3776 in
3281 3733 3416 3775 tctu—

1818 3816 1919 3885 plis
1965 3814 2175 3869 fanisve
2228 3813 2453 3883 publicis
2491 3828 2580 3868 aut
2630 3815 2679 3868 in
2726 3815 2931 3869 aedibus
2973 3816 3185 3886 agrisve
3226 3816 3416 3870 alienis

1819 3907 1925 3962 tale
1955 3907 2220 3979 quispiam
2249 3907 2589 3961 sacrilicamli
2616 3921 2785 3976 genus
2817 3923 3071 3961 exercere
3103 3909 3415 3973 tcutavet‘it,

1817 3999 1859 4054 si
1910 3997 2192 4068 ignorante
2240 3999 2463 4053 domino
2508 4011 2759 4068 usurpata
2810 4001 3157 4065 constiterit,
3211 3999 3403 4067 viginti

1817 4096 2053 4162 quinque
2094 4093 2256 4148 libras
2278 4094 2391 4147 auri
2424 4093 2637 4147 mulctm
2666 4094 2884 4147 nomine
2917 4104 3138 4163 cogetur
3170 4092 3370 4148 inferre
3397 4136 3411 4160 ,

1816 4183 2197 4239 conniventcm
2232 4199 2358 4239 vero
2393 4184 2515 4240 huic
2556 4188 2746 4241 sceleri
2787 4202 2885 4257 par
2915 4203 2978 4241 ac
3015 4187 3410 4241 sacrificantem

1815 4294 1975 4350 poena
2012 4278 2283 4332 retinebit.
2321 4277 2348 4348 §
2380 4277 2435 4331 4.
2470 4278 2621 4345 Ωιιυό
2652 4277 2865 4348 quidem
2894 4278 2961 4331 ita
2996 4278 3321 4345 perjudiccs
3345 4293 3408 4332 ac

1814 4373 2129 4427 defensores
2176 4383 2228 4427 et
2260 4373 2490 4427 curiales
2534 4372 2862 4443 singularum
2914 4374 3125 4427 urbium
3158 4372 3404 4428 volumus

1814 4468 2114 4535 custodiri,
2145 4478 2200 4521 ut
2229 4468 2370 4522 illico
2399 4484 2491 4536 per
2524 4469 2621 4522 ltos
2650 4480 2923 4537 comperta
2954 4469 3004 4523 in
3028 4469 3287 4539 judicium
3316 4472 3417 4526 de-

1816 4561 2060 4616 ferantur
2083 4602 2095 4622 ,
2130 4576 2223 4629 per
2255 4561 2377 4615 illos
2407 4560 2582 4615 delata
2614 4561 2934 4629 plectantur.
2978 4561 3033 4618 Si
3066 4562 3195 4631 quid
3221 4574 3406 4619 autem

185 4648 264 4702 Η.
323 4649 496 4703 Iidem
548 4649 699 4702 ΑΑΑ.
765 4648 990 4720 Evagrio
1037 4646 1293 4719 Praefecto
1342 4646 1612 4719 Augustali
1659 4657 1705 4702 et
1735 4648 1786 4708 D
1817 4654 1851 4708 ii
1885 4653 2171 4724 tegendum
2197 4654 2366 4724 gratia
2396 4662 2489 4706 aut
2516 4655 2718 4707 incuria
2751 4656 3265 4721 praetermittendum
3296 4672 3419 4713 csso

127 4737 334 4797 Romano
360 4744 554 4798 Comiti
585 4742 825 4814 ﬁgypti.
872 4742 1015 4797 Nulli
1060 4741 1398 4797 sacrificandi
1437 4742 1708 4797 tribuatur

124 4844 371 4901 potestas,
422 4851 589 4892 nemo
639 4835 837 4904 templa
889 4834 1217 4901 circumeat,
1273 4851 1433 4889 nemo
1481 4836 1705 4890 delubra

125 4931 385 4998 suspiciat.
425 4929 761 4985 lnterclusos
796 4927 901 4984 sibi
919 4942 1117 4984 nostric
1139 4930 1565 5001 legisobstaculo
1582 4947 1708 5002 pro-

123 5016 259 5075 fanos
290 5023 473 5077 aditus
504 5026 901 5094 recognoscant
928 5022 1086 5090 adeo,
1118 5033 1195 5091 ut,
1221 5024 1267 5079 si
1288 5026 1377 5095 qui
1402 5026 1485 5080 vel
1510 5025 1577 5079 de
1602 5025 1707 5082 diis

120 5116 303 5185 aliquid
353 5131 548 5175 contra
602 5120 828 5175 vetitum
868 5120 1145 5191 sacrisque
1192 5120 1488 5189 molictur,
1540 5122 1705 5176 nullis

122 5212 409 5269 exuendam
433 5228 496 5271 se
521 5213 872 5285 indulgentiis
893 5225 1265 5285 recognoscat.
1293 5212 1464 5270 ludes
1488 5229 1704 5285 quoque

1814 4746 2180 4811 Crediderint,
2209 4747 2564 4801 commotioni
2593 4746 2893 4817 jndiciaritc
2922 4748 3299 4817 sultjaccltunt.
3334 4750 3415 4804 Illi

1815 4857 1945 4895 vero
1974 4841 2161 4895 moniti
2205 4841 2247 4893 si
2287 4838 2578 4894 vindictam
2617 4839 3051 4894 dissimulatione
3083 4841 3412 4904 distulerint,

1815 4936 2035 5006 triginta
2067 4935 2319 4989 librarum
2348 4936 2460 4987 auri
2494 4933 2779 5003 dispendio
2813 4935 3253 4990 mulctabuntnr:
3298 4934 3423 4989 offi-

1814 5028 1913 5084 ciis
1987 5043 2200 5097 quoque
2273 5042 2460 5081 eorum
2531 5025 2731 5080 danmo
2804 5025 2962 5095 parili
3040 5025 3413 5095 subjugandis.

1816 5122 1939 5176 Dat.
1996 5119 2067 5174 VI
2112 5119 2199 5175 Id.
2265 5119 2399 5175 Nov.
2453 5117 2920 5191 ConstantinOpoli,
2971 5117 3194 5171 Arcadio
3245 5119 3305 5171 Λ.
3349 5115 3415 5171 II

1812 5226 1857 5269 at
1900 5212 2092 5284 Ruﬁno
2148 5212 2291 5269 Cass.
2351 5212 2527 5285 (392).

3938 822 3941 835 ,

3938 1096 3941 1161 ι

3938 1534 3941 1665 l
