3950 6350
487 315 490 322 ,
571 249 681 306 διδ
1681 251 1996 312 sanares
2039 253 2047 282 ε

2203 253 2332 312 ,1υὸ
2371 252 2852 314 TRIDENTINUS.
3690 270 3763 327 είιι

592 386 3726 425 mm

1917 489 2276 564 APPEN
2285 491 2503 564 DlX.

2148 637 2305 650 —.—

883 723 1221 782 EPISTOLA
1277 723 1569 782 CONCILII
1625 723 2433 784 CONSTANTINOPOLITANI
2488 724 2903 784 {ECUMENICI
2973 728 3064 784 AD
3127 727 3540 788 THEODOSlUll

1959 818 2487 875 IMPERATORE“.

1723 954 1899 1019 (Labb.
1925 955 2105 1006 Concil.
2133 963 2171 1007 t.
2199 953 2264 1016 Π,
2287 955 2382 1006 col.
2405 957 2664 1021 Qui-946.)

571 1092 873 1167 Religionis
903 1106 965 1148 ac
989 1091 1205 1162 pietatis
1230 1089 1734 1156 observantissime,
1762 1088 1972 1160 Deique
1988 1104 2131 1143 amat

2330 1099 2362 1165 ᾧ
2389 1091 2744 1164 εὐσεϐεστάτῳ
2786 1093 2992 1165 βασιλεῖ
3029 1092 3285 1167 Θεοδοσίῳ
3330 1097 3360 1154 ἡ
3386 1094 3497 1168 ἁγία
3522 1097 3780 1161 συνὸδοςτῶν
3885 1088 3890 1204 1

2363 1186 2374 1202 .
2517 1185 2526 1201 .
2710 1194 2732 1204 -
2798 1187 2811 1203 .
2873 1184 2898 1204 .
3000 1187 3008 1204 .
3167 1191 3178 1204 .
3368 1197 3389 1204 -
3750 1194 3760 1204 .

646 1190 858 1246 tissimo
905 1186 1217 1258 imperatori
1248 1185 1579 1252 Theodosio,
1613 1195 1860 1240 sanctum
1883 1183 2174 1239 concilium

2353 1185 2643 1240 ἐπισκόπων
2666 1194 2768 1257 τῷν
2790 1187 2841 1240 ἐκ
2868 1184 3121 1264 διαφόρων
3158 1191 3422 1266 ἐπαρχιῶν
3448 1192 3725 1248 συνελθόντων
3746 1194 3779 1250 is

641 1283 1050 1354 episcoporum,
1073 1279 1168 1352 qui
1198 1296 1264 1335 ex
1288 1278 1521 1335 diversis
1550 1278 1840 1349 provinciis
1868 1275 2176 1333 Constanti-

1301 1278 1521 1335 iiversis
1550 1278 1840 1349 provinciis
1868 1275 2176 1333 Constanti-
2354 1282 2861 1337 Κωνσταντινοπὸλει.

643 1377 828 1447 nopoli
855 1384 1248 1432 convenerunt.

642 1469 802 1525 Initio
832 1469 1054 1541 quidem
1085 1467 1252 1522 nostri
1277 1466 1341 1520 ad
1367 1475 1508 1521 tuam
1537 1465 1786 1536 pietatem
1817 1464 2026 1537 scripti,
2053 1481 2178 1537 gra-

2353 1458 2525 1537 Ἀρχὴ
2552 1463 2642 1532 μὲν
2674 1463 2791 1533 ἠβν
2817 1467 2911 1517 τοῦ
2937 1465 3070 1538 πρὸς
3109 1468 3200 1523 τὴν
3238 1467 3332 1523 σὴν
3361 1464 3590 1519 εὐσέϐειαν
3611 1464 3784 1539 γράμμα·

573 1563 676 1619 tias
716 1563 927 1633 agimus
960 1562 1108 1629 Deo,
1141 1560 1232 1632 qni
1261 1569 1366 1614 tuae
1391 1559 1607 1630 pictatis
1639 1559 1921 1628 imperium
1970 1561 2133 1613 consti

2278 1575 2402 1619 τος,
2458 1555 2776 1630 εὐχαριστία
2800 1558 2933 1631 πρὸς
2983 1559 3068 1613 τὸν
3117 1559 3237 1613 Θεὸν
3287 1560 3371 1614 τὸν
3415 1555 3691 1624 ἀναδείξαντα
3725 1568 3785 1621 τῆς

573 1654 674 1709 tuit
695 1654 763 1709 ad
786 1668 1130 1709 communem
1159 1667 1344 1720 pacem
1377 1652 1767 1714 Ecclesiarum.
1799 1661 1852 1706 ct
1877 1666 2021 1706 sana:
2054 1651 2133 1705 1ἰώ

2279 1651 2536 1727 ὑμετέρας
2585 1652 2848 1714 εὐσεϐείας
2877 1656 2969 1710 τήν
2998 1652 3294 1723 βασιλείαν,
3328 1652 3408 1707 ἐπί
3427 1661 3550 1728 κοινῇ
3573 1660 3653 1708 τῶν
3667 1651 3788 1710 ἐκκλη-

570 1745 1038 1802 eonﬁrmationem
1075 1763 1088 1800 :
1121 1755 1343 1816 agentes
1371 1752 1551 1799 autem
1579 1744 1690 1799 Deo
1710 1744 1918 1799 debitas
1945 1744 2130 1815 gratias

2281 1752 2406 1798 σιῶν
2427 1747 2593 1820 εἰρήνῃ
2616 1747 2699 1798 καί
2719 1753 2808 1804 τῆς
2830 1745 3008 1818 ὐγιοῦς
3019 1747 3243 1805 πίστεως
3260 1743 3790 1821 στηριγμῷ”ἁποδιδόντες

574 1839 886 1895 neceSsario
910 1853 1126 1909 quoque
1157 1854 1219 1892 ea
1246 1853 1366 1909 qua:
1391 1845 1510 1892 acta
1548 1849 1672 1892 sunt
1697 1837 1748 1890 in
1779 1848 1969 1891 sancto
1990 1834 2134 1891 conci

2279 1833 2333 1890 δέ
2376 1844 2450 1909 τῷ
2477 1844 2588 1909 Θεῷ
2617 1841 2710 1896 τήν
2741 1838 3057 1910 ὀφειλομένην
3091 1839 3448 1913 εὐχαριστίαν,
3470 1839 3710 1910 ἀναγκαίως
3735 1842 3792 1890 καὶ

573 1931 671 1999 lio,
699 1932 767 1987 ad
799 1939 944 1986 tuam
970 1929 1256 1986 referimus
1283 1929 1568 2001 pietatem;
1597 1944 1789 2000 nempe
1815 1929 1959 2000 quod
1982 1944 2049 1984 ex
2070 1944 2133 1999 qu

2279 1930 2345 1983 τὰ
2387 1930 2695 2001 γεγενημένα
2747 1931 2876 1984 κατὰ
2909 1929 3058 2003 ἁγίαν
3094 1927 3306 1984 συνόδον
3339 1931 3461 2006 πρὸς
3486 1934 3567 1988 τήν
3587 1935 3664 1987 σὴν
3689 1931 3789 1984 εὐσέ-

575 2034 818 2096 tempore
867 2025 1018 2095 juxta
1069 2019 1279 2079 litteras
1306 2032 1411 2078 tua:
1453 2024 1664 2094 pietatis
1705 2021 2134 2092 ConstantinOpo

2336 2043 2423 2076 iano
2449 2023 2792 2100 ἀναφέρομενο
2830 2026 2916 2078 καί
2954 2020 3034 2079 ὅτι
3067 2019 3394 2084 συνελθόντες
3428 2025 3493 2083 είς
3510 2027 3590 2082 τήν
3611 2037 3796 2077 luant:-

574 2117 948 2183 convenimus,
985 2117 1216 2186 primum
1246 2115 1464 2188 quidem
1495 2125 1735 2170 mutnam
1767 2117 1908 2170 inter
1929 2131 2028 2170 nos
2048 2130 2134 2170 cet

2280 2119 2421 2171 τινού
2444 2116 2588 2171 πόλιν
2614 2119 2744 2172 κατὰ
2770 2119 2828 2172 τὸ
2847 2119 3059 2194 γράμμα
3095 2127 3186 2178 τῆς
3220 2127 3318 2178 σῆς
3366 2118 3623 2180 εὐσεϐείας,
3649 2124 3797 2192 πρῶτον

575 2209 819 2265 cordiam
873 2209 1254 2265 rcnovavimus
1297 2228 1310 2264 :
1363 2209 1558 2265 deinde
1597 2225 1725 2265 vero
1772 2209 1967 2264 breves
2015 2209 2135 2264 etiai

2281 2211 2372 2279 μὲν
2403 2211 2782 2281 ἁνενεωσὰμεθα
2804 2216 2894 2270 τὴν
2923 2211 3055 2286 πρὸς
3085 2210 3326 2272 ἀλλήλους
3352 2209 3586 2282 ὁμόνοιαν·
3611 2207 3749 2263 ἔπειτα
3762 2205 3798 2262 δὲ

575 2301 1044 2372 pronuntiavimns
1091 2301 1438 2358 deﬁnitiones
1463 2343 1479 2368 ,
1508 2302 1703 2373 quibus
1732 2309 1786 2356 et
1815 2309 2054 2370 patrum,
2084 2316 2135 2371 qt

2338 2303 2364 2355 εὶ
2394 2301 2677 2374 συντόμους
2713 2298 2862 2376 ὄρους
2883 2303 3286 2374 ἐξεφωνὴσαμεν,
3328 2307 3417 2361 τήν
3450 2322 3500 2357 τε
3526 2308 3612 2356 τῶν
3628 2300 3799 2373 πατέρων

575 2394 770 2451 Νἰοωαδ
792 2397 1102 2467 congregati
1129 2397 1364 2462 fuerunt,
1394 2395 1556 2450 ﬁdem
1585 2395 2056 2461 conﬁrmavimus;
2089 2404 2135 2448 et

2280 2395 2456 2450 πίστιν
2483 2402 2583 2450 τῶν
2605 2395 2656 2450 ἐν
2686 2399 2864 2470 Nursia;
2909 2398 3259 2470 κυρώσαντες,
3310 2399 3396 2450 καί
3432 2396 3519 2456 τὰς
3557 2393 3650 2449 κατ’
3685 2393 3799 2451 αὐτῆς

578 2506 698 2561 quae
739 2489 1001 2546 adversus
1029 2505 1150 2545 eam
1191 2489 1399 2545 obortzc
1430 2499 1576 2554 sunt,
1629 2504 1917 2559 perversas
1942 2488 2138 2543 barrese

2240 2483 2552 2561 Βὲκφυείσας
2582 2489 2809 2566 αἱρέσεις
2849 2490 3338 2561 ἀναθεματίσαντες.
3391 2490 3510 2565 Πρὸς
3544 2486 3590 2543 δέ
3625 2483 3800 2546 τοΰτοις.

576 2598 640 2639 ac
688 2599 879 2653 pravas
933 2582 1218 2652 Opinioncs
1271 2590 1516 2637 extrema
1569 2596 1688 2636 cum
1719 2581 2136 2636 exsecratione:

2340 2588 2373 2639 ιί
2411 2585 2544 2661 ὐπέρ
2592 2594 2685 2645 τῆς
2734 2585 2972 2649 εὐταξίας
3016 2591 3117 2640 τῶν
3148 2583 3426 2643 ἐκκλησιῶν
3464 2583 3630 2657 ῥητῶς
3650 2577 3804 2636 κανόνας

576 2675 936 2730 detestatione
965 2675 1398 2747 reprobavimns.
1454 2675 1720 2728 Przclerea
1748 2674 1908 2729 etiam
1940 2673 2004 2727 ad
2036 2684 2136 2729 rect

2289 2681 2549 2755 ὡρίσαμεν
2571 2693 2584 2708 ⁸
2609 2677 2743 2752 ἅπερ
2768 2677 2973 2734 ἅπαντα
2993 2675 3122 2750 τῷδε
3156 2680 3298 2748 ἡμῶν
3323 2685 3396 2748 τῷ
3413 2677 3648 2752 γράμματι
3668 2672 3804 2725 ὐπετά·

576 2767 1010 2823 constituendnm
1041 2777 1098 2823 et
1141 2767 1500 2822 ordinandum
1533 2775 1731 2822 Statum
1763 2775 1819 2822 ct
1842 2766 2136 2845 disciplinal

2287 2774 2464 2844 ξαμεν.
2500 2771 2721 2842 Δεόμεθα
2763 2773 2931 2824 τοίνυν
2967 2779 3059 2831 τῆς
3094 2777 3192 2831 σῆς
3229 2768 3490 2829 εὐσεϐείας
3514 2765 3805 2840 ἐπικυρωθῆναι

580 2861 947 2916 Εοοὲεείδιυηι
975 2901 990 2926 ,
1023 2869 1208 2917 certos
1236 2876 1475 2917 canones
1501 2861 1785 2916 statuimus
1817 2880 1830 2916 :
1864 2863 2140 2930 quaeomni

2342 2872 2380 2925 ἒς
2409 2861 2626 2918 συνόδου
2679 2871 2770 2923 τῆς
2823 2862 3012 2937 ψῆφον·
3052 2860 3113 2916 ’ἶν’
3151 2864 3336 2938 ὥσπερ
3377 2868 3486 2921 τοῖς
3525 2865 3606 2918 τῆς
3642 2855 3807 2914 κλήσεως
3901 2864 3902 2869 “

580 2952 704 3009 huic
717 2967 832 3010 nos:
845 2969 906 3009 ro
919 2955 1120 3024 scripto
1131 2954 1459 3025 subjecimns
1474 2952 1849 3027 (a).l{ognmns
1863 2955 2024 3024 igitur
2038 2964 2140 3008 luat

2287 2959 2561 3032 γράμμασι
2615 2963 2703 3017 τήν
2759 2956 3053 3016 Ἐκκλησίαν
3110 2960 3426 3030 τετίμηκας,
3477 2953 3599 3009 οὕτω
3636 2955 3702 3004 καὶ
3740 2955 3809 3004 τῶν

581 3048 929 3103 clementiam
954 3091 968 3115 ,
1007 3059 1065 3104 ut
1107 3065 1204 3118 per
1237 3050 1440 3104 litteras
1467 3064 1681 3120 quoque
1714 3061 1818 3103 tute
1865 3049 2078 3120 pietatis
2101 3067 2141 3104 rt

2288 3047 2536 3114 δοξάντων
2575 3051 2949 3125 ἑπισφραγίσῃς
2979 3051 3229 3112 τὸτέλος.
3265 3049 3325 3106 Ὀ
3355 3047 3407 3104 δέ
3454 3049 3615 3122 Κύριος
3653 3041 3808 3113 στηρξῃ

571 3152 682 3198 tum
726 3141 988 3198 habeatur
1017 3143 1235 3198 concilii
1285 3143 1565 3198 decretum
1602 3161 1613 3196 :
1651 3153 1706 3197 ut
1737 3144 1896 3198 sicuti
1948 3143 2131 3198 litteris

2344 3165 2385 3197 δυ
2425 3148 2516 3202 τὴν
2564 3143 2830 3215 βασιλείαν
2865 3145 2916 3198 ἐν
2958 3145 3128 3220 εἰρήνῃ
3164 3147 3248 3197 καί
3281 3141 3580 3212 δικαιοσύνῃ,
3604 3139 3676 3191 καί
3697 3153 3813 3206 παρα-

575 3235 770 3307 quibns
810 3251 908 3292 nos
938 3239 1285 3301 convocasti,
1321 3237 1622 3293 Ecclesiam
1671 3238 1880 3294 honore
1925 3253 2135 3309 prosecu

2288 3237 2465 3312 πέμψῃ
2493 3245 2692 3311 γενεαῖς
2741 3245 2943 3311 γενεῶν,
2990 3240 3075 3292 καί
3095 3237 3348 3312 προσθείῃ
3378 3243 3450 3308 τῷ
3478 3233 3657 3304 ἐπιγείῳ
3683 3229 3811 3301 κράτει

577 3337 662 3384 tus
693 3346 784 3398 es,
839 3333 912 3386 ita
961 3333 1123 3387 etiam
1177 3333 1341 3388 linem
1383 3348 1572 3388 eorum
1623 3349 1742 3403 qum
1772 3333 1993 3387 decreta
2023 3344 2137 3389 sunt

2289 3335 2372 3386 καί
2427 3339 2518 3391 τῆς
2589 3332 2859 3404 βασιλείας
2938 3340 3031 3392 τῆς
3079 3331 3391 3405 ἐπουρανίου
3439 3332 3524 3386 τὴν
3575 3322 3810 3379 ἀπόλαυσιν-

575 3425 852 3496 obsignes.
888 3425 1147 3482 Dominus
1173 3436 1353 3480 autem
1397 3426 1682 3497 imperium
1712 3433 1860 3482 tuum
1889 3427 1940 3480 in
1975 3440 2135 3492 pacet

2293 3421 2599 3497 Ἐῥρωμένον
2625 3445 2706 3489 σε,
2740 3427 2826 3480 καί
2857 3425 2906 3479 ἐν
2943 3429 3078 3480 πᾶσι
3113 3430 3225 3484 τοῖς
3280 3423 3452 3482 καλοῖς
3478 3418 3762 3494 διαπρέποντι
3796 3408 3812 3462 ὅ

569 3517 781 3589 jusmia
833 3519 1101 3586 stabiliat,
1161 3528 1217 3574 et
1263 3519 1524 3590 producat
1578 3518 1633 3573 in
1684 3519 1880 3573 multas
1906 3528 2129 3573 astatest

2286 3521 2408 3578 Θεὸς
2457 3521 2738 3595 χαρίσαιτο
2783 3525 2846 3593 τῇ
2889 3519 3170 3591 οἰκουμένῃ,
3214 3518 3409 3590 εὐχαῖς
3437 3523 3530 3570 τῶν
3573 3512 3718 3585 ἁγίων,
3756 3505 3815 3560 τὸν

578 3612 954 3684 generationes
974 3654 987 3677 ,
1017 3623 1179 3682 atque
1209 3611 1275 3666 ad
1319 3623 1595 3666 terrenum
1627 3611 1909 3681 imperium
1936 3610 2138 3666 t‘tBlesli

2153 3625 2178 3664 s
2287 3613 2356 3672 ὡς
2386 3611 2580 3672 ἀληθῶς
2605 3611 2978 3668 εὐσεϐέστατον
2999 3614 3082 3667 καί
3100 3611 3486 3684 θεοφιλέστατον
3510 3603 3710 3679 βασιλέα.

577 3721 792 3776 quoque
823 3707 972 3776 regni
1001 3706 1254 3776 gaudium
1280 3716 1335 3762 et
1371 3705 1601 3761 fructum
1626 3706 1864 3776 adjiciat.
1895 3707 2175 3762 Gratiiice-
2205 3698 2250 3760 C

582 3809 669 3854 tnr
699 3801 839 3855 Dens
882 3800 998 3855 orbi
1043 3811 1342 3866 terrarum,
1391 3809 1450 3855 ut
1493 3810 1572 3867 te,
1603 3801 1694 3870 qui
1743 3815 1930 3856 revera
1988 3801 2205 3872 pictatis
2233 3801 2698 3868 studiosissimus,
2757 3801 2962 3871 Deique
3009 3802 3419 3857 amantissimus
3457 3801 3713 3867 imperator
3746 3801 3812 3846 εει

581 3891 872 3960 valentem,
901 3890 1261 3960 omnibusque
1288 3891 1565 3961 praeclaris
1605 3891 1768 3948 rebus
1794 3891 2080 3948 ﬂorentem
2122 3903 2176 3948 et
2231 3893 2594 3950 excellentem
2648 3893 2864 3949 videat:
2917 3893 2971 3950 id
3013 3894 3157 3965 quod
3186 3896 3362 3950 sancti
3383 3892 3538 3950 etiam
3562 3889 3620 3944 ab
3639 3884 3714 3942 illo
3736 3892 3817 3951 μεθ’

585 3983 740 4040 cibus
764 3998 827 4038 ac
849 3983 990 4038 votis
1022 3992 1213 4065 petunt
1233 3990 1289 4038 et
1312 3992 1490 4039 orant.

654 4120 734 4195 (a)
765 4120 891 4177 Haec
918 4120 1503 4191 Constantinopolitani
1533 4120 1749 4177 concilii
1780 4128 1979 4176 statuta
2007 4119 2234 4185 vidcsis,
2269 4119 2314 4176 si
2341 4119 2587 4186 libuerit,
2613 4117 2664 4174 in
2691 4097 2860 4173 Labb.
2892 4128 3022 4173 tom.
3057 4116 3124 4186 ll,
3147 4117 3256 4173 col.
3285 4117 3415 4174 946.

661 4260 839 4335 (Vide
859 4261 994 4317 alias
1035 4261 1294 4332 epistolas
1346 4259 1524 4318 eidem
1566 4258 1879 4332 imperatori
1931 4257 2245 4315 Theodosio
2290 4257 2360 4314 ab
2401 4257 2692 4315 Ambrosio
2740 4259 2998 4331 episcopo
3048 4259 3280 4332 scriptas
3333 4257 3476 4314 inter
3510 4253 3667 4327 Opera
3699 4241 3818 4314 huius

583 4352 772 4409 Sancti
808 4351 1131 4426 Antistitis.)

633 4509 3795 4557 Μ’

1637 4678 1810 4724 ANNO
1852 4677 2087 4724 DOMINI
2132 4676 2244 4722 CCC
2252 4675 2700 4722 LXXXI-CCCXC
2708 4675 2845 4721 VIII.

875 4848 2106 5018 SANCTUS
2313 4845 3629 5030 VIGILIUS,

1114 5113 1767 5201 EPISCOPUS
1817 5116 2626 5200 TRIDENTINUS
2648 5116 2800 5207 ET
2842 5113 3378 5198 MARTYR.

1839 5439 2704 5522 PROLEGOMENA.

1064 5589 1340 5648 ΝΟΤῙΤῘᾹ
1376 5590 1764 5649 ΗῙΞΤΟΒῘΟΑ·
2217 5597 2274 5658 D
2297 5595 2482 5662 dubia,
2531 5611 2652 5668 qua:
2699 5596 2767 5652 de
2803 5596 2968 5654 rebus
3009 5599 3176 5670 gestis
3217 5597 3386 5676 sancti
3417 5596 3608 5654 VIGILII
3637 5578 3827 5646 Tridenli

781 5682 856 5734 Ex
880 5682 1121 5735 Gallandii
1153 5684 1477 5737 Bibliotheca.
1505 5691 1604 5736 tom
1626 5685 1760 5750 VIII,
1789 5701 1836 5752 p.
1859 5699 2006 5737 x-xn.
2298 5690 2537 5760 episcopi
2577 5699 2633 5747 et
2673 5691 2948 5762 martyris,
2985 5694 3037 5746 in
3066 5702 3314 5763 promptu
3355 5691 3625 5746 habentur.
3654 5680 3829 5738 Exstant

671 5777 710 5834 ι.
743 5777 916 5834 Pauca
947 5769 1072 5834 sunt
1113 5765 1425 5848 admodum,
1479 5771 1652 5850 neque
1698 5793 2080 5853 usquequaque
2113 5783 2196 5838 in-
2301 5786 2418 5854 ejus
2447 5785 2601 5854 Acta,
2638 5787 2680 5839 si
2710 5789 2812 5839 non
2841 5787 3049 5842 omnino
3071 5777 3394 5858 printigenia.
3420 5782 3591 5855 judice
3613 5770 3828 5845 Papebfo‘
