3850 6334
8 267 70 321 15
1347 265 1882 325 PROLEGOMENA.

3098 268 3101 269 ⁷
3153 268 3261 325 516

8 388 80 441 tio
111 386 217 458 (ιι),
250 366 417 441 (einen
448 384 765 459 primigeniis
790 384 1055 457 proxima;
1095 398 1215 455 qua:
1239 398 1304 439 ex
1329 400 1431 440 ms.
1466 401 1557 440 co-
1587 396 1638 454 Α
1661 395 1721 440 ιιι
1789 382 2038 453 superius
2109 384 2521 450 admonuimus;
2588 394 2714 442 ante
2782 398 2981 442 annum
3035 385 3263 458 proinde

12 495 76 534 ce
120 479 435 534 Trevirensi
482 478 542 535 S.
573 477 849 533 Maximini
890 477 1205 547 deprompta
1245 478 1566 548 evulgarunt

8 572 295 627 ellandiani
319 572 415 645 (b).
442 572 625 643 Neque
645 587 777 628 sane
802 571 1107 642 hnjusmodi
1131 570 1278 625 Actis
1291 570 1566 640 antiquius

8 674 49 719 tt
75 666 347 721 sincerius
378 674 786 720 monumentum
827 665 1084 727 occurrit,
1128 679 1236 733 quo
1265 663 1333 717 de
1379 673 1566 717 nostro

8 759 202 813 rzesule
245 757 488 812 securius
529 756 733 827 aliquid
782 764 1105 811 statuamus.
1142 755 1221 811 Ex
1270 754 1356 809 his
1382 755 1564 825 itaque

8 855 110 907 etis
135 853 429 907 edocemur
458 853 554 924 (c),
581 850 834 921 Vigilinm
860 867 1041 921 genere
1056 849 1223 905 fuisse
1250 849 1563 916 Romanum,

10 963 118 1001 vent
159 945 543 1008 Tridentinum,
606 954 759 1016 atque
794 945 1003 999 Athenis
1052 943 1346 998 liberalibus
1380 944 1565 997 litteris

8 1041 249 1095 'uditum.
287 1039 601 1094 Tridentum
635 1050 815 1094 autem
859 1052 1129 1103 reversus,
1167 1037 1396 1092 traditur
1425 1036 1567 1091 ordi-

8 1144 111 1187 ttus
139 1133 293 1187 dicta:
319 1132 535 1186 civitatis
558 1131 853 1203 episcopus,
885 1148 916 1184 a
947 1131 1115 1202 primo
1157 1130 1335 1185 tertius
1379 1145 1395 1183 :
1440 1143 1566 1183 suc-

8 1241 151 1282 :ssor
230 1224 480 1279 nimirum
532 1222 881 1287 Abundantii,
943 1237 1103 1292 quem
1156 1230 1369 1276 constat
1422 1234 1566 1276 anno

8 1335 244 1377 ZCLIXXI
288 1318 618 1387 Aquileiensi
658 1317 888 1372 concilio
934 1314 1265 1380 interfuisse,
1299 1312 1566 1368 adversus

8 1412 267 1467 ulladium
289 1421 341 1466 et
362 1408 759 1466 Secundianum
788 1415 997 1462 coacto.
1032 1406 1232 1462 Etatis
1258 1420 1456 1459 annum
1486 1419 1560 1458 xx

7 1505 139 1578 gisse
164 1504 439 1575 Vigilium,
470 1517 577 1574 quo
618 1511 859 1570 tempore
887 1500 953 1555 ad
990 1499 1354 1570 episcOpalem
1376 1496 1563 1552 cathe-

7 1613 113 1652 ram
154 1595 256 1650 fuit
302 1604 545 1662 evectus,
577 1593 861 1664 perhibent
898 1590 1084 1647 eadem
1129 1589 1304 1646 Acta:
1337 1603 1567 1659 quorum

8 1706 144 1746 tmen
175 1690 484 1744 auctoritati
506 1688 604 1743 hac
633 1687 702 1743 de
733 1703 790 1742 re
823 1686 982 1741 [idem
1009 1684 1247 1741 detrahit
1275 1684 1572 1739 Tillemnn-

1669 492 2005 534 cccuxxvm
2052 475 2321 532 Valeriani
2362 478 2711 534 emortualem
2756 477 3120 549 consignanda
3150 477 3266 534 fue-

1670 572 1741 626 rit
1771 571 1948 641 \'igilii
1980 570 2249 626 ordinatio
2282 590 2295 626 :
2324 586 2482 628 secus
2520 582 2682 643 atque
2729 573 2961 644 conjecit
2987 572 3269 628 Tartarot-

1669 672 1757 720 tus
1782 666 1866 734 (l).
1902 664 1955 718 ld
1985 680 2117 719 vero
2153 664 2466 721 conﬁrmari
2509 680 2668 736 posse
2698 666 2910 723 videtur
2940 682 3009 723 ex
3043 665 3271 738 epistola

1668 759 1842 814 sancti
1866 759 2138 815 Ambrosii
2167 758 2606 827 Mediolanensis,
2647 761 2820 816 eidem
2848 760 3041 831 Vigilio
3066 759 3132 815 ad
3161 760 3276 830 epi-

1668 863 1946 923 sc0patum
1981 868 2171 909 recens
2211 852 2422 909 adlecto
2452 854 2734 925 inscripta,
2762 864 2818 909 ut
2849 869 2914 911 ex
2960 854 3125 924 ipsius
3153 853 3271 925 epi-

1669 946 1822 1000 stolae
1859 944 2016 999 initio
2056 945 2242 1016 liquet.
2282 945 2369 1002 Sic
2410 946 2552 1001 enim
2593 946 2828 1016 loquitur
2870 958 3089 1003 sanctus
3134 947 3274 1004 Doc-

1673 1046 1760 1093 tor
1790 1038 1891 1111 (m)
1934 1055 1945 1092 :
1992 1037 2288 1109 Poposciin
2323 1056 2355 1093 a
2396 1056 2474 1094 me
2514 1040 2852 1094 institutionis
2897 1051 2998 1094 tua:
3026 1041 3273 1113 insignia,

1668 1132 1907 1201 quoniam
1934 1145 2103 1187 novus
2133 1132 2329 1187 accitus
2355 1148 2407 1187 es
2437 1132 2506 1185 ad
2534 1133 2902 1186 sacerdotium.
2930 1131 2999 1185 Et
3035 1135 3276 1203 quoniam

1671 1233 1718 1279 te
1757 1226 1925 1297 ipsum
1959 1226 2256 1295 wdiﬁcasti,
2296 1235 2351 1280 ut
2381 1227 2626 1298 aportuit,
2654 1228 2742 1295 qui
2776 1227 2962 1299 dignus
2989 1227 3191 1282 habitus
3226 1244 3277 1282 es

1671 1328 1812 1374 tanto
1839 1336 2073 1386 munere;
2093 1321 2349 1392 quomodo
2374 1331 2422 1375 et
2447 1322 2578 1376 alios
2602 1320 2849 1390 wdiﬁces,
2878 1322 3277 1393 significandum

1670 1413 1891 1467 videtur.
1920 1414 1977 1469 In
2008 1430 2112 1484 qua
2153 1414 2369 1485 quidem
2407 1415 2636 1483 epistula
2662 1430 2785 1499 cum
2815 1423 2942 1470 ante
2969 1417 3150 1471 omnia
3178 1431 3278 1473 no-
3369 1407 3377 1415 ’

1673 1522 1797 1562 vum
1837 1507 2212 1563 Tridentinum
2262 1507 2577 1578 episcopum
2612 1508 2863 1563 hortetur
2905 1508 3279 1565 Mediolanen-

1673 1600 1751 1654 sis
1788 1599 1893 1672 (η).
1939 1609 1996 1655 ut
2037 1600 2250 1671 plebem
2291 1600 2392 1655 sibi
2431 1600 2776 1656 commissam
2810 1600 3005 1656 doceat
3047 1602 3280 1675 conjugii

1672 1695 1908 1767 capulam
1931 1711 2033 1748 non
2064 1711 2126 1749 ea:
2145 1694 2470 1767 alienigenis,
2495 1694 2585 1749 sed
2620 1711 2682 1749 ea:
2719 1694 2956 1750 domibus
2980 1695 3278 1751 christianis

9 1799 69 1838 us
100 1783 206 1853 (ά).
250 1781 450 1838 Verum
498 1796 566 1838 ex
605 1780 721 1852 ejus
763 1781 946 1834 animo
976 1779 1287 1848 scrupulum
1317 1779 1571 1833 eximunt
1601 1808 1648 1868 Β
1676 1805 1785 1844 εδει
1828 1789 2190 1858 quaerendam;
2230 1804 2404 1859 neque
2437 1788 2642 1860 uspiam
2671 1799 2936 1845 memoret
2981 1788 3278 1845 Theodosii

8 1877 67 1931 iri
90 1875 315 1942 eruditi,
348 1874 645 1932 Galeardns
676 1873 747 1947 (c)
776 1884 829 1930 et
875 1872 1215 1928 Tartarottus
1257 1872 1350 1944 (ί).
1384 1871 1568 1942 Neque

8 1971 110 2025 nim
159 1969 407 2025 insolens
446 1968 546 2023 luit
590 1967 909 2038 antiquitus,
953 1974 1011 2021 ut
1053 1965 1344 2037 aliquando
1375 1974 1571 2033 prmter

8 2078 175 2118 torem
207 2061 473 2117 Ecclesiae
519 2070 816 2131 receptum,
848 2059 1093 2113 nonnulli
1123 2060 1318 2114 eximia
1359 2058 1573 2129 pietatis

8 2155 316 2210 tdnctrince
350 2155 507 2209 laude
539 2162 882 2223 pnestantes,
914 2152 1198 2206 immatura
1226 2151 1350 2206 licet
1390 2159 1570 2215 astate,

8 2246 37 2301 ιι
65 2249 441 2318 episcOpatnm
474 2248 924 2318 proveherentur.
965 2245 1080 2314 Qua
1119 2244 1188 2300 de
1211 2260 1268 2300 re
1295 2243 1573 2313 complura

16 2351 191 2396 sstant
222 2340 371 2411 apud
405 2350 618 2396 veteres
645 2341 940 2411 scriptores
965 2339 1232 2404 exempla.
1271 2339 1344 2393 De
1372 2339 1576 2408 Grego-

8 2439 55 2492 Eo
81 2452 318 2507 namque
341 2435 744 2506 Thaumaturgo
765 2446 928 2505 atque
952 2433 1304 2489 Athenodoro
1331 2433 1449 2502 ejus
1471 2431 1578 2487 fra-

8 2536 57 2585 ιτ
96 2527 262 2584 tradit
298 2528 563 2583 Eusebius
591 2526 693 2600 (g),
732 2540 827 2581 eos
869 2535 1134 2594 tantopere
1159 2525 1215 2578 in
1255 2524 1443 2579 divinis
1472 2524 1577 2578 elo-

8 2622 105 2675 'uiis
132 2620 437 2693 profecisse,
467 2629 520 2673 ut
547 2618 694 2672 ambo
714 2618 885 2671 adhuc
900 2621 1140 2691 juvenes,
1169 2617 1496 2671 ecclesiarum
1525 2617 1578 2670 in

8 2713 146 2767 "unto
168 2714 401 2782 episcopi
432 2712 627 2783 fuerint
646 2711 1204 2769 εοηειὶιιιιὶκοωύτω
1235 2710 1580 2783 ἀπηνέγκαντο

8 2811 99 2883 περὶ
116 2812 192 2865 Δ’τοὶ
222 2808 339 2862 θεῖα
364 2806 510 2878 λόγια
537 2805 826 2877 βελτίωσιν,
847 2806 915 2866 ὡς
938 2802 1013 2859 ἔτι
1036 2805 1176 2864 νέους
1198 2799 1348 2875 ἄμφω
1374 2801 1579 2860 ἐπισκο-

8 2912 79 2962 πῆς
104 2909 203 2958 τῶν
230 2903 370 2958 κατά
409 2901 585 2957 Πόντον
612 2899 881 2959 ἐκκλησιῶν
922 2900 1208 2965 ἀξιωθῆναι.
1242 2897 1580 2954 Gaudentius

8 3005 265 3062 meterea,
300 2994 598 3049 Brixiensis
617 2993 924 3063 episcopus,
951 2991 1242 3063 quieadem
1260 3000 1581 3062 tempesmte

8 3088 160 3143 lornit
197 3104 306 3162 qua
344 3097 529 3143 noster
561 3087 807 3159 Vigilins,
838 3087 1147 3142 Tractatum
1194 3087 1261 3143 de
1306 3102 1401 3141 sua
1432 3086 1580 3142 ordi-

1675 1882 1847 1950 legem
1880 1884 2100 1939 ineunte
2145 1897 2289 1939 anno
2325 1898 2659 1939 cccuxxvnt
2700 1884 2885 1948 latam,
2931 1898 3036 1953 qua
3065 1882 3282 1939 Judteo-

1678 1990 1796 2031 rum
1825 1991 1946 2030 cum
1978 1976 2302 2032 Christianis
2331 1975 2581 2046 conjugia
2615 1975 3059 2045 prohibebantur,
3094 1991 3281 2046 quam-

1675 2083 1780 2139 que
1809 2068 2050 2138 prufecto
2079 2069 2133 2123 in
2171 2068 2406 2124 medium
2435 2067 2725 2123 adduxisse
2765 2084 2862 2138 par
2902 2076 3021 2124 erat
3045 2067 3280 2123 Ambro-

1679 2159 1783 2227 sio,
1812 2162 1896 2214 eni
1924 2161 2131 2216 scilicet
2159 2160 2350 2215 eadem
2393 2160 2478 2215 lex
2522 2158 2864 2230 incomperta
2894 2174 3017 2216 esse
3048 2175 3153 2213 non
3188 2173 3284 2229 po-

1679 2259 1835 2317 terat,
1873 2258 1930 2304 ut
1984 2266 2137 2306 suam
2182 2252 2352 2323 magis
2408 2250 2833 2307 admonitionem
2887 2251 3283 2309 confirmaret:

1680 2342 1803 2397 hinc
1843 2343 2071 2411 proinde
2102 2343 2203 2399 rite
2228 2343 2535 2409 coniicitur,
2565 2344 2975 2399 Ambrosianam
2998 2345 3141 2399 illam
3164 2345 3284 2415 epi-

1679 2434 1870 2489 stolam
1917 2436 2174 2505 scriptam
2229 2435 2397 2492 fuisse
2439 2445 2567 2491 ante
2615 2452 2812 2491 annum
2861 2452 3197 2493 cccuxxvnt
3230 2446 3287 2494 et

1681 2526 1912 2582 fortasse
1940 2543 2082 2582 anno
2108 2543 2408 2595 ccccxxxv,
2434 2538 2492 2583 ut
2517 2544 2581 2584 ex
2607 2543 2729 2584 mox
2757 2530 3000 2586 dicendis
3030 2529 3287 2585 manifes-

1682 2629 1793 2675 tum
1829 2622 1938 2676 ﬁet.
1973 2622 2106 2691 Qua:
2146 2632 2229 2677 est
2272 2624 2538 2678 sententia
2562 2622 2656 2678 cll.
2683 2624 2920 2679 virorum
2961 2623 3176 2679 Nourrii
3206 2621 3284 2697 (ο)

1682 2725 1738 2772 et
1766 2716 2021 2772 Bernardi
2052 2715 2122 2773 de
2166 2716 2369 2771 Rnbcis
2402 2715 2482 2789 (p)
2512 2716 2673 2772 modo
2714 2716 3072 2772 laudatorum.
3100 2716 3287 2787 Neque

1682 2811 1825 2866 enim
1852 2810 2230 2880 pereutplnria:
2255 2811 2744 2881 suntconjecturze,
2773 2810 2966 2882 quibus
2994 2825 3113 2867 eam
3139 2810 3286 2866 inﬁr-

1684 2919 1832 2960 mare
1864 2905 2052 2959 nititur
2080 2904 2423 2960 Tartarottus
2450 2904 2550 2976 (qi.

1758 2998 1844 3053 III.
1892 3001 2036 3068 Quot
2094 2999 2313 3055 demum
2366 3014 2538 3056 annos
2586 3000 3286 3056 Ecclesiam'l‘ridentinam

1688 3094 1889 3148 rexerit
1929 3091 2179 3162 Vigilius,
2231 3092 2597 3148 deﬁniendum
2639 3100 2886 3163 superest
2929 3108 2993 3148 ex
3029 3094 3292 3165 temporis

8 3182 198 3236 ratione
242 3182 327 3236 sic
363 3179 584 3235 inchoat
614 3178 692 3251 (It)
725 3197 738 3233 :
774 3178 1057 3251 lmperitia:
1093 3195 1217 3234 mea:
1251 3180 1506 3244 conscius,
1536 3187 1583 3233 et
1610 3198 1655 3262 ο
1689 3185 1987 3252 notatione,
2017 3200 2126 3255 quo
2167 3185 2268 3240 fuit
2307 3185 2567 3257 martyrio
2595 3185 2859 3240 sublatus.
2890 3185 3063 3241 Porro
3090 3201 3158 3241 ex
3187 3184 3293 3241 Ac-

10 3275 143 3329 rtntis
168 3275 340 3345 ipsius
362 3274 652 3329 immatura:
676 3273 745 3327 ad
774 3274 1050 3328 sacerdotii
1072 3274 1371 3347 dignitatem
1390 3274 1586 3344 pudore

10 3370 275 3434 leterritus,
308 3369 490 3422 merito
516 3368 702 3423 silendi
732 3368 993 3422 licentiam
1019 3386 1050 3421 a
1070 3369 1281 3423 summis
1306 3368 1588 3422 sacerdmi-

10 3478 77 3513 ms
120 3461 462 3533 postulabam.
521 3460 783 3531 Denique,
839 3470 898 3513 ut
939 3460 1143 3531 reliqua
1201 3468 1588 3530 praetereamus

10 3555 252 3625 :sempla,
309 3553 584 3623 Remigius
630 3548 716 3606 ubi
753 3553 1049 3624 vigesimum
1106 3553 1383 3606 secundum
1420 3553 1587 3607 artatis

10 3645 378 3711 tubiitannum,
427 3645 480 3699 in
521 3645 644 3700 urbe
673 3644 969 3711 Rhemensi,
1018 3646 1245 3699 omnium
1287 3647 1589 3718 generaliter

12 3740 117 3794 votis
140 3738 207 3792 ad
228 3740 433 3812 apicem
466 3740 795 3809 pontiﬁcatus
828 3755 929 3793 non
960 3750 1067 3793 tam
1106 3740 1293 3794 electus
1326 3756 1478 3809 quant
1502 3758 1589 3794 ra-

12 3841 108 3893 ptus
131 3832 246 3901 fuit,
285 3841 343 3886 nt
371 3847 436 3888 ex
466 3830 770 3886 Flodoardo
799 3832 1075 3888 erudimur
1098 3830 1182 3905 (i).

70 3926 124 3980 11.
169 3926 487 3983 Ordinatum
536 3927 702 3982 luisse
732 3924 983 3998 Vigilium
1025 3927 1093 3983 ab
1134 3929 1393 3999 episcopo
1425 3928 1590 3998 Aqui-

12 4018 179 4074 leiensi
223 4020 341 4090 ejus
391 4019 525 4075 Acta
566 4018 729 4076 modo
774 4019 987 4075 laudata
1032 4028 1295 4081 testantur
1344 4019 1450 4090 (j);
1501 4021 1590 4091 qui

11 4124 126 4166 sane
174 4113 337 4169 fuerit
394 4112 737 4178 Valerianus,
791 4112 1090 4169 Fortunato
1138 4113 1396 4169 suffectus
1446 4128 1592 4168 anno

12 4220 275 4262 cccuvm.
324 4207 493 4262 Porro
551 4205 864 4263 Valerianus
916 4222 1087 4262 annos
1153 4222 1224 4261 xx
1290 4205 1589 4261 Ecclesiam

14 4301 398 4369 Aquileiensem
425 4302 632 4358 rexisse
664 4300 999 4372 perhibetur,
1028 4300 1116 4370 qni
1156 4299 1362 4354 scilicet
1403 4313 1589 4368 supre-

14 4408 143 4449 mum
169 4396 309 4451 diem
337 4397 471 4451 obiit
496 4410 637 4452 anno
657 4408 1017 4459 cccuxxvnt,
1051 4401 1108 4446 ut
1139 4392 1384 4462 pluribus
1404 4402 1591 4447 osten-

14 4483 82 4538 dit
109 4485 171 4541 V.
202 4486 261 4543 C.
295 4488 601 4544 Bernardns
626 4487 696 4543 de
723 4486 928 4541 Rnbeis
956 4484 1061 4557 (lt).
1080 4484 1213 4539 Cum
1241 4494 1420 4539 autem
1462 4498 1594 4539 con-

1690 3280 1758 3334 tis
1815 3280 2063 3351 snperius
2110 3279 2358 3334 excitatis
2419 3279 2735 3348 perhibetur
2783 3279 2852 3349 (r)
2896 3295 3078 3350 passus
3117 3279 3294 3335 beatus

1698 3369 1917 3442 Vigilius
1944 3370 2234 3426 Tnnooosn
2263 3380 2309 3425 et
2336 3368 2561 3425 Honorii
2596 3371 2943 3442 Augustorum
2969 3373 3294 3443 regnantium

1688 3472 1932 3531 tempore,
1968 3463 2257 3519 Srtucone
2284 3463 2492 3518 consule
2525 3463 2663 3518 urbis
2694 3464 2890 3519 Romae.
2922 3463 3109 3532 Neque
3135 3465 3294 3522 aliter

1690 3555 1813 3624 legit
1847 3554 2274 3609 Bartltolomzeus
2301 3552 2653 3609 Tridentinus
2680 3552 2769 3626 (s),
2820 3570 2981 3625 quem
3005 3555 3148 3610 circa
3178 3569 3293 3611 me-

1689 3646 1836 3702 dium
1870 3647 2056 3701 saeculi
2095 3663 2188 3702 xm
2214 3647 2464 3702 ﬂoruisse
2505 3647 2778 3702 novimus.
2814 3646 3168 3718 lntelligimus
3194 3663 3293 3704 au-

1692 3747 1796 3793 tem
1837 3754 1903 3793 ex
1956 3739 2131 3794 Fastis
2168 3721 2565 3801 consularibus,
2613 3739 2930 3796 Stilicnnem
2977 3740 3147 3797 semel
3197 3748 3297 3799 tte-
3376 3732 3379 3735 ’

1691 3846 1920 3901 rumque
1951 3831 2290 3887 consulatum
2323 3833 2559 3901 gessisse
2590 3848 2603 3886 :
2638 3832 2870 3903 primum
2904 3833 3122 3903 quidem
3151 3849 3296 3891 anno

1691 3941 1842 3993 cccc,
1875 3924 2073 3980 deinde
2099 3939 2244 3980 anno
2265 3939 2452 3980 ccccv.
2483 3927 2551 3980 At
2580 3941 2709 3981 vero
2747 3925 3089 3983 Theodosius
3110 3926 3302 3983 Junior

1691 4020 1847 4088 cujus
1894 4020 2100 4073 mentio
2148 4020 2199 4072 in
2235 4019 2408 4085 Actis,
2436 4019 2720 4075 Aucusrus
2749 4032 2962 4075 creatus
2990 4029 3074 4075 est
3110 4019 3202 4076 die
3233 4020 3302 4076 10

1692 4119 1785 4165 aut
1831 4112 1885 4165 11
1923 4109 2163 4166 Januarii
2213 4126 2355 4166 anno
2402 4126 2571 4167 ccccn
2623 4112 2712 4184 (ι),
2742 4127 2863 4167 cum
2908 4112 3144 4168 nondum
3176 4113 3302 4170 vita

1693 4220 1891 4259 annum
1943 4204 2267 4275 impleverit,
2323 4215 2483 4260 natus
2529 4205 2780 4260 nimirum
2839 4205 2926 4261 die
2983 4205 3053 4261 10
3098 4205 3181 4262 vel
3236 4206 3297 4261 11

1695 4296 1894 4366 Aprilis
1925 4296 2267 4367 praecedente
2294 4311 2439 4352 anno
2462 4312 2634 4364 ccccr,
2667 4296 2913 4368 adeoque
2942 4308 3002 4352 ut
3027 4297 3179 4353 Actis
3210 4313 3301 4353 ve--

1695 4389 1827 4443 ritas
1852 4397 2082 4456 constet,
2115 4390 2168 4444 in
2196 4405 2396 4446 annum
2423 4405 2615 4456 ccccv,
2655 4407 2763 4461 quo
2788 4392 2978 4449 Stilico
3003 4392 3301 4450 secundum

1695 4481 2031 4537 consulatum
2079 4481 2332 4549 obtinuit,
2378 4481 2629 4538 inciderit
2660 4484 2838 4554 passio
2880 4485 3054 4541 sancti
3094 4484 3301 4557 Vigilii.

16 4588 110 4633 stet
165 4581 419 4654 Vigilium
459 4581 805 4638 Abundantio
854 4579 1181 4636 succeSsisse
1225 4585 1349 4649 post
1391 4593 1589 4657 annum
1620 4588 1670 4649 ι)
1696 4574 1881 4646 Neque
1922 4576 2068 4631 enim
2123 4591 2245 4631 cum
2296 4575 2669 4647 Papebrochio
2716 4576 2793 4649 (ιι)
2840 4578 3181 4635 sollicitanda
3221 4589 3309 4637 est

19 4674 286 4742 cccuxxt‘,
327 4690 433 4746 quo
484 4676 531 4732 is
577 4674 786 4746 synodo
848 4673 1183 4745 Aquileiensi
1256 4670 1591 4742 subscripsit,

24 4872 154 4997 nubi)
191 4872 434 5000 1Pupebr.,
461 4875 528 4931 ad
568 4875 673 4932 Act
708 4873 808 4931 SS.
843 4880 976 4930 tom.
1026 4870 1072 4926 ν
1102 4868 1271 4937 Junii,
1305 4883 1430 4941 pag.
1467 4867 1593 4933 165,

93 4962 159 4998 111.
226 4989 239 5000 .

93 4962 159 4998 111.
192 4962 239 5002 1.

111 5018 156 5083 b)
186 5017 341 5084 lbid.,
369 5035 489 5089 pag.
524 5017 629 5076 165
654 5032 806 5090 seqq.

112 5094 155 5155 c)
188 5090 342 5157 Ibid.,
375 5092 404 5164 ς
437 5094 489 5147 1.

92 5178 164 5249 (d)
191 5179 416 5245 Tillem.,
449 5182 610 5238 Mem.
640 5182 774 5237 eccl.
816 5190 946 5237 tom.
979 5178 1050 5247 Χ,
1082 5193 1203 5251 pag.
1236 5178 1365 5246 812,
1399 5187 1513 5235 not.
1547 5176 1599 5243 1,

29 5262 111 5301 sur
137 5252 194 5306 S.
232 5252 415 5326 Vigile.

98 5340 165 5415 (ρ)
193 5342 459 5414 Gateard.,
487 5346 555 5401 ad
580 5344 639 5403 S.
667 5345 936 5403 Gaudent.
967 5345 1170 5413 Serm.,
1188 5359 1309 5415 pag.
1340 5343 1447 5400 552
1473 5357 1599 5398 nov.

36 5409 177 5480 editi,
211 5426 319 5472 not.
351 5421 392 5489 ί.

100 5503 166 5582 (Γ),
192 5505 415 5582 [artam
469 5510 537 5566 de
564 5510 710 5582 Orig.
743 5510 891 5565 Eccl.
922 5507 1202 5582 'l‘rident.1
1230 5506 1259 5579 ᾗ
1307 5506 1399 5573 45,
1430 5521 1482 5577 p.
1509 5506 1597 5561 79.

107 5576 176 5644 lg)
202 5576 411 5649 Euseb.,
446 5583 580 5637 Hist.
608 5576 767 5649 eccl.,
801 5583 893 5635 Iih.
925 5593 997 5643 vt,
1025 5594 1145 5647 cap.
1174 5576 1262 5633 30'.

104 5649 179 5724 (lt)
203 5648 400 5724 gnum,
430 5653 630 5717 Serm.,
657 5648 776 5724 pag.
809 5652 937 5717 532,
969 5664 1096 5704 nov.
1123 5649 1254 5724 edit.

107 5718 162 5861 ξι)
192 5718 499 5789 Flodoard.,
522 5718 812 5780 IlistIec'cl.
834 5724 1156 5792 Rhemens.,
1183 5720 1275 5776 lib.
1306 5736 1346 5790 ι,
1367 5735 1486 5791 cap.
1516 5722 1601 5776 11.

129 5790 168 5861 i)
201 5794 315 5851 Act.
344 5794 467 5861 88.,
496 5796 532 5852 l.
562 5810 639 5861 c.,
665 5796 693 5861 ᾗ
717 5796 772 5851 2.
1688 5804 1689 5807 ‘

129 5790 168 5861 ἰ)
201 5794 315 5851 Act.
344 5794 467 5865 88.,
496 5796 532 5852 l.
562 5810 639 5866 c.,
665 5796 693 5867 ς
717 5796 772 5851 2.

1706 4668 1964 4727 Actorum
1997 4669 2178 4739 lectio,
2209 4671 2298 4742 qui
2327 4670 2607 4727 Theodosii
2634 4672 2754 4729 loco
2784 4672 3070 4746 legendum
3094 4675 3311 4734 Arcadii

1885 4861 2044 4918 Bern.
2076 4863 2163 4941 _de
2197 4862 2367 4941 gub”
2422 4863 2663 4921 Monum.
2697 4865 2833 4922 eccl.
2872 4868 3078 4940 Aquil.,
3121 4883 3241 4941 cap.
3274 4869 3308 4925 7

1703 4943 1758 4991 et
1786 4934 1877 4996 to,
1913 4950 2034 5004 pag.
2069 4934 2161 4998 et,
2193 4935 2282 4991 89.

1780 5006 1847 5083 (ζ)
1872 5004 2428 5083 Τᾳγιανμιιθ-ρτὶεἰη.
2460 5008 2597 5083 ece_l.
2622 5007 2870 5074 Trident,
2896 5011 2924 5083 §
2949 5010 3042 5076 44,
3068 5026 3189 5082 pag.
3215 5011 3310 5083 81,

1705 5088 1761 5135 et
1791 5077 2009 5153 ᾼροζοςιζ
2037 5078 2171 5131 delle
2199 5077 2426 5153 Memor.
2449 5078 2503 5133 di
2530 5078 2750 5146 Rorer.,
2772 5077 2922 5153 pag:
2938 5077 3080 5153 288;
3102 5077 3215 5137 unt.
3248 5077 3307 5138 2.

1804 5148 2151 5223 m)Amb_ros.,
2176 5151 2337 5218 epist.
2368 5149 2600 5223 i9,0pp.
2620 5148 2834 5217 tom.l’l,
2855 5148 2986 5223 pag.
3011 5152 3137 5219 ω,
3162 5169 3220 5209 n.
3254 5155 3307 5210 1.

1810 5224 1864 5292 n)
1895 5219 1983 5292 lid.
2017 5220 2146 5275 ibid.
2183 5236 2328 5277 num.
2360 5220 2418 5285 2,
2453 5219 2573 5292 pag.
2608 5223 2733 5278 815.

1782 5291 1861 5361 (⁷ο)
1886 5291 2081 5363 Nourr.
2095 5334 2110 5356 ,
2128 5293 2179 5346 in
2199 5308 2410 5347 recens.
2427 5291 2645 5363 epistol.
2664 5292 2920 5350 Ambros.
2941 5294 3006 5349 ad
3024 5310 3153 5349 ann.
3178 5296 3305 5353 385.

1788 5364 1865 5435 (p)
1894 5362 2055 5435 Bern.
2086 5364 2150 5417 de
2175 5363 2334 5428 Rub.,
2367 5364 2404 5419 1.
2439 5362 2513 5429 c.,
2546 5380 2665 5433 pag.
2708 5365 2795 5435 8'7.

1784 5433 1862 5509 (q)
1892 5433 2126 5509 Tarlaf.,
2160 5435 2225 5509 de
2253 5436 2461 5509 Urigin.
2475 5436 2626 5509 _eccl.
2654 5434 2923 5509 Trident.,
2957 5436 2985 5509 ᾗ
3016 5436 3103 5500 «14,
3137 5452 3189 5506 p.
3218 5438 3307 5493 85.

1786 5507 1860 5579 (r)
1892 5506 2169 5579 Act._SS._,
2195 5506 2341 5579 l_._c.,
2376 5505 2405 5577 ᾗ
2444 5506 2530 5579 15,
2547 5521 2687 5579 _pag.
2724 5506 2848 5561 167.

1785 5575 1857 5647 (ε)
1889 5576 2071 5651 Barth.
2128 5575 2300 5642 Trid.,
2348 5575 2490 5651 apud
2544 5575 2865 5633 Tartarrott.
2910 5577 3133 5651 Apolog.
3181 5577 3319 5636 delle

1716 5649 1875 5704 Mem.
1910 5649 1962 5701 di
1990 5649 2200 5718 Ilionea,
2231 5662 2353 5718 pag.
2386 5648 2515 5704 510.

1814 5716 2247 5793 t)Vid.Til_lem_.,
2268 5717 2407 5773 Hist.
2439 5719 2528 5773 des
2553 5716 2797 5793 Enipeu.
2830 5727 2959 5776 tom.
2994 5719 3060 5787 V,
3098 5735 3151 5793 p.
3186 5720 3319 5787 470.

1813 5788 1868 5863 εἰ)
1893 5793 2014 5848 Act.
2044 5790 2165 5857 $5.,
2200 5790 2236 5845 Ι.
2271 5805 2346 5858 c.,
2380 5804 2500 5860 pag.
2546 5788 2670 5856 168,
2703 5796 2815 5846 not.
2852 5809 2923 5848 ut.
