3950 6350
169 228 253 286 549

1259 206 1501 271 SANCTI
1548 206 1772 271 ViGlLII
1815 202 2189 270 EPlSTOL/E.

3294 221 3401 277 5ῗο

169 350 417 403 litterarum
460 337 705 393 ofﬁcium.
774 333 912 392 Huic
954 334 1243 391 Alexandri
1287 347 1469 390 errato
1515 334 1685 390 facem
1718 345 1768 404 Α
1796 335 2051 401 temporis
2082 343 2261 388 notam
2290 333 2613 405 Vigiliauam
2656 351 2942 393 recurrere
2985 353 3200 413 quoque
3245 355 3390 394 anno

166 438 351 493 fortasse
390 431 603 503 praetulit
650 430 898 485 Labln-us
932 430 1033 502 (ιι),
1077 430 1165 499 qui
1209 429 1277 483 ob
1309 428 1358 483 id
1391 429 1552 481 etiam
1587 443 1694 480 non

166 530 339 601 quidem
369 524 660 591 Baronium,
704 522 800 577 sed
835 522 1075 576 Mirmum
1109 522 1347 575 audaciw
1379 519 1693 573 insimulat:

1800 444 2009 484 CCCCIII.
2058 428 2193 483 Hinc
2217 430 2460 496 Scaliger
2490 429 2777 485 Baroniutn
2810 434 3089 501 Corrigens
3114 474 3129 499 ,
3170 434 3260 503 qui
3297 451 3394 503 pu-

1804 521 1951 575 tabat
1976 521 2055 591 (lt)
2085 528 2400 592 martyrium
2436 532 2750 578 S;:IICl.Ol‘llltl
2785 524 3192 580 Auattnensium
3226 526 3403 582 conti-

165 623 283 692 quasi
312 634 424 673 vero
449 618 654 673 Mira-us
681 620 925 674 omnium
958 617 1165 687 primus
1202 616 1517 684 opinionem
1550 614 1696 668 illam
1800 615 1945 684 gisse
1994 631 2137 669 anno
2185 631 2313 671 cccc
2339 658 2353 683 ,
2407 615 2652 685 adeoque
2705 619 2963 688 seriptam
3014 620 3206 675 eodem
3256 637 3401 675 anno

166 715 417 776 imexerit,
474 722 562 766 aut
604 728 722 767 eam
772 712 1089 783 attingenda
1144 712 1442 766 inauditum
1494 710 1699 764 facinus

164 804 516 879 perpetraverit.
554 821 572 856 ι
614 805 728 859 Iluc
757 819 926 875 usque
956 805 1027 860 cl.
1057 804 1420 859 Tartarottus.
1465 811 1471 817 '

222 900 291 954 VI.
330 899 489 959 Unum
530 899 705 953 adhuc
736 900 1115 971 inquirendum
1151 907 1435 968 superest:
1485 913 1590 966 quo
1620 896 1703 951 ni-

163 994 317 1050 mirum
357 1000 582 1062 tcmpore
612 993 801 1047 ambas
832 992 951 1047 illas
978 991 1238 1062 epistolas
1264 990 1543 1061 scripserit
1572 1005 1700 1043 san-

163 1094 255 1141 ctus
283 1086 501 1154 Vigilius.
545 1084 843 1155 Utramque
871 1100 1002 1139 vero
1028 1126 1042 1146 ,
1091 1084 1177 1137 vel
1209 1084 1400 1139 saltem
1433 1085 1699 1151 priorem,

162 1178 295 1234 fuisse
325 1180 385 1233 ab
413 1192 474 1232 eo
514 1178 769 1247 scriptam
815 1176 1008 1232 eodem
1057 1192 1201 1231 anno
1242 1190 1350 1243 quo
1392 1176 1537 1245 passi
1577 1183 1704 1228 sunt

161 1283 411 1343 martyres,
455 1287 573 1325 cum
602 1286 669 1326 ex
696 1279 956 1325 contextu
989 1270 1121 1324 satis
1150 1267 1533 1339 intelligimus,
1590 1275 1702 1320 tum

160 1364 201 1417 iu
226 1363 386 1433 primis
409 1378 471 1417 ex
502 1364 832 1418 auctoritate
861 1362 1107 1427 Paulini,
1151 1363 1240 1431 qui
1275 1371 1396 1430 post
1424 1360 1561 1414 duos
1592 1359 1704 1415 fere

157 1471 335 1511 menses
360 1457 422 1509 ab
447 1456 596 1509 obitu
628 1457 800 1511 sancti
833 1455 1103 1511 Ambrosii
1132 1498 1147 1521 ,
1198 1470 1320 1509 cum
1348 1454 1458 1523 jam
1483 1453 1707 1524 Simpli-

155 1550 307 1603 cianus
330 1548 574 1603 Ecclesiae
603 1548 985 1602 Mediolanensi
1029 1556 1307 1617 praeesset,
1344 1546 1470 1600 illuc
1506 1545 1708 1601 relatas

154 1642 418 1696 earumdem
451 1648 746 1713 martyrum
781 1641 1035 1711 reliquias
1063 1642 1229 1697 relert
1271 1639 1357 1695 his
1381 1639 1565 1695 verbis
1591 1639 1663 1710 (b)
1692 1657 1704 1695 :

1801 707 1981 779 Vigilii
2034 710 2313 780 epistolam
2346 710 2413 766 ad
2445 712 2857 780 Simplicianum
2883 755 2897 779 ,
2930 730 2995 769 ex
3023 714 3190 784 ipsius
3218 714 3399 785 Vigilii

1802 802 1985 856 verbis
2024 819 2144 871 qum
2190 804 2349 857 tundo
2396 805 2715 871 retulimus,
2765 806 2843 861 sic
2875 806 3051 877 arguit
3103 808 3207 878 (i):
3250 805 3403 861 Passi

1806 909 1925 966 ergo
1957 904 2073 947 sunt
2127 914 2262 949 anno
2295 910 2518 961 (cccm,
2571 897 2714 967 cyclo
2741 898 2864 950 solis
2892 914 2960 951 xx
2983 939 2996 957 ,
3038 899 3246 968 quando
3278 915 3403 954 χχιχ

1808 986 1940 1040 Maii
1973 999 2076 1041 erat
2105 990 2237 1059 feria
2270 1005 2339 1044 vr.
2383 989 2685 1060 Sultditque
2712 1009 2725 1045 :
2770 990 2836 1043 At
2874 991 2924 1043 in
2955 990 3241 1045 Annalibus
3270 992 3403 1046 dici-

1808 1089 1893 1132 tur
1919 1082 2108 1149 scripta
2128 1081 2330 1154 (Vigilii
2355 1081 2606 1155 epistola)
2630 1099 2767 1136 anno
2793 1098 2921 1139 cccc
2952 1081 3164 1138 Christi.
3198 1085 3407 1156 Scripta

1808 1189 1926 1242 ergo
1968 1173 2145 1243 fuisset
2192 1177 2410 1230 triennio
2440 1185 2558 1229 ante
2604 1175 2794 1229 credent
2840 1176 3047 1230 illorum
3094 1186 3401 1249 martyrum.

1809 1264 1904 1319 Cui
1952 1266 2257 1321 absurditati
2296 1269 2404 1338 ipse
2433 1267 2745 1340 (Baronius)
2789 1285 2893 1321 non
2930 1268 3222 1335 adscribet,
3269 1278 3406 1325 certo

1807 1359 1933 1410 scio.
1990 1357 2136 1411 Belle
2169 1357 2399 1413 sciliCet.
2448 1358 2667 1413 Erravit
2696 1358 2914 1430 quidem
2953 1359 3216 1415 BaroniUs
3240 1360 3409 1417 Mom-

1812 1450 2039 1504 britiana
2071 1450 2311 1507 editione
2341 1452 2600 1523 deceptus
2621 1496 2636 1519 ,
2684 1454 2733 1507 in
2768 1469 2868 1524 qua
2902 1454 3181 1510 Stiliconis
3210 1471 3410 1511 consu-

1812 1540 1923 1594 latu
1950 1554 2257 1599 sant-torum
2313 1558 2608 1617 martyrum
2645 1543 3049 1600 Auannensium
3086 1549 3217 1602 Acta
3270 1563 3400 1603 con-

1814 1635 2019 1704 signata
2057 1636 2279 1692 invenit.
2327 1638 2429 1693 Sed
2462 1639 2633 1694 multo
2664 1640 2860 1695 iutilius
2892 1643 3135 1711 peccavit
3169 1642 3411 1714 Sealiger

154 1732 334 1787 Sisinnii
379 1736 518 1787 etiam
566 1745 613 1787 et
657 1733 942 1788 Alexandri
989 1744 1313 1804 martyrum,
1380 1733 1466 1803 qui
1513 1731 1705 1786 nostris
1737 1733 1782 1795 Β
1813 1727 2030 1782 Baronii
2086 1745 2301 1785 censor.
2373 1730 2613 1786 Primum
2670 1734 2813 1786 enim
2870 1749 2974 1788 non
3035 1733 3271 1789 advertit
3327 1735 3410 1790 vir

151 1826 452 1894 temporibus,
490 1825 593 1882 hoc
618 1837 718 1891 est,
761 1837 872 1893 post
914 1827 1110 1881 obitum
1136 1828 1302 1879 sancti
1329 1826 1613 1889 Ambrosii,
1652 1826 1705 1878 in

150 1918 362 1973 Andania
383 1919 636 1988 partibus,
672 1918 1081 1989 persequentibus
1110 1920 1384 1990 gentilibus
1408 1919 1533 1973 viris
1561 1935 1703 1972 mar-

148 2013 244 2081 tyrii
267 2028 495 2066 coronant
523 2014 702 2084 adepti
740 2022 857 2067 sunt
883 2054 896 2077 ,
944 2028 1101 2082 quum
1143 2012 1386 2082 reliquias
1420 2009 1707 2064 Mediolani

149 2118 310 2157 summa
334 2120 443 2157 eum
467 2105 739 2159 devotione
765 2106 1138 2174 susciperentus
1162 2146 1176 2169 ,
1211 2111 1318 2157 etc.
1376 2103 1549 2157 Porro
1579 2102 1705 2173 Epio

148 2196 305 2248 stolam
351 2198 374 2251 1
426 2197 491 2252 de
553 2198 779 2253 Sisinnii
819 2207 874 2252 et
918 2199 1191 2252 sociorum
1246 2198 1507 2268 martyrio
1536 2240 1549 2262 ,
1606 2196 1708 2250 hac

149 2291 367 2357 temporis
412 2293 691 2346 notatione
737 2293 1020 2360 consignat
1074 2301 1299 2347 sanctus
1338 2291 1562 2361 Vigilius
1593 2291 1704 2359 (c):

147 2376 246 2433 Dies
279 2391 433 2435 autem
469 2383 726 2451 passionis
763 2394 1075 2448 sanctorum,
1115 2395 1297 2450 quarto
1326 2382 1573 2437 kalendas
1603 2382 1707 2437 Ju-

149 2475 255 2541 nius,
295 2487 429 2531 sexta
455 2478 611 2547 feria,
642 2478 753 2532 luce
778 2488 1035 2531 nascente.
1086 2478 1149 2530 Et
1181 2480 1233 2531 in
1268 2479 1495 2547 epistola
1527 2477 1561 2530 2
1596 2479 1711 2533 lucc

146 2571 317 2620 tantum
347 2569 503 2623 habet
532 2568 615 2642 (d)
642 2587 655 2623 :
700 2568 875 2625 Sexta:
905 2571 1049 2641 feria:
1079 2570 1170 2625 lux
1197 2570 1337 2625 alma
1367 2580 1704 2638 processerat.

148 2658 319 2725 Quibus
366 2664 584 2732 quidem
636 2664 910 2719 chronicis
964 2665 1376 2718 characteribus
1433 2662 1711 2719 iudieatur

144 2768 285 2807 annus
311 2771 590 2822 cccxcvu,
644 2774 752 2830 quo
781 2759 896 2814 dies
924 2775 976 2813 tv
1016 2757 1275 2814 kalendas
1305 2759 1495 2816 Junias
1534 2762 1586 2815 in
1628 2760 1708 2814 fe-

145 2843 253 2899 riam
283 2863 330 2900 vt
361 2851 567 2917 incidit,
624 2860 684 2905 ut
714 2862 837 2923 post
868 2852 1298 2922 Papehrochium
1328 2851 1398 2925 (e)
1426 2852 1620 2923 Pagius
1643 2855 1711 2925 (Γ)

142 2936 309 3009 aliique
335 2943 718 2999 observarunt.
765 2944 874 3001 Sed
907 2947 1076 3016 probe
1110 2948 1386 3015 perspexit
1416 2945 1712 3001 Tillemon—

146 3030 259 3097 liuS,
320 3037 458 3105 quod
511 3037 638 3092 aliis
692 3038 968 3093 invisum:
1016 3039 1266 3092 nimirum
1319 3039 1419 3112 (g),
1466 3038 1712 3092 eamdem

200 3171 266 3243 (ιι)
303 3170 482 3243 [fitbe
518 3176 750 3231 Dissert.
783 3175 853 3230 de
883 3175 1087 3243 Script.
1119 3174 1280 3239 eccl.,
1315 3175 1353 3229 l.
1380 3190 1430 3229 c.

198 3241 263 3327 (b)
302 3241 508 3327 Pontia.
535 3246 695 3327 ,.Vil.
734 3249 787 3301 S.
826 3241 1105 3310 Ambrds.,
1155 3247 1181 3318 §
1217 3247 1316 3315 52,
1353 3247 1407 3303 in
1462 3243 1712 3327 Append.

143 3310 342 3388 aditoiu.
379 3316 418 3370 ll
446 3317 734 3381 Ambros.,
769 3335 890 3388 pag.
923 3334 1037 3371 xui.

222 3387 264 3461 c)_
303 3389 475 3461 vii)in
510 3390 685 3458 Epist.
723 3387 779 3461 1,
810 3387 903 3461 ςῗι
934 3389 987 3443 in
1022 3390 1115 3443 lin.

221 3459 271 3527 ά)
309 3456 393 3512 Id.
426 3456 599 3532 Eipist.
635 3462 691 3522 2.
726 3459 755 3532 ﬁ
790 3456 874 3515 1⁷1.

221 3533 262 3599 ε)
302 3536 416 3584 Act.
444 3530 570 3656 Si,
602 3527 883 3588 Maii'tom.
915 3532 1026 3600 VII,
1062 3547 1184 3604 pag.
1211 3530 1304 3600 39,
1330 3532 1382 3587 in
1406 3527 1712 3587 Comment.

221 3618 281 3651 δι’.
314 3617 460 3656 1111111.
539 3646 551 3656 .

173 3612 281 3651 rrev.
314 3617 460 3656 nunt.
494 3612 551 3657 4.

145 3612 281 3666 prter.
314 3617 460 3656 nunt.
494 3612 551 3657 4.

198 3670 263 3741 (Ῑ)
299 3671 446 3745 Pagi,
477 3674 544 3729 ad
575 3689 707 3729 ann.
741 3673 867 3741 400,
900 3673 1004 3746 §‘:‘..

148 3781 441 3805 ——-—..

1809 1823 2175 1895 κριτικώτατος
2227 1831 2407 1877 notam
2462 1822 2609 1877 illam
2663 1822 2841 1894 Vigilii
2899 1826 3214 1881 ehronicam
3266 1842 3411 1882 anno

1809 1912 1973 1967 etiam
2015 1929 2259 1969 cccxcvn
2309 1932 2651 1986 congruere,
2703 1934 2811 1988 quo
2856 1920 3011 1991 cyclo
3062 1920 3204 1975 lunae.
3258 1936 3410 1990 xvtn,

1809 2008 1943 2063 solis
1979 2024 2093 2073 xw,
2128 2010 2302 2063 littera
2335 2010 2640 2065 dominicali
2675 2011 2717 2065 D
2762 2013 2956 2082 ρ;ιει·1ι;ι
2993 2013 3091 2068 fuit
3121 2031 3153 2069 v
3182 2014 3407 2084 Aprilis,

1811 2109 1973 2169 atque
2019 2101 2155 2154 adeo
2200 2103 2306 2153 dies
2339 2117 2387 2155 tv
2436 2100 2685 2156 kalendas
2713 2100 2902 2159 lunias
2945 2122 3041 2159 seu
3106 2121 3234 2162 χχιχ
3288 2107 3408 2161 Maii

1813 2192 2069 2248 incidisse
2096 2193 2147 2245 in
2180 2194 2365 2265 feriam
2388 2206 2608 2250 sextarii.
2644 2195 2829 2264 Neque
2861 2197 3091 2252 advertit
3123 2208 3409 2268 prwterea,

1813 2286 1954 2355 quod
1988 2287 2062 2340 rei
2094 2298 2253 2356 caput
2280 2295 2397 2351 est,
2445 2288 2592 2343 illam
2625 2288 2880 2344 nimirum
2912 2289 3089 2360 Vigilii
3130 2293 3412 2361 epismlam

1782 2379 1982 2433 ’l'uisse
2012 2381 2320 2448 inscriptam
2345 2379 2700 2450 Simpliciano
2727 2382 2985 2455 episcopo
3003 2382 3412 2450 Mediolanensi,

1814 2477 1901 2546 qui
1936 2484 2190 2530 currente
2219 2491 2362 2529 anno
2387 2491 2516 2531 cccc
2542 2518 2557 2543 ,
2603 2486 2659 2531 ut
2707 2487 2907 2532 norunt
2954 2478 3150 2533 eruditi
3191 2480 3299 2553 (j),
3349 2495 3416 2534 ex

1817 2575 1917 2623 hac
1967 2570 2072 2624 vita
2126 2571 2395 2639 migravit.
2452 2568 2661 2639 Scripta
2700 2588 2820 2642 ergo
2860 2571 3039 2642 fuisset
3071 2571 3251 2644 Vigilii
3287 2574 3410 2642 epi-

1816 2664 1949 2717 stola
1975 2704 1988 2725 ,
2038 2674 2095 2716 ut
2125 2673 2333 2716 suamet
2362 2662 2528 2718 verba
2572 2662 2794 2719 reddam
2825 2665 3139 2737 Sealigero,
3193 2665 3416 2719 triennio

1817 2766 1931 2827 post
1969 2757 2173 2811 obitum
2219 2756 2580 2829 Simpliciani.
2649 2756 2746 2813 Cui
2797 2758 3105 2814 absurditati
3151 2761 3262 2832 ipse
3313 2777 3416 2815 non

1817 2850 2103 2915 adscribet,
2158 2862 2297 2903 certo
2334 2851 2463 2905 scio.
2528 2849 2654 2904 Haec
2694 2849 2866 2907 fusius
2892 2852 3200 2908 edisserere
3244 2852 3420 2918 libuit,

1817 2940 1961 3011 quod
2026 2941 2295 3010 impotens
2346 2956 2573 2997 censura
2628 2940 2889 3013 Scaligeri
2948 2946 3173 3015 ejusque
3223 2947 3420 3017 pingue

1819 3034 2072 3088 mendum
2101 3033 2223 3090 aliis
2251 3035 2511 3090 hactenus
2542 3037 2785 3091 noverim
2820 3041 3177 3108 incomperta.

1896 3169 1984 3259 (g2.
2013 3167 2215 3259 Titini}.
2237 3211 2251 3235 ,
2296 3167 2454 3225 Mem.
2486 3170 2621 3226 eccl.
2660 3182 2785 3227 tom.
2819 3171 2899 3238 Χ,
2929 3189 3052 3247 pag.
3082 3175 3208 3243 812,
3241 3186 3353 3234 not.
3384 3179 3419 3235 5

1825 3239 2005 3297 sur'S.
2050 3239 2233 3307 Vigilo.

1895 3310 1974 3383 (Ιι)
2013 3312 2236 3386 tiaran”
2255 3311 2320 3386 ad
2349 3328 2477 3386 ann.
2503 3311 2630 3377 400,
2664 3312 2692 3386 §
2720 3315 2775 3368 2.

1896 3382 1961 3454 (i)
1990 3384 2237 3463 ⁸ιξειιιὶέιη
2288 3382 2357 3438 de
2403 3385 2628 3441 Emend.
2666 3382 2935 3458 icmp0r.,
2985 3391 3035 3446 in
3086 3391 3417 3463 prolegom.,

1822 3456 2244 3605 Ρηὲὣ-Ῑᾷξζζεηιη,
2278 3526 2433 3605 slent.
2463 3528 2622 3594 eccl.,
2659 3537 2789 3585 tom.
2818 3528 2889 3597 X,
2917 3548 3041 3605 pr-g.
3074 3533 3200 3601 797,
3233 3537 3421 3604 not.5,

1822 3615 1914 3653 sur
1952 3598 2014 3653 S.
2055 3598 2379 3667 Sintplicien.

452 3787 3393 3821 *ΜΨ-*ψ*

1284 3877 1706 4033 suam
1792 3876 2244 4062 illam

796 4068 881 4131 ω

1011 4078 1959 4250 ΕΡΙΞΤΟΙΑΕ
2048 4116 2525 4245 DU/E.

1074 4311 1092 4375 (
1118 4310 1189 4361 Ex
1218 4307 1460 4361 Gallandii
1484 4306 1721 4356 Biblioth.
1748 4311 1869 4356 tam.
1896 4304 2032 4366 VIII,
2060 4315 2175 4368 pag.
2202 4302 2429 4355 205-206.
2452 4303 2474 4368 )

616 4488 947 4545 EPISTOLA
992 4488 1229 4544 PRIMA.

256 4598 321 4641 Δί)
358 4601 745 4642 διιριιοιλκυδι
789 4598 1078 4640 EPISCOPUII
1118 4599 1590 4639 IEDIOLANENSEM.

199 4676 270 4733 De
294 4684 545 4753 martyrio
581 4681 691 4737 SS.
721 4679 936 4735 Sisinnii
954 4720 967 4741 ,
1004 4679 1242 4750 Martyrii
1274 4690 1321 4733 et
1347 4678 1650 4733 Alexandri.

198 4770 234 4824 I.
264 4773 488 4829 Domino
518 4780 716 4827 saneto
744 4786 809 4826 ac
835 4770 1130 4827 venerabili
1163 4771 1336 4836 Patri,
1366 4769 1522 4824 bonis
1552 4768 1728 4824 omni-

139 4859 227 4917 bus
253 4866 597 4934 praeferendo
622 4864 996 4933 Simpliciano,
1030 4862 1258 4933 Vigilius
1286 4864 1575 4934 episcopus
1600 4862 1720 4918 Tri-

142 4952 355 5012 dentina:
382 4959 682 5021 Ecclesiae,
715 4957 965 5011 salutem.

199 5051 452 5117 Quamvis
500 5053 649 5107 facta
677 5052 972 5121 Martyrum
1021 5049 1338 5116 mentione,
1387 5066 1494 5105 non
1542 5050 1725 5106 verbis

142 5145 332 5210 merita,
360 5146 454 5201 sed
487 5146 657 5200 verba
692 5133 897 5199 meritis
921 5142 1403 5209 commendantur;
1440 5145 1727 5213 potiusque

143 5236 201 5290 sit
226 5240 547 5295 constantiae
575 5238 793 5293 silentio
824 5237 1131 5307 praeterire,
1163 5235 1357 5307 quibus
1386 5247 1471 5291 est
1503 5236 1727 5305 probata

144 5332 329 5387 virtus:
364 5344 549 5389 tamen
583 5331 708 5401 quia
748 5346 834 5386 me
859 5344 1151 5400 suggerere
1176 5343 1369 5383 causas
1392 5371 1404 5393 ,
1451 5329 1565 5383 loca
1596 5345 1731 5400 pug-

143 5438 325 5495 nasque
356 5425 611 5498 martyrii
641 5420 811 5494 pietas
838 5421 1086 5493 impulit,
1136 5419 1421 5475 admonuit
1450 5419 1688 5476 debitum
1712 5463 1727 5486 ,

143 5520 299 5586 Coegit
320 5519 562 5573 cilicium
591 5533 607 5582 ;
654 5515 955 5584 trepidante
982 5528 1218 5570 incerare
1244 5514 1477 5584 linguam
1522 5513 1730 5585 pagina:

145 5622 237 5661 non
279 5610 465 5681 negavi
494 5650 509 5675 ,
565 5607 688 5677 quia
715 5621 815 5663 nec
854 5606 1111 5662 abscondi
1145 5613 1354 5676 poterat
1380 5605 1600 5669 lucerna
1628 5605 1729 5660 sub

148 5702 311 5757 modio
334 5741 350 5769 ,
384 5717 489 5758 nec
516 5715 629 5755 vox
660 5699 728 5770 pii
756 5697 1033 5770 sanguinis
1077 5697 1314 5753 reticeri.
1360 5696 1486 5753 Post
1528 5697 1730 5754 multos

1835 4496 2068 4552 namque
2100 4480 2376 4551 patientia:
2402 4480 2598 4553 gradus
2630 4490 2682 4537 et
2714 4482 2930 4539 sedulas
2963 4501 3169 4558 pugnas
3192 4530 3207 4554 ,
3242 4504 3435 4548 recens

1834 4573 2074 4644 perﬁdi-.e
2104 4571 2333 4628 accessit
2364 4574 2617 4645 iniquitas
2644 4592 2658 4644 ;
2689 4575 2811 4646 quia
2846 4576 3076 4633 ministri
3112 4580 3162 4634 in
3191 4583 3437 4640 ecclesiis

1830 4683 1951 4739 qua:
1978 4684 2149 4737 nuper
2179 4668 2411 4722 tundatze
2440 4669 2653 4722 fuerant
2678 4711 2693 4736 ,
2728 4670 2968 4726 lacessiti
2994 4685 3159 4741 sunt,
3194 4691 3256 4731 ac
3296 4692 3439 4733 mar-

1831 4763 1953 4834 tyrii
1984 4763 2169 4815 titulos
2210 4772 2708 4833 comparaverunt;
2740 4766 2907 4833 parati
2940 4766 3005 4820 ad
3034 4769 3238 4835 omnia,
3264 4770 3439 4826 liben-

1830 4865 1914 4912 ter
1940 4856 2120 4910 omnia
2144 4858 2496 4925 sustinentes,
2526 4858 2656 4912 nulli
2681 4859 2870 4915 dantes
2888 4863 3251 4929 occasionem,
3281 4881 3438 4920 occa-

1752 4946 1984 5005 Dsione
2023 4950 2207 5020 glorise
2248 4949 2476 5019 gloriam
2521 4962 2856 5007 meruerunt.
2900 4953 3136 5020 Quorum
3178 4956 3327 5025 vita,
3381 4968 3439 5014 ut

1831 5057 2041 5098 summa
2074 5058 2251 5097 rerum
2285 5044 2492 5113 fastigia
2521 5044 2750 5097 referam
2772 5085 2785 5109 ,
2820 5055 3042 5115 propter
3062 5048 3305 5102 scientia;
3337 5065 3438 5103 no-

1832 5136 2029 5203 titiam,
2074 5136 2173 5191 luit
2203 5145 2310 5191 tam
2345 5136 2725 5192 sollicitudinis
2753 5154 2913 5208 quam
2948 5142 3208 5210 prepositi
3258 5143 3441 5214 singu-

1833 5229 2003 5283 laris:
2038 5245 2159 5283 nam
2191 5246 2379 5287 tnnnes
2411 5230 2570 5285 liberi
2607 5247 2748 5286 nexu
2780 5233 3012 5304 conjugii
3037 5275 3050 5298 ,
3098 5234 3204 5288 Deo
3250 5234 3440 5291 imma-

1836 5324 2041 5378 culatas
2082 5324 2330 5389 animas,
2380 5333 2438 5378 ut
2484 5334 2700 5379 sanctas
2748 5324 2984 5391 hostias,
3047 5328 3439 5397 pra‘stiterunl.

1838 5418 2079 5489 Denique
2108 5420 2313 5487 primus
2338 5460 2351 5482 ,
2400 5419 2667 5475 vocabulo
2697 5418 2967 5474 Sisinnius
3000 5460 3016 5488 ,
3064 5437 3257 5476 novam
3286 5421 3444 5479 Citri-

1834 5512 1994 5565 stiani
2026 5511 2260 5565 nominis
2296 5526 2479 5581 pacem
2512 5511 2691 5565 intulit
2719 5511 2961 5565 barbara:
2991 5514 3193 5568 nationi
3223 5532 3235 5567 :
3278 5532 3438 5585 quant

1834 5618 1932 5674 per
1959 5619 2224 5659 annorum
2250 5604 2447 5660 seriem
2472 5646 2486 5671 ,
2510 5604 2652 5674 quod
2681 5604 2735 5659 in
2767 5619 2828 5658 se
2856 5602 2957 5658 fuit
2980 5647 2995 5670 ,
3036 5605 3238 5683 iugiter
3257 5617 3441 5675 custo-

1834 5696 1996 5763 divit,
2036 5696 2242 5753 nullum
2277 5697 2614 5754 consortium
2652 5695 2871 5768 pollutae
2918 5696 3305 5771 hospitalitatis
3344 5719 3435 5776 ag-
