3950 6350
548 214 647 270 551

1606 214 1922 277 SANCTUS
1961 217 2262 280 VlGILIUS
2299 221 2786 286 TRIDENTINUS.

3682 241 3764 300 δ5ὶ

547 342 807 395 noscens,
843 328 989 386 velut
1019 329 1154 386 Loth
1185 328 1474 397 Sodomis,
1506 333 1773 404 stnpendo
1800 335 1996 392 timore
2021 336 2144 392 reli-
2171 341 2220 400 Α
2250 339 2483 395 animam
2509 355 2662 398 suam
2686 351 2744 398 ut
2768 355 2875 398 non
2898 343 3115 428 obtulit,
3142 345 3212 402 ita
3239 361 3342 405 non
3363 353 3571 423 negavit.
3608 356 3765 416 Verum

546 427 759 497 gionem
790 427 1066 483 servavit:
1110 425 1206 481 sed
1253 426 1368 481 ovis
1413 436 1524 482 tuta
1552 427 1593 493 ί,
1627 429 1875 500 quamvis
1906 430 1959 484 in
1991 429 2147 500 lupo-

545 533 667 574 rum
699 518 878 575 medio
903 519 1216 586 constituta,
1249 520 1387 574 ovile
1416 521 1686 591 qumsivit,
1717 520 1862 592 quod
1888 564 1902 589 ,
1936 522 2148 592 impen-

545 611 623 668 sis
650 611 858 680 pusilla:
891 610 1017 667 lidei
1040 611 1182 667 votis
1206 612 1516 679 muniﬁcus,
1547 613 1751 684 primus
1779 614 1832 668 in
1857 614 1946 669 illa
1974 615 2150 686 regio-

547 721 615 760 ne
642 704 885 761 fundavit
910 723 922 759 :
955 705 1108 777 cujus
1126 708 1392 772 minister,
1420 707 1464 762 si
1489 722 1698 764 mecum
1725 724 2010 765 recensere
2032 709 2149 780 dig-

547 799 716 865 naris,
747 815 840 871 per
870 799 972 856 hoc
1002 801 1148 856 velut
1169 817 1236 857 ex
1267 801 1449 858 debito
1474 817 1598 860 esse
1623 805 1946 874 promeruit,
1982 819 2150 862 senex

544 902 603 948 ut
629 908 770 960 aevo,
797 894 868 949 ita
895 894 1092 950 merito
1123 897 1484 965 praecesserit.

620 984 686 1041 ll.
719 986 916 1043 Lector
940 1003 1154 1060 quoque
1185 991 1475 1062 Martyrius
1503 1033 1517 1059 ,
1559 991 1679 1062 eius
1703 992 2035 1050 adminiculo
2060 1009 2148 1052 so-

547 1077 741 1148 ciatus,
767 1080 879 1150 iam
910 1081 1144 1137 nominis
1175 1083 1397 1154 pignore
1426 1085 1842 1142 commendante
1878 1102 2027 1151 eum,
2060 1103 2148 1142 re-

548 1169 756 1242 ligiosae
779 1172 1129 1243 professionis
1143 1175 1364 1230 exordia
1385 1184 1506 1246 post
1528 1175 1773 1232 militiam
1795 1177 2148 1248 temporalem

549 1263 972 1320 catechumenos
1021 1265 1216 1322 induit.
1264 1267 1398 1324 Nam
1447 1267 1688 1339 proiecto
1737 1285 1767 1324 a
1805 1284 1865 1325 se
1891 1271 2147 1340 cingulo,

551 1357 864 1430 reiectoqne
894 1371 1176 1432 parentum
1218 1361 1306 1417 vel
1349 1361 1572 1418 fratrum
1616 1364 1914 1419 carnalium
1962 1373 2148 1432 coetu,

552 1451 862 1524 intelligens
908 1469 1031 1510 sese
1059 1470 1201 1510 vera:
1229 1455 1362 1510 lucis
1385 1465 1608 1512 auctore
1627 1457 1735 1512 Deo
1763 1457 1991 1528 gratiam
2021 1473 2152 1513 con-

551 1556 819 1613 secutum,
855 1547 998 1604 inter
1027 1548 1258 1604 lectores
1290 1549 1470 1606 oflicio
1496 1553 1734 1607 sociatus
1759 1593 1773 1616 ,
1806 1551 2003 1608 divina:
2031 1553 2150 1608 lau-

550 1638 636 1697 dis
663 1640 933 1696 canticnm
965 1641 1188 1698 auribus
1214 1643 1422 1712 primus
1439 1643 1617 1699 surdae
1642 1644 1877 1715 regionis
1896 1645 2150 1713 intonuit,

2249 446 2436 489 omnes
2464 434 2518 489 in
2549 451 2710 490 unum
2757 437 3007 506 collecti,
3050 455 3147 511 per
3191 441 3390 513 aliquot
3424 447 3578 514 spatia
3613 453 3764 521 tracti,

2251 524 2362 581 Deo
2392 526 2601 584 animas
2626 530 2992 600 exspirarunt.
3023 532 3092 588 Et
3119 534 3344 591 duorum
3374 538 3569 608 quidem
3592 541 3766 600 ductum

2249 623 2336 671 est
2359 632 2558 688 corpus
2589 624 2834 679 exanime
2862 642 2875 679 :
2912 626 3070 682 tertio
3107 642 3235 684 vero
3271 646 3374 699 quo
3408 633 3627 689 tenacior
3653 637 3766 706 vita,

2250 708 2323 765 ita
2354 709 2454 766 fuit
2482 727 2639 783 pinna
2672 716 3020 774 sensibilior:
3063 734 3187 775 nam
3216 721 3366 778 vivus
3410 738 3525 780 suas
3563 730 3771 795 spectavit

2250 804 2553 875 exsequias.
2607 807 2945 878 Prteparatns
2977 822 3060 867 est
3089 811 3157 868 de
3182 814 3350 870 sacris
3375 816 3598 872 ecclesia:
3619 819 3769 876 culmi-

2253 897 2410 954 nibus
2435 915 2530 956 seu
2564 903 2805 959 trabibus
2833 921 2997 976 rogus
3035 924 3048 961 :
3084 907 3200 963 lucc
3220 907 3428 964 ﬂamma
3456 923 3684 985 martyres
3703 931 3772 970 ve-

2253 987 2400 1044 lavit.
2451 989 2742 1049 Reverenti
2773 1005 2953 1051 autem
2983 1008 3108 1053 voto
3135 1040 3150 1067 ,
3181 998 3471 1071 cogitamus
3508 1003 3771 1073 nobiscum,

2254 1090 2312 1135 ut
2333 1081 2384 1136 id
2415 1083 2517 1137 loci
2550 1085 2768 1141 basilica
2791 1097 3158 1155 construatur,
3199 1093 3290 1146 ubi
3325 1093 3539 1162 primum
3567 1095 3668 1152 ﬁdei
3690 1097 3774 1168 glo-

2254 1174 2413 1229 riosze
2443 1177 2805 1234 testimonium
2833 1191 3173 1238 meruerunt.
3205 1183 3354 1239 Nunc
3383 1201 3465 1240 me
3486 1187 3773 1255 immeritum,

2256 1267 2308 1322 in
2337 1279 2568 1342 utroque
2595 1284 2933 1342 consortem,
2977 1286 3203 1348 paterno
3230 1294 3414 1335 amore
3441 1282 3714 1348 consolare,
3738 1292 3778 1338 et

2253 1377 2376 1417 cum
2399 1365 2590 1422 eodem
2617 1365 2640 1396 ‘
2679 1377 2896 1424 sanctos
2933 1369 3076 1440 apud
3126 1371 3275 1442 ipsos
3316 1382 3560 1428 exorator
3590 1374 3776 1443 accede,

2254 1466 2520 1527 quatenus
2567 1461 2765 1529 possim
2804 1460 2892 1516 die
2939 1461 3028 1516 illa
3057 1461 3325 1520 ﬁmbriam
3372 1475 3462 1522 aut
3501 1465 3780 1524 sacerdotum

2254 1559 2345 1603 aut
2377 1561 2696 1622 martyrum,
2719 1552 2832 1622 iam
2859 1555 3114 1610 omnibus
3142 1558 3398 1628 sepositis
3419 1600 3435 1626 ,
3483 1570 3698 1629 peccator
3722 1569 3782 1615 at-

2257 1639 2486 1710 tingere.
2567 1641 2883 1700 Salutamus
2958 1647 3179 1716 speciali
3239 1649 3460 1704 servitio
3507 1652 3784 1707 sanctitatem

551 1741 790 1789 attentus
830 1735 1086 1806 operibus
1113 1735 1314 1806 iugiter
1352 1737 1688 1806 spiritalibus
1710 1779 1725 1805 ,
1755 1737 1986 1792 lassatus
2009 1737 2150 1808 ieiu-
2182 1738 2232 1800 B
2261 1739 2403 1785 luam
2430 1749 2445 1788 :
2475 1748 2682 1802 qumso,
2715 1743 2774 1790 ut
2801 1751 3092 1793 ιιιωνοιιθιη
3117 1754 3299 1795 meum
3329 1740 3547 1796 Domino
3567 1756 3786 1798 commen.

553 1825 656 1883 niis
681 1827 972 1894 continuis,
1007 1826 1257 1883 lectionis
1277 1842 1390 1883 suae
1417 1827 1762 1900 paedagogus,
1792 1827 1846 1884 in
1877 1828 2154 1885 lucrandis

551 1921 837 1978 animabus
881 1922 1072 1978 anxius
1111 1941 1124 1976 :
1175 1937 1344 1993 quare
1381 1922 1534 1978 brevi
1584 1923 1842 1993 temporis
1881 1923 2154 1994 impendio

555 2025 761 2072 tantum
811 2016 970 2072 fenus
995 2025 1120 2072 ante
1152 2015 1453 2087 praemisit,
1498 2026 1554 2072 ut
1603 2015 1676 2072 illi
1721 2031 1919 2072 corona
1960 2017 2155 2072 merito

551 2111 889 2169 crederetur.
921 2110 1060 2180 Quid
1091 2109 1344 2166 liberatas
1372 2110 1585 2165 animas
1611 2107 1868 2174 referam,
1899 2109 1951 2164 in
1975 2109 2153 2164 sinum

551 2202 784 2260 Abrahae
811 2203 969 2275 plena
997 2204 1114 2258 luce
1146 2205 1418 2273 profectas
1437 2245 1453 2270 ,
1499 2217 1633 2274 quas
1661 2202 1866 2274 perﬁda
1893 2203 2157 2273 supersti-

555 2296 817 2360 tiosornm
847 2295 1058 2352 dierum
1089 2296 1436 2351 observantia
1466 2337 1482 2364 ,
1511 2298 1749 2351 alienato
1771 2291 1895 2368 iure
1923 2305 2153 2364 natura},

549 2385 756 2442 crudeli
787 2397 963 2443 morte
992 2385 1330 2442 damnabat?
1363 2386 1561 2453 Verum
1592 2387 1704 2452 ille,
1724 2387 2020 2442 subductus
2043 2401 2158 2441 ma-

551 2480 723 2535 ternis
749 2479 1006 2537 uberibus
1031 2481 1171 2536 lacte
1203 2479 1541 2552 turgentibus
1561 2521 1576 2547 ,
1608 2495 1833 2550 peregre
1863 2479 2153 2546 enutritus,

550 2571 942 2628 condecentem
970 2587 1187 2645 semper
1215 2573 1376 2627 matri
1411 2572 1691 2643 quaerebat
1726 2572 1976 2628 aﬁ'ectum
2003 2614 2018 2640 ,
2066 2589 2156 2628 re-

551 2667 944 2724 surrectionem
976 2669 1243 2739 exemplis
1271 2669 1615 2738 praedicatam
1649 2667 1955 2725 videntibus
1985 2669 2158 2725 oculis

552 2757 852 2816 dieaturus.
885 2761 1012 2816 Hmc
1040 2769 1169 2816 sunt
1199 2775 1369 2830 pauca
1397 2761 1465 2816 de
1488 2761 1694 2817 multis.

626 2873 714 2929 Ill.
750 2874 1060 2932 Alexander
1097 2891 1314 2948 quoque
1339 2917 1356 2944 ,
1399 2875 1644 2948 Martyrii
1689 2875 2158 2948 consanguinitate

551 2979 862 3038 germanus,
896 2969 1086 3023 tertius
1111 2967 1363 3023 trinitatis
1386 2968 1618 3023 hostiam
1646 2970 1947 3039 complens,
1972 2984 2155 3039 parem

553 3059 916 3116 confessionis
955 3061 1174 3133 ianuam
1225 3063 1509 3120 reseravit.
1569 3062 1702 3118 Nam
1745 3065 2014 3135 patriam,
2060 3063 2156 3142 Dei

549 3155 755 3209 eausa'
782 3155 1115 3235 peregrinus,
1161 3166 1524 3226 parentesque
1560 3154 1818 3220 deseruit,
1871 3170 2054 3212 comes
2103 3156 2156 3212 in

551 3247 954 3318 probationibus
983 3248 1119 3304 ﬁdus
1145 3290 1160 3317 ,
1206 3247 1315 3306 ﬁde
1352 3250 1724 3320 magnanimus
1748 3291 1764 3317 ,
1811 3249 2157 3307 miseratione

551 3357 872 3414 propensus.
908 3341 976 3398 Et
1000 3343 1045 3398 si
1071 3343 1382 3399 testimonio
1414 3359 1537 3400 meo
1565 3352 1855 3414 utcumque
1875 3343 2116 3400 creditur
2139 3384 2155 3410 ,

551 3451 658 3491 non
686 3445 830 3504 sunt,
861 3435 965 3491 nisi
993 3434 1096 3506 ipsi
1121 3436 1245 3502 sibi,
1269 3435 1598 3494 altrinsecus
1628 3436 1989 3508 praeferendi:
2018 3451 2155 3508 quos

550 3529 917 3585 commendari
950 3544 1055 3585 non
1084 3543 1222 3600 Opus
1249 3529 1389 3596 fuit,
1441 3529 1542 3584 nisi
1593 3529 1733 3585 forte
1776 3531 1916 3602 quod
1948 3529 2152 3585 decuit.

552 3622 622 3678 At
641 3636 774 3678 vero
801 3621 1064 3678 hactenus
1083 3631 1210 3678 sunt
1238 3623 1466 3678 allevata
1497 3622 1733 3690 fastidia,
1769 3626 1812 3678 si
1855 3621 2035 3678 adhuc
2060 3639 2156 3678 au-

549 3714 703 3770 ribus
743 3713 976 3770 libenter
1007 3713 1265 3770 admittis.
1315 3713 1450 3770 Nam
1489 3715 1695 3771 fumosa
1725 3716 1999 3788 gentilitas
2024 3731 2154 3771 con-

547 3816 632 3862 tra
657 3821 910 3878 vaporem
941 3805 1103 3874 ﬁdei,
1152 3807 1268 3862 zelo
1307 3807 1508 3863 diaboli
1531 3807 1745 3864 ﬂamma
1776 3809 1973 3864 furoris
2004 3810 2152 3864 inca-

549 3899 685 3956 luit:
708 3899 906 3957 exinde
922 3901 1032 3973 iam
1064 3901 1270 3957 lentum
1299 3900 1540 3957 fomitem
1567 3917 1792 3973 serpens
1816 3944 1830 3969 ,
1865 3902 2008 3973 quod
2036 3903 2152 3972 opi-

549 3992 650 4048 bus
671 4035 686 4060 ,
719 4002 776 4049 ut
802 3992 912 4048 dixi
943 4035 958 4059 .
989 3992 1114 4050 ﬁdei
1142 4003 1458 4066 paupertate
1489 3993 1702 4061 devota,
1733 3995 1940 4066 primus
1963 3994 2014 4049 id
2047 3993 2150 4050 loci

546 4087 812 4146 diaconus
838 4087 1083 4145 ecclesia:
1111 4087 1523 4144 tabernaculum
1569 4089 1858 4159 posuisset.
1904 4087 2152 4145 Accessit

545 4196 761 4254 quoque
797 4181 958 4252 iusta:
1000 4181 1067 4237 ad
1099 4181 1285 4238 titulos
1327 4196 1527 4246 causzc,
1560 4180 1701 4253 quod
1728 4180 2026 4237 condonari
2054 4181 2150 4237 ho-

544 4279 674 4335 stias
703 4279 919 4334 diabolo
945 4277 1012 4335 de
1041 4277 1335 4335 christiana
1362 4277 1548 4343 domo,
1578 4276 1790 4332 diaconi
1814 4275 1958 4331 ﬁdeli
1987 4276 2149 4331 mini-

543 4372 710 4426 sterio
747 4372 1104 4442 prohiberet,
1151 4378 1208 4427 et
1247 4372 1400 4426 lusui
1430 4370 1614 4426 feralis
1655 4369 1853 4426 vexillo
1903 4367 2147 4440 praeferri

544 4460 804 4517 vexillum
845 4464 1012 4518 vetuit
1041 4462 1062 4494 ³
1097 4463 1385 4533 passionis.
1446 4461 1579 4518 Nam
1626 4461 1850 4517 invitata
1889 4461 1991 4518 sub
2038 4476 2146 4516 uno

545 4554 766 4624 prtemio
792 4569 983 4608 manus
1010 4593 1025 4620 ,
1058 4555 1123 4610 ad
1155 4556 1473 4626 sanguinein
1498 4554 1838 4622 conVolavit;
1874 4569 1939 4610 ac
1968 4563 2146 4608 matu-

544 4647 672 4703 tinis
695 4647 864 4712 boris,
895 4648 1120 4704 nimium
1147 4648 1522 4705 antecedentis
1551 4649 1658 4704 diei
1685 4649 1998 4705 vulneribus
2021 4649 2146 4704 fati-

541 4748 747 4814 gatum,
767 4756 868 4798 nec
884 4741 1044 4797 aliter
1063 4741 1263 4798 lcetulo
1277 4740 1699 4812 deprehensum,
1723 4743 1947 4798 emerita
1962 4744 2145 4814 quiete

541 4832 810 4906 sepelivit.
867 4833 1062 4889 Lector
1089 4848 1302 4904 quoque
1328 4831 1469 4888 haud
1499 4848 1752 4904 umquam
1779 4834 2010 4906 impiger
2031 4873 2047 4901 ,
2089 4840 2144 4888 et

543 4928 612 4986 ad
645 4927 1002 4984 ministerium
1030 4927 1406 4983 antelucanum
1434 4928 1742 4995 serviebat,
1774 4931 1859 4983 cui
1888 4929 1940 4984 in
1973 4928 2146 4983 sacri-

544 5023 668 5080 ﬁcio
690 5022 949 5079 diaconus
977 5020 1371 5088 famulabatur;
1397 5030 1455 5076 et
1484 5020 1802 5078 medicinam
1830 5022 2143 5078 vulneribus

541 5126 871 5176 memoratus
901 5115 1188 5190 Martyrius
1233 5116 1562 5186 exhibebat,
1614 5133 1773 5187 quam
1823 5133 1990 5190 Opere
2036 5133 2143 5189 quo

541 5215 867 5286 deprehensi
892 5223 1018 5270 sunt
1041 5257 1056 5282 ,
1090 5211 1521 5284 compleverunt.
1565 5211 1847 5283 Siquidem
1878 5211 2142 5270 secedens

538 5309 606 5366 ad
644 5309 859 5365 hortum
891 5309 1060 5364 lector
1082 5348 1099 5376 ,
1136 5307 1227 5378 qui
1256 5306 1501 5363 ecclesia:
1527 5305 1837 5362 enitarrebat
1860 5348 1876 5374 ,
1907 5316 2096 5377 captus
2118 5349 2158 5374 ,_

537 5403 663 5458 vita:
689 5417 802 5458 sure
823 5402 1074 5458 arborem
1101 5416 1131 5455 a
1163 5400 1345 5458 radice
1379 5401 1660 5471 plantavit.
1687 5401 1953 5458 Ostiarius
1974 5402 2137 5458 etiam

537 5497 775 5566 passioni
815 5493 1102 5566 adjunctus
1145 5502 1230 5551 est
1279 5510 1294 5548 :
1343 5493 1398 5550 in
1449 5495 1685 5566 liOSpitio
1725 5494 2136 5567 deprehensus,

614 5628 631 5658 ¹
661 5627 764 5685 Ed.
789 5637 915 5684 tota.

613 5699 634 5730 '
665 5699 764 5756 Ed.
781 5700 970 5756 deinde
990 5717 1188 5774 peregr.

2256 1825 2388 1882 dare
2415 1826 2676 1898 digneris.
2701 1827 2836 1885 Item
2866 1833 2972 1887 alia
3003 1851 3181 1890 manu.
3224 1835 3496 1908 Denegare
3520 1854 3613 1894 non
3644 1841 3786 1910 potui,

2257 1919 2401 1988 quod
2429 1927 2578 1975 tuum
2608 1921 2660 1976 in
2690 1925 2848 1980 nobis
2873 1927 3324 1998 crat.gloriosius
3341 1929 3486 1986 ﬁeret
3509 1932 3789 2003 suscipientis

2259 2016 2482 2081 merito,
2518 2030 2622 2069 non
2649 2017 2819 2086 gratia
2852 2018 3154 2089 largientis.
3201 2020 3328 2077 Dies
3371 2032 3540 2079 autem
3582 2023 3790 2092 passionis

2258 2116 2587 2176 sanctorum,
2617 2119 2812 2180 quarto
2841 2110 3106 2170 kalendas
3135 2114 3346 2184 Junias,
3378 2127 3520 2173 sexta
3545 2117 3680 2185 feria,
3703 2118 3792 2174 luce

2258 2211 2541 2258 nascente.

2842 2277 3182 2337 EPISTOLA
3221 2281 3288 2338 ll.

2571 2368 2650 2423 An
2687 2369 2745 2426 S.
2787 2369 3035 2428 Joanne!
3073 2372 3516 2433 CHRYSOS‘I'OIUI.

2728 2459 2807 2516 De
2829 2462 3010 2518 iisdem
3047 2468 3381 2539 martyribus.

2259 2549 2438 2626 Incipit
2471 2550 3164 2626 Episttri‘la'sauctij'igiliide
3204 2561 3432 2626 laudibus
3465 2563 3796 2616 beatissimorum

2321 2615 2811 2690 martyrtnn'Sisinnit
2830 2659 2844 2679 ,
2871 2615 3140 2690 sleiaitdri
3167 2631 3221 2673 et
3246 2624 3460 2690 Martyrii
3477 2664 3491 2688 ,
3513 2615 3798 2690 quorutnreli-

2320 2678 2448 2752 quiaa
2473 2691 2568 2752 per
2584 2678 3274 2752 Ja‘colinm'virumillustrem
3308 2678 3616 2742 ει(ὶέοεῖιόοω
3645 2691 3796 2752 episco-

2321 2750 2437 2799 pum
2461 2740 2599 2789 urbis
2623 2740 3162 2808 CoustantinOpolitanaa
3194 2758 3543 2810 pervenerunt.

2331 2819 2374 2874 ι.
2416 2821 2498 2878 Ad
2541 2837 2757 2882 sanctas
2801 2842 2962 2884 aures
2989 2845 3160 2886 novus
3185 2833 3471 2892 cltaritatis
3506 2836 3684 2906 hospes
3715 2851 3796 2890 non

2260 2910 2415 2968 aliter
2444 2916 2746 2984 applicaret
2771 2959 2784 2985 ,
2815 2927 2908 2974 aut
2933 2922 3318 2979 verecundiam
3362 2927 3516 2996 primi
3543 2937 3698 2982 motus
3716 2939 3798 2980 non

2262 3018 2586 3092 provocatus
2635 3009 2979 3080 impelleret,
3023 3014 3107 3070 vel
3151 3015 3424 3074 imbueret
3471 3021 3663 3090 ignotus
3695 3018 3799 3072 allo-

2182 3127 2229 3192 ρ
2261 3104 2442 3175 quium
2469 3123 2482 3173 ;
2518 3107 2621 3163 nisi
2651 3121 2968 3178 provocaret
2993 3121 3049 3169 et
3076 3116 3385 3185 prtemium.
3413 3117 3492 3172 Ab
3517 3116 3704 3172 homine
3723 3114 3798 3170 ita-

2261 3213 2365 3269 que
2391 3201 2690 3270 apostolico
2710 3245 2724 3270 ,
2775 3204 2940 3260 frater
2965 3205 3294 3266 cltarissime
3318 3252 3335 3278 ,
3385 3213 3648 3282 prmsentis
3680 3219 3799 3265 tenor

2259 3300 2421 3358 atque
2450 3294 2694 3363 epistolae
2724 3295 2949 3366 incipiet
2978 3297 3260 3369 plenitudo
3287 3343 3306 3369 ,
3351 3315 3409 3358 ut
3445 3303 3582 3360 facili
3610 3299 3798 3358 conﬁnio

2259 3379 2564 3452 intelligas,
2611 3385 2754 3455 quod
2799 3397 3095 3460 martyrum
3124 3395 3399 3463 praeconia
3439 3397 3796 3466 subsequantur.

2257 3471 2490 3529 Jacobus
2518 3478 2742 3542 etenim,
2770 3477 3168 3539 desideriorum
3199 3488 3503 3544 caelestium
3533 3489 3608 3544 vir
3643 3485 3796 3551 ﬁdelis,

2255 3566 2578 3626 Comitivam
2603 3571 2964 3632 reclinatnrus
2991 3577 3043 3632 in
3071 3578 3273 3636 Christi
3305 3583 3584 3639 comitibus
3613 3582 3799 3654 dignitao

2258 3668 2400 3725 tem,
2431 3671 2740 3720 sanctorum
2780 3670 3079 3725 recentium
3109 3681 3164 3728 et
3190 3689 3393 3744 vapore
3414 3675 3683 3731 fumantum
3705 3672 3798 3728 reli-

2255 3754 2409 3824 quias
2438 3757 2754 3824 postulavit.
2790 3759 3166 3820 Reclinaturus
3192 3765 3340 3832 dixi,
3371 3769 3491 3840 quia
3518 3768 3693 3840 deponi
3718 3780 3799 3820 non

2257 3854 2454 3914 potest,
2483 3864 2604 3918 quae
2627 3850 2766 3920 apud
2799 3851 3082 3910 Dominum
3107 3851 3347 3929 dignitas
3385 3861 3684 3916 cumulatur.
3725 3856 3798 3912 Cui

2254 3954 2355 4012 ego
2409 3941 2542 3996 satis
2585 3943 2837 4014 timidus,
2871 3963 2970 4004 nec
3022 3964 3211 4020 parum
3243 3952 3484 4023 prudens
3511 3969 3695 4016 causae,
3720 3964 3798 4005 me-

2253 4049 2375 4090 cum
2405 4035 2811 4108 dispensatione
2858 4041 3088 4099 luctatus
3115 4088 3128 4111 ,
3181 4061 3290 4116 quo
3336 4047 3515 4104 minus
3538 4047 3798 4104 distributor

2252 4129 2508 4199 idoneus,
2559 4148 2697 4202 pene
2723 4134 2851 4190 dum
2883 4152 3074 4194 vereor
3098 4139 3362 4212 denegari
3411 4161 3427 4198 :
3472 4143 3604 4214 qttod
3631 4154 3800 4208 semper

2257 4221 2459 4278 debere
2487 4265 2502 4290 ,
2537 4233 2596 4280 ut
2625 4227 2745 4296 quis
2771 4226 3039 4286 feneretur
3063 4273 3079 4298 ,
3109 4234 3347 4302 expendi
3375 4233 3618 4292 feceram.
3662 4229 3798 4287 Conli-

2255 4323 2406 4382 teor;
2457 4316 2685 4373 multum
2729 4321 3024 4377 multorum
3055 4325 3322 4396 privatam
3357 4328 3510 4384 timui
3556 4329 3732 4398 privato
3751 4324 3799 4378 ti-

2251 4422 2402 4464 more
2423 4408 2716 4479 iacturam,
2743 4412 2845 4468 nisi
2868 4415 2936 4469 ad
2960 4415 3223 4474 Iacobum
3253 4421 3633 4491 respexissem,
3653 4426 3797 4474 sancto

2174 4526 2230 4588 D
2253 4499 2447 4556 Joanni
2493 4518 2592 4573 per
2638 4505 2884 4574 quedam
2911 4507 3172 4564 alimenta
3201 4515 3525 4569 reverentize
3553 4512 3795 4574 traditore,

2253 4604 2311 4647 ut
2337 4592 2584 4666 delegato
2608 4612 2794 4654 amore
2815 4613 2910 4670 per
2944 4600 3192 4672 religiosa
3221 4605 3488 4662 vocabula
3515 4613 3794 4677 martyrum,

2251 4683 2573 4758 deferretur,
2601 4701 2655 4746 et
2682 4690 2874 4759 iterum
2897 4695 3156 4765 sanguine
3177 4695 3526 4769 iungeretur,
3555 4714 3654 4756 non
3679 4708 3798 4767 pere-

2249 4780 2400 4849 grina
2430 4783 2781 4850 germanitas.
2828 4785 2979 4843 llanc
3003 4804 3224 4860 quoque
3246 4792 3392 4849 inter
3414 4804 3604 4850 caetera
3630 4787 3796 4860 opinio-

2250 4887 2373 4928 nem
2407 4873 2530 4929 ﬁdei
2556 4875 2788 4934 libenter
2807 4881 3080 4950 accipiens
3099 4923 3116 4950 ,
3154 4899 3276 4953 qua:
3303 4886 3448 4944 bene
3491 4887 3541 4943 in
3568 4901 3674 4942 meo
3696 4895 3798 4938 mar

2250 4979 2371 5022 rore
2396 4967 2630 5036 ridebat,
2662 4979 2866 5028 tantum
2894 4973 3102 5042 distuli,
3132 4992 3241 5034 non
3273 4979 3490 5051 negavi.
3537 4977 3733 5042 Distuli,
3756 4980 3798 5028 ut

2245 5059 2445 5116 iterum
2478 5061 2740 5119 lentitudo
2773 5081 2893 5122 mea
2931 5078 3121 5138 aperte
3161 5071 3520 5142 proderetur,
3560 5073 3644 5144 qui
3679 5063 3798 5136 sequi

2248 5169 2400 5211 meos
2423 5157 2653 5214 comites
2679 5158 2903 5217 minime
2931 5165 3273 5220 meruissem.
3307 5165 3605 5231 Confiteor,
3631 5160 3795 5234 optavi:

2248 5245 2343 5302 sed
2374 5263 2483 5303 non
2517 5259 2602 5304 est
2641 5249 2697 5305 in
2728 5253 2845 5308 solo
2875 5253 3147 5312 desiderio
3173 5273 3378 5316 corona
3403 5260 3639 5331 iustitiae.
3680 5254 3800 5311 Nunc

2247 5349 2426 5394 autem
2457 5341 2504 5395 si
2532 5341 2732 5400 decens
2754 5345 2891 5402 ordo
2911 5351 3092 5418 gravis
3122 5366 3226 5408 non
3259 5353 3365 5408 erit
3386 5354 3602 5410 auribus
3619 5344 3799 5406 sitienti

2247 5433 2368 5502 bus,
2401 5451 2429 5488 a
2453 5438 2690 5508 regionis
2717 5439 2826 5496 situ
2856 5443 2941 5498 vel
2965 5443 3172 5502 itineris
3198 5447 3471 5506 inchoabo
3497 5465 3512 5514 ;
3542 5459 3726 5503 summa
3742 5453 3801 5496 rc-

2248 5543 2366 5583 rum
2399 5531 2627 5602 vestigia
2669 5534 2788 5592 sine
2816 5535 3032 5595 fastidio
3080 5550 3410 5612 secuturus,
3454 5551 3512 5599 ut
3556 5534 3799 5614 proclivius

2315 5645 2336 5676 ³
2360 5644 2464 5702 Ed.
2495 5651 2705 5705 meruit.

2317 5715 2338 5746 ‘
2364 5715 2466 5774 Ed.
2499 5721 2700 5778 iisdem.
