3950 6350
178 250 267 307 553
1325 240 1568 300 S'ANCTI
1609 236 1837 296 VlGlLll
1875 236 2256 297 EPISTOUE.
3329 242 3433 299 554

176 362 375 419 conﬁuat
402 357 664 415 inundatio
697 359 1016 415 meritorum
1044 399 1057 426 ,
1100 360 1145 416 si
1168 359 1235 415 ad
1268 360 1530 432 originem
1563 355 1727 415 fontis
1755 358 1800 415 Α

176 454 329 523 capaci
353 468 526 507 amore
551 453 851 521 pervenias.

230 545 285 603 ll.
320 544 516 599 Positus
561 561 789 616 namque
835 546 962 618 (cui
1013 547 1330 618 inquilinum
1375 557 1457 604 est
1486 549 1726 620 Anagnia

176 637 486 709 vocabulum)
514 638 662 694 locus
721 640 912 711 viginti
951 640 1189 713 quinque
1231 641 1420 697 stadiis
1451 658 1480 695 a
1510 643 1729 697 civitate

173 731 345 786 divisus
366 774 379 798 ,
409 739 514 784 tam
547 730 769 801 perﬁdia
791 749 952 803 quam
982 742 1172 789 natura
1198 736 1441 804 angustis
1484 734 1728 790 faucibus

173 822 491 890 interclusus,
536 839 643 880 uno
681 841 820 896 pene
865 825 1012 882 aditu
1059 828 1331 883 relaxatus
1370 827 1516 901 (iter
1567 827 1728 884 trium

172 925 426 987 martyrum
456 916 624 989 dicas)
655 918 745 989 qui
777 919 1064 990 resupinus
1097 920 1247 975 molli
1278 921 1464 989 dorso,
1501 921 1641 975 vallo
1663 938 1727 977 ex

172 1009 292 1064 omni
335 1009 493 1065 latere
528 1010 813 1068 desidente
839 1056 855 1081 ,
908 1014 1145 1069 castellis
1174 1014 1413 1085 undique
1446 1015 1635 1085 positis
1675 1016 1729 1070 in

170 1116 410 1164 coronam,
448 1102 635 1157 vicinis
669 1104 771 1158 sibi
807 1105 1028 1175 perﬁdia
1057 1107 1497 1175 conSpirantibus
1522 1149 1536 1173 ,
1571 1121 1723 1176 Specc

171 1197 300 1251 tacnli
329 1211 489 1266 genus
520 1197 738 1255 exhibet
764 1216 925 1255 scena
982 1210 1207 1257 natnrzn.
1239 1201 1412 1256 Causa
1460 1202 1580 1258 loco
1638 1204 1732 1259 de-

168 1302 289 1346 erat:
315 1292 400 1347 sed
429 1292 525 1347 fuit
551 1309 713 1349 causa
744 1292 993 1351 Christus
1022 1296 1237 1364 idonea,
1261 1309 1319 1350 ut
1348 1296 1502 1352 daret
1530 1298 1732 1354 diaboli

168 1382 298 1438 ludus
332 1399 574 1455 pompam
622 1388 901 1459 martyrio.
963 1389 1081 1445 Non
1126 1390 1195 1444 sit
1249 1392 1468 1447 auribus
1507 1392 1733 1446 audien-

168 1474 221 1529 tis
238 1474 401 1531 odiosa
427 1477 667 1533 locorum
688 1479 893 1536 relatio,
915 1480 1039 1535 Fuit
1058 1482 1199 1537 enim
1227 1483 1331 1538 sibi
1353 1500 1570 1555 semper
1592 1484 1733 1545 male

166 1568 352 1634 socius,
396 1586 661 1627 concavus
707 1575 758 1628 in
790 1577 1063 1631 montibus
1116 1592 1388 1634 consonus
1418 1579 1569 1634 locus
1601 1598 1613 1634 :
1665 1578 1732 1635 ad

164 1674 294 1731 quem
315 1677 426 1717 cum
453 1663 652 1720 Christi
677 1666 910 1737 primum
930 1668 1117 1723 militia
1139 1670 1569 1737 conscendisset,
1592 1672 1732 1727 tubis

1834 366 1888 409 ut
1917 370 2016 411 nec
2043 367 2168 413 ante
2194 357 2319 429 quid
2353 356 2725 428 praecesserit,
2762 371 2861 411 nec
2891 364 3147 429 sequatur
3174 377 3187 425 ;
3239 361 3331 417 sed
3366 366 3438 416 sit

1832 449 2105 517 singulare
2135 494 2147 515 ,
2190 449 2333 520 quod
2364 450 2537 504 solum
2567 451 2687 505 data
2723 453 3191 509 consummatione
3218 454 3436 509 conclu-

1832 556 1972 598 sum.
2000 544 2165 599 Ovem
2194 545 2334 615 quia
2364 544 2618 615 przedone
2650 545 2925 613 custodit,
2959 554 3118 616 puto,
3154 562 3258 602 non
3294 564 3437 602 mer-

1832 636 2082 691 cenarius
2112 678 2126 703 ,
2159 636 2253 691 sed
2284 636 2484 690 Christi
2522 636 2825 692 ostenditur
2850 652 2969 693 esse
3000 639 3298 708 discipulus
3331 657 3344 706 ;
3384 651 3439 695 et

1832 728 1919 797 qui
1947 725 2102 797 fugit,
2134 727 2498 783 conducﬁtius
2525 746 2538 794 ;
2570 728 2661 798 qui
2693 744 2799 784 non
2824 729 3047 798 deserit,
3084 742 3287 800 pastor.
3334 733 3435 799 Qui

1831 821 1985 891 ponit
2014 822 2274 890 animam,
2302 821 2434 876 vivit
2466 839 2480 889 ;
2522 821 2613 892 qui
2642 834 2842 887 servat,
2878 824 3094 878 amittit.
3142 823 3276 879 Nam
3309 825 3437 895 quid

1833 914 1979 969 aliud
2012 915 2122 986 egit
2152 915 2402 986 Magister
2429 924 2485 972 et
2513 916 2774 970 Dominus
2798 959 2811 982 ,
2855 916 2953 972 nisi
2981 926 3041 971 ut
3069 933 3171 971 non
3202 919 3441 973 derelin-

1834 1017 2028 1079 queret
2053 1008 2363 1065 desertores
2388 1025 2403 1074 ;
2433 1019 2525 1063 aut
2548 1010 2731 1079 Agnus
2754 1051 2767 1076 ,
2797 1010 2899 1063 nisi
2934 1018 2989 1063 nt
3021 1012 3227 1079 agnam‘
3255 1011 3441 1066 defen-

1834 1100 2009 1167 deret,
2044 1112 2098 1155 ut
2125 1118 2219 1172 pro
2250 1102 2436 1157 ovibus
2462 1102 2548 1171 pia
2571 1102 2784 1156 victima
2813 1113 3280 1156 consnmntaretnr
3294 1104 3316 1154 ?
3334 1094 3439 1157 Sed

1836 1196 2181 1266 ingressurus
2210 1196 2520 1267 passionum
2545 1204 2777 1266 portam,
2814 1203 2935 1263 post
2961 1195 3159 1259 editam
3190 1195 3443 1264 multipli-

1835 1302 1951 1345 Ccm
1978 1306 2215 1357 causam,
2245 1293 2580 1360 peregrinam
2606 1289 2819 1344 laudem
2850 1278 2955 1343 non
2980 1291 3317 1347 contraham.
3347 1306 3442 1347 ne-

1837 1399 1941 1453 que
1972 1383 2195 1437 furabor
2225 1400 2238 1436 :
2271 1383 2397 1451 quia
2425 1398 2526 1438 nec
2557 1383 2731 1437 aliena
2761 1383 2900 1437 velle
2926 1426 2940 1449 ,
2989 1393 3285 1455 martyrum
3314 1392 3437 1447 est;

1837 1491 1935 1531 nec
1968 1475 2176 1543 fallere,
2210 1476 2589 1531 sacerdotum:
2624 1474 2723 1527 nisi
2752 1476 2874 1544 quia
2907 1474 3297 1545 impossibilem
3327 1490 3435 1544 me,

1837 1578 1896 1623 ut
1936 1569 2273 1639 insequendo
2324 1571 2423 1623 ista
2473 1568 2739 1623 conﬁteor
2787 1566 3115 1633 referendo,
3163 1578 3214 1621 et
3256 1569 3306 1622 in
3338 1569 3440 1622 hoc

1837 1663 2079 1730 minime,
2114 1664 2237 1733 quia
2268 1664 2478 1718 minora
2510 1662 2769 1716 dicturus.

164 1766 283 1820 sarpe
306 1754 473 1809 excita
504 1758 808 1813 truculenta
836 1761 1103 1829 gentilitas
1133 1804 1145 1823 .
1180 1763 1373 1817 remulo
1404 1762 1587 1819 furore
1619 1763 1731 1819 bel—
1760 1756 1807 1816 B
1909 1754 1973 1809 V.
2018 1754 2147 1809 Post
2172 1754 2424 1810 vexillum
2456 1769 2686 1825 namque
2704 1753 3090 1809 diabolicorum
3122 1755 3438 1825 lustrorum,

162 1841 279 1914 lique
305 1845 641 1917 clangoribus
684 1842 1071 1908 inflammatur.
1125 1852 1323 1909 Verum
1368 1871 1531 1909 unum
1563 1871 1732 1926 genus

161 1951 323 2008 pugna:
358 1951 664 1999 sanctorum
695 1944 791 1999 fttit
819 1946 1116 2016 perfectum
1143 1990 1158 2015 ,
1208 1949 1389 2003 omnia
1420 1951 1693 2006 sustinere
1715 1994 1730 2019 ,

159 2028 405 2087 lacessitos
433 2034 631 2090 cedere
654 2078 669 2101 ,
704 2041 971 2106 patienter
999 2038 1138 2095 ferre
1165 2084 1178 2107 ,
1234 2056 1485 2111 passuros
1522 2044 1732 2113 privata

160 2127 537 2184 mansuetudine
569 2129 811 2186 furorem
846 2134 1118 2202 publicum
1160 2136 1431 2192 refrenare
1459 2179 1473 2204 ,
1514 2139 1733 2194 vincere

159 2214 515 2277 detreCtando:
561 2224 658 2279 sed
702 2226 1083 2295 praedestinata
1114 2229 1281 2299 gloria
1315 2232 1507 2285 maturi
1556 2232 1733 2286 exitus

160 2309 300 2366 titulis
328 2315 676 2385 perurgebat,
698 2332 833 2387 quos
871 2319 1087 2376 debitus
1115 2321 1249 2377 ordo
1272 2332 1573 2394 pepererat.
1597 2322 1729 2379 Nam

156 2408 502 2471 prtetermissis
528 2410 850 2481 ambagibus
875 2422 929 2467 et
956 2414 1129 2484 longis
1179 2414 1510 2472 anfractibus
1537 2432 1729 2487 ampuo

156 2497 259 2551 tatis
287 2498 490 2569 (solum
523 2518 633 2557 non
663 2504 943 2577 reticebo)
970 2508 1166 2576 quibus
1196 2517 1280 2563 est
1307 2510 1481 2564 virtus
1526 2510 1728 2565 nutrita

154 2603 437 2666 martyrum,
465 2597 723 2653 damnum
758 2600 932 2656 laudis
953 2602 1199 2657 ablaturo
1223 2603 1570 2674 compendio.

211 2683 291 2738 Ill.
322 2686 448 2742 Cum
476 2682 659 2745 adhuc
686 2704 831 2747 esset
864 2695 915 2747 in
944 2694 1253 2763 supradicta
1283 2695 1501 2766 regione
1530 2711 1729 2752 nomen

154 2773 334 2834 Domini
362 2784 703 2853 peregrinum
732 2826 747 2850 ,
788 2802 964 2856 neque
988 2788 1151 2843 ullum
1176 2789 1386 2859 signum
1411 2798 1557 2845 esset
1586 2789 1729 2861 quod

155 2866 299 2939 (ﬁdei)
327 2872 662 2943 signaculum
689 2876 1105 2944 demonsuaret,
1154 2880 1369 2933 fuerunt
1392 2879 1444 2933 lii
1479 2891 1604 2936 tunc
1632 2898 1731 2936 nu-

150 2972 295 3027 mero,
323 2979 460 3021 nunc
491 2966 690 3023 merito
717 2970 1022 3041 singulares
1052 2972 1297 3039 advenae,
1326 2982 1435 3028 tam
1465 2974 1727 3045 religione

148 3068 280 3123 quam
307 3070 464 3130 gente
486 3103 500 3128 ,
533 3078 567 3117 a
596 3064 791 3134 quibus
820 3082 926 3120 non
958 3066 1233 3122 immerito
1282 3067 1422 3123 Deus
1463 3069 1725 3138 prasdica-

148 3149 275 3203 retu'r
301 3152 509 3224 ignotos
535 3199 551 3221 ,
598 3156 743 3227 longi
782 3160 1043 3230 temporis
1086 3160 1267 3231 quieta
1307 3163 1724 3219 conversatione
1752 3141 1797 3205 (ἶ

148 3248 439 3314 compositi,
470 3250 603 3305 dum
634 3253 777 3307 nulla
804 3252 926 3309 ﬁdei
961 3254 1163 3310 utilitas
1210 3254 1468 3311 titillaret.
1521 3256 1722 3312 Verum

146 3346 296 3405 nunc,
340 3341 381 3395 si
409 3357 573 3398 causa
607 3344 659 3398 in
700 3344 986 3401 Dominum
1040 3349 1309 3418 surgentis
1347 3348 1459 3403 odii
1486 3350 1727 3421 requira-

148 3434 249 3496 tur,
283 3430 574 3508 (violatae)
622 3435 768 3507 pacis
800 3439 987 3495 titulus
1008 3440 1148 3507 fuit;
1194 3443 1315 3511 quia
1343 3459 1479 3498 unus
1506 3458 1571 3498 ex
1601 3444 1682 3498 his
1709 3484 1724 3508 ,

146 3522 338 3581 nomine
381 3526 679 3595 Sisinnius,
713 3539 938 3603 utroque
960 3533 1334 3603 grandaevior,
1366 3536 1418 3590 in
1447 3551 1551 3605 quo
1582 3544 1729 3591 esset

147 3614 216 3667 vel
256 3619 364 3673 sola
407 3624 740 3679 venerabilis
799 3638 1091 3695 senectus,
1151 3629 1439 3685 ecclesiam
1494 3630 1727 3700 propriis

146 3712 422 3779 sumptibus
456 3717 712 3772 elevavit.
762 3718 894 3774 Fide
922 3719 1087 3776 ditior
1119 3738 1280 3792 quam
1324 3723 1609 3789 facultate,
1643 3725 1725 3779 lo-

144 3802 306 3870 cuples
348 3809 546 3877 spiritu
574 3851 588 3873 ,
623 3826 828 3881 pauper
851 3827 1017 3868 censu
1045 3855 1058 3880 ,
1087 3815 1307 3869 tradidit
1332 3817 1470 3871 ovile
1497 3818 1727 3887 pastori.

146 3890 315 3954 Factus
343 3911 425 3957 est
451 3904 612 3975 cujus
642 3914 759 3959 erat
786 3907 1041 3963 conditor
1064 3950 1080 3974 ,
1113 3911 1410 3965 excubator
1443 3928 1456 3965 :
1508 3911 1601 3967 sed
1633 3912 1733 3966 fuit

144 3987 263 4057 lupis
302 3995 441 4051 ovile
472 3998 834 4054 contrarium.
886 3999 1083 4055 Invidit
1110 4004 1262 4057 ruina
1291 4001 1491 4057 diaboli
1515 4004 1729 4058 culmen

147 4093 383 4141 erectum.
418 4088 550 4145 ﬂare
577 4090 675 4145 fuit
704 4107 825 4148 sors
853 4092 1023 4162 prima
1052 4096 1321 4167 martyrii,
1355 4105 1412 4149 ut
1444 4112 1571 4152 oves
1603 4096 1730 4151 dum

144 4184 315 4242 agnum
350 4192 753 4254 persequuntur
780 4226 792 4250 ,
828 4186 1161 4243 occiderent.
1218 4186 1413 4243 Addita
1462 4200 1546 4244 est
1585 4191 1735 4245 velut

144 4264 329 4340 hostia,
378 4276 466 4331 illa
510 4278 628 4333 Deo
666 4279 863 4346 justior
906 4295 1107 4336 causa:
1159 4283 1301 4351 quod
1350 4297 1473 4336 cum
1512 4281 1734 4337 lustrale

144 4365 317 4420 malum
364 4369 511 4425 circa
561 4370 695 4427 ﬁnes
741 4386 997 4443 agrorum
1044 4383 1305 4444 cuperent
1331 4374 1530 4430 ducere
1571 4389 1733 4431 scena

142 4450 299 4526 ferali,
329 4477 390 4515 ac
418 4474 538 4519 sata
570 4466 843 4521 nascentia
878 4475 985 4521 tam
1013 4476 1355 4538 protererent
1378 4450 1538 4539 quam
1568 4468 1736 4524 fuada-

1835 1848 2001 1919 quod,
2027 1857 2083 1903 ut
2110 1849 2417 1915 retulimus,
2445 1848 2834 1903 cratindicium
2859 1849 3046 1919 gloriae
3073 1864 3196 1903 mox
3214 1848 3430 1918 futurae,

1837 1955 1940 1994 una
1972 1950 2128 1996 nocte
2155 1940 2373 1996 dilatam
2400 1941 2710 1995 ascenditur
2735 1941 2801 1994 ad
2832 1955 3112 1997 coronam.
3156 1942 3288 1995 Nam
3320 1958 3438 1997 ma-

1835 2033 2027 2089 tutinis
2051 2034 2195 2088 horis
2214 2050 2422 2088 aurora:
2450 2044 2676 2103 repente
2701 2035 2821 2089 cceli
2848 2036 3035 2090 umbra
3055 2035 3305 2101 cedente,
3328 2051 3441 2088 ma-

1835 2141 1935 2180 nus
1960 2126 2258 2194 inepiaata,
2290 2128 2385 2182 sed
2415 2127 2721 2195 conSpirata
2748 2127 3038 2195 colligitur,
3073 2128 3322 2196 praeustis
3346 2143 3433 2182 ar-

1836 2228 1977 2275 mata
1996 2220 2219 2276 sudibus
2241 2230 2402 2289 atque
2420 2221 2724 2286 securibus,
2752 2221 2959 2290 etquod
2990 2220 3312 2276 rimantibus
3328 2223 3433 2276 dia-

1833 2313 1939 2368 boli
1974 2315 2052 2367 ira
2070 2314 2237 2367 telum
2265 2313 2518 2380 fet-isset;
2547 2315 2724 2383 ibique
2749 2313 2931 2369 levitis
2950 2315 3244 2385 aliquantis
3276 2316 3327 2368 in
3347 2330 3438 2370 ec—

1832 2407 1998 2463 clesia
2016 2406 2390 2477 deprehensis,
2416 2408 2670 2475 hymnum
2704 2408 3049 2463 cantantibus
3075 2408 3431 2473 matutinum,

1831 2502 1887 2557 fit
1918 2513 2063 2556 vasta
2082 2501 2460 2572 depopulatio,
2482 2516 2623 2555 saeva
2644 2502 2908 2573 direptio:
2944 2502 3300 2570 profanantur
3325 2517 3442 2555 om-

1831 2603 1917 2658 nia
1952 2614 2056 2658 tatn
2096 2610 2305 2657 secreta
2334 2616 2495 2672 quam
2536 2600 2718 2654 divina
2750 2601 3040 2672 mysteria;
3076 2600 3132 2653 ﬁt
3163 2613 3437 2681 postremo

1833 2694 2283 2766 praeda,religio.
2312 2693 2389 2749 Ne
2412 2694 2532 2764 quis
2564 2693 2667 2748 hoc
2696 2694 2914 2764 vulgare
2940 2703 3088 2763 putet
3118 2692 3285 2747 fuisse
3315 2708 3435 2748 cer-

1830 2795 2011 2842 tamen
2046 2828 2059 2852 ,
2121 2802 2244 2841 cum
2306 2795 2401 2840 aut
2441 2785 2777 2841 insensibiha
2840 2785 3042 2839 idolaa
3097 2785 3446 2840 sensibilibns

1830 2878 2138 2945 diruuntur,
2173 2886 2265 2932 aut
2302 2893 2559 2933 saxorum
2600 2878 2771 2932 moles
2801 2892 2923 2931 cum
2959 2876 3069 2931 suis
3099 2874 3445 2931 molitor-ibus

1830 2980 2273 3036 commoventur;
2308 2981 2364 3024 ut
2403 2971 2471 3026 de
2498 2971 2705 3025 cultore
2730 2979 2783 3025 et
2824 2970 2891 3024 de
2918 2970 3145 3024 colendo
3176 2970 3444 3024 incertum

1830 3064 2052 3131 habeas,
2103 3080 2262 3135 quem
2308 3064 2516 3134 iudices
2560 3064 2857 3119 duriorem.
2906 3063 3064 3117 Petra
3108 3062 3358 3118 Christus
3392 3064 3443 3117 in

1831 3159 2083 3213 omnibus
2126 3158 2451 3223 vexabatur,
2501 3156 2771 3225 angularis
2818 3156 2954 3226 lapis
2995 3157 3386 3225 reprobabatur
3414 3172 3443 3209 a

1831 3252 2103 3323 gentibus,
2138 3252 2449 3318 probandus
2483 3251 2714 3314 iterum;
2748 3250 2950 3304 mundo
2976 3250 3242 3319 sanguine
3272 3250 3444 3304 aediﬁ-

1832 3358 2051 3403 caturus
2078 3346 2288 3400 ruinam
2336 3354 2668 3416 surgentem.
2720 3344 2960 3398 Habebat
2989 3344 3128 3398 inter
3175 3344 3274 3398 ista
3306 3343 3443 3397 ﬁdes

1833 3441 2196 3511 spectaculum
2226 3455 2404 3495 suum.
2438 3437 2663 3493 Sisinnii
2696 3447 2823 3493 tunc
2853 3438 3063 3492 diaconi
3106 3452 3305 3505 corpus
3335 3437 3448 3491 loc--

1835 3537 1947 3591 tulo
1985 3534 2291 3600 tenebatur,
2337 3534 2645 3589 confossum
2676 3548 2739 3587 ac
2766 3532 3003 3586 saucium
3047 3530 3289 3602 pristinis
3315 3545 3451 3601 quo-

1834 3646 1939 3702 que
1965 3630 2302 3694 vulneribus,
2333 3644 2453 3683 cum
2488 3636 2580 3682 aut
2609 3642 2763 3681 ovem
2801 3626 2867 3680 ad
2900 3626 3128 3680 hostiam
3163 3640 3445 3689 revocare,

1840 3731 1933 3777 aut
1973 3722 2144 3777 hostia
2194 3722 2308 3776 ﬁeri
2340 3721 2647 3791 juberetur,
2678 3721 2778 3775 nisi
2807 3720 3061 3775 feralibus
3096 3719 3284 3773 hostiis
3315 3735 3449 3773 con-

1837 3816 2127 3877 sensisset;
2163 3814 2285 3868 tuba
2339 3827 2625 3882 percussus
2652 3827 2755 3882 qua
2785 3812 3055 3867 canticum
3087 3811 3285 3889 diaboli
3319 3827 3447 3881 per-

1836 3909 2130 3972 sonabant,
2162 3922 2270 3961 non
2317 3907 2588 3961 immerito
2633 3906 2723 3976 qui
2752 3920 2943 3959 sonum
2976 3904 3101 3959 ﬁdei
3132 3907 3336 3974 primus
3362 3904 3446 3957 iu-

1839 4000 2037 4054 tulerat
2072 4016 2084 4052 :
2116 3999 2393 4067 securibus
2425 4012 2635 4061 caesus,
2670 3997 2761 4067 qui
2790 4011 3036 4052 securem
3068 3997 3136 4051 ab
3163 3995 3448 4050 infecunda

1838 4091 2151 4163 gentilitatis
2180 4092 2375 4146 arbore
2402 4088 2746 4145 defendebat.
2777 4088 2856 4143 Ac
2883 4104 2949 4142 ne
2981 4088 3191 4157 longius
3235 4097 3443 4156 protra—

1841 4186 1965 4240 ham
1997 4186 2346 4250 conﬁrmata;
2378 4184 2625 4249 emerita,
2656 4193 2713 4237 ut
2742 4182 2993 4243 diximus,
3043 4180 3224 4235 lectuli
3250 4181 3446 4250 depre-

1844 4280 2096 4337 henditur
2119 4284 2333 4351 quiete;
2376 4281 2679 4346 confessus,
2707 4278 2894 4345 credo,
2940 4286 2997 4331 ut
3020 4276 3225 4343 privato
3252 4285 3450 4346 myste-

1843 4377 1926 4430 rio
1957 4374 2022 4429 ad
2051 4389 2267 4428 crucem
2316 4374 2472 4428 citius
2518 4372 2859 4442 perveniret,
2892 4369 3248 4441 paralyticum
3278 4384 3446 4441 popu-

1845 4466 1955 4521 lum
1984 4466 2280 4521 soluturus.
2980 4454 2987 4463 ’

141 4560 277 4617 rem;
330 4555 537 4612 Christi
583 4575 795 4629 quoque
836 4561 1080 4630 germina
1126 4561 1423 4628 calcaturi,
1478 4547 1819 4617 luctuosisD
1918 4559 2006 4613 VI.
2048 4559 2151 4614 Per
2187 4559 2392 4629 lignum
2450 4556 2668 4612 funibus
2711 4556 2960 4627 alligatur
3012 4555 3184 4612 lector
3234 4572 3447 4627 quoque

142 4646 394 4702 ornatibus
420 4652 691 4717 coronati,
720 4652 924 4707 ululato
954 4653 1198 4709 carmine
1226 4653 1451 4719 diaboli,
1484 4653 1731 4709 diversa-

144 4745 242 4788 rum
265 4753 517 4806 pecorum
546 4744 756 4812 pompis
785 4746 980 4799 erectis
1009 4746 1061 4799 in
1086 4745 1302 4800 Domini
1342 4745 1514 4801 aedem
1559 4748 1735 4801 vexil—

146 4823 201 4881 Ιίε
221 4868 235 4894 9
266 4849 430 4904 nuper
457 4835 527 4890 de
556 4850 653 4890 sua
683 4845 843 4907 gente
889 4852 1215 4893 conversum
1244 4881 1257 4904 ,
1313 4839 1560 4893 victimas
1605 4839 1735 4895 dare

145 4924 385 4992 cogebant
424 4928 687 4998 operibus
729 4930 1099 4986 tenebrarum.
1154 4931 1305 4999 Quod
1355 4946 1476 4986 cum
1522 4932 1734 4986 Domini

145 5013 350 5073 ministri
380 5020 501 5076 sine
530 5035 630 5076 suo
662 5032 813 5077 reatu
838 5023 952 5078 ﬁeri
985 5024 1073 5078 vix
1112 5023 1397 5091 viderent,
1440 5025 1563 5093 quia
1603 5025 1735 5079 assi-

144 5112 328 5162 stentes
348 5108 451 5179 ipsi
472 5129 686 5185 quoque
707 5116 963 5186 operibus
985 5117 1305 5173 videbantur
1328 5118 1734 5173 communicare

146 5196 395 5265 confusis;
420 5203 770 5278 oppignerata
793 5217 917 5262 sunt
941 5208 1031 5263 illa
1058 5208 1146 5263 die
1175 5216 1485 5264 sanctorum
1508 5223 1734 5280 corpora

144 5289 261 5343 caedi
293 5291 545 5360 funestae,
578 5294 742 5350 dilata
776 5305 952 5351 tamen
978 5301 1154 5364 palma
1186 5301 1445 5353 victoria).

207 5381 287 5436 lV.
320 5384 417 5441 Hic
441 5388 715 5456 conferre,
746 5387 915 5444 frater
941 5431 956 5457 ,
1003 5388 1279 5459 paululum
1305 5389 1430 5444 volo
1458 5397 1634 5445 tecum
1666 5392 1733 5446 ti-

144 5474 271 5530 tulos
303 5493 510 5544 rerum,
528 5495 594 5535 ne
613 5481 696 5535 cui
730 5481 981 5551 pedestre
1003 5480 1249 5537 videatur
1272 5483 1588 5553 martyrium
1613 5498 1733 5539 esse

144 5564 428 5628 humilitate
454 5585 795 5645 susceptum:
818 5575 941 5647 quia
972 5574 1077 5632 vile
1098 5583 1318 5647 putatur
1343 5577 1542 5631 bonum
1573 5592 1735 5634 omne

144 5664 269 5730 quod
301 5682 541 5735 praesens
567 5678 685 5735 est;
724 5684 846 5725 cum
870 5685 1067 5727 novum
1092 5671 1163 5726 sit
1193 5679 1355 5743 atque
1390 5672 1728 5740 mirandum,

146 5754 246 5811 sine
272 5758 471 5816 invidia
505 5762 760 5832 temporis
787 5764 1104 5820 suscitatutn
1133 5807 1146 5834 ,
1178 5772 1232 5821 et
1259 5764 1333 5821 ita
1357 5766 1689 5838 completum
1716 5810 1731 5838 ,

503 5856 776 5922 PATROL.
826 5858 995 5921 Xlll.

1846 4652 2163 4724 Martyrius:
2205 4650 2483 4707 confessor
2519 4650 2876 4706 consimiliter
2902 4659 2957 4705 et
2998 4658 3238 4707 assertor
3274 4654 3448 4708 nomi-

1846 4746 1930 4801 nis
1954 4746 2066 4810 sui;
2092 4744 2182 4815 qui
2207 4744 2475 4800 canticum
2504 4760 2727 4810 novum,
2780 4755 2905 4799 tunc
2935 4745 3169 4815 primus,
3217 4755 3273 4800 et
3303 4762 3445 4801 nunc

1843 4840 1991 4896 solus
2020 4839 2071 4894 in
2101 4849 2243 4895 terra
2291 4839 2464 4894 aliena
2511 4839 2815 4903 cecinerat;
2851 4839 2994 4893 inter
3040 4847 3345 4909 strepentes
3392 4847 3448 4893 et

1843 4932 2095 4987 horridos
2120 4932 2323 4999 jubilos
2355 4932 2674 4998 pastorales,
2720 4933 2829 5002 jam
2878 4940 3005 4987 tunc
3043 4933 3216 4987 dulcis
3247 4932 3447 5003 eloquii

1845 5026 2072 5082 redditis
2102 5026 2213 5080 Deo
2265 5026 2533 5093 laudibus,
2588 5036 2645 5080 ut
2697 5024 2947 5095 superius
3000 5026 3328 5088 memoravi;
3382 5039 3446 5079 ac

1844 5120 2075 5177 diacono
2110 5120 2353 5177 Sisinnio
2387 5120 2710 5175 medicinam
2740 5120 2821 5174 vel
2852 5118 3093 5173 fomenta
3118 5118 3441 5181 contulerat,

1842 5222 2131 5269 sanaturus
2178 5211 2434 5276 dolores,
2483 5202 2731 5283 quamvis
2777 5212 2999 5265 vulnera
3058 5218 3442 5280 suscepturus;

1840 5318 2104 5361 revocans
2132 5303 2349 5359 eximiis
2375 5302 2659 5360 haustibus
2704 5304 2940 5356 animam
2971 5300 3285 5372 fugientem,
3334 5316 3443 5356 non

1843 5397 2078 5468 corpori,
2109 5396 2205 5452 sed
2250 5396 2508 5466 passioni.
2543 5396 2741 5452 Verum
2786 5404 3026 5460 sanctus,
3054 5395 3167 5466 jam
3200 5397 3447 5466 martyrii

1844 5490 1911 5546 ad
1932 5489 2205 5545 Christum
2235 5490 2430 5546 itinere
2451 5490 2742 5555 desﬁnato,
2771 5505 2925 5560 aquze
2967 5498 3176 5559 potum,
3217 5491 3338 5560 quia
3362 5491 3444 5545 vi-

1847 5601 1973 5641 num
2003 5585 2268 5655 passionis
2294 5595 2536 5647 venerat,
2570 5585 2873 5649 rel'utabat,
2897 5583 3039 5654 quod
3067 5585 3190 5637 vitae
3217 5584 3445 5640 verioris

1846 5678 2068 5734 fluentis
2100 5679 2392 5734 miscuerat
2440 5679 2608 5734 calice
2652 5679 2957 5749 propinate.
3012 5676 3067 5731 In
3110 5677 3211 5732 hac
3265 5679 3447 5748 itaque

1845 5786 1974 5829 cura
2005 5771 2397 5842 deprehensus,
2429 5771 2519 5843 qui
2550 5785 2768 5843 semper
2808 5770 2877 5827 de
2916 5769 3218 5827 animarum
3246 5773 3444 5830 sancti-

2862 5863 2939 5927 18
