3950 6350
1532 275 1842 336 SANCTUS
1885 271 2178 334 \‘IGILIUS
2217 271 2699 332 TRIDENTINUS.
3649 259 3746 324 356
3787 313 3794 336 ρ

451 417 562 464 tate
587 405 880 468 sollicitus,
907 415 1012 456 non
1041 399 1142 456 sibi
1173 397 1276 454 soli
1300 407 1477 466 natus,
1506 407 1598 454 aut
1633 399 1732 454 Soli
1761 397 1864 454 sibi
1895 407 2041 454 certe
2071 397 2120 459 Α
2149 397 2236 452 lux
2267 407 2393 451 ante
2423 393 2610 450 oculos
2635 391 2768 456 fuit;
2803 403 3022 462 ptenam
3048 383 3211 442 timor
3237 383 3414 456 pinnae
3437 369 3742 454 prohibuit:

2153 489 2444 546 calorfidei
2473 487 2670 558 repulit
2695 480 3216 554 ﬂamntangradus
3237 479 3596 534 reverentiam
3625 475 3746 532 ordo
3783 471 3794 526 ἓ

451 503 710 564 victurus,
743 499 796 554 in
849 493 992 552 horti
1023 495 1111 564 qui
1139 493 1422 562 contiguus
1469 493 1794 562 jungcbatur
1839 499 2046 546 secreta

451 597 698 662 secessit,
727 597 830 650 hoc
871 601 956 650 est
979 593 1044 648 ab
1067 592 1296 648 ecclesia
1325 607 1432 646 non
1465 590 1714 646 recessit.
1749 590 1848 645 Est
1877 589 2044 656 enim,

447 693 588 748 sicut
617 687 810 744 melius
833 685 1006 752 nosti,
1035 685 1222 740 hortus
1249 683 1502 750 ecclesia,
1531 683 1752 752 sepibus
1775 681 2050 736 inanitate-

449 799 568 840 rum
597 782 836 852 plantata
881 777 1200 834 viventium.
1245 775 1360 832 Non
1389 777 1614 848 ingessit
1659 789 1874 846 corpus.
1905 773 2050 846 quod

447 893 648 948 negare
673 875 1060 932 nolebatznec
1093 871 1412 928 temeritatis
1465 871 1696 940 sumpsit
1745 869 2046 934 audaciam,

445 971 772 1030 confidentia
797 969 1030 1042 pietatis.
1061 966 1214 1024 Sicut
1245 965 1298 1020 in
1323 963 1596 1020 Africanis
1625 961 1938 1034 regionibus
1969 961 2050 1016 di-

447 1069 608 1128 citur.
641 1065 734 1134 qui
781 1065 834 1120 in
881 1063 1186 1118 ultroneum
1231 1061 1388 1116 funus
1419 1067 1718 1124 armantur,
1757 1057 1902 1124 quod
1931 1057 2052 1114 sine

447 1161 642 1216 timore
673 1159 893 1226 faciunt,
935 1157 1186 1212 ambiunt
1233 1171 1344 1226 pra:
1373 1165 1606 1210 tumore.
1663 1153 1824 1208 Stetit
1867 1161 2050 1208 autem

447 1263 654 1324 martyr
697 1251 932 1316 futurus,
984 1261 1214 1322 captus,
1261 1249 1434 1316 liber;
1483 1247 1806 1320 intrepidus,
1837 1245 2052 1302 confes-

445 1363 570 1412 sus;
625 1361 792 1418 agens
833 1345 1070 1416 gratias,
1121 1343 1468 1408 vulneratus;
1523 1339 1740 1396 saucius
1785 1355 2048 1410 corpore,

445 1447 626 1496 mente
653 1453 876 1494 securus
899 1479 914 1504 ,
957 1451 1100 1492 caeso
1129 1436 1326 1506 capite,
1355 1435 1564 1504 privato
1593 1433 1938 1502 baptismate,
1969 1435 2050 1486 lo-

447 1541 534 1588 tus
579 1547 794 1588 cruore.
853 1529 1022 1586 Nemo
1075 1531 1222 1584 illum
1271 1529 1418 1598 sequi
1477 1527 1674 1582 meruit
1721 1527 1810 1598 qui
1863 1525 2050 1596 fugere

443 1623 754 1694 putabatur,
779 1621 920 1676 unde
941 1637 1074 1676 vana
1097 1619 1398 1690 similisque
1423 1619 1604 1674 timori
1624 1627 1704 1674 est
1727 1619 2048 1686 secessisse,

439 1717 634 1788 religio
665 1733 676 1768 :
713 1715 806 1772 sed
835 1714 1212 1786 comprehensi
1235 1713 1376 1784 justa
1407 1713 1678 1768 confessio
1704 1711 2051 1768 demonstra-

2151 599 2366 656 quoque
2397 587 2566 638 tenuit
2597 579 2884 652 passionis.
2911 577 3142 636 Ultimus
3171 575 3461 646 suscipitur
3489 571 3624 628 :sed
3647 586 3746 626 non

2153 677 2295 734 inter
2321 675 2514 732 fratres
2531 675 2748 730 infimus
2769 681 3081 729 coronatur.
3107 667 3388 740 [inpletum
3411 675 3518 732 est,
3545 665 3748 732 fratres,

2155 767 2206 824 in
2229 769 2408 824 tribus
2435 765 2716 830 ministris,
2743 781 2884 820 nunc
2907 779 3036 818 vero
3063 761 3116 817 In
3150 755 3390 818 caelestis
3417 757 3752 814 laatititccon-

2155 861 2294 916 vivio
2317 903 2334 930 ,
2369 859 2690 932 mysterium
2731 855 3050 922 Trinitatis;
3093 869 3212 910 cum
3243 861 3298 910 et
3339 851 3432 908 alii
3465 851 3754 922 potuissent

2155 953 2332 1010 hostia
2377 953 2496 1009 viva
2533 953 2673 1024 pati,
2707 959 2858 1008 sorte
2909 947 3218 1016 consimili,
3255 945 3358 1002 nisi
3391 953 3588 1001 cuncta
3619 943 3750 998 trino

2153 1049 2394 1122 perfecta
2413 1065 2638 1104 numero
2659 1055 3032 1104 censerentur.
3065 1041 3286 1100 Fuimus
3307 1041 3450 1098 enim
3483 1041 3628 1094 inter
3649 1039 3754 1092 haec

2155 1147 2332 1216 portio
2361 1143 2498 1198 forte
2535 1157 2642 1196 non
2685 1141 2946 1196 minima:
2995 1151 3048 1196 et
3093 1138 3286 1194 horum
3313 1149 3478 1190 causa
3517 1146 3701 1190 sumus
3727 1145 3756 1184 a

2153 1237 2402 1310 gentibus
2447 1233 2744 1306 increpati;
2791 1249 2892 1290 nec
2927 1231 3316 1304 dereliquimus
3365 1227 3548 1284 socios
3595 1243 3612 1280 :
3667 1219 3754 1282 sed

2156 1333 2478 1396 eleCIiouem
2513 1329 2674 1386 habet
2697 1327 2918 1402 gradus.

2227 1427 2362 1484 VIII.
2405 1427 2570 1482 Multa
2601 1435 2864 1497 praeterea
2891 1421 3082 1478 diebus
3113 1415 3606 1492 prepinquantibus
3635 1429 3742 1486 pas-

2154 1521 2347 1590 sionis,
2383 1537 2488 1578 non
2517 1529 2626 1576 tam
2655 1519 3024 1576 demonstrata
3055 1525 3180 1570 sunt
3207 1527 3368 1584 quam
3399 1509 3633 1566 veritate
3661 1507 3752 1564 de-

2157 1617 2318 1688 picta,
2363 1629 2484 1687 quae
2527 1611 2582 1668 in
2611 1607 2992 1682 compendium
3037 1607 3398 1670 dimittimus;
3431 1611 3492 1658 ut
3529 1617 3626 1673 per
3651 1599 3756 1654 llaec

2155 1725 2326 1780 pauca
2351 1725 2470 1780 qua:
2519 1717 2672 1778 gesta
2703 1715 2850 1770 sunt,
2901 1699 3114 1776 plenius
3147 1697 3408 1772 mysteria
3449 1695 3754 1750 doceamus.

441 1813 542 1880 vit,
575 1811 714 1882 quod
747 1811 836 1866 ille
865 1809 1014 1866 stetit
1039 1819 1248 1864 tantum
1278 1817 1338 1864 ut
1367 1811 1640 1874 vinceret;
1673 1807 1766 1864 ille
1795 1807 2040 1870 secessit,
2073 1807 2122 1868 B
2151 1805 2206 1864 Si
2247 1815 2424 1862 tamen
2457 1819 2664 1858 mecum
2699 1801 2966 1872 patienter
2997 1799 3244 1869 relegere
3289 1795 3460 1851 relata
3503 1791 3758 1864 dignabe-

441 1913 586 1962 utet
627 1913 942 1974 persecutor
985 1903 1042 1958 in
1087 1902 1204 1974 ejus
1237 1903 1410 1974 gloria
1455 1901 1750 1970 deperiret.
1787 1901 1862 1956 De
1893 1899 2051 1954 horto

441 2013 550 2070 quo
581 1997 810 2068 fugerat,
845 1997 1130 2070 Martyrius
1155 1995 1462 2052 adducitur.
1507 1995 1692 2052 Genus
1715 2003 1797 2050 est
1831 1995 1935 2048 hoc
1963 2009 2050 2048 se-

441 2094 678 2150 cessisse
725 2091 1006 2164 mystcrii,
1045 2101 1100 2146 ut
1137 2107 1444 2162 purpureus
1473 2089 1572 2144 ﬂos
1597 2091 1733 2146 locis
1769 2089 2048 2144 vernanti-

433 2187 538 2244 bus
569 2187 882 2258 inquilinus,
931 2203 1038 2242 non
1083 2187 1348 2242 immerita
1405 2187 1704 2258 tingeretur
1735 2201 1898 2252 rosa,
1949 2197 2048 2238 no-

435 2293 564 2336 vum
607 2279 922 2351 praecedens
963 2293 1292 2352 martyrem;
1323 2287 1418 2334 aut
1449 2281 1588 2334 inter
1615 2279 1860 2336 albentes
1905 2277 2048 2332 lilio-

433 2389 554 2428 rum
601 2389 695 2444 per
723 2373 1048 2444 baptismum
1095 2389 1280 2428 comas
1309 2371 1498 2443 rigatis
1525 2373 1778 2428 omnibus
1807 2369 2044 2426 recidiva

433 2475 614 2524 morte
675 2467 968 2538 plantatis,
1019 2467 1272 2522 voluntas
1327 2466 1450 2522 vita:
1503 2467 1668 2522 tacita
1725 2467 2042 2520 dictaretur.

433 2560 750 2618 Translixus
781 2561 944 2618 etiam
989 2563 1266 2632 stipitibus
1315 2561 1615 2618 ducebatur
1671 2561 1738 2616 ad
1789 2561 2041 2616 idolum:

431 2657 530 2714 sed
561 2667 686 2712 ante
711 2657 926 2712 victima
953 2671 1076 2712 esse
1105 2657 1430 2726 promeruit,
1461 2671 1622 2727 quam
1649 2653 1720 2710 ad
1749 2669 1896 2710 aram
1921 2653 2042 2710 dia-

433 2749 544 2808 boli
573 2751 904 2822 perveniret.

507 2847 620 2905 VII.
663 2847 842 2904 Tertia
873 2861 1090 2918 quoque
1113 2889 1130 2914 ,
1159 2845 1528 2902 Alexandrum
1555 2843 1910 2912 honoratura,
1939 2845 2044 2900 Do-

435 2943 570 3000 mini
597 2959 800 2998 corona
825 2943 1152 3012 completur.
1183 2941 1544 2996 Familiariter
1571 2941 1776 2996 invenit
1801 2941 2038 3006 aditum,

431 3037 524 3108 qui
551 3035 620 3092 ad
649 3033 846 3090 Christi
871 3037 1064 3104 januas
1093 3033 1429 3100 excubabat;
1461 3051 1570 3104 quo
1601 3033 1828 3088 custode
1853 3035 2038 3088 velum

433 3129 620 3200 templi
665 3135 804 3186 tecta
847 3131 1132 3202 gentilium
1160 3129 1322 3186 corda
1353 3129 1692 3198 diruperant.
1723 3128 1770 3184 A
1795 3129 2042 3186 multitu-

2153 1901 2268 1968 ris,
2297 1901 2364 1956 ab
2413 1899 2546 1970 ipsis
2571 1895 2860 1953 cunabulis
2907 1893 3146 1966 regionis
3195 1889 3438 1964 quidem,
3489 1884 3756 1944 Sisinnius

2149 1993 2256 2050 fuit
2305 1991 2598 2064 Cappadox
2643 1999 2808 2064 gente
2859 1989 2942 2044 vel
2987 1987 3235 2050 Grtecus,
3283 1981 3424 2054 apud
3477 1993 3580 2035 vos
3631 1973 3756 2038 Olim

2149 2089 2428 2158 sanguinis
2475 2085 2664 2158 primi;
2709 2083 2818 2140 fide
2865 2081 3043 2148 velox,
3097 2077 3292 2150 spiritu
3344 2065 3756 2147 magnaninius,

2149 2183 2352 2238 laboris
2403 2179 2694 2252 prodigus,
2744 2175 2812 2232 ad
2859 2173 3044 2232 omnia
3101 2184 3498 2243 perseverans,
3563 2173 3758 2220 metam

2147 2291 2300 2332 suam
2333 2273 2512 2344 palma
2552 2269 2886 2328 concludens
2915 2284 3024 2324 non
3075 2281 3220 2328 sera,
3257 2265 3272 2294 ¹
3301 2262 3528 2332 septima
3575 2269 3758 2328 repro-

2147 2367 2424 2426 mi5sionis
2473 2375 2622 2422 sorte
2671 2375 2968 2430 venturus,
3025 2361 3246 2432 junctus
3297 2371 3516 2426 semper
3567 2349 3758 2422 copula

2145 2465 2452 2532 cbaritatis,
2491 2479 2626 2534 pace
2673 2459 3034 2526 concordans,
3083 2455 3284 2510 divinae
3333 2451 3488 2508 frena
3519 2447 3756 2506 retinens

2145 2557 2470 2628 disciplinae,
2495 2555 2693 2628 jugalis
2733 2554 2866 2608 tanti
2899 2551 3082 2624 populi
3123 2547 3382 2612 domitor,
3427 2541 3636 2600 Christi
3683 2541 3759 2595 iu-

2145 2653 2286 2718 dex;
2317 2661 2598 2724 postremo
2645 2647 2820 2704 futuri
2847 2646 3026 2718 gregis
3067 2651 3161 2698 aut
3205 2639 3486 2712 sanguinis
3513 2631 3756 2708 germani

2145 2745 2330 2820 (sicuti
2358 2759 2522 2811 usus,
2557 2743 2814 2814 magister
2845 2755 3030 2796 rerum
3067 2733 3326 2808 loquitur)
3371 2731 3630 2788 ducatum
3665 2727 3756 2782 vite

2148 2851 2360 2904 tenens,
2405 2837 2634 2910 periculi
2659 2833 3008 2906 proculcetur
3053 2827 3232 2886 audax
3269 2835 3324 2882 et
3357 2834 3552 2880 auctor
3597 2833 3758 2892 agno-

2153 2935 2346 3002 scitur,
2377 2943 2436 2988 ut
2475 2947 2672 2990 secure
2717 2943 2858 3000 pone
2881 2937 3040 2984 tenus
3081 2925 3294 2998 agmina
3341 2921 3756 2990 subsequantur.

2143 3029 2220 3084 Ita
2249 3031 2302 3084 in
2333 3039 2522 3084 neStro
2548 3025 2674 3082 ﬁdei
2711 3023 2890 3080 indice
2919 3020 3188 3078 matutino
3219 3017 3484 3088 primatus
3517 3011 3614 3068 fuit
3643 3024 3760 3065 san-

2145 3123 2330 3196 guinis
2383 3131 2440 3178 et
2493 3119 2768 3175 ducatus:
2823 3117 2914 3188 qui
2959 3121 3086 3186 post
3141 3111 3568 3168 demonstratum
3627 3104 3760 3158 viam

429 3197 561 3280 dine
581 3225 824 3280 studiose
853 3197 1140 3294 quaesitus,
1169 3223 1292 3294 quia
1319 3223 1438 3278 zelo
1471 3197 1592 3278 fidei
1625 3224 1760 3278 satis
1789 3223 2042 3280 omnibus
2071 3205 2116 3272 (ἶ
2147 3217 2298 3272 dum
2331 3215 2400 3270 ad
2447 3213 2634 3278 "Nam.
2685 3219 2782 3266 θυι
2821 3207 3034 3264 indliin
3073 3205 3142 3262 ad
3193 3201 3446 3276 ειυΐίίιῐιιι
3505 3197 3758 3254 εειιιιεῑοτ

431 3327 620 3386 notus,
643 3311 1008 3388 captus,'non
1041 3329 1218 3374 tamen
1257 3319 1590 3386 captivatur;
1623 3319 1812 3386 timor,
1845 3333 1952 3374 non
1985 3319 2052 3374 ti-

433 3411 586 3466 muit.
617 3411 813 3466 Illusus
839 3427 986 3484 saepe
1023 3421 1107 3468 est
1135 3409 1336 3466 Christi
1377 3411 1698 3482 discipulus,
1735 3411 1788 3466 in
1835 3411 2050 3483 hocque

431 3505 760 3564 vivacioretn
785 3523 1006 3578 poenam
1051 3507 1182 3563 fecit
1227 3507 1400 3574 maior
1429 3508 1482 3562 in
1513 3509 1802 3564 tormentis
1843 3519 2050 3579 marty-

431 3599 658 3656 rialibus
689 3599 842 3655 labor
874 3617 888 3654 :
919 3615 984 3656 ac
1011 3601 1090 3656 sic
1119 3609 1570 3672 compensaturus
1597 3601 1918 3672 dignitatem
1949 3617 2046 3658 ex-

431 3705 587 3748 cessu
603 3691 894 3762 passionis,
917 3703 1064 3748 sorte
1083 3693 1414 3764 promeruit,
1443 3703 1500 3748 ut
1531 3691 1662 3748 nihil
1695 3693 1748 3748 in
1773 3693 1944 3750 tribus
1959 3709 2050 3750 es-

431 3791 519 3840 set
543 3783 788 3838 inferius.
827 3783 956 3840 Nam
991 3785 1046 3840 in
1075 3787 1290 3842 cmteris
1319 3785 1468 3842 furor
1495 3795 1764 3844 tormenta
1793 3802 1898 3842 non
1931 3787 2044 3842 dis-

433 3876 590 3942 tulit;
623 3876 764 3932 hunc
785 3877 932 3932 lenta
961 3877 1014 3932 in
1055 3879 1342 3934 Dominum
1367 3895 1526 3949 pretia
1559 3881 1798 3936 servavit
1829 3897 1840 3934 :
1875 3879 2052 3942 sensit,

431 3985 494 4028 se
533 3971 676 4027 scire
713 3971 860 4042 quod
911 3973 1232 4036 sustinebat.
1265 3983 1538 4044 spectator
1560 3975 1806 4046 corporis
1831 3975 1918 4030 sui
1947 3993 1960 4028 :
1991 3977 2048 4032 et

427 4063 676 4134 quamvis
705 4063 1072 4136 supradictum
1097 4083 1164 4122 cx
1181 4067 1412 4123 diacono
1437 4079 1728 4140 martyrem
1757 4069 1900 4124 illata
1929 4069 2052 4124 vul.

429 4175 564 4218 nera
613 4161 988 4230 distulissent,
1023 4161 1164 4218 hunc
1211 4163 1316 4218 sibi
1369 4163 1734 4218 exltibuerunt
1771 4173 2044 4220 tormenta

361 4281 366 4288 -
427 4255 732 4312 custodem.
765 4255 976 4312 Junctis
1009 4271 1240 4322 namque
1267 4271 1332 4312 ac
1367 4257 1521 4312 nexis
1563 4255 1924 4328 corporibus,
1981 4271 2050 4312 ac

429 4361 528 4418 per
561 4349 830 4416 publicum
861 4347 1050 4404 tractis
1085 4363 1238 4404 more
1263 4365 1484 4414 canum,
1517 4349 1611 4404 sed
1639 4367 1742 4404 non
1777 4349 1842 4404 ad
1866 4349 2050 4404 vomi-

425 4449 540 4494 tum
571 4443 904 4508 reversuris,
929 4445 1081 4498 vivus
1111 4445 1250 4498 inter
1305 4445 1428 4500 illos
1469 4443 1778 4500 Alexander
1827 4446 2040 4500 innexis

425 4531 656 4602 pedibus
679 4535 1001 4602 ducebatur,
1033 4551 1130 4605 per
1149 4537 1402 4606 scopulus
1427 4547 1634 4608 partem
1667 4555 1806 4592 mem
1819 4539 2046 4592 brorum.-

431 4624 812 4695 palpitantium
843 4625 1186 4686 dimissurus.
1221 4629 1394 4684 donec
1415 4631 1480 4684 ad
1511 4631 1768 4694 loci,vit.c
1799 4631 2048 4699 inquam,
2075 4607 2130 4670 D

431 4721 718 4774 terminum
751 4719 1060 4776 duceretur.
1114 4721 1252 4776 [tum
1289 4733 1376 4778 est
1401 4735 1520 4792 post
1565 4725 1680 4780 haec
1709 4725 1762 4780 in
1791 4723 2052 4794 religiosa

430 4813 674 4884 fastigia,
727 4813 828 4868 hoc
883 4823 990 4878 est,
1045 4813 1152 4868 alta
1201 4815 1292 4870 Dei
1353 4817 1582 4886 templa;
1619 4827 1739 4882 post.
1779 4833 2052 4888 corpora,r

435 4917 604 4964 strata
633 4909 752 4964 solo
781 4907 1040 4974 culmina,
1071 4909 1296 4964 sacratis
1325 4908 1462 4965 facta
1499 4925 1624 4982 pyra
1661 4911 1932 4980 trabibus,
1989 4915 2052 4968 in-

429 5011 724 5072 conSpectu
755 5001 996 5066 Saturni,
1023 5001 1150 5055 idoli
1189 5001 1390 5056 veteris
1433 5013 1750 5072 tempesmte
1781 5007 2048 5074 longa-va.

431 5093 736 5150 Praetutissis
759 5096 808 5150 in
835 5095 1012 5166 ignem
1039 5095 1270 5162 geminis
1301 5107 1460 5166 atque
1473 5099 1744 5166 germanis
1767 5109 1894 5154 ante
1918 5113 2044 5154 cor-

431 5191 684 5261 poribus.
715 5191 866 5246 stetit
893 5189 1108 5244 saucius
1154 5189 1482 5252 Alexander,
1517 5191 1712 5246 iterum
1755 5193 2044 5248 confessu-

429 5297 548 5350 rus;
579 5283 664 5338 cui
695 5281 976 5353 praemium
997 5281 1118 5334 vite
1149 5281 1482 5352 pr0positutn
1511 5293 1620 5353 est,
1649 5295 1706 5338 ut
1751 5287 1856 5340 vita
1889 5301 2052 5342 care--

432 5385 546 5442 ret;
597 5373 868 5430 ﬂammam
909 5385 1230 5442 priest-mem
1281 5375 1324 5428 si
1353 5375 1482 5430 velit
1511 5351 1742 5431 evadere
1763 5417 1780 5442 ,
1811 5377 1952 5432 dicat
1981 5391 2048 5434 se

431 5483 622 5526 eorum
649 5469 888 5524 tenebris
937 5467 1304 5523 consensisse.
1335 5467 1534 5524 Verum
1581 5467 1682 5534 illi,
1731 5477 2038 5526 transversa
2079 5487 2084 5492 ·

431 5561 606 5620 tuenti
635 5571 692 5618 et
715 5561 1006 5632 impiorum
1033 5576 1256 5618 munera
1277 5561 1614 5633 reprobanti,
1643 5571 1834 5618 contra
1863 5563 2046 5618 lucem

435 5743 526 5816 isti
569 5743 732 5816 Eprte
759 5747 974 5816 optima.

435 5853 478 5884 ι,
508 5813 532 5846 ²
585 5811 864 5874 Vetustam
909 5815 1508 5876 Latinam-versionem
1551 5813 1846 5890 Scriptum
1895 5829 2030 5874 con-

2153 3309 2372 3378 Salutis,
2405 3311 2656 3381 cognitor
2693 3305 2972 3368 veritatis;
3007 3299 3282 3372 Propheta
3331 3305 3594 3362 testante,
3647 3295 3666 3326 ¹
3693 3291 3758 3346 Et

2155 3405 2312 3460 index
2339 3421 2484 3458 utens
2513 3403 2568 3457 in
2597 3401 2878 3456 matutino.
2925 3395 3106 3467 Atque
3139 3403 3196 3450 ut
3241 3392 3362 3464 plus
3401 3393 3540 3446 facta
3565 3395 3760 3456 myste-

2153 3501 2236 3556 ria
2259 3499 2624 3562 cumularent,
2655 3505 2710 3551 et
2735 3493 2902 3548 Indici
2931 3505 3034 3546 suo
3064 3505 3173 3546 non
3213 3487 3434 3544 deesset
3464 3485 3754 3544 indicium;

2155 3611 2278 3652 cum
2309 3595 2458 3650 velut
2505 3589 3022 3648 animal’traherent
3069 3583 3242 3640 sancti
3293 3579 3522 3636 Sisinnii
3565 3587 3756 3648 corpus

2155 3689 2428 3756 exanime,
2457 3686 2602 3744 collo
2629 3685 2764 3740 aerii
2797 3681 2954 3738 testis
2981 3679 3238 3734 tinnitum
3279 3687 3585 3730 concavum
3631 3669 3754 3740 ligas

2157 3791 2370 3850 verunt,
2401 3779 2550 3852 quod
2593 3779 2786 3850 vulgus
2833 3771 3256 3830 tintinnabulum
3307 3775 3540 3832 vocant;
3595 3761 3754 3816 insul-

2159 3885 2340 3934 tantes
2369 3873 2612 3942 corpori,
2641 3871 2992 3940 increpantes
3017 3863 3206 3930 morti,
3235 3860 3630 3930 exprobrantes
3655 3867 3752 3908 non

2157 3969 2430 4028 vindicem
2463 3965 2784 4028 Christum;
2815 3969 2872 4016 et
2917 3959 3214 4014 irridentes
3261 3951 3480 4008 Domini
3527 3947 3752 4016 discipu-

2157 4065 2295 4128 lum,
2329 4059 2692 4130 impleverunt
2741 4053 2982 4110 salutare
3023 4047 3394 4120 mysterium,
3429 4041 3568 4111 Quid
3617 4037 3752 4130 enim

2157 4155 2334 4212 voluit
2389 4129 2494 4208 sibi
2537 4151 2631 4206 ille
2673 4147 3044 4203 tinnitus-aut
3071 4137 3398 4212 sequacibus
3445 4129 3754 4190 animalibus

2161 4249 2312 4304 utilis
2341 4259 2530 4310 sonus,
2563 4239 2748 4298 decori
2779 4251 2994 4310 quoque
3037 4246 3332 4304 congruus,
3363 4227 3509 4284 collo
3535 4235 3752 4293 suspen-

2159 4341 2292 4400 sus?
2323 4341 2424 4396 nisi
2467 4337 2614 4410 quod
2641 4351 2746 4392 vox
2777 4339 3018 4390 ructaret
3066 4341 3266 4384 nomen
3315 4322 3538 4390 Christi,
3597 4329 3748 4374 rauca

2159 4437 2448 4496 clamando
2475 4409 2692 4498 surdis;
2725 4441 2780 4488 et
2807 4429 3130 4500 principem,
3163 4419 3442 4493 utgregis,
3471 4419 3542 4472 ita
3567 4409 3748 4512 gentis,

2157 4534 2214 4590 in
2239 4531 2490 4588 omnibus
2517 4527 2868 4598 approbaret.
2899 4519 3114 4574 Primus
3137 4515 3284 4572 enim
3305 4511 3532 4568 verbum
3551 4507 3752 4572 religio-

2161 4643 2238 4682 sa:
2261 4627 2408 4680 vocis
2437 4619 2732 4690 increpuit,
2767 4617 2976 4688 primus
3021 4609 3276 4668 concavis
3303 4605 3536 4662 vallibus
3577 4609 3750 4670 perso-

2163 4721 2314 4776 navit
2349 4735 2362 4771 :
2393 4716 2570 4772 adhuc
2601 4727 2772 4784 prope
2803 4709 2978 4764 brutis
3005 4701 3352 4764 animalibus,
3377 4709 3472 4754 aut
3497 4705 3632 4784 certe
3659 4701 3748 4760 pe-

2163 4815 2388 4870 coribus
2415 4811 2524 4866 dux
2573 4783 2762 4878 pastus
2807 4797 3018 4867 intacti,
3075 4795 3202 4852 novi
3255 4791 3484 4848 tinnitor
3527 4783 3742 4846 auditus,

2163 4909 2470 4966 ﬂorulentae
2499 4903 2634 4974 legis
2663 4897 2968 4955 ruminator
2991 4893 3042 4948 in
3073 4889 3354 4962 gentibus.

2241 5001 2334 5056 IX.
2375 4995 2578 5054 Ordine
2599 4989 2900 5066 proposito,
2930 4981 3172 5054 Martyrii
3213 4979 3318 5036 sibi
3341 4989 3554 5048 quoque
3577 4977 3742 5070 cense-

2161 5107 2342 5166 quens
2371 5061 2616 5154 nomen,-
2635 5061 2980 5156 prophetiam
3027 5091 3190 5148 quam
3233 5071 3456 5128 tenebat
3487 5061 3736 5166 implevit:

2161 5157 2420 5256 exposuit
2457 5177 2708 5236 vocabuli
2737 5173 3074 5247 parabolam,
3115 5181 3276 5222 verus
3311 5166 3364 5216 in
3394 5157 3640 5216 omnibus

2165 5253 2416 5334 velatur:
2451 5273 2632 5330 arrisit
2669 5267 2812 5334 quod
2859 5259 3154 5318 vocabatur
3197 5269 3430 5322 nomen,
3477 5259 3534 5308 et
3559 5253 3736 5304 meritis

2157 5367 2458 5428 cumulavit
2489 5385 2502 5422 :
2537 5364 2730 5420 statuit
2761 5359 2940 5416 natale
2965 5353 3312 5416 vocabulum,
3345 5359 3402 5404 ut
3431 5345 3646 5418 origine,
3673 5337 3734 5392 sic

2167 5465 2428 5538 passione
2457 5471 2767 5517 venturum.
2791 5451 2932 5522 Quid
2961 5465 3134 5522 preme
3153 5443 3370 5504 conscia
3397 5443 3536 5538 horti
3557 5439 3731 5538 secret:

2165 5517 2509 5616 (riis—solvam?
2545 5549 2690 5624 quod
2735 5517 2838 5604 illo
2879 5561 2940 5602 se
2963 5517 3218 5616 “primum
3245 5535 3500 5604 contulit,
3529 5529 3590 5586 ad
3615 5517 3730 5600 quod

2171 5741 2320 5799 sules
2345 5744 2594 5812 Oportet,
2633 5741 2694 5792 ut
2717 5731 2860 5790 hunc
2887 5729 3066 5788 locum
3097 5721 3372 5782 invenias.
3425 5717 3638 5776 Parma.

3923 2405 3936 2538 Ξ

3923 2543 3934 2594 ξ

3925 2605 3934 2630 τ

3927 2663 3934 2700 i

3927 2759 3934 2770 \

3925 2789 3934 2828 i'

3921 2915 3930 2998 ὲ

3919 2999 3932 3068 ἐ

3917 3075 3932 3136 i

3917 3137 3930 3220 ἓ

3921 3245 3930 3276 l

3919 3303 3928 3348 Ἰ

3917 3357 3930 3404 i
