3950 6350
195 357 280 441 557
637 365 1068 432 MONUMENTA
1108 369 1390 430 venena
1429 368 1522 427 AD
1560 353 1966 428 ARIANORUM
2005 363 2404 424 DOCTRINAM
2443 350 2930 424 rnamenta.
3336 365 3443 426 558

192 501 357 554 ilcrum
402 495 593 563 martyr
633 490 872 556 intravit,
913 489 1132 560 januam
1176 487 1433 559 paradisi,
1483 485 1738 542 mundam
1765 482 1815 546 A
1845 499 2156 541 maerorem.
2209 482 2341 539 Nam
2387 483 2600 555 planum
2651 492 2734 539 est
2777 488 2831 539 et
2869 480 3030 551 plene
3073 490 3441 553 perspectum,

193 591 475 657 voluptatem
523 599 583 639 ac
634 582 978 640 venerandas
1029 583 1114 639 sui
1155 584 1306 662 veris
1355 581 1581 637 delicias
1621 596 1734 636 me-

191 682 389 744 ditatus;
428 677 714 733 animatum
765 675 980 744 florem,
1016 677 1159 732 male
1209 675 1507 731 harrentcm
1561 674 1738 730 adhuc

189 773 328 847 spinae
349 771 540 838 sreculi,
572 769 704 826 locis
735 771 1038 827 virentibus
1069 769 1440 841 plantaturus;
1470 786 1502 826 a
1532 769 1739 840 virgine

188 867 560 931 demonstratus,
612 864 767 935 cujus
809 875 924 921 erat
967 865 1179 921 hortus.
1217 864 1365 934 Quid
1402 880 1489 920 me
1539 863 1736 920 iterum

187 957 239 1018 ad
257 961 483 1034 mysteria
515 959 650 1015 facta
682 960 997 1016 revolvitis'?
1027 953 1119 1016 illa
1146 961 1298 1031 virgo
1333 959 1588 1029 prodidit,
1620 974 1738 1028 qua:

185 1070 289 1113 suos
317 1066 487 1109 tenere
514 1067 730 1123 semper
773 1056 980 1124 optavit
1013 1074 1024 1107 :
1056 1054 1229 1110 voluit
1259 1051 1536 1109 dimittere
1577 1069 1735 1124 quem

185 1150 356 1217 recepit
390 1147 690 1204 :cultorcm
739 1165 898 1220 quem
945 1150 1211 1220 probavit,
1248 1149 1432 1219 elegit.
1475 1147 1592 1205 Jam
1625 1147 1739 1205 noti

183 1245 353 1300 amoris
391 1239 580 1299 allecto
614 1241 782 1299 Deum
826 1259 1042 1317 quoque
1089 1246 1264 1302 tenuit
1306 1246 1618 1313 invitatum,
1651 1241 1737 1300 di-

182 1348 311 1396 cente
340 1337 386 1392 in
412 1331 640 1394 Canticis
670 1335 982 1404 Salomone,
1017 1337 1306 1395 Descendat
1327 1339 1492 1412 frater
1513 1357 1654 1394 meus
1685 1337 1740 1393 in

181 1431 354 1485 hortum
403 1443 548 1486 suum
606 1427 782 1502 (Cant.
816 1448 868 1497 v,
923 1429 998 1502 Ι).
1049 1427 1336 1488 Descendit
1365 1439 1420 1487 et
1448 1441 1599 1488 certe
1643 1430 1738 1486 de-

179 1523 393 1580 scendit:
421 1540 538 1579 nam
573 1525 720 1580 exire
751 1523 924 1581 noluit
954 1541 1115 1597 quem
1145 1526 1296 1582 dives
1326 1523 1580 1581 voluntas
1608 1525 1737 1582 ada-

179 1619 314 1674 mavit
340 1633 539 1690 quoque
572 1628 817 1686 tempore
844 1621 1135 1691 paSSionis,
1168 1629 1226 1677 ut
1255 1635 1371 1678 rem
1399 1633 1581 1679 notam
1607 1639 1735 1680 nos-

1843 581 1983 650 quod
2015 589 2096 635 est
2121 577 2414 647 Scripturis
2439 577 2769 634 dictantibus
2809 588 3108 631 reseratum
3139 575 3316 648 (Rom.
3349 593 3441 643 x1,

1843 673 1956 746 52),
1987 683 2177 728 cuncta
2211 689 2318 728 uno
2351 683 2574 742 peccato
2607 671 2622 702 ί
2655 670 2932 732 conclusa.
2967 678 3025 725 ut
3063 685 3253 726 omnes
3284 671 3445 727 mise—

1841 770 2130 827 ricordiam
2183 776 2544 824 mererentur.
2597 765 2658 822 Hi
2699 774 2824 823 sunt
2867 765 3213 835 centuplicati
3240 764 3449 820 reditus

1842 866 2131 938 passionis,
2156 864 2352 936 quibus
2380 852 2508 918 suos
2527 863 2635 933 jam
2668 872 2803 933 gens
2842 860 2929 915 illa
2960 869 3142 915 reatus
3164 859 3395 914 abSolvit
3429 875 3443 913 :

1841 965 2124 1036 captivitas
2151 963 2350 1019 liberos
2375 961 2521 1029 fecit,
2543 960 2742 1016 laxavit
2765 959 3096 1029 indulgentia
3118 958 3444 1014 vinculatos.

1840 1059 2049 1118 Caelum
2085 1070 2210 1115 tunc
2262 1058 2541 1113 consensit
2589 1055 2640 1111 in
2694 1054 2968 1121 tenebras,
3029 1053 3121 1108 lux
3175 1051 3449 1108 inhorruit

1845 1157 2113 1226 passione,
2141 1153 2338 1208 mentis
2362 1151 2525 1206 credo
2550 1148 2786 1220 perfidia:
2816 1148 3059 1205 ca'citate
3088 1147 3333 1204 confusa.

1913 1249 2004 1305 XI.
2063 1247 2258 1314 Crede,
2289 1249 2478 1313 frater,
2510 1245 2680 1301 oculis
2722 1244 2926 1300 fratris.
2962 1243 3162 1300 Umbra
3195 1243 3447 1314 qumdam

1841 1345 2009 1416 nigrae
2049 1343 2210 1398 nubis
2255 1347 2420 1398 totam
2473 1340 2606 1396 texit
2644 1341 2759 1394 sive
2804 1339 3081 1394 contexuit
3126 1337 3444 1409 regionem;

1841 1437 2084 1508 proxima
2115 1445 2274 1492 terra:
2320 1434 2541 1490 fulmina
2571 1441 2934 1503 crepuerunt;
2975 1432 3128 1487 dirus
3167 1445 3312 1502 saepe
3340 1429 3448 1486 fra—

1839 1547 1938 1602 gor
1969 1531 2238 1595 intonuit;
2273 1542 2568 1582 coruscans
2615 1527 2811 1581 rutilus
2853 1526 2975 1596 plus
3003 1525 3144 1596 ignis
3178 1525 3398 1580 emicuit
3432 1541 3447 1578 :

1837 1624 2117 1681 conscium
2160 1621 2435 1693 sanguinis
2485 1620 2696 1675 diceres
2741 1619 2961 1674 ccelum.
3014 1619 3128 1675 Non
3182 1631 3264 1676 est
3308 1621 3450 1675 ultra

179 1711 259 1766 tris
293 1713 612 1780 temporibus
643 1714 1030 1784 exprimamus.
1065 1716 1121 1772 In
1163 1715 1324 1772 horto
1363 1732 1488 1772 cum
1534 1716 1738 1774 Judmis
1834 1728 1958 1791 post
1987 1717 2232 1773 umbram
2267 1715 2588 1786 peregrina,
2614 1723 2671 1769 ut
2708 1713 2780 1768 ita
2817 1713 3072 1779 dixerim,
3105 1713 3300 1781 noctis,
3329 1730 3447 1770 ma—

176 1803 539 1874 comprehendit
573 1806 858 1862 Dominum
900 1807 1198 1866 Scariotes.
1237 1810 1405 1866 Nemo
1439 1811 1506 1866 de
1531 1812 1622 1865 tali
1651 1826 1737 1866 se-

1840 1812 2088 1883 nifestam
2132 1811 2312 1866 celare
2358 1809 2458 1864 sub
2498 1807 2690 1863 nebula
2734 1808 3040 1864 veritatem.
3077 1809 3200 1864 Dies
3230 1824 3448 1881 quoque

175 1899 386 1956 cessione
427 1899 683 1973 discipuli
723 1911 1014 1961 censetur:
1049 1904 1122 1959 ita
1152 1898 1405 1975 Magister
1464 1916 1518 1962 et
1551 1905 1733 1961 Domi-
1764 1891 1812 1954 Β
1840 1905 2122 1962 horrorem
2179 1901 2414 1975 prodidit
2459 1901 2749 1972 passionis,
2801 1917 2907 1955 non
2951 1909 3162 1956 tantum
3193 1901 3445 1972 refugus,

175 1995 551 2052 nusinvenitur.
586 1991 813 2054 Pntatus
835 2009 918 2055 est
943 1999 1288 2062 hortulanus,
1322 2000 1525 2069 rigatur
1549 2003 1737 2056 viven-

169 2087 295 2156 tium,
335 2087 604 2161 plantator
633 2091 957 2148 animarum.
992 2091 1190 2150 Hortus
1229 2103 1312 2150 est
1349 2108 1480 2161 ergo
1508 2111 1614 2150 non
1654 2094 1735 2150 fu-

169 2181 364 2252 gientis,
427 2185 520 2242 sed
577 2187 935 2258 cmtfugientis
998 2189 1251 2262 asylum,
1306 2187 1734 2261 intelligentibus

168 2273 286 2332 horti
305 2277 495 2335 facient
527 2281 798 2338 meruisse
823 2283 1154 2354 paradisum.

224 2367 280 2426 Χ.
306 2372 606 2430 Alexandro
631 2379 913 2448 veroquod
928 2380 1174 2434 conferre
1196 2379 1515 2451 mysterium
1543 2380 1733 2436 mortis

166 2465 324 2534 potuit,
346 2468 432 2538 qui
455 2478 626 2524 totum
659 2471 806 2525 vivus
840 2471 1118 2541 implevit;
1147 2474 1250 2529 nisi
1281 2473 1424 2544 quod
1447 2473 1512 2529 ad
1542 2474 1726 2546 gentis

167 2554 326 2612 vitium
354 2575 543 2616 nomen
577 2563 796 2628 arrisit;
828 2572 886 2618 ut
917 2565 1244 2619 Alexandria
1277 2575 1556 2636 putaretur
1587 2565 1733 2622 Ana-

161 2652 284 2720 gnia,
313 2655 530 2722 privatis
563 2656 814 2726 religiosa
837 2660 1125 2728 portentis,
1156 2675 1444 2717 numerosa
1469 2662 1733 2718 daemoni-

163 2745 263 2814 bus,
295 2739 528 2807 bifermis
557 2752 864 2821 Anubibus,
902 2755 1060 2811 idolis
1095 2757 1443 2814 multiformis
1471 2759 1733 2816 semi—ho—

162 2839 391 2911 minihus,
445 2843 594 2916 quod
640 2857 724 2902 est
773 2847 909 2919 legis
962 2849 1306 2918 irrisoribus;
1365 2853 1522 2922 plena
1571 2853 1730 2910 Isidis

161 2935 624 3009 amentia,Serapis
653 2938 814 3010 fuga;
866 2942 1064 2998 blanda
1115 2953 1394 3015 postremo
1440 2946 1732 3018 inquilino-

159 3035 255 3082 rt'tm
278 3040 438 3088 mater
463 3033 776 3102 criminum,
816 3036 943 3105 quin
1002 3037 1179 3107 potius
1207 3053 1468 3104 noverca;
1511 3039 1728 3109 vipera-

160 3137 255 3178 rum
282 3125 483 3184 alumna
511 3133 794 3201 progenie,
824 3147 928 3202 per
955 3131 1198 3189 sobolem
1226 3144 1508 3190 venenatae
1530 3136 1725 3206 gentis,

159 3231 256 3285 qua:
281 3220 439 3276 nescit
461 3221 698 3294 concipi,
756 3224 856 3278 nisi
887 3225 1059 3294 patris
1088 3225 1319 3281 orbitate
1346 3226 1594 3293 lzetetur;
1633 3243 1726 3281 ne-

159 3309 241 3363 scit
261 3327 515 3380 crescere,
545 3316 651 3371 nisi
680 3327 854 3372 morte
880 3333 1166 3387 nascatur;
1201 3319 1372 3374 nescit
1398 3319 1603 3387 vivere,
1625 3319 1724 3375 nisi
1757 3297 1798 3359 Ο

157 3405 412 3462 nesciverit
436 3421 706 3476 matrem;
743 3411 875 3465 utin
909 3410 1036 3466 fidei
1063 3412 1424 3469 conversione
1452 3413 1608 3468 malae
1638 3429 1730 3468 so-

158 3493 272 3553 bolis
301 3501 494 3569 proles,
533 3512 795 3574 concepta
822 3504 1033 3575 jactura
1077 3507 1169 3562 Dei
1200 3507 1391 3576 Patris,
1427 3509 1605 3578 capite
1633 3508 1729 3566 de—

157 3602 321 3660 negato
347 3603 487 3665 nata,
513 3595 772 3667 perfossa
791 3598 917 3653 alvo
941 3601 1126 3655 matris
1156 3599 1412 3657 Ecclesiae
1431 3614 1607 3674 parta,
1631 3619 1728 3673 per

158 3693 431 3744 sanctorum
467 3700 703 3747 mortem
753 3691 877 3746 vitae
914 3704 1089 3750 sumat
1147 3695 1450 3766 originem;
1496 3701 1590 3752 sed
1613 3699 1725 3766 jam

157 3776 326 3834 crescit
361 3773 559 3839 damno
590 3779 895 3855 fecundior,
925 3777 1074 3841 letho
1117 3785 1374 3855 vivacior,
1402 3789 1579 3846 laetior
1604 3798 1728 3862 post

1838 1998 1931 2056 sed
1960 1999 2220 2070 privatus.
2244 1996 2379 2051 Nam
2408 2003 2575 2050 sexta:
2605 1996 2751 2049 ferite
2786 1993 2875 2049 lux
2903 1994 3045 2050 alma
3078 2003 3446 2066 processerat,

1837 2109 2052 2162 semper
2084 2102 2200 2163 post
2233 2091 2403 2147 Deum
2429 2089 2603 2144 amica
2651 2088 2979 2161 martyribus
3005 2106 3018 2142 :
3044 2099 3238 2145 tenens
3290 2105 3448 2145 revc~

1835 2197 2022 2244 renter
2053 2196 2257 2258 partem
2287 2185 2464 2240 adhuc
2490 2183 2746 2240 dominici
2791 2185 3060 2254 corporis,
3096 2200 3191 2254 per
3227 2195 3446 2240 sanctos

1836 2283 2085 2338 alumnos
2116 2279 2329 2335 famulis
2361 2278 2456 2333 Dei
2495 2278 2744 2348 przcstitit
2772 2277 3110 2343 famulatum,
3150 2279 3447 2336 aemulante

1834 2386 2017 2432 tamen
2041 2374 2240 2430 invidia
2272 2373 2552 2444 religionis
2589 2383 2736 2428 sorte
2768 2382 3014 2429 ventura.
3045 2373 3136 2431 Sic
3166 2389 3226 2430 se
3252 2375 3450 2430 asserit

1837 2470 2096 2526 Dominus
2146 2467 2402 2538 operibus
2447 2464 2596 2531 suis;
2631 2466 2709 2521 sic
2759 2481 2819 2521 se
2867 2467 3072 2522 socium
3117 2475 3340 2538 praestat
3388 2468 3443 2523 in

1835 2565 2110 2631 omnibus,
2144 2573 2203 2618 ut
2226 2563 2536 2634 aequalitate
2561 2561 2814 2630 jungatur
2847 2570 2903 2616 et
2927 2571 3192 2633 tempore.
3221 2562 3449 2631 Specta—

1835 2669 1942 2724 tor,
1985 2657 2269 2721 conﬁteor,
2315 2655 2391 2710 fui
2433 2655 2576 2710 inter
2604 2654 2704 2710 ista
2735 2656 3013 2726 mysteria,
3046 2663 3102 2710 et
3138 2654 3204 2710 ad
3235 2665 3450 2711 sancto-

1833 2767 1952 2806 rum
1979 2749 2193 2804 cineres
2221 2748 2519 2804 excubator
2552 2764 2566 2801 :
2605 2750 2695 2818 qui
2726 2748 2999 2818 particeps
3024 2763 3148 2803 esse
3199 2764 3304 2804 non
3335 2763 3450 2804 me—

1834 2843 1946 2912 rui,
1979 2841 2128 2899 sensi
2158 2839 2223 2896 ad
2246 2841 2388 2912 quod
2416 2839 2698 2909 pervenire
2738 2855 2846 2896 non
2875 2842 3047 2910 pomi.
3080 2837 3319 2909 Vidi,vix
3347 2840 3448 2897 ho—

1833 2940 2031 3010 dieque
2057 2938 2308 2994 credulus
2351 2935 2482 2993 mihi
2517 2952 2532 2994 :
2579 2935 2850 2992 excedunt
2897 2937 3034 2992 facta
3080 2937 3446 2994 reverentiam

1832 3036 2004 3092 relata
2052 3035 2366 3091 dictorum:
2417 3034 2562 3090 unde
2619 3033 2715 3089 Dei
2768 3035 2892 3102 erit,
2950 3033 3141 3102 frater,
3199 3047 3449 3090 asserere

1831 3130 1972 3202 quod
2003 3127 2184 3200 elegit,
2209 3136 2264 3183 et
2295 3128 2514 3184 testanti
2556 3127 2925 3183 testimonium
2970 3127 3280 3198 perhibere.
3310 3127 3446 3184 Sus-

1832 3225 1951 3294 cipe
1984 3239 2149 3288 nunc,
2175 3221 2361 3290 frater,
2410 3221 2570 3275 trium
2601 3237 2823 3276 munera
2859 3236 3148 3290 puerorum
3170 3261 3184 3286 ,
3214 3229 3306 3276 aut
3333 3227 3446 3278 tres

1833 3331 2030 3388 pueros
2059 3313 2128 3370 de
2157 3315 2394 3380 camino,
2433 3313 2613 3388 anheli
2643 3313 2784 3384 ignis
2827 3313 3004 3368 adhuc
3052 3311 3448 3383 propemodum

1833 3409 2172 3465 ambulantes
2203 3408 2490 3476 incendia;
2539 3415 2594 3464 et
2627 3407 2730 3462 nisi
2778 3406 2992 3462 invidus
3022 3407 3254 3462 ﬂammas
3295 3407 3447 3462 furor

1831 3506 2132 3561 semineces
2159 3503 2508 3572 suscepisset,
2528 3501 2766 3556 historia:
2787 3501 3076 3560 revixisset
3099 3499 3442 3570 exemplum:

1831 3601 1906 3658 ita
1933 3599 2114 3655 omnia
2141 3613 2200 3654 se
2223 3613 2361 3668 pene
2379 3597 2542 3652 simili
2578 3597 2783 3652 honore
2802 3600 3122 3667 pinxerunt:
3152 3593 3443 3661 Vox,Ros,

1831 3697 2122 3763 Numerus,
2176 3694 2455 3750 Caminus.
2516 3691 2636 3748 Vox
2691 3691 2853 3749 ﬁdem
2908 3707 3250 3749 consonam:
3303 3691 3440 3760 Ros,
3527 3755 3534 3766 .

1835 3790 2112 3862 pluviam;
2155 3787 2439 3856 Caminus,
2490 3802 2714 3861 pyram;
2765 3786 3032 3844 Numerus
3062 3786 3402 3842 Trinitatem.

215 3914 230 3945 ‘
267 3914 535 3977 Conclusa.
563 3920 660 4000 Sic
677 3923 1036 3981 emendaturis
1061 3941 1280 3996 pravam
1307 3925 1583 3984 editorum
1601 3929 1898 3987 lectionem
1919 3943 2186 3984 concussa.
2215 3927 2456 3999 Respicit
2485 3925 2632 3982 enim
2655 3925 2718 3983 S.
2747 3925 2976 3996 Vigilius
2999 3923 3067 3980 ad
3089 3923 3440 3992 Rom.xt,52.

163 4063 3414 4114 .__________________________________________

501 4211 553 4270 θ
687 4118 1969 4350 MONUMENTA
2083 4193 2878 4355 VETERA

439 4431 604 4590 AB
709 4433 1396 4598 ABIANtltUll
1467 4437 2175 4653 bonum
2282 4440 3120 4607 PERTINENTIA.

1433 4693 1572 4734 ANNO
1607 4691 1793 4737 MIHI

1829 4693 2118 4737 cccxxxvt.
2241 4693 2264 4712 -'

907 4813 1252 4877 EPISTOLA
1279 4812 1508 4875 PRIMA
1549 4815 1958 4877 CONSTANTII
1998 4817 2090 4874 AD
2127 4815 2638 4876 ATHANASIUM‘.

341 5113 878 5175 CoastantiusVictor
896 5115 1168 5190 Augustus
1196 5117 1516 5176 Athanasio.

211 5201 377 5263 Diute
391 5210 590 5277 jactari
620 5214 914 5279 vexarique
943 5214 1267 5269 immanibus
1307 5213 1574 5270 undarum
1604 5227 1736 5284 pro-

153 5294 284 5353 cellis
310 5312 514 5359 nostrzc
531 5305 840 5362 clementiae
865 5306 1172 5362 humanitas
1195 5325 1298 5363 non
1327 5310 1568 5380 permisit
1593 5328 1607 5364 ε
1635 5325 1736 5365 nu-

153 5386 314 5448 datum
349 5398 617 5467 siquidem
649 5404 887 5472 paternis
919 5403 1142 5459 sedibus
1171 5405 1440 5476 bonisque
1474 5403 1582 5460 tuis
1607 5419 1732 5474 spo—

149 5476 346 5556 liatum,
379 5501 434 5545 et
479 5494 534 5570 in
575 5493 736 5549 inviis
778 5495 1142 5568 [cratibusque
1185 5498 1319 5554 locis
1366 5497 1732 5552 errabundum

151 5586 316 5634 nostra
347 5584 784 5657 indefatigabilis
825 5591 999 5660 pietas
1045 5607 1152 5648 non
1185 5593 1452 5648 deseruit.
1483 5591 1616 5648 Nam
1650 5599 1732 5645 ta-

153 5677 290 5728 metsi
318 5678 642 5751 jampridem
679 5686 964 5754 supersedi
999 5687 1203 5742 mentis
1234 5702 1369 5742 mea:
1395 5685 1734 5756 propositum

154 5760 209 5815 ad
231 5773 277 5821 te
295 5773 559 5845 scribere,
579 5791 642 5834 eo
661 5778 806 5850 quod
829 5788 882 5835 te
905 5779 1046 5837 ultro
1072 5781 1428 5836 adventuram
1449 5785 1734 5851 exspectn-

1759 5100 1812 5161 D
1871 5123 2221 5184 Κωνστὰντιος
2249 5127 2451 5185 suumn;
2478 5120 2778 5198 Αὔγουστος
2797 5123 3080 5195 Ἀθανασέῳ
3107 5122 3400 5198 ἐπισκὸπῳ·

1909 5213 2018 5271 Ἐπὶ
2045 5216 2169 5272 πολύ
2201 5237 2259 5273 σε
2287 5215 2693 5284 κλυδωνίζεσθαι,
2727 5221 2814 5272 καὶ
2840 5218 3186 5289 χειμάζεσθαι
3215 5224 3325 5277 τοῖς
3347 5223 3442 5278 τῆς

1839 5308 2103 5372 θαλάσσης
2149 5307 2334 5382 ὁμοίως
2367 5311 2585 5382 κύμασιν
2630 5312 2847 5386 ἀγρίοις,
2898 5311 2988 5366 οὐκ
3031 5311 3217 5382 ἀφῆκεν
3272 5312 3304 5368 ἡ
3349 5315 3444 5371 τῆς

1841 5405 2095 5482 ἡμετέρας
2125 5406 2436 5481 ἡμερότητος
2465 5407 2828 5482 φιλανθρωπία·
2875 5407 3198 5479 γυμνωθέντα
3247 5425 3304 5459 σε
3349 5410 3446 5464 τῆς

1839 5501 2086 5574 πατρῴας
2115 5499 2313 5562 ἑστίας,
2345 5502 2432 5553 καὶ
2459 5501 2763 5578 στερηθέντα
2793 5507 2892 5554 τῶν
2919 5497 3058 5554 ἰδίων
3083 5538 3097 5558 ,
3138 5501 3219 5551 καὶ
3237 5496 3447 5553 πλανῶ-

1842 5613 1992 5664 μενον
2036 5594 2087 5646 ἐν
2115 5590 2415 5668 θηριώδεσιν
2445 5591 2679 5658 ἀνοδίαις,
2734 5594 2793 5646 οὐ
2833 5589 3073 5668 παρεῖδεν
3101 5593 3132 5649 ἡ
3176 5588 3448 5661 ἀκάματος

1842 5685 1985 5758 ἡμῶν
2013 5685 2278 5740 εὐσέϐεια·
2321 5688 2364 5741 εἰ
2406 5688 2490 5740 καὶ
2534 5684 2826 5756 τάμάλιστα
2863 5684 3080 5740 ἐπιπολὺ
3133 5683 3448 5758 ὑπερεθέμην

1841 5776 2046 5851 γραψαι
2085 5787 2175 5838 τῆν
2201 5776 2442 5854 πρόθεσιν
2479 5787 2572 5841 τῆς
2593 5779 2724 5850 ἐμῆς
2751 5777 2983 5841 -διανοίας
3029 5775 3328 5857 προσδοκῶν
3357 5776 3447 5838 αὗ-

205 5901 222 5925 ‘
253 5906 369 5963 Haec
402 5921 454 5968 et
487 5931 629 5983 seqq.
651 5932 764 5984 epp.
798 5933 956 5984 usque
989 5919 1049 5974 ad
1073 5919 1276 5972 Constit.
1303 5916 1530 5981 ValenL,
1565 5914 1662 5970 col.
1695 5912 1814 5980 575,
1853 5927 1920 5971 ex
1946 5913 2104 5972 Labb.
2129 5913 2397 5981 desumpta:
2419 5921 2551 5980 sunt,
2581 5921 2702 5969 tom.
2728 5913 2798 5981 II,
2819 5916 3162 5971 001.519-541.

3917 235 3929 730 1
