3950 6350
473 325 580 383 559
995 321 1421 384 MONUMENTA
1461 321 1744 384 νει-ΕΒΑ
1785 322 1876 380 Al)
1915 318 2324 381 ARIANORUM
2362 317 2761 378 DOC'I‘RINAM
2788 316 3273 378 PERTINENTIA.
3661 321 3753 381 560

475 459 592 500 rem
617 482 632 509 ,
665 451 720 497 et
741 439 1138 512 postulaturum
1169 441 1434 496 malorum
1467 449 1683 496 tuorum
1733 438 2064 506 remedium,

2190 439 2400 513 λαίρετόν
2435 460 2493 493 σε
2529 439 2901 512 παραγενέσθαι
2934 441 3065 514 πρὸς
3100 441 3266 510 ἡμᾶς,
3307 437 3391 492 καί
3412 441 3508 492 τῶν
3541 439 3753 510 καμάτων

473 550 656 595 tamen
676 579 690 601 ,
719 537 841 607 quia
872 535 1102 590 fortasse
1133 536 1471 592 voluntatem
1497 533 1764 605 propositi
1790 535 1861 589 tui
1899 543 2072 589 metus

469 629 787 700 impedivit,
820 627 943 683 ideo
974 628 1183 683 litteras
1213 629 1598 684 munificentia:
1638 637 1838 682 nasute
1869 628 2072 696 plenis-

470 725 638 778 simas
667 721 733 774 ad
764 729 906 775 tuam
932 721 1293 776 constantiam
1319 723 1588 787 misimus,
1621 729 1676 775 ut
1723 736 1913 776 secure
1937 735 2064 776 con-

470 815 680 888 spectui
693 827 881 872 nostro
903 817 1300 888 quamprimum
1326 826 1468 871 tuam
1483 816 1827 888 praesentiam
1852 815 2069 882 offeras,

469 919 530 965 ut
559 911 668 964 voti
709 910 1014 980 particeps,
1055 919 1406 980 nostramque
1459 909 1850 965 humanitatem
1877 925 2071 980 exper-

470 1010 593 1070 tus,
627 1004 733 1059 tuis
779 1005 1105 1060 restituaris.
1143 1004 1251 1059 llac
1275 1005 1421 1059 enim
1467 1003 1535 1060 de
1581 1020 1742 1059 causa
1787 1003 2068 1058 dominum

468 1111 653 1152 meum
701 1105 757 1152 et
797 1097 1020 1153 fratrem
1061 1097 1413 1154 Constantem
1469 1099 1730 1154 victorem
1779 1107 2067 1169 augustum

467 1204 568 1261 pro
599 1198 652 1245 te
678 1189 1146 1248 adhortationibus
1183 1193 1455 1258 conveni,
1482 1203 1541 1248 ut
1568 1194 1664 1248 tibi
1706 1193 1960 1248 veniendi
1989 1193 2068 1246 fa-

466 1283 724 1341 cultatem
779 1285 964 1352 daret,
1017 1302 1125 1357 quo
1169 1286 1454 1357 utriusque
1500 1295 1744 1343 nostrum
1790 1297 1924 1343 nutu
1970 1303 2069 1358 pa-

465 1377 585 1434 tria:
636 1379 974 1448 restituaris,
1007 1391 1061 1437 et
1089 1381 1194 1438 hoc
1234 1397 1332 1452 pro
1379 1381 1608 1453 pignore
1651 1392 1853 1440 nostra:
1884 1383 2070 1456 gratiae

466 1467 691 1526 habeas.

2181 533 2339 586 αὶτεῧθ
2370 532 2643 608 θεραπείαν
2669 548 2680 561 ⁸
2732 529 2870 604 ὅμως
2901 529 3072 590 ἐπειδὴ
3101 529 3230 592 ἴσως
3260 529 3286 584 ό
3315 529 3494 604 φόϐος,
3524 535 3608 590 τήν
3641 552 3753 606 προ·

2173 628 2376 700 αίρεσιν
2404 635 2495 686 τῆς
2526 635 2621 686 σῆς
2647 627 2936 703 προθέσεως
2962 624 3222 680 ἐνεπόδισε
3240 667 3253 691 ,
3287 624 3371 679 διά
3395 631 3548 680 τοῦτο
3581 624 3755 701 δωρεᾶς

2179 718 2508 793 πληρέστατα
2545 720 2828 795 γράμματα
2871 719 3002 794 πρὸς
3054 723 3143 777 τὴν
3184 722 3280 776 σήν
3320 717 3632 792 στερρότητα
3669 715 3756 772 διε-

2178 810 2517 884 πεμψάμεθα·
2562 814 2645 868 ἵνα
2683 813 2883 886 ἀφόϐως
2908 820 3027 873 ταῖς
3067 814 3336 888 ἡμετέραις
3373 810 3654 888 προσόψεσι
3679 834 3757 866 τα-

2180 914 2330 977 χεῖαν
2373 912 2464 966 τήν
2497 913 2695 963 σαυτοῦ
2733 910 3026 982 παρουσίαν
3083 913 3386 981 παρασχεῖν
3448 903 3756 977 σπουδάσῃς,

2175 1000 2310 1076 ύπέρ
2339 1007 2432 1056 τοῦ
2480 1008 2570 1062 τῆς
2615 1006 2815 1056 σαυτοῦ
2860 1001 3130 1072 ἐπιθυμίας
3160 998 3467 1058 ἀπολαύσας
3504 1001 3589 1051 καί
3620 1017 3756 1072 περα-

2175 1096 2314 1154 σθείς
2338 1096 2477 1164 ἡμῶν
2501 1102 2592 1156 τῆς
2634 1095 3026 1170 φιλανθρωπίας,
3067 1101 3172 1154 τοῖς
3214 1091 3356 1152 ἰδίοις
3391 1092 3754 1166 άποκατασθῇς·

2174 1191 2360 1244 τούτου
2408 1193 2504 1262 γάρ
2551 1189 2692 1244 ἕνεκα
2739 1193 2826 1244 καί
2874 1189 2958 1244 τὸν
3006 1185 3262 1246 δεσπότην
3306 1189 3390 1242 καί
3430 1185 3636 1258 ἀδελφόν
3675 1205 3758 1256 μου

2175 1286 2500 1348 Κώνσταντα,
2533 1284 2618 1338 τὸν
2645 1288 2842 1342 νικητῆν
2877 1280 3198 1356 Αὔγουστον,
3244 1282 3377 1358 ύπέρ
3430 1288 3526 1338 σοῦ
3561 1282 3759 1355 παρεκάο

2178 1377 2325 1443 λεσα,
2357 1379 2437 1431 ἵνα
2463 1384 2556 1433 τοῦ
2588 1379 2739 1432 ἐλθεῖν
2765 1379 3000 1442 ἐξουσίαν
3027 1397 3107 1431 σοι
3128 1375 3219 1450 δῷ,
3251 1376 3334 1431 ἐπί
3367 1381 3442 1448 τῷ
3479 1375 3762 1451 ἁμφωτέρων

2180 1471 2320 1542 ἡμῶν
2365 1470 2768 1534 ἐπινευσάντων,
2817 1478 2880 1544 τῇ
2919 1467 3132 1548 πατρίδι
3163 1470 3618 1546 ἀποκατασταθῇς,
3645 1464 3766 1540 ἔχων

2179 1570 2332 1619 τοῦτο
2361 1573 2456 1624 τῆς
2486 1565 2626 1636 ἡμῶν
2658 1566 2882 1640 χάριτος
2913 1566 3180 1640 ἐνέχυρον.

982 1710 1320 1770 EPISTOLA
1351 1711 1670 1772 SECUNDA
1709 1712 2123 1774 CONSTANTII
2163 1716 2640 1777 lMPEHATORlS
2679 1721 2772 1778 AD
2813 1720 3293 1780 ATHANASIUM.

541 1840 610 1900 Et
635 1845 678 1900 si
701 1846 1078 1916 superioribus
1105 1847 1300 1903 litteris
1323 1848 1750 1920 significavimus
1768 1892 1781 1916 ,
1807 1860 1864 1905 ut
1885 1865 2076 1908 secure

2252 1858 2310 1910 Εί
2333 1859 2421 1912 καὶ
2442 1858 2670 1928 μάλιστα
2690 1855 2775 1914 διά
2799 1860 3066 1935 προτέρων
3095 1859 3417 1936 γραμμάτων
3443 1858 3766 1930 ἐδηλώσαμεν,

468 1940 537 1996 ad
573 1952 816 1997 nostrum
863 1942 1179 1998 comitatum
1229 1943 1542 2010 accederes,
1569 1960 1634 2000 eo
1660 1945 1806 2015 quod
1839 1947 2073 2002 maxime

468 2034 752 2105 cupiamus
779 2043 833 2090 te
859 2035 925 2089 ad
951 2045 1071 2090 tuos
1101 2036 1378 2091 remittere
1398 2077 1411 2101 ,
1438 2045 1617 2092 tamen
1662 2037 1824 2092 etiam
1862 2038 1956 2091 has
1982 2038 2072 2092 lit-

471 2132 618 2180 teras
674 2141 817 2182 nunc
860 2127 926 2181 ad
977 2136 1121 2182 tuam
1179 2127 1506 2183 soliditatem
1557 2128 1844 2195 misimus,
1878 2129 2073 2199 quibus

468 2221 854 2289 adhortamur,
887 2233 946 2279 ut
982 2225 1102 2280 sine
1153 2226 1299 2280 omni
1349 2225 1646 2281 diffidentia
1683 2235 1774 2281 aut
1801 2237 1948 2281 metu
1981 2244 2072 2298 pu-

466 2312 609 2369 blica
636 2315 880 2372 vehicula
910 2317 1194 2383 ascendas,
1222 2326 1276 2373 et
1308 2334 1567 2391 properes
1592 2319 1657 2375 ad
1690 2335 1808 2387 nos,
1840 2327 1921 2388 ut,
1953 2336 2074 2392 quae

468 2409 814 2480 concupiscis
829 2451 844 2477 ,
873 2425 1187 2482 assequare.

2181 1949 2319 2013 ὅπως
2351 1955 2670 2030 ἀμερίμνως,
2704 1956 2775 2015 εἰς
2804 1955 2862 2010 τὸ
2900 1957 3146 2033 ἡμέτερον
3186 1957 3456 2027 κομιτάτον
3504 1956 3766 2032 παραγένῃ,

2180 2043 2263 2099 διά
2291 2046 2348 2100 τὸ
2382 2044 2613 2117 μάλιστα
2653 2047 2989 2118 βουλεύεσθαι
3022 2051 3159 2120 ἡμᾶς
3189 2049 3494 2104 ἀποστεῖλαί
3530 2070 3590 2103 σε
3633 2050 3694 2108 είς
3717 2049 3771 2101 τά

2178 2134 2303 2202 ἴδια,
2335 2135 2473 2211 ὅμως
2515 2143 2599 2196 καὶ
2647 2146 2735 2194 νῦν
2780 2147 2952 2196 ταῦτα
2989 2142 3052 2196 τά
3082 2142 3395 2216 γράμματα,
3425 2141 3552 2214 πρὸς
3584 2143 3670 2198 τὴν
3694 2144 3772 2196 σὴν

2181 2232 2504 2306 στερρότητα
2531 2233 2900 2307 δεδηλώκαμεν³
2929 2233 3031 2298 διὸ,
3051 2235 3443 2312 προτρεπόμεθα
3470 2237 3640 2306 χωρίς
3655 2253 3770 2292 τινος

2180 2329 2424 2388 ἀπιστίας
2454 2333 2543 2384 καὶ
2573 2330 2746 2403 φόϐου,
2777 2331 3015 2390 ἐπιϐῆναί
3043 2351 3102 2386 σε
3137 2329 3398 2402 δημοσίοις
3433 2330 3669 2401 ὀχήμασι
3701 2327 3768 2380 καί

2180 2421 2478 2482 σπουδάσαι
2529 2427 2659 2504 πρὸς
2705 2428 2869 2498 ἡμᾶς,
2914 2427 2998 2482 ’ίνα
3040 2421 3105 2480 ὧν
3156 2426 3450 2498 ἐπιθυμεῖς,
3498 2424 3772 2480 ἀπολαῦσαι

2180 2513 2421 2591 δυνηθῇς.

1025 2643 1362 2702 EPISTOLA
1402 2643 1659 2702 TERTIA
1698 2645 2110 2706 CONSTANTII
2147 2650 2619 2714 IMPERATORIS
2659 2659 2752 2713 AD
2792 2657 3267 2716 ATHANASIUM.

543 2781 682 2840 Cum
736 2783 956 2839 Edessa:
1013 2796 1509 2850 commoraremur,
1560 2784 1920 2854 praesentibus
1976 2785 2083 2841 tuis

472 2878 809 2950 presbyteris
829 2919 842 2944 ,
871 2876 1072 2948 placuit
1102 2887 1160 2932 ut
1189 2877 1358 2932 misso
1383 2878 1450 2932 ad
1482 2885 1533 2932 te
1561 2878 1906 2950 presbytero,
1927 2876 2082 2936 festi-

474 2987 639 3029 nares
687 2972 753 3026 ad
811 2981 1053 3028 nostrum
1104 2975 1422 3028 comitatum
1464 2973 1649 3027 venire
1688 2981 1782 3027 :ut
1825 2972 1912 3028 ubi
1958 2988 2088 3030 nos-

472 3073 618 3120 trum
649 3065 878 3122 vidisses
907 3074 1279 3135 conSpectum,
1301 3066 1481 3121 statim
1507 3064 1888 3120 Alexandriam
1913 3074 2088 3121 trans-

2190 2788 2368 2845 denuo
2385 2791 2724 2848 admonitum
2745 2793 3015 2863 volumus,
3039 2803 3096 2850 ut
3125 2795 3210 2850 vel
3239 2810 3382 2850 nunc
3411 2793 3606 2851 saltem
3634 2807 3770 2864 quam

2191 2885 2477 2942 celerrime
2523 2888 2588 2943 ad
2636 2900 2734 2944 nos
2768 2900 2819 2945 te
2848 2890 3098 2946 conferas
3121 2933 3135 2956 ,
3167 2907 3273 2960 quo
3297 2900 3350 2946 tu
3380 2891 3452 2946 ita
3477 2891 3664 2962 patriae
3688 2899 3778 2943 tua:

2193 2979 2532 3046 restituaris,
2571 2991 2620 3036 et
2662 2997 2762 3037 nos
2794 2984 2898 3038 tuis
2932 2982 3184 3054 precibus
3211 2983 3312 3038 frui
3369 2984 3656 3054 possimus.
3707 2979 3775 3035 Ad

2193 3071 2492 3140 pleniorem
2526 3084 2702 3131 autem
2745 3077 3112 3147 cognitionem
3146 3076 3394 3132 Achitam
3417 3075 3699 3132 diaconum
3721 3071 3776 3125 ad

473 3155 603 3212 ires.
634 3155 740 3213 Sed
767 3160 890 3228 quia
918 3158 1207 3229 plurimum
1240 3159 1496 3227 temporis
1525 3157 1848 3224 intercessit,
1882 3174 1948 3214 ex
1973 3174 2080 3230 quo
2109 3139 2155 3204 (ἶ
2187 3172 2241 3219 te
2286 3166 2550 3234 misimus,
2595 3186 2625 3224 a
2676 3186 2784 3241 quo
2825 3171 3034 3228 discere
3084 3172 3271 3228 licebit
3321 3181 3376 3228 et
3425 3175 3622 3228 mentis
3671 3183 3777 3225 nos-

476 3247 678 3305 litteris
719 3251 923 3306 nostris
973 3250 1211 3320 acceptis
1263 3266 1371 3304 non
1400 3247 1635 3317 venisti,
1672 3248 1794 3304 ideo
1837 3257 1888 3304 te
1938 3267 2082 3307 nunc

2189 3265 2286 3314 tra:
2311 3260 2679 3330 voluntatem,
2713 3272 2769 3319 et
2803 3272 2854 3320 te
2878 3264 3093 3336 assequi
3123 3279 3286 3337 posse
3310 3281 3432 3336 qua:
3455 3266 3598 3320 votis
3624 3274 3777 3335 optas.

1098 3408 1435 3465 EPISTOLA
1477 3408 1686 3464 PRIMA
1726 3407 2138 3465 CONSTANTII
2173 3412 2267 3468 AD
2303 3414 2574 3472 CLEROS
2613 3417 3168 3476 ALEXANDRINOS.

480 3524 668 3583 Victor
697 3526 1067 3592 Constantius,
1102 3524 1386 3592 Maximus,
1417 3525 1710 3596 Augustus,
1735 3524 2001 3594 episcopis
2023 3535 2076 3580 et

657 3619 994 3692 presbyteris
1032 3618 1315 3674 catholica:
1339 3617 1597 3672 Ecclesia:
1618 3660 1631 3683 ,
1651 3618 1900 3673 salutem.

554 3712 674 3768 Non
716 3723 798 3767 est
845 3711 1138 3767 derelictus
1170 3726 1198 3764 a
1232 3711 1324 3766 Dei
1370 3711 1540 3781 gratia
1595 3709 2082 3765 reverendissimus

481 3805 844 3871 Athanasius,
883 3803 1098 3859 tametsi
1129 3804 1194 3859 ad
1239 3807 1403 3860 breve
1445 3814 1656 3874 tempus
1686 3806 1935 3859 humanas
1958 3819 2086 3875 pro-

481 3897 690 3952 bationi
732 3897 1010 3965 subjectus
1058 3894 1219 3952 fuerit
1253 3913 1266 3949 :
1308 3896 1511 3967 justum
1551 3896 1696 3952 enim
1740 3897 2088 3967 debitumque

483 3988 594 4059 jam
617 3988 684 4043 ab
711 3989 892 4044 omnia
922 3988 1130 4044 ferente
1157 3998 1213 4043 et
1247 3989 1552 4044 sustinente
1589 3989 1933 4044 Providentia
1974 3991 2086 4044 cal-

486 4079 670 4134 culum
697 4079 904 4146 retulit,
927 4094 994 4136 eo
1021 4079 1163 4150 quod
1189 4087 1245 4134 et
1269 4078 1545 4134 voluntate
1567 4079 1788 4150 Optimi,
1813 4088 1867 4134 et
1885 4079 2090 4150 judicio

487 4182 711 4238 nostro,
754 4173 986 4243 patriam
1039 4181 1096 4229 et
1143 4171 1462 4236 ecclesiam,
1493 4188 1653 4244 quam
1694 4182 1854 4228 antea
1903 4173 2091 4229 divino

487 4275 622 4321 nutu
651 4267 914 4336 possedit,
941 4266 1167 4337 recipiat
1191 4285 1204 4322 :
1235 4268 1301 4322 ad
1330 4282 1489 4338 quem
1509 4269 1859 4337 congruentia
1891 4267 2034 4322 enim
2060 4265 2091 4322 a

485 4368 669 4414 nostra
702 4359 1038 4414 humanitate
1063 4360 1288 4431 perferri
1321 4368 1536 4430 Oportet
1562 4377 1573 4413 :
1601 4359 1739 4414 adeo
1771 4370 1829 4414 ut
1871 4361 2051 4414 omnia
2072 4402 2087 4428 ,

489 4469 613 4521 quae
634 4463 789 4510 antea
810 4465 1000 4510 contra
1022 4471 1135 4520 eos,
1160 4455 1249 4526 qui
1279 4469 1398 4510 cum
1431 4469 1498 4510 eo
1529 4455 1968 4509 communionem
1997 4469 2087 4509 ce-

492 4545 800 4614 lebrarunt,
825 4549 1039 4605 decreta
1074 4550 1224 4605 fuere
1244 4592 1259 4617 ,
1291 4549 1549 4605 oblivioni
1583 4549 1722 4605 tradi
1751 4548 1945 4614 velim;
1972 4563 2088 4604 om—
2117 4535 2168 4596 Π

492 4641 684 4711 nisque
724 4641 980 4713 deinceps
1010 4647 1247 4713 suspicio
1292 4653 1479 4698 contra
1534 4644 1852 4709 aboleatur;
1887 4653 1940 4698 et
1991 4642 2093 4697 im-

493 4735 754 4801 mnnitas,
778 4751 936 4803 quam
960 4737 1086 4790 olim
1112 4736 1350 4792 habuere
1379 4737 1550 4806 ipsius
1571 4737 1780 4799 clerici,
1807 4737 1961 4791 firma
1988 4738 2093 4792 illis

493 4839 548 4882 ct
571 4834 684 4882 rata
709 4827 893 4900 (prout
918 4825 1098 4897 decet)
1113 4840 1485 4885 conservetur.
1515 4830 1654 4898 Quin
1681 4838 1734 4888 et
1754 4829 1856 4885 hoc
1879 4845 2094 4901 quoque

496 4919 616 4989 cjus
656 4919 828 4990 gratia
859 4920 1052 4989 adjici,
1086 4937 1296 4991 acquum
1323 4921 1570 4993 arbitrati
1600 4937 1818 4988 sumus,
1854 4927 1930 4978 ut'
1953 4924 2093 4993 apud

497 5014 784 5070 universos
831 5014 973 5069 sacri
1011 5014 1216 5069 ordinis
1255 5015 1401 5071 viros
1448 5016 1852 5087 promulgclur,
1885 5017 2095 5071 cunctis

494 5109 585 5179 qui
628 5109 928 5164 Athanasio
973 5109 1254 5164 adhaesere
1309 5111 1489 5166 datam
1538 5125 1660 5165 esse
1706 5111 2092 5178 securitatem,

494 5200 611 5256 sive
640 5201 883 5272 episcOpi
903 5243 917 5266 ,
949 5201 1063 5256 sive
1094 5201 1277 5257 clerici
1309 5202 1436 5257 sint.
1487 5202 1718 5259 Abunde
1749 5207 1890 5258 enim
1934 5219 2094 5274 argn-

498 5295 665 5352 mcnti
692 5296 828 5362 erit,
864 5312 1300 5368 unumquemque
1329 5311 1518 5352 eorum
1550 5298 1698 5367 probi
1730 5298 1894 5352 animi
1939 5314 2092 5365 esse,

497 5389 582 5444 vel
634 5405 699 5445 eo
739 5389 856 5445 solo
906 5391 1047 5462 quod
1105 5390 1404 5446 Athanasio
1426 5391 1722 5446 consociati
1767 5393 1936 5447 fuere.
1968 5392 2096 5460 Qui-

497 5497 731 5555 cumque
780 5485 924 5540 enim
971 5483 1180 5539 meliori
1213 5493 1285 5539 .et
1313 5483 1524 5554 judicio
1556 5493 1610 5540 et
1654 5484 1890 5540 factione
1939 5486 2100 5556 hujus

500 5580 935 5634 communionem
992 5579 1304 5650 elegerunt,
1347 5579 1446 5634 hos
1495 5594 1684 5635 omnes
1724 5580 1989 5649 jussimus
2030 5581 2098 5637 ad

499 5678 783 5747 exemplar
800 5679 1098 5751 superioris
1137 5679 1532 5745 Providentia),
1567 5690 1621 5736 et
1647 5682 1940 5738 secundum
1973 5697 2099 5739 nos-

503 5775 644 5821 tram
676 5771 1121 5841 voluntatem,ut
1146 5775 1319 5846 gratia
1369 5773 1438 5830 ab
1485 5774 1691 5846 optimo
1742 5775 1852 5832 Deo
1901 5776 2098 5833 tributa

503 5859 774 5917 securiter
800 5861 1167 5934 perfruantur.
1197 5866 1341 5926 Deus
1371 5883 1469 5926 vos
1497 5879 1696 5926 servet.

2180 3539 2394 3596 Νικητής
2421 3537 2790 3602 Κωνστάντιος,
2843 3539 3116 3612 μέγιστος.
3189 3536 3470 3600 σεϐαστός,
3509 3533 3778 3592 ἐπισκόποις

2363 3633 2446 3684 καὶ
2469 3629 2843 3706 πρεσϐυτέροις
2879 3639 2971 3691 τῆς
3006 3630 3264 3690 καθολικῆς
3290 3629 3600 3690 Ἑκκλησίας.

2258 3725 2363 3777 Ούκ
2391 3725 2662 3795 ἀπελείφθη
2682 3733 2774 3786 τῆς
2795 3731 2885 3780 τοῦ
2923 3731 3153 3799 Χριστοῦ
3189 3727 3412 3801 χάριτος
3449 3723 3474 3778 ό
3515 3722 3770 3791 αἰδεσιμῦ-

2191 3840 2346 3881 τατος
2394 3821 2670 3880 ἐπίσκοπος
2711 3820 3000 3882 ’Δθανάσιος
3025 3837 3038 3854 ⁸
3100 3820 3224 3874 ἀλλά
3270 3822 3313 3874 εἰ
3366 3822 3448 3873 καί
3500 3820 3548 3873 ἐν
3597 3819 3776 3890 βραχεῖ

2195 3913 2371 3984 χρόνῳ
2413 3921 2476 3987 τῇ
2529 3913 2637 3967 κατ’
2683 3914 2984 3991 ἀνθρώπους
3025 3911 3304 3987 δοκιμασίᾳ
3338 3912 3618 3974 ὑπεϐλήθη,
3655 3908 3774 3978 ὅμως

2195 4008 2284 4062 τὴν
2307 4003 2621 4075 ὀφειλομένην
2642 4007 2788 4080 παρὰ
2807 4013 2898 4066 τῆς
2919 4003 3249 4080 παντοφόρου
3275 4006 3513 4077 προνοίας
3533 4004 3774 4070 ύπηνενεγ-

2195 4120 2318 4154 κατο
2373 4098 2568 4173 ψῆφον,
2616 4100 2890 4154 ἀπολαϐὼν
2935 4101 3177 4172 βουλήσει
3207 4107 3296 4155 τοῦ
3340 4104 3644 4176 κρείττονος,
3703 4096 3770 4147 καὶ

2196 4195 2358 4266 κρίσει
2386 4200 2448 4268 τῇ
2477 4193 2699 4268 ἡμετέρᾳ
2729 4197 2818 4252 τὴν
2845 4192 3072 4269 πατρίδα
3106 4193 3233 4266 ὁμοῦ
3268 4197 3355 4248 καί
3391 4200 3482 4253 τήν
3515 4190 3771 4249 ἐκκλησίαν,

2199 4284 2254 4346 ἦν
2294 4288 2410 4360 θείῳ
2452 4288 2667 4357 νεύματι
2716 4290 3016 4364 προστάτης
3065 4290 3348 4363 ἐτύγχανε,
3384 4286 3550 4358 τούτῳ
3586 4287 3644 4340 τά
3669 4281 3770 4336 ἀπὸ·

2196 4379 2354 4433 λουθα
2384 4377 2488 4434 ἔδει
2513 4381 2657 4457 παρά
2684 4388 2777 4441 τῆς
2804 4383 3052 4458 ἡμετέρας
3077 4382 3309 4459 ύπᾶρξαι
3334 4381 3631 4458 πρᾳότητος·
3655 4376 3770 4428 ὥστε

2192 4473 2364 4526 πάντα
2405 4473 2471 4526 τὰ
2515 4473 2618 4545 πρὸ
2666 4473 2855 4528 τούτου
2901 4475 3030 4530 κατά
3057 4483 3156 4529 τῶν
3193 4475 3358 4528 αὐτῶν
3385 4468 3769 4531 κεκοινωνηκότων

2197 4567 2456 4642 ὡρισμένα
2484 4573 2593 4630 νῦν,
2620 4570 2878 4644 ἀμνηστίᾳ
2906 4567 3354 4647 παραδοθήσεται,
3392 4571 3562 4626 πᾶσάν
3592 4587 3640 4622 τε
3662 4564 3766 4617 ύπῦο

2196 4658 2320 4723 ψίαν
2343 4667 2434 4714 τοῦ
2465 4660 2575 4714 κατ’
2604 4662 2766 4715 αὐτοῦ
2793 4662 3023 4734 χολάσαι
3047 4669 3140 4718 τοῦ
3167 4663 3346 4718 λοιποῦ
3381 4668 3474 4722 τήν
3497 4684 3548 4717 τε
3576 4659 3767 4716 ἀτελείη

2199 4747 2256 4812 ἧς
2286 4750 2480 4824 ἔτυχον
2516 4755 2674 4809 πάλαι
2701 4754 2746 4807 οἱ
2779 4754 2890 4826 ἅμα
2923 4757 3062 4829 αύτῷ
3098 4756 3346 4834 κληρικοί,
3386 4758 3587 4816 τούτοις
3621 4751 3667 4808 δέ

2201 4844 2475 4906 ϐαιωθῆναι
2505 4849 2899 4924 προσηκόντως·
2931 4850 3060 4904 ἀλλά
3088 4855 3187 4922 μὴν
3208 4853 3290 4905 καὶ
3317 4856 3474 4906 τοῦτο
3503 4857 3564 4924 τῇ
3593 4849 3655 4905 είς
3679 4843 3766 4896 ait"

2196 4938 2282 4993 τὸν
2306 4940 2489 5014 χάριτι
2517 4943 2855 5016 προστεθῆναι
2886 4939 3258 5013 ἐδικαιώσαμεν
3293 4943 3429 4998 ὥστε
3457 4947 3646 4998 πάντας
3671 4934 3764 4989 τούξ

2197 5037 2288 5085 τοῦ
2341 5032 2478 5107 ἱεροῦ
2524 5033 2810 5106 καταλόγου
2856 5037 3118 5106 γινώσκειν
3167 5033 3464 5090 ἐκδεδόσθαι
3509 5034 3566 5090 τό
3611 5027 3762 5104 ἄφοϐον

2198 5129 2330 5179 πᾶσι
2357 5132 2469 5184 τοῖς
2503 5126 2638 5196 αύτῷ
2685 5127 3142 5202 προστεθεμένοις,
3192 5123 3290 5182 εἴτε
3338 5127 3648 5184 ἐπισκόποις.
3685 5117 3757 5173 εἴτε

2201 5217 2450 5293 κληρίκοις
2467 5234 2478 5246 ·
2511 5219 2674 5273 ίκανον
2705 5217 2759 5274 δέ
2785 5223 3053 5294 γνώρισμα
3080 5228 3173 5278 τῆς
3196 5219 3415 5274 ἑκάστου
3448 5220 3592 5294 ὀρθῆς
3615 5233 3758 5291 speak

2201 5315 2412 5387 ρέσεως,
2439 5313 2585 5370 ἔσται
2612 5317 2642 5372 ἡ
2679 5315 2812 5391 πρὸς
2841 5320 3024 5370 τοῦτον
3070 5315 3283 5376 ἓνωσις⁶
3328 5312 3444 5370 ὅσοι
3480 5315 3573 5386 γάρ
3605 5307 3658 5364 ἂν
3688 5313 3756 5363 τῆς

2201 5407 2455 5467 καλλίονος
2486 5406 2613 5479 όμοῦ
2637 5407 2851 5483 κρίσεώς
2877 5427 2931 5463 τε
2962 5410 3046 5462 καί
3075 5410 3259 5483 μοίρας
3285 5409 3533 5482 γενόμενοι
3561 5409 3640 5462 τόν
3663 5397 3756 5455 τσά·

2200 5523 2293 5556 του
2343 5502 2554 5558 ἕλωνται
2604 5504 2864 5556 κοινωνίαν
2887 5542 2902 5566 ,
2951 5503 3174 5561 τούτους
3221 5502 3420 5564 πάντας
3465 5500 3754 5565 ἐκελεύσαμεν

2203 5593 2311 5649 καθ’
2336 5594 2614 5666 ὁμοιότητα
2640 5603 2734 5656 τῆς
2773 5596 3062 5668 φθανούσης
3096 5596 3373 5672 προνοίας,
3401 5597 3482 5650 καὶ
3508 5598 3587 5647 νῦν
3615 5596 3667 5663 τῇ
3689 5578 3756 5653 '57,

2202 5687 2346 5759 ὑμῶν
2371 5689 2610 5761 βουλήσει
2626 5730 2642 5761 ,
2687 5695 2776 5747 τοῦ
2801 5691 3096 5768 κρείττονος
3129 5691 3548 5766 παρασχεθείσης
3573 5685 3756 5758 χάριτθῖ

2203 5782 2498 5840 ἀπολαύειν.

3929 5213 3931 5287 ι
