3950 6350
238 324 325 380 561
712 319 1139 380 MONUMENTA
1184 321 1468 381 VETERA
1507 325 1600 380 AD
1637 323 2044 383 ARIANORUM
2088 326 2482 390 DOCTRINAM
2509 290 3011 399 PERTINENTIA;
3405 338 3514 396 562

1103 437 1439 495 EPISTULA
1479 438 1799 496 SECUNDA
1837 438 2149 497 EJUSDEM
2188 442 2281 499 AD
2320 445 2615 504 EOSDEM.

240 532 402 588 Victor
439 530 782 587 Constantius
808 572 823 597 ,
880 531 1179 598 Maximus,
1226 535 1537 603 Augustus,
1598 533 1798 604 populo
1824 536 1875 598 Α
1901 542 2118 598 Νικητής
2159 542 2526 608 Κωνστάντιος,
2578 566 2615 613 μ

1901 542 2118 598 Νικητης
2159 542 2526 608 Κωνστάντιος,
2578 545 2844 618 μέγιστος,
2874 546 3159 611 σεϐαστός,
3192 554 3266 618 τῷ
3292 547 3399 623 λαῷ
3419 558 3513 612 τῆς

393 624 734 689 Alexandriae
751 624 1033 681 catholicae
1062 627 1306 683 ecclesiae
1326 670 1340 693 ,
1371 628 1624 683 salutem.
2127 631 2242 686 κατ’
2272 630 2615 711 Ἀλεξάνδρεια

2127 631 2242 686 κατ’
2272 630 2645 711 Ἀλεξάνδρειαν
2675 638 2935 699 καθολικῆς
2967 640 3262 701 ἐκκλησίας’

291 724 413 780 Cum
439 733 563 778 ante
590 722 775 778 oculos
819 723 1115 778 habeamus
1160 732 1394 778 vestram
1446 722 1500 777 in
1550 722 1804 778 omnibus
1982 724 2168 779 Σκόπον
2196 728 2491 798 ποιούμενοι
2514 735 2605 788 τήν

1982 724 2168 779 Σκόπον
2196 728 2491 798 ποιούμενοι
2514 735 2605 788 τήν
2641 732 2884 802 ὑμετέραν
2922 735 2972 786 ἐν
3007 731 3202 788 ἅπασιν
3240 735 3509 806 εὐνομίαν,

229 818 565 887 disciplinam,
588 825 642 872 et
669 832 1007 887 nequaquam
1039 816 1192 871 inscii
1224 818 1395 872 simus
1446 831 1541 870 vos
1562 816 1671 885 jam
1696 816 1804 885 pri-
1910 814 2100 877 εἰδότες
2126 840 2181 872 τε
2207 821 2275 879 ὡς
2304 822 2518 875 ἐπιπολὺ
2566 831 2615 877 τιὶ

1910 814 2100 877 εἰδότες
2126 840 2181 872 τε
2207 821 2275 879 ὡς
2304 822 2518 875 ἐπιπολύ
2566 831 2658 884 τῆς
2703 831 2795 880 τοῦ
2831 827 3235 887 ἑπισκοποῦντος
3264 830 3510 903 προνοίας

230 912 336 967 dem
380 910 672 981 cpisc0pali
719 909 1059 979 providentia
1099 910 1420 975 destitutos,
1460 907 1802 962 decrevimus
1908 910 2231 986 ἐστερῆσθαι,
2265 911 2555 970 Ἀθανάσιον
2579 938 2615 970 τι

1908 910 2231 986 ἐστερῆσθαι,
2265 911 2555 970 ’Δθοινάσιον
2579 918 2663 970 τὸν
2708 918 3000 981 ἐπίσκοπον,
3024 916 3186 996 ἄνδρα
3213 928 3328 981 τοῖς
3350 928 3507 990 πᾶσι,

229 1004 558 1060 Athanasium
605 1002 951 1073 episcopum,
980 1004 1156 1058 virum
1206 1003 1345 1073 apud
1364 1018 1552 1058 omnes
1580 1003 1800 1058 reetitu-
1906 1001 1987 1058 διά
2016 1025 2069 1059 τε
2109 1010 2198 1063 τήν
2240 1015 2543 1083 προσοῦσαν
2583 1010 2615 1085 ὁ,

1906 1001 1987 1058 διά
2016 1025 2069 1059 τε
2109 1010 2198 1063 τήν
2240 1015 2543 1083 προσοῦσαν
2583 1010 2863 1085 ὀρθότητα,
2913 1016 2999 1066 καὶ
3056 1011 3140 1068 διὰ
3188 1020 3278 1073 τήν
3328 1017 3511 1070 οἰκείαν

226 1098 338 1153 dine
379 1111 697 1167 morumque
720 1096 991 1166 probitate
1022 1098 1259 1161 clarum,
1285 1096 1351 1150 ad
1374 1111 1470 1149 vos
1498 1096 1794 1150 remittere.
1905 1098 2180 1168 εὐτροπίαν
2223 1103 2498 1176 γνώριμον,
2544 1105 2615 1157 πά

1905 1098 2180 1168 εὐτροπίαν
2223 1103 2498 1176 γνώριμον,
2544 1102 2694 1157 πάλιν
2735 1106 2866 1179 πρὸς
2902 1105 3039 1176 ὑμᾶς
3075 1107 3381 1162 ἀποστεῖλαι
3411 1107 3512 1163 ἐδι-

227 1192 358 1246 Ilunc
379 1191 535 1261 igitur
566 1192 613 1244 si
642 1190 873 1245 libenter
901 1202 955 1246 et
980 1191 1237 1245 decenter
1266 1189 1580 1258 receperitis
1600 1232 1614 1254 ,
1648 1204 1809 1243 eum»
1905 1193 2220 1261 καιὼσαμεν’
2269 1200 2453 1249 τοῦτον
2493 1200 2615 1253 συνή

1905 1193 2220 1261 καιὼσαμεν’
2269 1200 2453 1249 τοῦτον
2493 1198 2716 1257 συνήθως
2754 1201 2837 1252 καὶ
2865 1199 3225 1270 προσηκόντως
3256 1198 3507 1263 ὑποδεξά-

224 1300 316 1355 que
339 1284 400 1337 ad
435 1285 601 1339 Deum
631 1284 763 1339 fusis
794 1286 1047 1355 precibus
1069 1284 1453 1356 opitulatorem
1486 1283 1798 1338 adhibueri-
1902 1305 2063 1356 μενοι,
2091 1289 2172 1341 καὶ
2200 1294 2313 1347 ταῖς
2334 1290 2467 1363 πρὸς
2497 1291 2585 1344 τόν
2611 1310 2615 1335 ‹

1902 1305 2063 1356 μενοι,
2091 1289 2172 1341 καί
2200 1294 2313 1347 ταῖς
2334 1290 2467 1363 πρὸς
2497 1291 2585 1344 τόν
2611 1290 2731 1344 Θεὸν
2763 1291 2951 1361 εὐχαῖς
2986 1293 3166 1361 βοηθὸν
3202 1294 3507 1365 προστησά-

224 1381 307 1445 tis,
351 1378 694 1433 concordiam
727 1388 783 1434 et
819 1379 973 1435 vobis
995 1378 1251 1434 decoram
1283 1388 1334 1432 et
1363 1376 1516 1432 nobis
1545 1377 1793 1448 gratissi-
1902 1401 2071 1453 μενοι,
2101 1387 2192 1440 τήν
2222 1383 2346 1453 ὑμῖν
2366 1404 2422 1438 τε
2445 1384 2614 1459 πρέπο

1902 1401 2042 1453 μενοι
2058 1422 2071 1443 ,
2101 1387 2192 1440 τήν
2222 1383 2346 1453 ὑμῖν
2366 1404 2422 1438 τε
2445 1384 2754 1459 πρέπουσαν
2774 1387 2856 1438 καὶ
2877 1386 2993 1455 ήμῐν
3019 1387 3241 1459 ἀρεστήν
3274 1385 3504 1456 ὁμόνοιαν

221 1490 343 1531 mam
383 1474 537 1529 simul
570 1490 867 1545 pacemque
910 1485 1226 1546 perpetuam
1259 1484 1313 1529 et
1339 1473 1588 1528 ecclesim
1618 1472 1793 1542 legem
1899 1476 1982 1526 καὶ
2018 1476 2215 1547 εἰρήνην
2261 1476 2392 1529 κατά
2427 1475 2510 1529 τὸν
2543 1482 2615 1534 τῆς

1899 1476 1982 1526 καὶ
2018 1476 2215 1547 εἰρήνην
2261 1476 2392 1529 κατά
2427 1475 2510 1529 τὸν
2543 1482 2635 1535 τῆς
2670 1476 2929 1536 ἐκκλησίας
2966 1478 3149 1548 θεσμὸν
3195 1475 3383 1551 δίαρκῆ
3418 1499 3506 1550 φυ-

220 1567 607 1625 conservabitis.
630 1568 937 1623 Absurdum
960 1569 1103 1624 enim
1135 1576 1221 1622 est
1242 1566 1570 1621 discordiam
1594 1573 1688 1620 aut
1716 1579 1796 1619 se-
1898 1566 2104 1621 λαττέον
2155 1565 2513 1623 σπουδάσατε.
2566 1570 2615 1622 οὐ

1898 1566 2104 1621 λαττέον
2155 1565 2513 1623 σπουδάσατε.
2566 1567 2675 1622 οὐδέ
2724 1570 2821 1644 γάρ
2868 1567 3066 1643 εὔλογόν
3092 1571 3204 1625 ἐστι
3238 1569 3504 1640 διχόνοιάν

220 1662 454 1717 ditionem
487 1661 629 1715 inter
662 1675 761 1716 vos
788 1660 1003 1731 agitari,
1030 1670 1082 1715 et
1112 1660 1345 1715 alienum
1378 1659 1482 1713 hoc
1513 1658 1687 1728 ipsum
1710 1665 1795 1713 est
1898 1683 2011 1716 τινα
2038 1660 2067 1719 ἦ
2096 1663 2281 1716 στάσιν
2319 1664 2370 1715 ἐν
2416 1663 2542 1733 ὑμῖν
2584 1685 2613 1716 κ

1898 1683 2011 1716 τινα
2038 1660 2067 1719 ή
2096 1663 2281 1716 στάσιν
2319 1664 2370 1715 ἐν
2416 1663 2542 1733 ὑμῖν
2584 1664 2866 1721 κινηθῆναι.
2916 1664 3218 1718 ὑπεναντίαν
3268 1672 3359 1723 τῆς
3401 1672 3503 1719 τῶν

219 1765 553 1808 anostrorum
605 1764 911 1824 temporum
969 1754 1295 1824 integritate.
1343 1751 1602 1807 Volumus
1632 1751 1792 1819 igitur
1898 1756 2153 1830 ἡμετέρων
2192 1758 2380 1831 χαίρων
2417 1757 2615 1831 εὔμοιρε

1898 1756 2153 1830 ἡμετέρων
2192 1758 2380 1831 χαίρων
2417 1757 2699 1831 εὐμοιρίας·
2751 1761 2838 1811 καί
2876 1764 3028 1812 τοῦτο
3058 1760 3147 1829 μέν
3179 1759 3389 1812 ἀπεῖναι
3420 1755 3504 1828 ἀφ’

218 1857 264 1903 ct
288 1848 380 1903 hoc
408 1848 591 1902 vitium
627 1863 852 1918 prorsus
881 1864 910 1902 a
938 1848 1091 1903 vobis
1135 1848 1349 1914 abesse,
1375 1856 1429 1902 et
1458 1862 1553 1901 vos
1584 1846 1637 1900 in
1670 1842 1790 1901 τις.
1895 1850 2040 1921 ὑμῶν
2078 1849 2341 1909 παντελῶς
2380 1849 2615 1921 βουλόμεε

1895 1850 2040 1921 ὑμῶν
2078 1849 2341 1909 παντελῶς
2380 1849 2676 1921 βουλόμεθα·
2710 1847 2847 1904 τὸδέ
2878 1872 2935 1921 γε
2976 1858 3090 1909 ταῖς
3140 1850 3321 1921 εὐχαῖς
3363 1850 3501 1920 ὑμᾶς

218 1940 298 1993 tris
325 1939 574 2009 precibus
605 1941 873 2010 perpetim
900 1940 991 1994 illo
1024 1940 1105 2011 (ut
1127 1938 1283 2010 dixi),
1312 1938 1545 2009 praeside
1580 1947 1633 1993 ct
1666 1939 1785 2009 opi-
1821 1943 1869 2003 B
1896 1940 2113 2018 διαρκῶς
2157 1945 2322 2013 αὐτῷ,
2365 1946 2433 2004 ὡς
2466 1945 2615 2019 προεί

1896 1940 2113 2018 διαρκῶς
2157 1945 2322 2013 αὐτῷ,
2365 1946 2433 2004 ὡς
2466 1945 2787 2019 προείρηται,
2826 1945 3096 2019 προστάτῃ
3130 1946 3214 1997 καὶ
3244 1941 3501 2019 ἑπικοὺρῳ

217 2031 423 2087 tulatore
451 2031 593 2102 apud
629 2032 797 2087 Deum
825 2032 931 2099 uti,
957 2043 1009 2088 et
1043 2033 1094 2087 in
1128 2048 1194 2087 eo
1235 2032 1413 2086 studio
1440 2032 1599 2086 solito
1638 2046 1787 2086 more
1896 2036 2208 2111 χρωμένοις,
2241 2036 2372 2107 πρὸς
2401 2036 2460 2089 τὸ
2482 2036 2611 2089 θεῖον

1896 2036 2208 2111 χρωμένοις,
2241 2036 2372 2107 πρὸς
2401 2036 2460 2089 τὸ
2482 2036 2611 2089 θεῖον
2638 2036 2863 2106 ἐμμένειν
2898 2036 3129 2095 συνήθως
3155 2040 3501 2107 παραινοῦμεν

214 2126 523 2194 perseverari
546 2141 560 2190 ;
587 2134 646 2180 ut
671 2126 763 2179 tali
787 2126 1083 2195 preposito,
1110 2136 1291 2180 vestro
1311 2125 1551 2180 omnium
1583 2139 1678 2179 ore
1700 2139 1789 2180 eeo
1893 2129 1961 2186 ὡς
1990 2122 2048 2180 ἂν
2074 2134 2166 2185 τῆς
2189 2127 2429 2185 τοιαύτης
2474 2128 2615 2198 ὑμῶν

1893 2129 1961 2186 ὡς
1990 2122 2048 2180 ἀν
2074 2134 2166 2185 τῆς
2189 2127 2429 2185 τοιαύτης
2474 2128 2616 2198 ὑμῶν
2660 2128 2985 2201 προσθέσεως
3021 2128 3091 2186 εἰς
3129 2127 3221 2186 τὰς
3260 2125 3501 2181 ἁπάντων

216 2216 421 2282 lehrato,
447 2218 716 2285 Gentiles,
749 2220 840 2288 qui
872 2220 1168 2273 etiamnum
1202 2218 1468 2274 idolorum
1507 2219 1787 2274 erroribus
1892 2219 2057 2289 εὐχὰς
2111 2218 2509 2284 διαϐαινούσης,
2545 2242 2610 2274 κα

1892 2219 2057 2289 εὐχὰς
2111 2218 2509 2284 διαϐαινοὺσης,
2545 2224 2631 2274 καί
2657 2221 2708 2273 ἐκ
2732 2228 2833 2273 τῶν
2857 2222 3025 2283 ἐθνῶν,
3058 2219 3103 2273 οἳ
3129 2228 3191 2294 τῇ
3222 2228 3321 2276 τῶν
3351 2219 3497 2277 εἰδώ-

210 2308 483 2377 inhaerent,
509 2311 576 2366 ad
603 2326 775 2368 sacrm
802 2312 1079 2383 religionis
1102 2312 1465 2383 cognitionem
1495 2310 1787 2382 promptis-
1892 2312 1988 2365 λων
2018 2312 2180 2383 πλανῇ
2208 2311 2284 2367 ἔτι
2312 2316 2399 2366 καὶ
2425 2320 2512 2367 νῦν
2543 2334 2613 2390 πρ

1892 2312 1988 2365 λων
2018 2312 2180 2383 πλανῇ
2208 2311 2284 2367 ἔτι
2312 2316 2399 2366 καὶ
2425 2320 2512 2367 νῦν
2543 2314 2950 2390 προανέχοντες,
2988 2315 3072 2368 ἐπὶ
3096 2317 3185 2372 τήν
3223 2322 3314 2375 τῆς
3352 2316 3496 2390 ἱερᾶς

206 2405 323 2459 sime
348 2405 659 2462 decurrant.
1888 2409 2155 2478 θρησκείας
2189 2408 2489 2481 ἐπίγνωσιν,
2528 2428 2615 2483 πρι

1888 2409 2155 2478 θρησκείας
2189 2408 2489 2481 ἐπίγνωσιν,
2528 2406 2891 2483 προθυμότατα
2926 2406 3232 2473 σποὺδοιεν,
3272 2405 3493 2473 Ἀλεξαν-

272 2498 425 2569 Rogat
462 2500 658 2569 suscipi
715 2500 1073 2555 Athanasium.
1104 2530 1172 2542 ——
1214 2500 1561 2570 Quapropter
1604 2497 1785 2553 denuo
1892 2497 2030 2575 δρεῖς
2060 2499 2509 2571 προσφιλέστατοι.

1892 2497 2030 2575 δρεῖς
2060 2499 2509 2571 προσφιλέστατοι.

207 2605 290 2644 vos
305 2590 674 2659 admonemus,
692 2602 749 2647 ut
776 2594 1146 2663 superioribus
1170 2593 1329 2648 dictis
1349 2591 1779 2662 acquiesceutes,
1959 2596 2048 2647 Καὶ
2076 2586 2215 2652 αὖθις
2248 2587 2335 2646 οὖν
2366 2598 2615 2669 παραινοῦ

1959 2596 2048 2647 Καὶ
2076 2586 2215 2652 αὖθις
2248 2587 2335 2646 οὖν
2366 2598 2747 2669 παραινοῦμεν,
2782 2600 2889 2651 τοῖς
2920 2593 3306 2667 προειρημένοις
3339 2594 3491 2664 ἐμμέ-

206 2687 490 2758 cpiscOpum
521 2688 783 2760 suffragio
803 2690 1025 2761 Optimi,
1048 2698 1104 2746 et
1130 2699 1318 2745 nostra
1349 2691 1648 2755 voluntate,
1679 2688 1783 2743 hue
1886 2708 2005 2749 νειν,
2040 2686 2127 2740 τὸν
2152 2682 2206 2739 δὲ
2236 2686 2529 2751 ἐπίσκοπον,
2546 2683 2615 2755 ψη

1886 2708 2005 2749 νειν,
2040 2686 2127 2740 τὸν
2152 2682 2206 2739 δέ
2236 2686 2529 2751 ἐπίσκοπον,
2546 2683 2695 2755 ψήφῳ
2717 2690 2810 2738 τοῦ
2832 2686 3241 2761 Κρείττονος,καὶ
3269 2686 3492 2760 ἡμετέρᾳ

206 2781 486 2848 remissum,
519 2782 755 2838 libenter
783 2785 1129 2854 suscipiatis,
1176 2799 1410 2854 eumque
1468 2785 1535 2838 ah
1586 2781 1781 2837 animis
1885 2782 2059 2852 γνώμῃ
2084 2777 2483 2847 ἀπεσταλμένον,
2518 2774 2615 2833 ἡδέι

1886 2782 2059 2852 γνώμῃ
2084 2777 2483 2847 ἀπεσταλμένον,
2518 2774 2675 2836 ήδέως
2698 2774 2924 2840 δέξασθε,
2948 2778 3121 2837 πάσης
3150 2777 3334 2848 ψυχῆς
3354 2780 3489 2849 7νώ-

206 2874 572 2945 sententiisque
618 2876 815 2931 vestris
844 2866 1273 2932 indissolubilem
1299 2876 1529 2947 putetis:
1554 2876 1605 2929 id
1637 2876 1778 2930 enim
1886 2896 1957 2948 μῃ
1979 2873 2249 2928 ἀσπαστὸν
2279 2872 2540 2944 ἡγήσασθε
2559 2886 2572 2899 ⁸
2606 2893 2615 2906 ι

1886 2896 1957 2948 μη
1979 2873 2249 2928 ἀσπαστὸν
2279 2872 2540 2944 ἡγήσασθε
2559 2886 2572 2899 ⁸
2606 2876 2759 2926 τοῦτο
2784 2872 2881 2948 ’γὰρ
2903 2874 2985 2924 καὶ
3013 2872 3130 2943 ὑμῖν
3155 2873 3341 2948 πρέπει
3358 2912 3371 2935 ,
3405 2873 3490 2925 καί

211 2979 292 3018 vos
319 2965 485 3034 decet,
516 2976 571 3023 et
630 2980 832 3024 nostra:
883 2972 1283 3027 mansuetudini
1339 2986 1634 3042 congruum
1673 2980 1807 3023 est“
1884 2975 1947 3043 τῇ
1979 2968 2202 3041 ἡμετέρᾳ
2230 2966 2487 3042 πρᾳότητι
2520 2985 2615 3040 πρε

1886 2975 1947 3043 τῇ
1979 2968 2202 3041 ἡμετέρα
2230 2966 2487 3042 πρᾳότητι
2520 2967 2793 3040 προσήκειν
2833 2966 3169 3021 συνέστηκεν
3212 2963 3343 3039 ὑπὲρ
3381 2965 3483 3036 γάρ

206 3056 274 3110 Ad
320 3073 524 3114 omnem
581 3060 855 3131 siquidem
911 3063 1342 3117 conturbationis
1397 3072 1451 3117 et
1496 3061 1779 3117 seditionis
1882 3066 1973 3115 τοῦ
2022 3066 2200 3115 πᾶσαν
2248 3060 2559 3123 άνασκεύην,
2609 3081 2615 3111 :

1886 3066 1973 3115 τοῦ
2022 3066 2200 3115 πᾶσαν
2248 3060 2559 3123 ἀνασκεὺην,
2609 3061 2695 3112 καί
2722 3059 2960 3119 στάσεως
2989 3059 3241 3131 πρόφασιν
3279 3078 3484 3133 περιαι⁴

207 3157 457 3211 materiam
479 3160 1023 3231 exstirpandam,qua
1045 3160 1224 3230 cupidi
1254 3160 1516 3213 malorum
1549 3158 1780 3213 libenter
1881 3159 2123 3231 ρεσθῆναι
2147 3162 2247 3210 τῶν
2274 3154 2559 3227 ἐθελοκακία
2587 3175 2615 3222 χ

1886 3159 2123 3231 ρεσθῆναι
2147 3162 2247 3210 τῶν
2274 3154 2559 3227 ἓθελοκακία
2587 3154 2889 3225 χρωμένων,
2917 3161 3024 3212 τοῖς
3044 3151 3163 3228 παρ’
3198 3153 3316 3223 ὑμῖν
3345 3150 3488 3207 δικα-

207 3258 419 3319 utuntur,
453 3254 655 3308 nostris
686 3254 828 3324 apud
855 3269 953 3309 vos
1009 3254 1279 3322 judicibus
1312 3268 1407 3322 per
1460 3253 1667 3307 litteras
1697 3250 1779 3306 in—
1886 3256 2034 3308 σταῖς
2078 3246 2161 3304 διὰ
2209 3248 2526 3320 γραμμάτων
2572 3268 2615 3317 π,

1886 3256 2034 3308 σταῖς
2078 3246 2161 3304 διὰ
2209 3248 2526 3320 γραμμάτων
2572 3246 2957 3318 προσετάξαμεν
3003 3244 3260 3308 ἅπαντας,
3307 3242 3398 3305 οὓς
3425 3239 3486 3298 ἀν

201 3339 473 3411 junximus,
505 3353 583 3411 ut,
616 3354 885 3417 quotquot
906 3345 1197 3402 seditiosos
1230 3344 1557 3410 invenerint,
1601 3343 1777 3414 poenis
1803 3338 1847 3400 C
1883 3344 2188 3406 στασιώδεις
2222 3343 2560 3416 καταμάθοιεν
2594 3364 2615 3396 τ

1886 3344 2188 3406 στασιώδεις
2222 3343 2560 3416 καταμάθοιεν
2594 3350 2656 3416 τῇ
2691 3348 2790 3395 τῶν
2824 3340 2985 3411 νόμων
3016 3339 3319 3395 ὑποϐάλλειν
3350 3336 3483 3393 ἐκδι-

204 3439 560 3510 suppliciisque
614 3441 791 3510 lcgum
839 3450 1146 3496 coerceant.
1204 3441 1394 3495 Omnia
1467 3438 1628 3509 igitur
1677 3438 1777 3492 ista
1880 3446 1993 3516 κίᾳ.
2043 3439 2524 3515 ἀμφότερα·τοίνυν
2578 3457 2615 3490 ση

1886 3446 1993 3516 κίοι.
2043 3440 2305 3515 ἀμφότερα
2334 3439 2524 3493 ’τοίνυν
2578 3441 2914 3511 συνορῶντες,
2966 3437 3050 3486 καὶ
3096 3438 3187 3491 τήν
3233 3434 3483 3508 ἡμετέραν

204 3543 296 3597 prie
324 3533 486 3587 oculis
538 3534 839 3601 habentes,
890 3544 945 3589 et
985 3545 1224 3589 nostram
1267 3549 1389 3589 cum
1433 3534 1637 3603 optimo
1667 3532 1779 3586 Deo
1884 3535 2012 3588 μετά
2036 3538 2128 3588 τοῦ
2160 3534 2447 3609 κρείττονος
2476 3530 2615 3601 σγνώμ

1886 3535 2012 3588 μετά
2036 3538 2128 3588 τοῦ
2160 3534 2447 3609 κρείττονος
2476 3530 2698 3601 γνώμην,
2731 3529 2935 3581 καὶτῶν
2954 3525 3085 3601 ὑπὲρ
3115 3526 3255 3596 ὑμῶν
3283 3529 3484 3585 καὶτῆς

204 3622 519 3691 conjunctam
550 3627 905 3695 sententiam,
941 3642 1234 3696 curamque
1274 3635 1508 3681 vestram
1538 3626 1693 3680 simul
1725 3635 1779 3681 et
1882 3627 2114 3698 ὁμονοίας
2144 3623 2320 3696 λόγον,
2366 3627 2448 3678 καί
2473 3628 2562 3681 τήν
2594 3645 2615 3675 κ

1886 3627 2114 3698 ὁμονοίας
2144 3623 2320 3696 λόγον,
2366 3627 2448 3678 καί
2473 3628 2562 3681 τήν
2594 3623 2725 3676 κατά
2745 3628 2845 3676 τῶν
2866 3618 3097 3675 ἀτάκτων
3127 3624 3391 3699 τιμωρίαν,
3418 3620 3484 3674 τὰ

204 3718 499 3783 concordim,
532 3735 861 3790 pmnamque
890 3722 940 3774 iu
998 3720 1353 3775 immodestos
1404 3721 1773 3786 constitutam,
1882 3724 2148 3799 πρέποντα
2170 3722 2255 3774 καί
2284 3716 2575 3793 ἁρμόζοντα
2594 3738 2615 3771 τ

1886 3724 2148 3799 πρέποντα
2170 3722 2255 3774 καί
2284 3716 2575 3793 ἁρμόζοντα
2594 3723 2667 3785 τῷ
2700 3723 2792 3774 τῆς
2822 3716 2961 3791 ἱερᾶς
2988 3715 3263 3790 θρησκείας
3309 3715 3480 3783 θεσμῷ

202 3820 410 3878 congrua
467 3812 829 3883 decentiaque
876 3828 1045 3868 sacrze
1088 3814 1363 3884 religionis
1413 3814 1621 3884 legibus
1652 3829 1769 3869 ser-
1882 3812 2333 3886 διαφυλάττοντες,
2376 3810 2571 3865 καὶτὸν
2606 3831 2615 3863 τ

1886 3812 2299 3886 διαφυλάττοντες
2320 3852 2333 3875 ,
2376 3812 2459 3865 καὶ
2485 3810 2571 3864 τὸν
2606 3808 2968 3882 προειρημένον
2994 3804 3077 3860 διὰ
3103 3807 3276 3865 πάσης
3304 3803 3482 3864 αἰδοῦς

203 3910 386 3965 νηηῑοε,
414 3905 727 3971 praedictum
760 3905 1117 3962 Athanasium
1159 3923 1279 3961 cum
1327 3908 1470 3963 omni
1514 3923 1773 3963 reveren—
1882 3910 1969 3962 καί
1992 3911 2143 3979 τίμης
2169 3902 2397 3979 ἄγοντες,
2428 3904 2523 3962 τάς
2550 3903 2615 3971 εὐ]

1886 3910 1969 3962 καὶ
1992 3911 2143 3979 τίμης
2169 3902 2397 3979 ἄγοντες,
2428 3904 2523 3962 τάς
2550 3903 2714 3971 εὐχὰς
2746 3899 2854 3971 ἅμα
2878 3901 3017 3971 αὐτῷ
3046 3900 3179 3974 ὑπέρ
3201 3918 3256 3952 τε
3285 3899 3481 3952 ἑαυτῶν

205 3994 262 4048 tia
289 4005 340 4051 et
381 3998 588 4056 honore
626 4001 809 4067 colite,
856 4011 1171 4075 vestrasque
1221 4018 1412 4073 preces
1460 4020 1581 4057 eum
1613 4018 1679 4058 eo
1722 4011 1776 4057 et
1880 4002 1965 4053 καὶ
1991 4005 2083 4057 τῆς
2103 4002 2193 4052 τοῦ
2226 3998 2341 4067 βίου
2370 3997 2613 4054 εὐνοίαςτ

1886 4002 1965 4053 καὶ
1991 4005 2083 4057 τῆς
2103 4002 2193 4052 τοῦ
2226 3998 2341 4067 βίου
2370 3997 2564 4054 εὐνοίας
2584 4000 2685 4047 τῶν
2705 3990 2831 4047 ὅλων
2855 3999 2965 4065 Θεῷ
2991 3994 3152 4066 πατρὶ
3171 3991 3480 4060 ἀναπέμπειν

205 4099 286 4154 pro
316 4101 486 4147 nostra
514 4102 569 4148 et
602 4109 700 4162 pro
724 4096 984 4165 cujusque
1014 4096 1140 4149 vitae
1189 4096 1477 4151 sanctitate
1505 4097 1613 4151 Deo
1654 4112 1773 4151 om-
1883 4091 2221 4158 σπουδάζετε.

1886 4091 2221 4158 σπουδάζετε.

206 4178 331 4235 nium
362 4187 569 4253 parenti
605 4184 815 4241 oﬂerte.

446 4270 453 4273 ⁷
1106 4306 1109 4309 ν
1209 4279 1541 4338 EPISTOLA
1581 4276 1889 4339 EJUSDEM
1929 4282 2019 4337 AD
2056 4277 2477 4337 NESTORIUM.

206 4404 363 4464 Victor
418 4410 763 4468 Constantius
819 4415 1088 4484 Augustus
1141 4413 1418 4482 Nestorio,
1484 4424 1538 4470 et
1585 4415 1774 4470 eadem
1806 4376 2099 4473 ΒΝικητῆς
2125 4405 2615 4482 Κωνστάντιοςᾊῦγ

1886 4417 2099 4473 Νικητής
2125 4414 2469 4469 Κωνστάντιος
2489 4405 2797 4482 Ἀὔγουστος
2825 4408 3100 4483 Νεστορίῳ,
3141 4412 3216 4480 τῷ
3248 4404 3302 4461 δὲ
3338 4407 3483 4461 αὐτῶ

264 4502 419 4562 forma
473 4509 940 4578 Augustainnicze,
970 4507 1261 4564 Thebaidis
1284 4550 1297 4574 ,
1328 4520 1381 4565 et
1408 4509 1599 4565 Africa:
1639 4525 1777 4580 prae-
1951 4507 2101 4576 τύπῳ
2128 4507 2212 4559 καὶ
2239 4511 2346 4562 τοῖς
2402 4504 2449 4556 ἐν
2480 4499 2615 4572 Ἀνγε

1951 4507 2101 4576 τύπῳ
2128 4507 2212 4559 καὶ
2239 4511 2346 4562 τοῖς
2402 4504 2449 4556 ἐν
2480 4499 2938 4574 Ἀυγουσταμνίκῃ,
2962 4502 3045 4555 καὶ
3105 4496 3344 4566 Θηϐαΐδι,
3398 4501 3483 4554 καὶ

264 4594 422 4655 fectis.
1951 4601 2115 4673 Λιϐύῃ
2146 4598 2408 4672 ἡγεμόσιν.

1951 4601 2115 4673 Λιϐύῃ
2146 4598 2408 4672 ἡγεμόσιν.

264 4692 312 4747 Si
340 4696 459 4764 quid
486 4713 721 4767 unquam
752 4699 817 4754 ad
838 4714 1032 4754 noxam
1052 4700 1506 4755 eontumeliamve
1558 4713 1770 4764 eorum,
1950 4691 2013 4748 Εἴ
2034 4694 2085 4748 τί
2137 4713 2261 4747 ποτε
2321 4692 2422 4769 πρὸ
2472 4692 2615 4748 τούτι

1950 4691 2013 4748 Εἴ
2034 4694 2085 4748 τί
2137 4713 2261 4747 ποτε
2321 4692 2422 4769 πρὸ
2472 4692 2680 4756 τούτου,
2737 4693 2822 4746 ἐπὶ
2868 4691 3033 4765 βλάϐῃ
3075 4693 3158 4746 καὶ
3199 4691 3347 4768 ὕϐρει
3381 4698 3482 4745 τῶν

206 4787 281 4852 qui
310 4788 597 4845 Athanasio
628 4794 1096 4847 eommunicarunt
1123 4835 1136 4858 ,
1171 4792 1447 4849 decretum
1476 4792 1769 4860 invenitur,
1880 4788 2249 4842 κοινωνούντων
2271 4783 2543 4856 Ἀθανασίῳ
2570 4795 2615 4841 τε

1886 4788 2249 4842 κοινωνούντων
2271 4783 2543 4856 Ἀθανασίῳ
2570 4793 2642 4857 τῷ
2676 4784 2944 4855 ἐπισκόπῳ
2975 4785 3213 4860 πραχθὲν
3252 4785 3480 4857 εὑρίσκε-

209 4875 252 4930 id
297 4883 505 4938 omnino
552 4884 722 4940 deleri
773 4886 1043 4940 volumus.
1079 4885 1211 4939 Nam
1250 4893 1306 4941 et
1345 4884 1580 4940 officium
1633 4886 1772 4954 quod
1880 4902 1986 4942 ται,
2038 4884 2188 4934 τοῦτο
2235 4886 2324 4933 νῦν
2352 4878 2615 4951 ἀπολειφθὶ

1886 4902 1986 4942 ται,
2038 4884 2188 4934 τοῦτο
2235 4886 2324 4933 νῦν
2352 4878 2707 4951 ἀπολειφθῆναι
2754 4878 3076 4949 βουλόμεθα,
3126 4880 3210 4931 καὶ
3260 4878 3358 4949 γὰρ
3396 4880 3487 4934 τήν

209 4981 342 5027 antea
372 4975 673 5033 habuerunt
701 4978 820 5048 ejus
850 4978 1057 5043 clerici,
1089 4980 1283 5034 iterum
1323 4978 1540 5033 eosdem
1576 4978 1777 5034 habere
1883 4971 2304 5047 ἁλειτουργησίαν
2339 4971 2398 5029 ἣν
2444 4970 2490 5023 οἱ
2544 4972 2615 5023 αὐ⁴

1886 4971 2304 5047 ἀλειτουργησίαν
2339 4971 2398 5029 ἣν
2444 4970 2490 5023 οί
2544 4972 2701 5024 αὐτοῦ
2733 4970 2956 5046 κληρικοί
2998 4964 3172 5040 εἶχον,
3205 4972 3294 5025 τήν
3328 4967 3483 5025 αὐτήν

210 5064 449 5123 volumus.
486 5070 598 5125 Hoc
654 5073 798 5126 enim
853 5073 1131 5127 decretum
1185 5072 1461 5127 observari
1499 5071 1771 5140 jubemus,
1882 5063 2031 5119 πάλιν
2058 5063 2259 5134 θέλομεν
2287 5060 2463 5133 ἔχειν·
2488 5063 2615 5116 ταὺτ

1886 5063 2031 5119 πάλιν
2058 5063 2259 5134 θέλομεν
2287 5060 2429 5133 ἔχειν
2451 5078 2463 5091 ·
2488 5063 2680 5119 ταύτην
2710 5059 2765 5115 δέ
2788 5066 2878 5118 τήν
2917 5061 3166 5132 ἡμετέραν
3200 5057 3480 5133 πρόσταξιν

211 5164 259 5208 ut
284 5160 518 5215 restituto
538 5162 835 5218 Athanasio
857 5179 967 5218 suae
995 5164 1262 5229 ecclesiae,
1289 5165 1777 5219 communicatores
1883 5155 2205 5226 φυλαχθῆναι
2259 5154 2573 5226 βουλόμεθα.

1886 5155 2205 5226 φυλαχθῆναι
2259 5154 2573 5226 βουλόμεθα,
2622 5154 2756 5208 ὥστε
2807 5150 3137 5211 ἀποδοθέντος
3184 5149 3483 5205 Ἀθανασίου

212 5244 335 5304 illius
363 5252 498 5308 idem
530 5255 764 5311 habeant
786 5255 1021 5311 ofﬁcium
1046 5256 1187 5326 quod
1213 5265 1367 5311 antea
1396 5258 1773 5326 possederunt,
1884 5253 1973 5301 τοῦ
2026 5248 2310 5303 ἐπισκόπου
2350 5255 2413 5322 τῇ
2457 5247 2615 5303 ἐκκληε

1886 5253 1973 5301 τοῦ
2026 5248 2310 5303 ἐπισκόπου
2457 5247 2723 5321 ἐκκλησίᾳ,
2771 5248 2893 5305 τοὺς
2931 5248 3293 5303 κοινωνοῦντας
3344 5244 3485 5314 αὐτῷ

212 5353 302 5407 quo
322 5354 372 5399 et
401 5346 496 5416 ipsi
529 5362 588 5405 se
615 5349 887 5419 gaudeant
913 5363 1135 5419 prorsus
1164 5348 1448 5404 restitutos
1498 5365 1639 5405 esse.
1760 5392 1761 5395 η
1885 5339 2029 5411 ἔχειν
2049 5341 2472 5417 ἀλειτουργησίαν
2506 5339 2565 5398 ἣν
2599 5342 2615 5393 ὲ

1886 5339 2029 5411 ἔχειν
2049 5341 2472 5417 ἀλειτουργησίαν
2506 5339 2565 5398 ἣν
2599 5342 2677 5393 ἀεὶ
2694 5336 2876 5409 ἔσχον,
2913 5338 2971 5395 ἢν
2998 5339 3079 5391 καί
3107 5336 3153 5390 οἱ
3178 5337 3344 5390 λοιποί
3368 5334 3484 5394 κλη-

1886 5435 2020 5508 ρικοί
2038 5430 2285 5505 ἔχουσιν,
2313 5434 2397 5487 ἶνα
2426 5432 2591 5492 οὕτως
2612 5428 2827 5502 ἔχοντες
2847 5433 2931 5485 καί
2960 5431 3106 5485 αὐτοὶ
3132 5432 3408 5504 χαίρωσιν.

1001 5537 1335 5595 EPISTOLA
1374 5538 1656 5607 QUARTA
1700 5541 2012 5604 EJUSDEM
2060 5548 2153 5603 AD
2192 5547 2667 5604 ATHANASIUM.

275 5649 444 5708 Victor
464 5652 811 5711 Constantius
842 5654 1113 5726 Augustus
1159 5654 1454 5709 Athanasio
1486 5657 1735 5713 salutem.
2044 5668 2259 5725 Νικητής
2291 5665 2615 5719 κωνστάντιοι

2044 5668 2259 5725 Νικητής
2291 5665 2637 5723 κωνστάντιος
2664 5659 2983 5734 Αὔγουστος,
3006 5660 3314 5732 Ἀθανασίῳ.

275 5741 454 5801 Votum
489 5764 664 5804 meum
698 5750 862 5805 fuisse
918 5760 974 5804 ut
1028 5750 1206 5804 omnia
1240 5764 1303 5803 ex
1334 5751 1595 5805 sententia
1629 5751 1776 5806 fratri
1955 5758 2127 5827 Εὐχήν
2163 5760 2242 5811 ἀεί
2262 5780 2351 5829 μοι
2379 5760 2615 5829 ταύτηνῖ

1955 5758 2127 5827 Εὐχήν
2163 5760 2242 5811 ἀεί
2262 5780 2351 5829 μοι
2379 5760 2573 5815 ταύτην
2597 5758 2927 5830 γεγενῆσθαι,
2957 5757 3088 5812 ὥστε
3120 5758 3286 5812 πάντα
3318 5776 3481 5811 κατα-

228 5840 332 5889 tnco
360 5838 627 5897 Constanti
659 5841 1046 5913 procederent,
1107 5855 1281 5910 neque
1330 5841 1415 5895 vel
1459 5850 1601 5897 tuam
1648 5857 1778 5899 con-
1885 5846 2078 5916 θυμίως
2110 5848 2398 5909 ἀποϐαίνειν
2445 5856 2518 5921 τῷ
2548 5869 2613 5905 πο

1886 5846 2078 5916 θυμέως
2110 5848 2398 5909 ἀποϐαίνειν
2445 5856 2518 5921 τῷ
2548 5849 2671 5905 ποτέ
2700 5869 2799 5919 μου
2820 5845 3014 5922 ἀδελφῷ
3039 5849 3347 5914 κῲνσταντι,
3373 5845 3482 5900 οὐδὲ
