3950 6350
506 321 612 378 565

998 269 1004 274 Ι
1038 313 1462 372 ΜΟΝυΜΕΝΤΛ
1502 313 1785 370 VETERA
1822 314 1916 368 AD
1953 311 2102 368 ARIA

2210 310 2256 367 ’Β
2266 310 2360 368 UM
2401 307 2792 368 DOCTRINAM
2827 306 3302 368 PEBTINENTIA.
3660 319 3740 378 564

506 435 792 491 scientiam
845 433 994 488 latet.
1026 431 1082 485 In
1132 437 1332 501 quanto
1372 437 1553 484 autem
1603 442 1838 484 mterore
1880 427 2102 494 fuerim,

2215 433 2306 488 τήν
2352 434 2447 489 σήν
2490 431 2699 484 σύνεσιν
2740 426 2948 490 ἔλαθεν,
2992 430 3042 482 ἐν
3073 426 3167 501 ὅσῃ
3191 449 3243 484 τε
3269 429 3401 506 λύπῃ
3428 429 3642 503 διετέθην,
3667 460 3741 507 μα.

508 544 634 586 cum
692 527 1000 583 didicissem
1042 539 1164 580 eum
1203 539 1234 578 ιι
1261 522 1582 594 quibusdam
1611 522 1792 592 impiis
1835 521 2106 578 sublatum

510 638 654 690 esse,
690 622 845 676 facile
871 621 1068 674 iterum
1101 629 1188 673 tua
1231 617 1518 688 prudentia
1549 617 1890 672 divinnverit.
1935 615 2108 672 Caste-

505 731 628 773 rum
659 715 784 786 quia
815 713 1058 770 nonnulli
1087 722 1213 770 sunt
1236 714 1286 768 in
1321 711 1422 768 hoc
1443 713 1696 768 luctuoso
1726 724 1990 782 tempore,
2016 714 2102 779 qui

504 815 562 864 te
592 816 800 862 terrere
829 813 1102 876 satagunt,
1135 805 1259 859 ideo
1281 804 1382 858 has
1415 804 1624 859 litteras
1655 815 1758 859 tua:
1789 802 2101 860 lirtnitudiui

504 902 861 972 porrigendas
891 899 1232 964 eertsuimus,
1263 898 1461 968 quibus
1488 897 1583 952 tibi
1614 907 1806 953 auctor
1846 913 1987 964 sum,
2019 906 2100 965 ut,

503 993 960 1065 quemadmodum
991 995 1306 1062 episcopum
1337 991 1516 1056 decet,
1543 1005 1604 1045 ea
1629 1007 1749 1061 quas
1779 991 1846 1046 ad
1891 1006 2100 1046 sacram

503 1085 824 1155 religionem
854 1085 1149 1156 pertinent,
1183 1083 1413 1155 populos
1443 1081 1661 1148 doceas,
1714 1084 1928 1153 tuisque
1971 1098 2098 1139 cou-

506 1181 678 1236 suetis
710 1181 963 1249 precibus
985 1194 1172 1245 vaces,
1197 1192 1374 1248 neque
1399 1191 1596 1232 vanum
1623 1193 1893 1233 rumorem
1927 1178 2102 1234 feren-

504 1275 650 1330 tibus
681 1276 906 1342 credas,
938 1278 1267 1346 quicumque
1316 1274 1482 1328 etiam
1537 1271 1754 1329 fuerint.
1805 1273 1862 1328 In
1916 1282 2101 1329 nostro

503 1378 684 1424 autem
713 1371 897 1424 animo
923 1369 1086 1424 fixum
1109 1378 1223 1435 est,
1275 1379 1331 1424 ut
1361 1371 1660 1427 secundum
1721 1377 1960 1422 nostram
2009 1381 2103 1422 vo-

503 1462 766 1522 luntatem
798 1468 1058 1533 perpetuo
1085 1464 1137 1517 in
1165 1463 1294 1520 sede
1324 1472 1410 1520 tua
1429 1466 1718 1537 episcopus
1742 1477 1980 1518 maneas.
2016 1463 2107 1518 Di-

500 1557 626 1613 vina
652 1558 994 1628 providentia
1024 1566 1077 1614 te
1111 1557 1356 1629 plurimis
1386 1559 1546 1615 annis
1568 1568 1875 1626 conservet,
1909 1571 2106 1629 parens

497 1651 838 1708 eharissime.

2213 523 2310 576 θών
2339 528 2521 578 τοῦτον
2561 522 2870 597 ἀνῃρηθῆναι
2913 523 3059 596 παρά
3095 542 3243 578 τινων
3269 524 3622 592 ἀνοσιωτάτων,
3646 552 3742 588 στο-

2215 617 2473 687 χάζεσθαι
2501 616 2649 672 πάλιν
2679 614 2888 671 δύναται
2933 617 2963 674 ἡ
2993 621 3060 675 σή
3087 617 3355 691 φρόνησις.
3402 621 3502 676 ἐπεὶ
3535 617 3611 676 οὖν
3642 629 3742 687 τινές

2213 710 2340 764 εἰσιν
2375 708 2422 764 οἱ
2461 711 2513 764 ἑν
2553 717 2627 782 τῷ
2667 708 2883 783 παρόντι
2929 716 3106 786 καιρῷ,
3136 717 3208 784 τῷ
3245 711 3405 774 οὕτως
3430 715 3636 785 πενθικῷ,
3658 739 3743 774 πει-

2211 807 2432 881 ρώμενοί
2477 824 2536 858 σε
2588 803 2836 875 ἐκφοϐεῖν,
2884 801 2968 859 διὰ
3005 811 3154 859 τοῦτο
3205 811 3368 862 ταῦτα
3409 810 3530 884 πρὸς
3567 815 3643 868 τήν
3673 817 3742 872 σήν

2215 899 2553 973 στερῥότητα,
2581 896 2782 957 δοθῆναι
2810 899 2876 952 τά
2895 899 3180 972 γράμματα
3209 896 3484 964 ἐδικαίωσα,
3510 902 3744 978 προτρεπό-

2211 993 2358 1066 μενός
2398 1013 2490 1055 σε,
2542 993 2652 1054 ἵνα.
2703 994 2771 1053 ὡς
2814 993 3002 1066 πρέπει
3054 994 3356 1060 ἐπίσκοπον,
3403 998 3518 1056 τοὺς
3555 997 3678 1058 λαούς
3699 1000 3746 1054 τά

2210 1088 2501 1162 ὀφειλόμενα
2546 1096 2609 1163 τῇ
2638 1088 2748 1162 θείᾳ
2791 1089 3033 1163 θρησκείᾳ
3075 1085 3347 1161 διδάσκῃς,
3387 1092 3467 1144 καί
3500 1090 3596 1162 μετ’
3621 1093 3747 1148 αὐτῶν

2211 1184 2442 1243 συνήθως
2485 1183 2669 1253 εὐχαῖς
2703 1181 3004 1256 σχολάζῃς,
3052 1185 3136 1238 καί
3177 1189 3246 1253 μὴ
3292 1185 3516 1254 ματαίοις
3539 1185 3746 1260 apsum

2211 1279 2257 1332 οἵ
2282 1297 2412 1337 τινες
2441 1270 2500 1330 ἀν
2530 1278 2775 1348 γίνοιντο,
2805 1277 3095 1350 πιστεύσῃς
3113 1315 3128 1341 ,
3148 1278 3266 1349 ἡμῖν
3313 1278 3412 1352 γάρ
3449 1282 3587 1332 τοῦτο
3611 1279 3652 1332 ἄν
3672 1277 3748 1349 ψυ-

2211 1379 2288 1447 χῇ
2315 1372 2566 1442 πέπηγεν,
2596 1371 2727 1426 ὥστε
2757 1390 2816 1425 σε
2847 1369 3132 1430 ἀκολούθως
3155 1377 3218 1444 τῇ
3245 1369 3460 1445 ἡμετέρᾳ
3485 1372 3744 1446 προαιρέσει,

2209 1463 2292 1521 διὰ
2312 1465 2504 1525 πάντος
2534 1465 2584 1518 ἕν
2602 1471 2676 1538 τῷ
2707 1465 2849 1536 τόπῳ
2877 1484 2971 1518 σου
2994 1462 3148 1518 θέλειν
3175 1463 3445 1520 ἐπίσκοπον
3470 1457 3596 1520 εἶναι·
3611 1470 3614 1473 ’
3631 1465 3749 1522 ἠθείιι

2209 1555 2428 1635 πρόνοια
2478 1559 2681 1620 πολλοῖς
2723 1556 2863 1614 ἔτεσί
2908 1578 2966 1613 σε
3017 1555 3312 1634 διατηροίη,
3351 1563 3491 1630 γονεῦ
3529 1557 3748 1633 ενροιΐγιλί⁴

2211 1673 2390 1710 στατε.

1810 1758 1947 1800 anno
1976 1759 2158 1801 DOIINI
2190 1747 2494 1802 cccxxxvit.

939 1836 1283 1897 EPISTOLA
1327 1836 1800 1896 IMPERATORIS
1835 1837 2294 1895 CONSTANTINI
2329 1837 2642 1896 JUNIORIS
2679 1837 2773 1894 AD
2811 1835 3371 1894 ALEXANDRINOS.

501 1935 896 1994 Constantinus
905 1935 1088 1993 (Σιριοπ-
1099 1936 1301 2006 populo
1317 1934 1599 1990 catholica:
1615 1933 1861 1991 ecclesia:
1883 1934 2102 1991 Alexan-

2221 1946 2592 1999 Κωνσταντῐνος
2635 1945 2836 2014 Καῖσαρ
2878 1945 2953 2012 τῷ
2990 1938 3098 2012 λαῷ
3134 1944 3228 1999 τῆς
3257 1936 3508 2000 καθολικιτκ
3538 1938 3754 2002 inlusis:

1079 2031 1250 2097 drjnae
1280 2029 1530 2085 salutem.

575 2125 758 2199 Neque
801 2131 1038 2182 vestram
1087 2139 1296 2181 sacram
1344 2133 1581 2180 mentem
1628 2124 1796 2178 latere
1839 2121 2108 2189 arbitror,

501 2219 628 2275 ideo
682 2219 1038 2276 Athanasium
1108 2216 1400 2272 adorandae
1445 2216 1581 2287 legis
1634 2215 1985 2284 interpretem
2055 2212 2109 2267 itt

501 2313 704 2371 Gallias
732 2315 954 2370 missum
985 2328 1125 2378 esse,
1158 2325 1228 2367 ne
1257 2325 1364 2382 quo
1395 2318 1640 2380 tempore
1662 2308 2110 2378 sanguinolento-

501 2398 631 2462 rum‘
653 2407 886 2462 hostium
937 2405 1122 2462 feritas
1145 2417 1301 2458 sacro
1328 2403 1447 2472 ejus
1471 2402 1634 2472 capiti
1675 2415 1834 2470 quam
1875 2399 2110 2454 maxime

501 2501 839 2563 immineret,
887 2499 1286 2569 implicitusque
1343 2497 1610 2551 malorum
1664 2492 1980 2559 eotlimitio,
2010 2491 2105 2548 ali-

499 2596 628 2666 quid
660 2594 1090 2660 intolerandum,
1127 2599 1182 2647 et
1220 2592 1306 2648 cui
1343 2589 1641 2646 remedium
1685 2589 1890 2642 nullum
1919 2595 2104 2653 esset,

498 2699 796 2760 pateretur.
845 2687 924 2742 Ad
969 2691 1109 2742 hanc
1153 2687 1314 2756 igitur
1351 2683 1617 2738 feritatem
1643 2683 2000 2746 eludendam,
2031 2688 2109 2736 tot

498 2780 746 2837 faucibus
773 2779 1095 2836 inhiantium
1119 2779 1443 2842 subtractus,
1471 2787 1528 2830 ut
1551 2778 1652 2831 sub
1673 2791 1760 2831 me
1785 2786 1968 2846 ageret
1991 2774 2109 2846 jus-

501 2886 595 2928 sus
619 2885 724 2928 est.
756 2875 934 2944 Atque
967 2873 1038 2926 ita
1087 2871 1140 2925 in
1185 2870 1284 2924 hac
1315 2869 1448 2924 urbe
1481 2875 1848 2923 commoratus
1893 2875 1976 2920 est
2003 2907 2017 2933 ,
2051 2874 2110 2920 ut

500 2965 750 3019 omnibus
795 2965 958 3020 rebus
1006 2963 1331 3020 necessariis
1379 2959 1950 3027 abundaret,tametsi
1989 2957 2108 3027 ejus

500 3057 799 3114 reverenda
823 3059 1024 3120 virtus,
1057 3056 1240 3110 divina
1286 3069 1389 3125 ope
1420 3053 1589 3109 fretus
1617 3093 1629 3119 ,
1653 3068 1816 3107 onera
1864 3052 2108 3122 asperio-

499 3151 576 3206 ris
605 3150 833 3206 fortunzn
857 3149 1233 3222 vilipendcret.
1261 3147 1379 3203 Jatn
1403 3162 1524 3201 cum
1549 3145 1814 3216 imprimis
1837 3155 2029 3199 vestra:
2053 3143 2106 3199 in

500 3242 671 3300 Deum
703 3245 888 3317 pietati
919 3287 932 3309 ,
957 3246 1175 3315 suisque
1203 3243 1422 3299 sedibus
1466 3241 1609 3296 hunc
1652 3243 1964 3311 episc0pum
2003 3238 2104 3293 do-

2703 2030 2900 2091 πόλεως
2919 2027 3324 2107 Ἀλεξανδρείας.

2286 2120 2418 2177 Οὐδὲ
2463 2126 2554 2182 τὴν
2581 2132 2674 2184 τῆς
2717 2123 2970 2200 ὑμετέρας
3004 2124 3148 2200 ιερᾶς
3185 2126 3376 2185 ἐννοίας
3419 2126 3754 2198 ἀποπεφευγέναι

2214 2222 2400 2284 γνῶσιν
2428 2209 2570 2288 οἶμαι
2588 2255 2602 2278 ,
2630 2213 2714 2270 διά
2734 2222 2889 2271 τοῦτο
2919 2215 3211 2272 ’Δθανάσιον
3233 2219 3324 2272 τὸν
3349 2224 3438 2273 τοῦ
3463 2223 3752 2290 προσκυνοτώ

2213 2306 2370 2380 νόμου
2402 2308 2666 2382 ὑποφήτην
2691 2309 2821 2384 πρὸς
2851 2309 3025 2384 καιρὸν
3043 2311 3115 2370 είς
3137 2310 3230 2370 τάς
3244 2309 3452 2370 Γαλλίας
3478 2310 3753 2376 ἀπεστάλθαι,

2215 2399 2280 2454 ἶν’
2305 2398 2478 2458 ἐπειδὴ
2508 2401 2538 2457 ἡ
2568 2395 2809 2475 ἀγριότης
2835 2407 2934 2454 τῶν
2965 2401 3254 2478 αἱμοϐὀρων
3281 2404 3435 2459 αὐτοῦ
3455 2407 3534 2460 καὶ
3559 2404 3756 2474 πολεμίων

2220 2492 2421 2568 ἐχθρῶν
2447 2493 2518 2551 εἰς
2548 2489 2772 2546 κίνδυνον
2797 2500 2888 2552 τῆς
2932 2493 3074 2567 ἱερᾶς
3125 2495 3288 2550 αὐτοῦ
3326 2495 3526 2568 κεφαλῆς
3562 2496 3754 2567 ἐπέμεινε,

2216 2594 2288 2659 μή
2310 2584 2414 2664 ἄρα
2444 2584 2528 2641 διὰ
2557 2594 2648 2646 τῆς
2678 2592 2779 2642 τῶν
2809 2585 3008 2659 φαύλων
3043 2585 3361 2662 διαστροφῆς
3393 2591 3624 2650 ἀνήκεστα
3659 2590 3756 2645 ύπο·

2218 2690 2336 2757 στῇ³
2386 2682 2514 2759 πρὸς
2549 2681 2609 2735 τὸ
2651 2678 2924 2746 διαπαῐξαι
2960 2683 3127 2737 τοίνυν
3172 2685 3372 2743 ταύτην
3408 2687 3658 2760 ἀφαιρεθεὶς
3680 2690 3754 2736 τῶν

2214 2775 2487 2850 φαρύγγων
2509 2780 2610 2826 τῶν
2637 2774 2957 2844 ἐπικειμένων
2992 2776 3134 2845 αύτῷ
3174 2773 3404 2852 ἀνδρῶν,
3434 2775 3518 2831 ὐπ’
3559 2773 3755 2848 ίμοίδιίι·

2218 2887 2324 2941 γειν
2347 2865 2685 2921 κεκέλευσται·
2722 2865 2890 2925 οὕτως
2921 2868 2988 2926 ὡς
3019 2867 3066 2922 ἐν
3085 2867 3254 2941 ταύτῃ
3284 2875 3349 2942 τῇ
3390 2864 3522 2922 πόλει
3552 2869 3598 2922 ἓν
3627 2863 3651 2940 ᾖ
3679 2864 3756 2920 δίι-

2213 2959 2392 3035 τριϐε,
2423 2962 2557 3012 πᾶσι
2601 2965 2708 3018 τοῖς
2756 2959 3052 3031 ἀναγκαίοις
3103 2959 3476 3031 ἐμπλεονάζειν,
3526 2961 3563 3014 εἰ
3605 2961 3672 3014 καὶ
3709 2957 3757 3012 τὰ

2215 3054 2438 3125 μάλιστα
2463 3054 2617 3108 αὐτοῦ
2649 3054 2679 3111 ἡ
2706 3054 2946 3124 ἀοίδιμος
2974 3053 3131 3127 ἀρετὴ
3176 3061 3303 3116 ταῖς
3344 3055 3494 3116 θείαις
3535 3053 3758 3110 πεποιθυῖα

2214 3147 2463 3217 βοηθείαις
2490 3186 2504 3210 ,
2536 3149 2616 3201 καί
2640 3150 2707 3202 τά
2736 3155 2828 3206 τῆς
2857 3149 3200 3223 τραχυτέρας
3229 3150 3408 3221 τύχης
3437 3145 3567 3218 ἄχθη
3603 3147 3756 3211 ἐξουθε-

2210 3247 2304 3294 νεῖ.
2329 3247 2602 3314 τοιγαροῦν
2634 3241 2676 3294 εί
2705 3243 2786 3294 γαί
2827 3241 2896 3299 τὰ
2915 3241 3142 3309 μάλιστα
3166 3241 3303 3316 πρὸς
3328 3246 3417 3300 τὴν
3439 3238 3755 3316 προσφιλεστά-

500 3340 682 3398 minus
706 3347 890 3394 noster
921 3349 973 3394 et
1006 3347 1156 3409 pater
1183 3337 1570 3392 Constantinus
1596 3343 1888 3390 restituere
1917 3334 2102 3404 vellet,

2212 3353 2302 3390 την
2333 3333 2475 3403 ὑμῶν
2506 3332 2798 3387 θεοσέϐειαν
2821 3373 2834 3397 ,
2879 3331 2904 3386 ὁ
2935 3330 3193 3395 δεσπότης
3219 3335 3363 3404 ἡμῶν
3388 3327 3755 3390 Κωνσταντῐνοςὸ

502 3441 555 3486 et
579 3431 811 3486 humana
834 3441 980 3487 sorte
1003 3440 1311 3502 praeventus
1329 3473 1344 3493 ,
1367 3438 1655 3498 antequam
1682 3428 1782 3482 ltoc
1804 3439 1986 3482 votum
2011 3427 2109 3482 im-

497 3525 696 3598 pleret,
730 3527 1091 3595 requieverit;
1116 3539 1217 3596 ego
1241 3524 1369 3579 mihi
1398 3523 1688 3578 convenire
1718 3529 1870 3592 pttto,
1894 3533 1968 3584 ut.
1993 3537 2112 3577 sus-

503 3625 660 3686 cepta
691 3618 965 3672 voluntate
996 3631 1166 3672 sacra:
1197 3616 1476 3671 memoria:
1517 3615 1860 3684 imperatoris
1888 3655 1903 3680 ,
1932 3613 1983 3668 id
2033 3616 2112 3684 ip-

501 3723 621 3763 sum
673 3709 997 3777 adlmpleam
1042 3707 1187 3777 quod
1233 3708 1324 3762 ille
1373 3721 1478 3761 non
1532 3707 1717 3776 potuit.
1777 3705 1910 3760 Cum
1953 3705 2114 3775 igitur

499 3800 833 3856 Athanasius
884 3802 948 3855 ad
1007 3812 1242 3856 vestrum
1291 3809 1641 3870 conspectum
1701 3802 2104 3870 penetraverit,

501 3903 631 3950 tunc
651 3896 867 3951 demum
901 3895 1211 3964 intelligetis
1237 3903 1452 3966 quantte
1476 3894 1616 3963 apud
1656 3910 1754 3949 nos
1787 3896 2104 3950 reverentiae

499 3988 686 4044 merit.
717 3988 899 4059 Neque
944 3989 993 4042 id
1041 3988 1234 4043 mirum
1257 3986 1427 4042 videri
1461 3986 1661 4054 debet,
1692 3987 1736 4041 si
1765 3987 1890 4057 quid
1921 3985 2105 4056 hujus-

500 4081 646 4136 modi
678 4082 730 4136 in
754 4082 870 4152 ejus
894 4083 1122 4153 gratiam
1147 4081 1391 4156 fecerim;
1415 4081 1482 4134 ad
1507 4082 1608 4135 hoc
1633 4081 1774 4134 enim
1799 4080 2100 4136 faciendum

499 4190 677 4231 meam
727 4187 960 4232 mentem
999 4187 1054 4231 et
1083 4179 1247 4232 vestri
1276 4175 1528 4231 desiderii
1573 4177 1779 4246 imago,
1806 4183 1864 4230 et
1893 4177 2104 4246 Species

501 4273 633 4325 tanti
663 4269 762 4324 viri
815 4271 1106 4341 instigavit.
1161 4269 1346 4324 Divina
1391 4267 1726 4340 providentia
1755 4283 1853 4324 vos
1891 4277 2100 4337 servet,

501 4362 687 4422 dilecti
709 4364 928 4424 fratres.
963 4366 1155 4424 Datum
1185 4364 1438 4422 Treveris
1468 4380 1537 4421 xv
1566 4363 1818 4426 calendas
1838 4363 2029 4421 Julias.

1007 4603 1144 4646 anno
1171 4587 1356 4645 DOMlNl
1387 4601 1632 4643 cccxux.

1110 4683 1127 4713 ¹
1140 4677 1480 4736 EI’ISTOLA

582 4773 856 4833 URSACII
888 4775 978 4831 ET
1013 4771 1361 4830 VALENTIS
1409 4771 1502 4826 AD
1545 4768 2018 4827 ATHANASIUM.
2067 4791 2082 4800 δ

502 4872 734 4928 Domino
763 4881 817 4926 et
839 4867 992 4925 fratri
1023 4865 1320 4923 Athanasio
1347 4866 1605 4936 episcopo
1631 4865 1884 4922 Ursacius
1909 4874 1965 4920 et
1993 4865 2099 4921 Va-

968 4960 1085 5017 lens
1111 4957 1350 5029 episcopi
1380 4958 1630 5012 salutem.

571 5053 726 5110 Nacti
753 5053 1092 5109 occasionem
1126 5065 1221 5120 per
1249 5049 1473 5105 fratrem
1513 5060 1568 5104 et
1593 5049 2098 5121 compresbytcrum

499 5157 747 5205 nostrum
777 5147 1016 5202 Museum
1046 5145 1184 5200 istuc
1213 5144 1278 5198 ad
1311 5157 1452 5198 tuam
1474 5142 1820 5198 dilectionem
1851 5153 2096 5212 euntem,

499 5240 667 5298 chare
699 5241 1020 5310 frater,ejus
1046 5249 1210 5310 opera
1241 5235 1530 5291 admodum
1564 5246 1614 5291 te
1636 5251 1701 5290 ex
1730 5235 1975 5306 Aquileia
2004 5252 2094 5293 sa-

498 5333 729 5388 lutatum
774 5334 1080 5400 voluimus,
1113 5340 1471 5404 optamusque
1521 5339 1573 5385 te
1621 5331 1828 5384 salvum
1881 5340 2098 5385 nostras

499 5426 756 5497 epistolas
782 5426 1060 5497 perlegere
1085 5439 1098 5478 :
1131 5425 1287 5493 cujus
1317 5423 1392 5477 rei
1419 5419 1668 5476 ﬁduciam
1697 5421 1849 5478 nobis
1876 5419 2101 5478 daturus

499 5535 591 5584 es,
624 5520 668 5573 si
700 5528 754 5572 tu
784 5533 998 5589 quoque
1024 5517 1077 5571 in
1107 5516 1400 5572 scribendo
1424 5515 1570 5570 vices
1590 5514 1919 5574 observaris.
1949 5515 2104 5574 Scire

500 5610 644 5666 enim
678 5618 731 5668 te
757 5609 1004 5668 volumus
1024 5649 1040 5676 ,
1065 5622 1254 5678 pacem
1284 5607 1382 5663 tibi
1403 5605 1683 5662 nobiscum
1715 5617 1930 5678 esse,et
1956 5621 2104 5663 com-

502 5701 819 5761 munionem
877 5701 1298 5766 coelesiasticam
1347 5699 1684 5758 intercedere
1731 5716 1746 5758 :
1807 5699 1961 5773 cujus
2026 5700 2106 5762 rei

571 5823 588 5856 ⁸
616 5820 792 5878 Exstat
820 5825 948 5892 apud
968 5827 1148 5885 Athan.
1173 5835 1300 5904 apol.
1323 5845 1385 5899 It;
1407 5833 1588 5896 Barea.
1610 5849 1692 5892 an.
1714 5833 1978 5903 ὕδατιοῆ

2217 3427 2490 3488 σεϐαστὸς.
2516 3425 2541 3480 ὁ
2571 3428 2690 3498 ίμὸς
2722 3431 2916 3501 πατὴρ,
2959 3428 3044 3482 τὸν
3088 3429 3237 3483 αὐτὸν
3289 3430 3553 3484 ἐπίσκοπον
3587 3434 3646 3494 τῷ
3673 3423 3755 3494 ἰδίῳ

2216 3521 2362 3592 τόπῳ
2419 3528 2724 3595 παρασχεῖν
2769 3523 3031 3595 προῄρητο
3063 3558 3078 3584 ,
3123 3517 3259 3590 ὅμως
3313 3520 3591 3596 ἀνθρωπίνῳ
3630 3516 3754 3591 κλήρῳ

2215 3613 2520 3688 προληφθείς
2562 3613 2663 3685 πρὸ
2691 3618 2780 3667 τοῦ
2831 3616 2920 3671 τήν
2951 3613 3110 3682 εὐχὴν
3139 3620 3412 3687 πληρῶσαι
3455 3611 3755 3671 ἀνεπαύσατο,

2216 3707 2481 3761 ἀκόλουθον
2503 3707 2773 3778 ἡγησάμην
2802 3709 2893 3763 τήν
2921 3707 3218 3781 προαίρεσιν
3266 3713 3362 3762 τοῦ
3404 3714 3491 3766 τῆς
3515 3706 3632 3764 θείας
3663 3704 3754 3772 μνῆ·

2217 3821 2314 3871 μης
2337 3800 2587 3870 βασιλέως
2617 3784 2974 3869 διαδεξάμενος
2999 3800 3292 3874 πληρῶσαι⁹
3323 3797 3463 3860 ὅστις
3488 3796 3663 3854 ἐπειδάν
3685 3803 3753 3854 τῆς

2208 3894 2462 3969 ὑμετέρας
2489 3891 2653 3964 τύχοι
2675 3891 3002 3969 προσόψεως.
3038 3889 3162 3952 ὅσης
3189 3891 3367 3955 αἰδοῦς
3395 3895 3630 3963 τετύχηκε
3657 3889 3755 3961 γνὼ-

2207 3988 2379 4042 σεσθε·
2427 3989 2484 4040 ού
2526 3988 2628 4064 γάρ
2673 3987 2974 4057 θαυμαστὸν
3024 3983 3073 4041 εἴ
3116 4009 3169 4041 τι
3200 3985 3246 4041 δ’
3289 3982 3348 4044 ἀν
3375 3988 3502 4061 ύπίρ
3528 3988 3663 4042 αὐτοῦ
3686 4002 3753 4037 πε-

2206 4083 2419 4145 ποίηκα,
2474 4083 2560 4135 καί
2612 4082 2710 4156 γάρ
2761 4086 2853 4139 τὴν
2899 4080 3018 4151 ἐμὴν
3064 4079 3249 4151 ψυχήν
3297 4082 3382 4140 ἦτε
3427 4084 3512 4136 τοῦ
3553 4077 3752 4150 ὑμετέρου

2208 4172 2364 4226 πόθου
2395 4173 2559 4234 εἰκὼν,
2592 4175 2679 4226 καὶ
2719 4170 2777 4227 τὸ
2805 4177 2895 4226 τοῦ
2929 4171 3229 4228 τηλικούτου
3264 4170 3448 4248 ἀνδρὸς
3480 4177 3669 4242 σχῆμα.
3702 4166 3754 4224 εἰς

2213 4270 2366 4320 τοῦτο
2393 4266 2540 4318 ἐκίνει
2563 4266 2644 4318 καὶ
2669 4266 3002 4339 προέτρεπεν.
3037 4264 3068 4320 ἠ
3095 4265 3201 4317 θεία
3225 4262 3438 4338 πρόνοια
3467 4263 3593 4334 ὑμᾶς
3615 4257 3753 4329 dum).

2211 4359 2374 4423 λάξαι,
2404 4360 2662 4431 ἀγαπητοί
2690 4356 2908 4432 ἀδελφοί.
2941 4355 3084 4416 ἐδόθη
3111 4357 3211 4435 πρὸ
3242 4355 3510 4414 δεκαπέντε
3548 4349 3752 4410 καλανδῶν

2214 4450 2432 4508 Ἰουλίων
2458 4453 2508 4508 ἐν
2537 4452 2817 4530 Τριϐέροις.

2207 4589 2367 4645 fidem
2412 4605 2536 4646 esse
2567 4589 2815 4646 volumus
2854 4598 3092 4645 nostram
3122 4590 3240 4647 istis
3277 4588 3471 4645 litteris
3495 4583 3751 4654 inscriptam

2127 4657 2184 4718 D
2209 4683 2612 4740 salutationem.
2633 4681 2822 4740 Divina
2843 4682 3184 4753 providentia
3209 4694 3261 4740 te
3281 4689 3578 4747 conservet,
3599 4677 3752 4734 dilecte

2208 4777 2394 4836 frater.

2731 4883 2868 4926 ANNO
2899 4883 3078 4926 DOIINI
3105 4883 3198 4926 CCC
3205 4884 3290 4926 ιν.

2306 4965 2326 4996 ⁸
2369 4963 2704 5020 EPISTULA
2743 4963 3164 5020 CONSTANTII
3201 4963 3293 5018 AD
3331 4953 3675 5020 EUSEBIUH.

2205 5055 2556 5113 Constantius
2604 5057 2780 5112 victor
2807 5071 2871 5110 ac
2902 5057 3264 5126 triumphator
3291 5069 3504 5126 semper
3531 5052 3750 5120 Augustus

2736 5147 2969 5204 Eusebio
2995 5148 3269 5219 episcopo.

2275 5240 2450 5297 Metiri
2492 5241 2646 5297 facile
2675 5256 2859 5313 posse,
2893 5241 2970 5296 rei
3001 5239 3366 5311 magnitudine
3402 5235 3748 5294 commonente.

2206 5335 2524 5404 gravitatem
2541 5345 2707 5400 tuam,
2723 5333 2976 5388 omnibus
2996 5334 3061 5388 ad
3086 5349 3259 5388 meam
3282 5331 3599 5402 diligentiam
3618 5318 3749 5394 perti-

2209 5427 2466 5482 neutibus
2493 5429 2749 5497 przet’erre
2771 5441 2857 5480 me
2889 5440 3072 5480 coram
3097 5426 3356 5496 religione
3377 5437 3613 5492 superna,
3638 5407 3750 5485 quod

2209 5521 2492 5592 praecellit,
2509 5528 2562 5574 et
2584 5520 2634 5573 iu
2651 5533 2776 5575 meo
2803 5520 2987 5574 animo
3013 5519 3364 5589 prmeminere
3377 5515 3748 5576 confido,tameﬂ

2213 5617 2264 5672 id
2288 5615 2580 5686 prudentia:
2607 5624 2732 5682 tum,
2757 5613 3098 5670 documentis
3120 5613 3279 5669 etiam
3307 5611 3599 5681 frequenter
3621 5599 3748 5658 emis-

2227 5711 2325 5780 sis,
2341 5723 2698 5784 compertum,
2725 5726 2846 5772 cum
2874 5709 3187 5785 perspicias,
3203 5709 3253 5768 id
3275 5722 3360 5768 me
3382 5717 3531 5782 agere
3548 5694 3745 5760 noctibui

2217 5899 2222 5902 _
2279 5835 2301 5868 ³
2323 5831 2550 5894 Habetur
2569 5835 2620 5890 in
2642 5834 2766 5896 actis
2783 5831 3004 5896 Eusebii.
