3850 6334
44 324 161 380 565

590 320 1020 381 MONUMENTA
1064 319 1343 377 VETERA
1386 318 1480 378 AD
1517 318 1933 377 ARIANORUM
1978 317 2373 379 DOCTRINAM
2414 318 2897 387 PERTINENTIA.
3290 328 3395 385 566

42 458 110 498 ac
124 440 525 512 diebus,quod
546 440 612 495 ad
635 438 995 495 venerabilem
1011 437 1214 492 cultum
1242 437 1507 511 proficere
1519 452 1678 510 posse
1705 442 1756 501 Α
1785 435 2023 491 monium
2053 436 2187 508 legis
2214 439 2374 494 rebus
2400 441 2783 513 ecclesiasticis
2806 443 2904 497 niti
2931 460 2943 497 :
2965 443 3097 501 satis
3121 458 3393 517 superque

42 536 312 592 conﬁdo.
364 536 502 604 Quid
546 536 691 593 enim
735 534 866 591 mihi
906 533 1109 604 gratius
1155 540 1277 590 esse
1326 542 1419 588 aut
1474 534 1678 602 utilius,

41 645 219 701 quam
260 631 386 685 Deo
416 631 652 686 animqu
682 628 968 685 devovisse
1004 646 1016 681 :
1042 643 1214 697 usque
1256 629 1413 692 adeo,
1434 636 1493 682 ut
1519 627 1680 699 hujus

41 723 207 780 modi
257 723 451 778 studio
496 722 809 777 facilitatem
849 737 1066 778 omnem
1121 721 1350 777 sentiam
1398 737 1520 778 esse
1578 722 1678 777 ob-

40 816 341 871 noxiam?
426 816 609 887 Itaque
656 817 915 872 ecclesias
972 816 1311 871 venerabiles
1364 830 1429 870 ex
1488 816 1679 870 intimo

41 908 261 964 mentis
319 908 518 964 atl'ecru
551 924 767 979 semper
794 910 1032 976 intueor,
1079 924 1371 979 earumque
1415 909 1675 963 unitatem

40 1002 321 1057 omnibus
349 1002 644 1058 salutarem
676 1002 837 1071 cupio
864 1014 1190 1072 recuperare
1234 1016 1297 1056 ac
1323 1002 1550 1056 firmiter
1580 1001 1676 1057 ob-

42 1097 232 1152 tinere
262 1113 275 1149 :
313 1097 388 1151 ob
419 1112 581 1167 quam
614 1112 830 1153 causam
864 1108 1189 1152 conventum
1220 1108 1531 1153 sanctorum
1555 1096 1673 1167 epi-

40 1204 368 1258 scoporum
401 1189 454 1255 in
486 1189 875 1245 Mediolauensi
906 1190 1104 1260 placuit
1135 1190 1251 1244 fieri
1285 1191 1499 1245 civitate
1522 1232 1535 1256 ,
1579 1203 1675 1245 eos

39 1284 127 1339 vel
163 1284 419 1337 maxime
461 1284 551 1353 qui
600 1283 727 1337 alibi
772 1294 921 1353 gesta
955 1284 1165 1355 possint
1207 1283 1360 1337 facile
1406 1284 1670 1351 revelare,

42 1375 429 1445 (revellere);
461 1376 515 1428 in
539 1375 769 1431 diversis
801 1376 998 1447 quippe
1058 1374 1348 1447 provinciis
1392 1378 1674 1446 episcopo-

38 1486 165 1525 rum
194 1480 335 1526 sunt
367 1478 553 1525 coacta
593 1472 843 1537 concilia,
873 1471 969 1526 sed
997 1471 1125 1542 quid
1158 1488 1252 1541 per
1274 1472 1511 1543 singulos
1542 1486 1673 1528 con-

37 1562 197 1617 cordi
256 1562 627 1619 unanimitate
678 1564 1037 1619 decreverunt
1088 1563 1498 1636 prudentissimi
1551 1566 1670 1634 epi-

40 1655 224 1725 sc0pi,
255 1655 314 1709 in
338 1656 550 1726 synodo
580 1655 970 1712 Mediolanensi
1007 1657 1290 1728 perspicue
1332 1658 1666 1715 declaratum

37 1761 144 1805 est.
182 1750 444 1824 Denique
475 1746 761 1808 venientes
794 1754 948 1824 pauci
994 1752 1062 1807 de
1105 1754 1398 1823 provinciis
1443 1754 1666 1824 singulis

1787 532 2166 602 perspeximus
2213 533 2409 589 litteris
2459 537 2526 590 ad
2582 545 2823 592 nostram
2870 536 2936 607 (ί.
2972 544 3233 610 vestram)
3262 556 3390 610 pru-

1787 626 2027 680 dentiam
2066 626 2238 693 datis,
2277 628 2465 682 iisdem
2496 642 2749 699 Oportere
2790 645 3010 701 operam
3041 632 3170 688 dare
3212 653 3223 687 :
3262 648 3385 687 cum

1785 720 2034 791 profecto
2064 731 2117 776 et
2146 721 2526 792 episcoporum
2552 724 2601 777 id
2626 724 2807 778 ofﬁcio
2834 736 3125 795 congruat,
3159 734 3214 781 et
3237 726 3384 781 salus

1784 815 2029 869 omnium
2091 814 2248 885 longe
2291 815 2501 885 lateque
2553 819 2872 887 populorum
2924 817 3028 872 hoc
3070 816 3382 873 fundamine

1780 907 2090 963 roboretur.
2104 907 2209 962 Sed
2238 922 2326 960 res
2347 908 2623 963 admonuit
2656 909 2894 965 instituta
2924 910 3381 966 rursusexsistere

1782 998 1875 1071 (at.
1925 1000 2205 1069 insistere).
2255 998 2372 1054 Non
2433 1002 2575 1054 enim
2620 1002 2814 1071 aliquis
2858 1001 3078 1057 deﬁnita
3116 1003 3377 1073 geminari

1779 1092 2112 1160 Superﬂuum
2128 1092 2408 1163 judicabit,
2435 1108 2556 1148 cum
2587 1096 2821 1165 (crebra)
2847 1095 3007 1149 rebus
3035 1096 3380 1151 consneverit

1778 1184 2076 1241 admonitio
2102 1200 2299 1254 augere
2328 1187 2599 1240 cumulum
2624 1187 2935 1258 diligentia}.
2973 1187 3065 1242 llis
3103 1189 3172 1242 ita
3200 1204 3259 1244 se
3285 1187 3379 1241 ba-

1777 1277 2029 1332 bentibus
2054 1320 2069 1343 ,
2100 1278 2167 1331 de
2199 1278 2299 1331 title
2335 1288 2497 1345 atque
2540 1280 2748 1333 unitate
2786 1279 3009 1333 tractari
3042 1280 3243 1336 debere
3286 1296 3378 1334 co-

1775 1382 2005 1441 gnoscat
2033 1371 2318 1426 sinceritas
2356 1380 2571 1437 vestra,
2605 1381 2660 1427 et
2687 1388 2907 1443 operam
2940 1372 3057 1427 dari
3101 1382 3157 1427 ut
3198 1374 3376 1429 eccle-

1776 1464 2009 1518 siasticis
2037 1465 2198 1519 rebus
2230 1464 2362 1520 ordo
2391 1476 2707 1534 competens
2741 1466 3064 1535 praebeatur.
3101 1467 3373 1521 Discurret

1774 1572 2012 1626 namque
2035 1569 2357 1613 cunctorum
2390 1560 2676 1628 posteritas
2706 1558 2902 1628 ubique
2932 1560 3252 1628 populorum
3280 1601 3293 1624 ,
3320 1570 3374 1613 et

1771 1652 2062 1705 concordia
2116 1651 2220 1706 fida
2272 1653 2612 1718 servabitur,
2662 1666 2784 1706 cum
2828 1652 3040 1721 penitus
3084 1651 3371 1722 amputatis

1771 1757 1871 1797 nec
1902 1743 2210 1814 hujusmodi
2237 1745 2625 1816 quaestionibus
2665 1744 2875 1798 cunctis
2912 1742 3171 1797 sectando
3223 1758 3373 1797 com-

32 1843 335 1898 voluutate
368 1846 643 1900 communi
670 1848 955 1901 unanimes
986 1849 1366 1916 protulerunt,
1397 1860 1450 1904 et
1507 1852 1660 1921 juxta
1690 1847 1737 1906 B
1770 1839 2001 1893 Πιονθτίι
2023 1881 2036 1904 ν
2086 1854 2175 1894 Γεδ
2217 1838 2318 1894 ίειε
2365 1854 2469 1893 non
2515 1838 2675 1893 debet
2710 1838 2781 1892 ἱῐῦ
2821 1838 3174 1891 ῖηῑεηῐιουθιη
3204 1836 3369 1891 animi

36 1937 477 1992 venerationem
506 1938 611 2009 legi
640 1940 879 1994 debitam
909 1940 1280 1995 ﬁrmaverunt.
1329 1944 1481 2009 Quod
1530 1960 1660 2017 ergo

34 2028 299 2097 religioni
331 2030 650 2103 (religiosis)
677 2030 853 2087 fuerat
882 2030 1658 2100 consentaneum,earumdem

37 2123 250 2193 placito
276 2124 701 2179 corroboratum
730 2135 853 2190 est;
904 2137 961 2180 ut
1005 2126 1073 2179 ad
1123 2127 1467 2182 sanctitatem
1514 2141 1657 2187 tuam

34 2226 279 2287 quatuor
310 2217 386 2272 de
412 2218 689 2273 conSOrtio
719 2233 819 2273 suo
848 2220 1154 2277 censuerint
1186 2235 1307 2275 esse
1339 2222 1653 2292 mittendos,

38 2311 249 2379 pariter
272 2321 694 2365 commonentes
726 2326 786 2367 se
826 2310 879 2367 id
922 2312 1077 2381 sequi
1124 2313 1442 2383 gravitatem
1486 2325 1653 2385 tuam,

38 2403 183 2473 quod
213 2403 286 2456 ad
321 2404 613 2459 utilitatem
640 2404 901 2459 Ecclesiae
926 2420 1033 2459 non
1066 2404 1342 2460 abhorret.
1372 2406 1482 2461 Nos
1508 2418 1657 2466 certe

38 2497 124 2567 qui
149 2512 279 2552 esse
311 2498 411 2553 Dei
442 2498 670 2553 famulos
700 2496 1018 2568 gloriamur,
1046 2500 1325 2554 hortamur
1361 2502 1565 2571 pariter
1594 2517 1657 2558 ac

38 2610 357 2659 monemus,
395 2602 453 2649 ut
490 2596 780 2650 consensui
831 2594 1062 2650 fratrum
1116 2606 1332 2653 tuorum
1377 2598 1657 2654 adhaerere

40 2705 144 2744 non
175 2688 434 2745 diﬁ'eras.
469 2688 806 2746 Conlidimus
829 2692 1050 2761 quippe,
1076 2706 1198 2748 cum
1228 2692 1331 2748 hoc
1360 2693 1520 2749 fuerit
1543 2693 1655 2750 fac-

41 2791 173 2848 tum,
229 2785 448 2839 unitate
492 2785 803 2840 firmissima
864 2800 1023 2853 posse
1071 2785 1330 2841 ecclesias
1372 2789 1650 2857 gratulari.

43 2878 183 2934 Deus
213 2888 268 2933 te
301 2894 524 2947 semper
554 2886 767 2934 tueatur
803 2880 1002 2934 multos
1029 2894 1222 2948 annos,
1255 2878 1420 2937 frater
1443 2880 1653 2937 charis-

41 2972 176 3028 sime
205 2982 380 3044 atque
400 2972 794 3027 amantissime.

410 3126 550 3169 ANNO
564 3127 745 3168 DOMINI
760 3126 949 3168 CCCLIX
971 3126 1077 3166 VEL
1096 3126 1263 3168 CCCLX
1275 3152 1289 3165 .

685 3247 1018 3303 EPISTOLA

132 3341 548 3401 CONSTANTII
578 3343 670 3398 AD
701 3340 1029 3398 SYNOIIUM
1057 3338 1548 3399 ARlMiNENSEM.

46 3458 379 3515 Constantius
412 3460 607 3513 monuit
634 3475 694 3511 ne
724 3458 846 3525 quid
876 3457 939 3510 de
974 3456 1338 3521 orientalibus,
1379 3458 1467 3527 qui
1506 3472 1647 3510 seor-

110 3554 206 3607 sim
249 3554 587 3608 convenirent
621 3551 901 3615 Seleucia,
938 3550 1153 3619 deﬁnire
1184 3559 1572 3622 prwsumerent.

51 3675 227 3732 Victor
273 3670 1082 3746 Constantinus(Constantius)
1135 3672 1399 3727 Maximus
1460 3674 1649 3728 trium-

297 3771 495 3843 pbator
536 3784 755 3839 semper
793 3767 1065 3833 Augustus
1102 3766 1394 3836 episc0pis.

115 3884 417 3943 Contineut
459 3885 641 3958 priora
697 3885 942 3938 instituta
970 3924 984 3947 ,
1028 3882 1396 3950 venerabiles,
1452 3882 1649 3939 sancti-

1769 1930 2030 2001 tlongius)
2060 1947 2379 2001 prepagare.
2420 1931 2536 1985 Non
2576 1932 2720 1986 enim
2748 1930 2815 1985 de
2844 1929 3199 1985 orientalibus
3254 1929 3369 1999 epi-

1766 2024 1946 2094 scopis
1978 2024 2029 2078 in
2050 2028 2280 2079 concrlio
2302 2037 2488 2080 vestro
2514 2026 2714 2095 patitur
2740 2024 2878 2079 ratio
2903 2024 3103 2095 aliquid
3129 2022 3365 2078 definiri.

1765 2116 1999 2172 Proinde
2042 2134 2202 2190 super
2236 2120 2319 2174 liis
2352 2129 2559 2174 tantum
2591 2134 2714 2190 quae
2743 2119 2808 2173 ad
2836 2134 2931 2172 vos
2960 2119 3235 2188 pertinere
3274 2133 3366 2172 co-

1762 2212 1975 2281 gnoscit
2006 2213 2241 2283 gravitas
2272 2222 2448 2267 vestra
2476 2254 2491 2280 ,
2528 2220 2758 2266 tractare
2798 2211 3095 2280 debebitis,
3136 2220 3192 2265 et
3219 2226 3367 2266 com-

1763 2306 1920 2375 pletis
1977 2306 2226 2361 celeriter
2275 2305 2577 2373 universis,
2633 2307 3009 2360 consentiente
3056 2320 3358 2374 consensu,

1762 2396 1951 2454 decem
2005 2399 2220 2453 mittere
2266 2398 2332 2452 ad
2361 2398 2676 2457 comitatum
2733 2412 2911 2452 meum
2932 2438 2946 2463 ,
2976 2406 3032 2450 ut
3062 2395 3363 2466 prudentiae

1759 2504 1956 2547 vestra:
2003 2491 2276 2561 prioribus
2305 2491 2499 2546 litteris
2522 2490 2907 2545 intimavimus.
2941 2489 3187 2545 Prtcdicti
3218 2490 3362 2545 enim

1761 2594 2016 2654 poterunt
2059 2584 2347 2651 omnibus,
2382 2600 2501 2654 qua:
2538 2585 2741 2639 eisdem
2767 2583 3122 2639 orientalibus
3160 2600 3361 2654 prepo-

1759 2680 2010 2747 suerint,
2042 2680 2375 2749 respondere
2399 2721 2414 2745 ,
2453 2680 2540 2739 vel
2585 2687 2817 2733 tractare
2841 2678 2909 2733 de
2937 2679 3041 2733 fide
3067 2721 3082 2747 ,
3116 2688 3172 2732 ut
3210 2679 3360 2733 exitu

1758 2772 2089 2841 competenti
2118 2772 2295 2825 omnis
2322 2771 2550 2841 quzestio
2575 2770 2894 2825 terminetur
2917 2811 2930 2835 ,
2960 2780 3013 2824 et
3039 2768 3361 2840 ambiguitas

1757 2869 2018 2939 sopiatur.
2050 2866 2182 2933 Quae
2217 2881 2340 2920 cum
2383 2866 2451 2919 ita
2483 2865 2625 2931 sint,
2656 2864 2921 2919 adversus
2948 2864 3237 2918 orientales
3278 2863 3360 2917 ni-

1759 2964 1835 3017 hil
1891 2970 2129 3017 statuere
2173 2976 2271 3015 vos
2321 2968 2582 3030 oportet,
2623 2967 2715 3013 aut
2757 2959 2801 3013 si
2848 2958 3050 3029 aliquid
3080 2958 3358 3014 volueritis

1759 3069 1946 3114 contra
1971 3057 2190 3113 eosdem
2216 3055 2485 3126 prmdictis
2510 3054 2824 3111 absentibus
2849 3053 3071 3108 delinire
3094 3094 3108 3119 ,
3134 3052 3185 3106 id
3211 3051 3358 3123 quod

1760 3152 1927 3207 fuerit
1957 3160 2272 3220 usurpatum
2304 3152 2459 3204 irrito
2487 3156 2778 3204 evanescet
2804 3146 3020 3202 elfet-tu.
3063 3146 3178 3200 Non
3211 3148 3354 3201 enim

1680 3246 1725 3308 C
1758 3243 1848 3298 illa
1874 3244 2017 3297 vires
2057 3243 2256 3297 habere
2287 3242 2487 3312 poterit
2511 3240 2754 3296 deﬁnitio
2779 3280 2793 3303 ,
2823 3238 2912 3294 cui
2939 3248 3119 3294 nostra
3154 3246 3357 3293 Statuta

1757 3347 2024 3393 testantur
2046 3340 2155 3401 jam
2193 3352 2333 3392 nunc
2361 3338 2525 3391 robur
2547 3346 2600 3390 et
2629 3337 2841 3403 cupiam
2875 3333 2967 3403 (at,
2994 3330 3226 3402 copiam)
3261 3330 3354 3386 de-

1755 3429 1961 3499 negari.
2015 3429 2147 3497 Quae
2192 3444 2317 3484 cum
2359 3429 2430 3481 ita
2479 3425 2625 3495 sint,
2667 3423 3039 3480 moderatione
3080 3421 3355 3491 religionis

1754 3521 2154 3577 venerabilibus
2183 3519 2513 3576 antistitibus
2544 3525 2907 3573 consentanea
2952 3513 3162 3569 debetis
3192 3529 3355 3570 vene-

1754 3614 1923 3670 randa
1967 3613 2228 3685 perficere
2249 3656 2264 3680 ,
2310 3622 2368 3667 ut
2398 3612 2448 3666 id
2480 3612 2621 3683 quod
2652 3611 2843 3681 religio
2880 3610 3146 3680 postulat,
3180 3610 3353 3681 expli-

1755 3716 1909 3762 cetur
1930 3749 1943 3771 ,
1976 3716 2029 3763 et
2053 3707 2196 3777 quod
2227 3706 2401 3763 audiri
2430 3705 2682 3776 prohibet
2705 3706 2873 3773 ratio,
2905 3703 3084 3759 nullus
3109 3712 3351 3774 usurpet.

1757 3800 2018 3856 Divinitas
2074 3817 2171 3856 vos
2216 3810 2399 3856 servet
2444 3816 2539 3871 per
2596 3799 2794 3854 multos
2837 3813 3048 3865 annos,
3102 3806 3357 3868 parentes

1756 3893 2081 3949 citatissimi.
2101 3895 2222 3949 Dat.
2238 3894 2411 3949 vtkal.
2435 3893 2619 3947 Junias
2635 3892 2891 3962 ,Eusebio
2903 3902 2955 3948 et
2969 3891 3196 3964 Hypatio
3209 3906 3350 3948 coss.

649 3998 665 4029 ⁸
693 3995 1028 4052 EPISTULA
1060 3995 1273 4051 PRIMA
1313 3996 1754 4062 AlthlNENSIS
1791 4008 2041 4065 SYNODI
2080 4011 2173 4066 AD
2210 4009 2721 4066 CONSTANTIUM.

121 4092 213 4147 Dei
247 4093 461 4163 jussui,
496 4102 698 4163 tuoque
730 4092 818 4162 pio
848 4091 1027 4146 edicto
1061 4098 1319 4160 parentes
1363 4108 1484 4162 qua:
1515 4094 1646 4149 nlim

55 4183 390 4253 dogmatibus
418 4185 614 4241 tradita
645 4186 715 4240 ita
759 4199 902 4247 esse,
936 4192 993 4238 ut
1022 4183 1219 4239 tradita
1247 4196 1396 4251 sum,
1446 4188 1648 4243 nostris

56 4277 316 4350 sulfragiis
364 4279 684 4336 Stabilienda
734 4277 1112 4349 judicavimus.
1163 4277 1295 4332 Nam
1345 4280 1648 4341 Ariminum

57 4385 117 4425 ex
135 4374 384 4429 omnibus
400 4376 465 4427 ad
498 4373 836 4428 occidentem
866 4371 1380 4442 positiseivitatibus
1404 4372 1457 4427 in
1482 4388 1649 4428 unum

58 4468 425 4533 convenimus,
452 4475 509 4520 ut
539 4466 673 4519 fides
693 4464 974 4519 catholicae
998 4464 1253 4518 Ecclesiae
1282 4479 1644 4533 cognOseere-

63 4564 159 4619 tur,
189 4568 242 4613 et
263 4561 353 4631 qui
398 4561 622 4616 alterius
662 4559 934 4628 Opinionis
978 4570 1185 4623 essent,
1224 4559 1494 4613 manifesti
1551 4559 1643 4613 lie-

64 4659 193 4703 rent.
223 4653 406 4724 Ibique
430 4664 549 4724 pnsl
580 4654 790 4721 longam
819 4651 1264 4707 deliberatioiiem
1300 4653 1502 4722 optima
1534 4652 1647 4705 visa

63 4752 139 4796 est
161 4760 222 4799 ea
249 4747 401 4814 fides,
434 4764 552 4817 qum
588 4746 847 4800 hactenus
874 4760 1043 4815 usque
1088 4760 1115 4797 a
1148 4746 1340 4815 priscis
1392 4745 1652 4814 tempori-

67 4833 159 4889 bus
186 4839 514 4905 perduravit.
544 4855 705 4909 quam
734 4848 785 4892 et
826 4838 1121 4908 prophetat,
1178 4846 1233 4892 et
1278 4839 1644 4908 evangelista},

68 4934 117 4979 et
139 4933 359 4998 apostoli
404 4948 500 5001 per
526 4932 809 4985 Dominum
851 4940 1094 4985 nostrum
1145 4930 1329 4986 Jesum
1370 4930 1647 4986 Christum

71 5019 439 5090 przedicaruut,
473 5024 565 5094 qui
593 5033 676 5077 est
700 5024 773 5076 ttti
803 5023 1014 5093 imperii
1049 5034 1251 5090 custos,
1294 5034 1347 5077 et
1373 5032 1476 5078 tua:
1500 5022 1647 5077 vale-

73 5110 258 5169 tudinis
290 5115 562 5171 defeusor.
606 5115 876 5171 Statntum
916 5116 1206 5186 estigitur,
1256 5126 1314 5171 ut
1362 5132 1479 5171 eam
1524 5115 1653 5171 reti—

77 5214 252 5261 nentes
280 5212 604 5274 coleremus,
650 5220 703 5264 et
732 5210 973 5265 colentes
1002 5226 1171 5279 usque
1223 5211 1289 5264 ad
1330 5211 1487 5265 ﬁnem
1524 5225 1655 5264 con-

76 5310 420 5359 servaremus.
455 5305 719 5359 Indecens
750 5304 894 5358 enim
937 5313 991 5359 et
1021 5304 1307 5367 nefarium,
1337 5303 1537 5374 aliquid
1585 5320 1652 5358 ex

82 5403 214 5447 recte
253 5406 305 5450 et
344 5398 487 5466 juSte
525 5396 795 5460 decretis,
847 5405 901 5449 et
919 5412 983 5449 ex
1039 5396 1228 5450 Nicaeae
1284 5395 1497 5465 publice
1533 5411 1653 5449 cum

82 5481 429 5545 illustrissimn
484 5490 726 5559 principe
781 5488 1135 5542 Consmntint)
1189 5500 1342 5557 patre
1400 5498 1489 5541 tuo
1559 5502 1655 5555 per

85 5587 369 5638 accuratam
394 5580 839 5638 deliberationem
858 5581 1166 5635 constitutis
1193 5582 1478 5635 immutare
1498 5579 1656 5648 velle,

88 5664 135 5721 in
156 5671 338 5740 quibus
362 5685 506 5733 tanta
530 5672 777 5730 doctrina
808 5680 893 5728 est
929 5681 983 5727 et
1016 5672 1321 5741 prudentia,
1349 5680 1405 5729 ut
1452 5688 1513 5728 ea
1544 5672 1659 5728 ubi-

172 5833 188 5874 ⁸
218 5834 398 5905 Exstat
415 5840 555 5925 apud
580 5841 865 5919 Athenas,
895 5837 965 5899 de
991 5835 1184 5916 synod.

1670 4511 1723 4571 D

1828 4104 1905 4160 Ἐκ
1924 4126 1978 4162 τε
2009 4115 2100 4167 τῆς
2130 4112 2225 4161 τοῦ
2246 4113 2377 4162 Θεοῦ
2404 4108 2680 4166 undam;
2697 4146 2710 4169 ,
2736 4108 2817 4159 καὶ
2846 4116 2937 4166 τῆς
2976 4115 3072 4167 σῆς
3096 4108 3361 4172 εὐσεϐείας

1757 4197 2193 4275 προστάγματος,
2228 4202 2295 4252 τὰ
2327 4200 2483 4254 πάλαι
2518 4197 2916 4272 δογματισθέντα
2952 4203 3245 4272 ’γεγενῆσθαι
3269 4221 3359 4254 πι-

1755 4294 2047 4364 στευομένη
2080 4296 2150 4353 εἰς
2195 4296 2299 4367 ’γὰρ
2328 4292 2576 4368 ’Δρίμινον
2617 4291 2671 4347 ἔκ
2698 4300 2880 4347 πασῶν
2910 4299 3011 4347 τῶν
3040 4294 3171 4367 πρὸς
3209 4291 3357 4349 δύσιν

1755 4385 1975 4449 πόλεων,
2020 4387 2091 4445 εἰς
2119 4385 2175 4440 τὸ
2217 4387 2341 4439 αὐτὸ
2380 4386 2571 4442 πάντες
2615 4386 2881 4439 ἐπίσκοποι
2905 4385 3242 4458 συνήλθομεν,
3273 4387 3361 4444 ἵνα

1754 4482 1838 4533 καὶ
1866 4480 1896 4535 ἠ
1925 4481 2100 4538 πίστις
2139 4487 2229 4537 τῆς·
2265 4478 2525 4538 καθολικῆς
2574 4479 2840 4539 ἐκκλησίας
2879 4483 3127 4557 γνωρισθῇ
3152 4521 3167 4546 ,
3198 4485 3284 4537 καὶ
3313 4483 3360 4537 οἱ

1756 4576 1822 4628 τὰ
1885 4574 2063 4625 ναντία
2115 4577 2409 4645 φρονοῦντες
2464 4569 2658 4629 ἔκδηλοι
2704 4574 2970 4644 γένωνται·
3022 4578 3091 4634 ὡς
3133 4582 3234 4648 ’γὰρ
3276 4577 3361 4630 ἐπὶ

1754 4664 1991 4717 πλεῖστον
2040 4661 2437 4723 διασκοποῦντες
2490 4665 2790 4740 εὑρήκαμεν,
2842 4668 3060 4741 ἀρεστὸν
3091 4669 3243 4739 ἐφάνη
3267 4674 3359 4728 τήν

1753 4758 1929 4809 πίστιν
1956 4759 2044 4812 τήν
2073 4752 2281 4809 ἔκπαλαι
2311 4753 2668 4827 διαμένουσαν,
2711 4756 2770 4813 ἦν
2808 4761 2894 4811 καὶ
2920 4758 2965 4811 οἱ
2993 4769 3249 4831 προφῆται
3275 4762 3362 4814 καὶ

1754 4849 1821 4901 τὰ
1864 4848 2151 4919 εὐαγγέλια,
2196 4850 2281 4900 καὶ
2323 4850 2369 4900 οἱ
2409 4848 2684 4903 ἀπόστολοι
2732 4846 2815 4903 διὰ
2851 4858 2943 4904 τοῦ
2990 4856 3175 4927 Κυρίου
3221 4853 3383 4921 ἡμῶν,

1754 4936 1915 4993 Ἰησοῦ
1933 4945 2155 5015 Χριστοῦ
2182 4940 2420 5014 ἐκήρυξαν
2438 4982 2449 5001 ,
2483 4947 2575 4994 τοῦ
2601 4945 2685 4995 και
2711 4950 2802 5001 τῆς
2831 4942 3088 5012 βασιλείας
3114 4949 3359 5018 φρουροῦ,

1757 5033 1838 5084 καὶ
1864 5039 1955 5090 τῆς
1985 5038 2080 5089 σῆς
2108 5032 2318 5104 ῥώσεως
2343 5032 2677 5107 προστάτου,
2717 5034 2797 5087 ἵνα
2832 5036 3024 5090 ταύτην
3060 5034 3360 5104 κατασχόν·

1755 5144 1839 5183 τες
1867 5124 2189 5194 φυλάξωμεν,
2219 5129 2304 5179 καὶ
2334 5126 2666 5197 φυλάττοντες
2702 5128 2866 5198 μέχρι
2901 5128 3079 5185 τέλους
3118 5124 3360 5201 διατηρή-

1761 5236 1949 5287 σωμεν.
1983 5213 2174 5271 ἄτοπον
2209 5219 2306 5293 γὰρ
2330 5223 2413 5273 καὶ
2438 5221 2702 5289 ἀθέμιστον
2743 5220 2890 5291 ἐφάνη
2939 5226 3039 5272 τῶν
3079 5219 3238 5292 ὀρθῶς
3276 5221 3362 5272 καὶ

1760 5307 1960 5369 δικαίως
2006 5313 2299 5382 ὡρισμένων
2331 5334 2381 5366 τι
2406 5312 2805 5383 μεταλλάσσειν,
2837 5312 2919 5363 καὶ
2960 5318 3057 5365 τῶν
3086 5312 3132 5362 ἐν
3178 5312 3360 5385 Nuceria;

1761 5410 1898 5475 κοινῇ
1944 5402 2073 5471 μετὰ
2120 5408 2212 5455 τοῦ
2268 5400 2585 5465 ἐνδοξοτντου
2624 5423 2720 5455 σου
2764 5402 2961 5474 πατρὸς
3000 5404 3086 5455 καὶ
3111 5401 3364 5473 βασιλέως

1761 5498 2137 5553 Κωνσταντίνου
2186 5496 2528 5567 ἐσκεμμένων,
2576 5493 2641 5547 ὧν
2689 5495 2718 5550 ἡ
2756 5491 3064 5549 διδασκαλία
3112 5514 3166 5549 τε
3197 5494 3363 5550 καὶτὸ

1762 5585 1993 5662 φρόνημα
2023 5585 2185 5645 διῆλθε
2215 5590 2300 5640 καὶ
2330 5588 2593 5661 ἐκηρύχθη
2620 5587 2689 5644 εἰς
2705 5585 2882 5643 πάσας
2909 5586 3187 5661 ἀνθρώπων
3207 5589 3363 5648 ἀκοάς

1765 5699 1819 5733 τε
1870 5682 1953 5737 καὶ
1999 5676 2245 5736 διανοίας·
2303 5680 2414 5735 ἥτις
2461 5675 2736 5733 ἀντίπαλος
2787 5678 2911 5743 μονή
2958 5682 3043 5731 καὶ
3070 5678 3246 5756 ὀλετήρ
3276 5687 3371 5741 τῆς

1775 5768 1973 5849 Ἀρείου
2002 5769 2251 5845 αἱρέσεως
2283 5768 2504 5844 ὑπῆρξεν
2533 5763 2596 5821 δι’
2618 5762 2675 5825 ἧς
2701 5765 2758 5819 οὐ
2774 5764 2927 5837 μόνον
2955 5770 3104 5837 αὐτή,
3136 5768 3262 5827 ἀλλὰ
3284 5773 3372 5833 και
