3950 6350
453 363 552 420 571

967 359 1402 420 MONUMENTA
1441 361 1720 430 VETERA
1759 367 1854 424 AD
1891 363 2302 424 ABIANORUM
2345 363 2744 422 DOCTRINAM
2783 365 3264 426 PERTINENTIA.
3639 377 3732 432 iiii

453 481 783 538 intellexerit
805 495 890 548 ea,
923 495 1044 552 qum
1077 482 1186 536 sint
1227 497 1259 538 a
1289 483 1446 540 nobis
1469 483 1862 540 convenienter
1881 483 2052 554 majo-

2163 485 2286 542 ϐεια·
2317 483 2442 542 ἀλλά
2470 489 2558 540 καὶ
2581 493 2668 542 νῦν
2695 483 2779 542 διὰ
2799 485 2996 544 τούτων
3017 495 3120 544 τῶν
3145 489 3464 566 γραμμάτων
3489 487 3730 568 ὁμολογῶ.

451 591 572 632 rum
593 585 900 632 nostrorum
927 573 1188 630 institutis
1211 573 1392 632 decisa
1410 574 1754 646 decretaque.
1781 573 2052 636 Caeterum

447 671 558 744 jam
589 685 688 742 per
717 671 880 726 hasce
906 671 1116 726 litteras
1145 671 1488 738 cettﬁtemur,
1523 671 1726 742 tibique
1765 672 2054 728 conﬁrma-

451 781 592 832 mus,
625 779 724 820 nos
751 781 777 818 a
810 773 998 820 nostro
1025 765 1306 838 pmposito
1335 773 1392 821 et
1419 768 1686 820 sententia
1717 779 2050 836 nequaquam

449 855 788 913 discessurus
813 857 1033 930 :legatis
1055 859 1218 912 etiam
1249 858 1446 914 nostris
1475 857 1614 912 idem
1639 857 2048 928 imperavimus.

449 949 813 1018 Quamobrem
869 961 1122 1018 rogamus
1181 959 1268 1010 te.
1303 957 1362 1005 ut
1415 949 1628 1022 placido
1653 951 1802 1006 vultu
1845 949 2054 1008 litteras

451 1043 644 1108 hasce,
675 1058 702 1096 a
737 1051 924 1098 nostra
953 1041 1216 1098 modestia
1247 1043 1312 1098 ad
1341 1053 1392 1098 te
1425 1043 1774 1116 perscriptas,
1799 1043 2054 1114 legendas

451 1151 612 1192 cures
645 1156 658 1190 :
686 1137 1000 1208 quinetiam
1054 1153 1137 1204 ea,
1169 1154 1290 1210 quae
1331 1140 1530 1194 nostris
1577 1138 1766 1210 legatis
1806 1137 2054 1194 obeunda

451 1231 808 1304 imposuimus
829 1275 844 1302 ,
875 1233 1014 1306 aequi
1059 1233 1294 1306 bonique
1324 1233 1598 1290 consulas.
1623 1233 1756 1288 Illud
1793 1243 2056 1304 praterea

451 1333 540 1380 tua
589 1319 894 1398 benignitas
923 1327 1026 1384 ista
1069 1325 1350 1384 nobiscum
1385 1327 1667 1400 intelligit,
1695 1343 1856 1398 quam
1890 1327 2058 1386 tristis

450 1429 500 1476 et
531 1423 728 1476 acerba
757 1435 846 1476 res
875 1421 966 1490 sit,
999 1429 1076 1476 tot
1121 1421 1400 1486 ecclesias,
1435 1421 1486 1476 in
1523 1419 1626 1476 tuis
1653 1421 1772 1476 istis
1809 1421 2059 1480 beatissi-

451 1515 555 1570 mis
601 1513 970 1586 temporibus,
1011 1513 1282 1586 episcOpis
1333 1515 1448 1570 suis
1485 1515 1772 1570 destitutas
1803 1529 1924 1570 esse
1957 1531 1970 1570 :
2003 1523 2060 1570 et

451 1617 740 1680 propterea
767 1619 910 1666 tuam
929 1609 1271 1666 clet‘nentiam
1293 1610 1484 1664 iterum
1515 1607 1872 1676 obtestamur,
1889 1611 2061 1680 impe-

449 1711 598 1760 rator
627 1703 1028 1774 angustissime,
1053 1711 1110 1758 ut
1129 1713 1256 1758 ante
1289 1701 1483 1760 hiemis
1505 1701 1848 1774 asperitatem
1871 1701 2058 1776 (modo

453 1803 562 1854 tua:
597 1795 780 1866 pietati
813 1797 884 1852 ita
917 1799 1092 1854 visum
1137 1793 1318 1868 inerit)
1345 1797 1500 1852 nobis
1527 1797 1592 1850 ad
1621 1805 1834 1850 nostras
1867 1793 2058 1850 Eccle-

2155 597 2248 648 μεν
2271 581 2358 634 καί
2383 575 2830 650 διαϐεϐαιούμεθα,
2877 577 3126 652 μηδαμῶς
3166 577 3299 652 ἧμᾶς
3335 582 3624 660 ἀναχωρεῖν
3649 595 3729 650 τῆς

2157 671 2406 747 ἡμετέρας
2435 659 2744 746 τὲροθιὲσεως*
2773 677 2924 728 τοῦτο
2947 674 3046 750 γὰρ
3077 675 3158 728 καὶ
3183 681 3289 736 τοῖς
3311 675 3590 750 πρέσϐεσιν
3609 678 3729 750 ἡμῶν

2155 765 2516 838 ἓνετειλάμεθα·
2549 765 2782 836 ἀξιοῦμεν
2817 769 2982 820 τοίνυν
3013 761 3151 828 ὅπως
3179 767 3430 842 γαληναίᾳ
3461 775 3522 844 τῇ
3549 769 3724 846 προσό-

2157 857 2246 930 ψει
2265 897 2280 922 ,
2319 859 2440 912 τάτε
2481 861 2568 910 νῦν
2593 858 2876 934 γράμματα
2903 866 2996 920 τῆς
3037 859 3288 935 ἡμετέρας
3313 861 3636 936 μετριότητος
3661 883 3726 918 7.:-

2157 951 2356 1012 λεύσεις
2405 953 2803 1024 ἀναγνωσθῆναι·
2855 953 2978 1008 ἀλλὰ
3029 955 3128 1030 γὰρ
3187 957 3396 1028 κᾴκεῖνα
3454 953 3488 1010 ἃ
3533 953 3610 1010 διὰ
3641 963 3726 1012 τῶν

2159 1045 2424 1122 πρέσϐεων
2485 1047 2624 1118 ’ἡμῶν
2681 1045 3026 1118 ἐνετειλάμεθα
3069 1043 3226 1106 ἡδέως
3287 1043 3544 1112 ὑπόδεξαι·
3597 1049 3727 1106 insi-to

2159 1143 2332 1214 μέντοι
2375 1145 2566 1216 συνορᾷ
2604 1139 2710 1212 μεθ’
2757 1141 2896 1212 ἡμῶν
2941 1143 3028 1196 καί
3061 1141 3091 1198 ἡ
3131 1145 3198 1200 σή
3233 1141 3515 1218 ἡμερότης,
3545 1139 3632 1200 ὅση
3657 1148 3730 1198 νῦν

2159 1235 2270 1290 ἐστι
2315 1234 2450 1292 λύπη
2497 1235 2580 1288 καί
2613 1235 2880 1308 κατήφεια.
2915 1229 2992 1288 ὅτι
3019 1231 3066 1286 ἐν
3091 1239 3198 1294 τοῖς
3219 1233 3626 1309 μακαριωτάτοις
3647 1257 3734 1290 και-

2161 1335 2272 1402 ροῖς
2319 1331 2580 1382 τοσαῦται
2605 1325 2866 1382 ἐκκλησίαι
2895 1327 3064 1400 χωρίς
3091 1325 3390 1380 ἓπισκόπων
3417 1329 3528 1382 εἰσι·
3569 1325 3736 1382 καίδιά

2159 1425 2308 1476 τοῦτο
2329 1419 2480 1474 πάλιν
2499 1425 2589 1478 tria
2617 1423 2712 1478 σὴν
2737 1417 3110 1496 φιλανθρωπίαν
3137 1419 3377 1490 ἀξιοῦμεν
3393 1457 3410 1484 ,
3438 1416 3574 1494 κύριε
3594 1419 3735 1492 θεοφι-

2159 1513 2370 1570 λέστατε
2397 1511 2636 1586 βασιλεῦ,
2665 1509 2804 1572 ὅπως
2829 1513 2936 1591 πρὸ
2953 1519 3044 1572 τῆς
3065 1517 3408 1588 τραχύτητος
3431 1519 3529 1566 τῶν
3559 1513 3733 1584 χειμὼ-

2161 1629 2278 1672 νων,
2322 1603 2464 1682 εἴπερ
2507 1605 2704 1682 ἀρέσειε
2731 1611 2794 1682 τῇ
2833 1613 2900 1682 σῇ
2941 1603 3196 1680 εὐσεϐείᾳ,
3239 1603 3500 1666 κελεύσεις
3527 1605 3652 1676 ἡμᾶς
3675 1605 3735 1664 εἰς

2161 1705 2256 1763 τὰς
2295 1701 2548 1776 ἡμετέρας
2593 1699 2854 1760 ἐκκλησίας
2895 1699 3198 1762 ἐπανελθεῖν,
3227 1699 3366 1774 ὑπὲρ
3399 1703 3490 1754 τοῦ
3519 1695 3736 1752 δύνασθαι

2163 1799 2300 1868 ἡμᾶς
2319 1803 2394 1866 τῷ
2423 1795 2796 1872 παντοκράτορι
2825 1801 2935 1868 Θεῷ
2973 1796 3060 1848 καὶ
3099 1800 3172 1866 τῷ
3201 1791 3434 1868 δεσπότῃ
3461 1795 3542 1846 καί
3566 1798 3736 1864 σωτῆρι

451 1891 561 1952 sias
589 1889 898 1946 revertendi
935 1889 1104 1948 facias
1133 1899 1486 1962 potestatem,
1511 1905 1618 1962 quo
1647 1889 1916 1962 possimus
1949 1889 2055 1946 Deo

2163 1893 2300 1962 ἡμῶν
2327 1895 2534 1968 Χριστῷ
2551 1929 2566 1954 ,
2592 1896 2666 1962 τῷ
2687 1888 2782 1962 υἱῷ
2807 1889 2962 1942 αὐτοῦ
2995 1894 3070 1960 τῷ
3091 1892 3366 1958 laevos/sst,
3395 1885 3524 1962 ὑπὲρ
3551 1893 3634 1946 τῆς
3655 1891 3736 1944 σῆς

453 1981 600 2040 Patri
649 1983 1042 2052 omnipotenti,
1071 1993 1126 2040 et
1171 1983 1398 2038 Domino
1445 1997 1510 2038 ac
1552 1983 1824 2040 Salvatori
1867 1993 2058 2040 nostro

453 2071 670 2130 Christo
701 2075 840 2130 Filio
867 2075 985 2148 ejus
1015 2075 1314 2148 unigenito,
1345 2091 1442 2146 pro
1465 2085 1556 2130 tuo
1581 2089 1749 2148 regno
1771 2087 2058 2132 consuetas

2167 1983 2452 2056 βασιλείας,
2503 1983 2598 2042 τὰς
2629 1981 2828 2052 ἐθίμους
2879 1979 3040 2050 εὐχὰς
3081 1980 3214 2050 μετὰ
3241 1984 3346 2034 τῶν
3369 1977 3499 2032 λαῶν
3535 1975 3736 2032 ἀποπλη-

2161 2083 2310 2158 ροῦν,
2331 2077 2496 2136 καθὼς
2523 2077 2606 2130 καί
2625 2077 2706 2130 ἀεὶ
2727 2073 3094 2146 ἐπετελέσαμεν
3119 2075 3205 2130 καὶ
3227 2077 3320 2128 νῦν
3349 2069 3594 2144 ἐχόμενοι.

453 2183 644 2240 preces
669 2183 791 2226 cum
815 2171 1014 2244 populo
1043 2169 1292 2238 fundere,
1321 2170 1462 2228 sicut
1483 2179 1538 2226 et
1567 2179 1696 2228 ante
1725 2185 1942 2244 semper
1979 2169 2226 2240 fecimus,
2261 2181 2314 2226 et
2343 2169 2520 2228 adhuc
2551 2169 2729 2230 facere
2753 2183 2862 2226 non
2883 2167 3222 2250 desistimus.

1795 2327 1932 2368 ANNO
1969 2327 2152 2370 DOIINI
2179 2327 2402 2368 CCCLXV.

491 2429 508 2464 ί
539 2427 878 2486 EPISTOLA
917 2427 1408 2488 EPISCOPORUM
1449 2425 1712 2486 ITALL‘E
1751 2425 2091 2486 ILLYRICIS
2129 2427 2218 2484 DE
2249 2425 2410 2482 FIDE
2450 2423 2726 2482 ΝΙΟᾸΞΝΑ
2755 2419 3104 2481 SUSCEPTA
3147 2419 3702 2478 GRATULANTIUM.

455 2570 832 2628 Dilectissimis
859 2569 1118 2626 fratribus
1141 2585 1237 2640 per
1263 2569 1538 2642 Illyricum
1583 2569 1742 2626 ﬁdem
1773 2579 2054 2642 paternam

525 2666 912 2732 retinentibus,
945 2663 1190 2736 episcopi
1217 2664 1388 2720 Italia:
1409 2705 1426 2732 ,
1457 2664 1510 2720 in
1543 2663 1774 2722 Domino
1797 2673 2056 2724 aeternam

528 2757 782 2814 salutem.

531 2947 710 3004 Divini
749 2945 990 3002 muneris
1029 2947 1198 3018 gratia
1241 2953 1364 3012 est,
1393 2955 1454 3002 ut
1499 2946 1798 3002 secundum
1833 2953 2056 3016 aposto-

457 3045 570 3100 lum
599 3055 790 3098 omnes
817 3057 984 3096 unum
1007 3057 1202 3112 sapere
1222 3083 1238 3110 ,
1265 3055 1456 3098 omnes
1488 3057 1650 3098 unum
1673 3041 1918 3098 conﬁteri
1943 3055 2058 3098 em-

457 3139 698 3212 perimus
727 3153 742 3194 :
765 3146 822 3194 et
851 3145 1108 3206 quantum
1135 3137 1202 3192 ad
1223 3137 1430 3194 Italiam
1451 3137 1706 3206 pertinet,
1729 3151 1854 3192 cum
1881 3137 1902 3170 '
1931 3135 2058 3194 ﬁdei

455 3243 734 3304 paternae,
765 3229 870 3288 hoc
893 3239 980 3288 est
1005 3231 1148 3300 apud
1177 3231 1412 3288 Nicmam
1443 3231 1660 3302 scriptae
1691 3247 1752 3288 se
1781 3231 2013 3288 reddidit
2039 3273 2054 3300 ,

455 3325 700 3384 fraudem
745 3339 906 3396 quam
951 3339 1110 3396 passa
1145 3335 1228 3380 est
1263 3325 1404 3396 apud
1435 3325 1738 3382 Ariminum
1771 3340 2062 3398 recognos-
2085 3305 2130 3366 C

455 3435 608 3486 cens,
623 3419 894 3494 Illyricum
913 3419 1076 3474 etiam
1097 3419 1268 3474 Deum
1291 3417 1546 3474 clementi
1571 3427 1702 3474 nutu
1719 3419 2024 3490 reapexisse

399 3585 406 3592 Ι
455 3513 777 3582 gaudemus,
807 3519 862 3568 et
885 3511 1160 3566 c0nsortio
1193 3509 1548 3576 inﬁdelitatis,
1581 3525 1690 3582 quo
1709 3511 2058 3582 gravabatur,

453 3603 690 3674 ahjecto,
721 3619 782 3660 ea
827 3619 946 3674 quae
991 3613 1118 3658 sunt
1147 3613 1308 3658 recite
1343 3605 1625 3662 sentcntiae
1673 3604 1902 3674 probare
1945 3619 2058 3660 coe—

457 3698 622 3768 pisse,
655 3697 1006 3766 gratulamur.
1051 3695 1302 3752 Nostram
1347 3697 1544 3768 igitur,
1576 3697 1914 3758 dilectissimi
1953 3697 2060 3756 fra-

457 3797 589 3856 tres,
619 3804 780 3844 uuam
801 3787 1160 3858 eamdemque
1175 3789 1406 3860 accipite
1429 3791 1638 3846 ﬁrmam
1659 3789 2058 3860 subscriptione

455 3883 802 3938 sententiam.
831 3879 1034 3936 Nicarni
1061 3889 1316 3938 tractatus
1339 3881 1601 3938 adversus
1627 3881 1840 3950 Arium,
1863 3883 2056 3938 Sabel-

457 3973 698 4044 liumque
725 4015 742 4056 ,_
769 3974 924 4046 cujus
965 3975 1230 4030 Photinus
1265 3975 1518 4046 partiario
1549 3975 1864 4030 ha-reditate
1899 3975 2056 4032 dant-

457 4075 616 4124 natur
643 4107 657 4134 ,
691 4067 910 4126 decreta
949 4083 1247 4124 servamus.
1294 4065 1656 4126 Ariminensis
1687 4069 1906 4126 concilii
1945 4081 2060 4128 sta-

529 4184 546 4216 ¹
587 4183 776 4242 Exstat
805 4183 948 4256 apud
977 4183 1167 4256 Hilar..
1213 4183 1348 4256 frag.
1373 4183 1466 4242 lib.
1491 4199 1530 4252 ι,
1565 4199 1686 4256 pag.
1717 4183 1806 4240 58.
1831 4185 2050 4254 Baron.,

453 4269 598 4314 anno
623 4257 752 4328 365,
775 4255 924 4314 num.
951 4257 1022 4312 26
1045 4267 1100 4312 et
1121 4255 1210 4312 27.

2158 2577 2270 2626 tuta
2305 2567 2664 2640 quorumdam
2695 2565 3146 2638 tergiversatione
3175 2569 3432 2632 corrupta
3453 2604 3470 2630 ,
3497 2573 3734 2618 consensu

2157 2661 2398 2718 omnium
2451 2660 2852 2731 provinciarum
2917 2657 3036 2728 jure
3085 2655 3486 2720 rescindimus;
3533 2665 3730 2724 quorum

2157 2757 2320 2812 etiam
2349 2755 2678 2826 exemplaria
2705 2751 3120 2810 transmittenda
3147 2751 3484 2817 censuimus,
3507 2759 3562 2806 ut
3579 2763 3668 2806 nec
3685 2749 3730 2804 in

2165 2849 2268 2906 ﬁde
2305 2849 2582 2906 retinenda
2601 2889 2616 2914 ,
2643 2861 2744 2904 nec
2777 2847 2830 2902 in
2861 2845 3196 2902 confutando
3219 2845 3554 2922 Ariminensi
3575 2841 3732 2898 conci-

2163 2944 2236 3000 lio
2265 2943 2442 3016 aliqua
2471 2943 2748 2998 videretur
2778 2941 2800 2974 ³
2827 2939 3238 2996 condescensio.

2235 3039 2568 3108 Quicumque
2589 3039 2752 3108 igitur
2771 3045 2968 3092 nostra:
2997 3051 3098 3090 una
3109 3035 3376 3092 nimitatis
3397 3041 3538 3106 optat
3559 3031 3730 3088 habere

2163 3135 2517 3198 consortium,
2541 3133 2862 3204 quicumque
2889 3128 3216 3184 individuam
3247 3143 3440 3200 pacem
3481 3127 3728 3182 nobiscum

2167 3229 2368 3286 habere
2389 3227 2684 3294 desiderat,
2713 3242 2832 3297 quae
2873 3233 2998 3280 sunt
3035 3233 3234 3280 nostrae
3257 3221 3540 3278 sententiae
3563 3261 3576 3288 ,
3605 3233 3730 3274 com-

2165 3325 2398 3398 probare
2423 3323 2660 3388 festinet,
2693 3329 2747 3376 et
2785 3319 2910 3374 ﬁdei
2937 3319 3096 3374 nobis
3123 3327 3440 3372 memorata:
3483 3311 3728 3380 subscrip-

2165 3419 2398 3485 tionem,
2437 3425 2492 3472 et
2539 3415 2916 3470 rcscissionem
2967 3411 3330 3468 Arimincnsis
3383 3409 3588 3466 concilii
3631 3407 3730 3460 sine

2163 3511 2512 3582 ambiguitate
2541 3507 2828 3564 mittendo.
2862 3505 2918 3562 Id
2965 3515 3114 3560 certe
3149 3505 3414 3578 petimus,
3443 3501 3578 3574 quod
3605 3513 3730 3556 com-

2165 3603 2396 3674 plurium
2447 3601 2636 3658 harum
2690 3599 3090 3670 provinciarum
3131 3597 3462 3668 porrigitnus
3491 3595 3584 3664 ipsi
3621 3607 3729 3648 cun-

2163 3711 2402 3752 sensum.
2432 3695 2698 3750 Auctores
2721 3703 2900 3748 autem
2925 3689 3148 3748 ltmresis
3175 3691 3396 3746 Arianae
3417 3687 3500 3742 vel
3521 3685 3728 3741 Aelianas

2165 3789 2446 3848 Valentem
2487 3797 2542 3844 et
2573 3786 2850 3844 Ursacium
2871 3827 2884 3850 .
2909 3795 3244 3854 cmterosque
3287 3779 3590 3838 eorutndem
3619 3789 3729 3830 con-

2165 3891 2366 3946 sortes,
2401 3895 2508 3936 non
2553 3895 2697 3936 nunc
2729 3895 2850 3936 esse
2881 3877 3022 3950 quod
3053 3873 3392 3932 manifestari
3427 3871 3558 3944 apud
3583 3865 3730 3938 lllyri-

2165 3991 2288 4030 cum
2321 3983 2642 4046 coeperunt,
2669 3973 2766 4030 sed
2793 3973 2920 4032 olim
2953 3971 3354 4028 condemnasse
3377 4011 3392 4038 ,
3421 3963 3727 4024 manifestum

2165 4077 2272 4124 εει.

2235 4189 2254 4222 ³
2269 4187 2430 4244 Olim.

2235 4259 2255 4290 ³
2277 4261 2432 4316 Esse.

899 4397 916 4428 ⁸
957 4393 1294 4452 EPISTOLA
1331 4391 1584 4452 SYNODI
1623 4391 2167 4452 SINGEDUNENSIS
2205 4395 2298 4452 AD
2335 4395 2728 4456 GERMINIUM
2765 4393 3260 4453 SEMIARIANUM.

455 4507 688 4566 Domino
723 4511 1134 4583 religiosissime
1165 4509 1316 4568 fratri
1355 4509 1656 4578 Cerminio,
1695 4511 1914 4580 Valens,
1945 4509 2054 4568 Ur-
2081 4513 2136 4575 D
2163 4511 2424 4568 illibatam
2451 4511 2793 4568 dilectionem
2851 4511 3054 4568 habere
3101 4526 3226 4582 erga
3279 4525 3380 4566 nos
3437 4503 3724 4566 ostendere;

732 4607 938 4674 sacius,
971 4607 1137 4662 Gaius
1166 4617 1218 4662 ct
1259 4607 1487 4676 Paulus,
1529 4605 1780 4662 salutem.

529 4695 666 4754 Cum
697 4697 766 4756 de
808 4715 904 4770 spe
950 4707 1006 4755 et
1034 4701 1204 4756 salute
1235 4697 1545 4754 sollicitudo
1572 4699 1855 4766 incumbit,
1887 4697 2058 4770 magis

459 4791 710 4848 laudandi
757 4807 878 4848 esse
903 4791 1104 4848 debent
1145 4791 1235 4864 qui
1257 4789 1476 4846 solliciti
1511 4799 1653 4858 sunt,
1683 4807 1840 4862 quam
1871 4807 2060 4862 repre-

459 4885 774 4942 hen~ionem
821 4883 1054 4956 aliquam
1097 4887 1386 4939 sustinere.
1433 4883 1592 4942 Salus
1621 4897 1798 4940 autem
1841 4901 1906 4941 ac
1932 4899 2058 4956 spes

459 4979 826 5050 principaliter
883 4979 936 5033 in
987 4977 1092 5033 ﬁde
1145 4977 1410 5032 catholica
1459 4979 1752 5032 consistit:
1795 4985 1854 5034 et
1885 4978 2005 5034 ideo
2034 4981 2055 5012 '

457 5074 702 5145 quamvis
717 5071 1078 5128 conventione
1097 5073 1164 5126 ad
1186 5085 1376 5127 omnes
1399 5079 1616 5128 nostros
1637 5071 1833 5128 fratres
1855 5083 1904 5128 et
1933 5089 2058 5129 coe-

459 5167 710 5236 piscopos
737 5173 955 5222 nostros
977 5161 1203 5219 Valente
1226 5171 1280 5218 et
1309 5163 1476 5218 Paulo
1505 5163 1778 5220 admonita
1801 5165 2054 5230 noluerit,

455 5259 524 5330 ad
565 5259 616 5314 id
651 5259 791 5330 quod
821 5274 1006 5313 rumor
1036 5257 1056 5290 ³
1083 5257 1256 5312 latitat
1283 5255 1350 5312 de
1377 5269 1428 5312 te
1455 5257 1810 5328 respondere,
1841 5259 2058 5315 domine

459 5351 890 5422 religiosissime,
925 5361 1102 5408 tamen
1125 5351 1248 5422 quia
1275 5349 1472 5406 litteris
1501 5351 1606 5406 tuis
1633 5351 1951 5406 testiﬁcatus
1973 5369 2054 5418 es,

459 5453 514 5502 te
541 5446 594 5502 in
639 5445 830 5502 eadem
871 5445 1132 5502 charitate
1161 5457 1536 5518 perseverare,
1573 5453 1630 5500 et
1665 5455 1906 5516 paratum
1939 5459 2060 5502 esse

471 5581 726 5710 nu:li..igh
757 5599 776 5640 ι
815 5581 951 5654 frag.
993 5583 1050 5638 S.
1083 5581 1264 5638 ililarii
1305 5595 1360 5654 p.
1395 5579 1488 5640 40.
1521 5579 1718 5638 Baron.
1767 5595 1894 5638 ann.
1929 5580 2062 5650 566,

550 5727 572 5762 ³
601 5725 799 5802 Quavis
823 5725 1168 5802 contentione
1193 5741 1222 5782 a
1245 5723 1480 5788 dominis
1499 5725 1700 5788 nostris
1729 5723 1984 5788 fratribus
2009 5733 2065 5786 et

485 5799 826 5930 etiam“?
839 5797 1084 5874 Valente,
1117 5809 1193 5870 ot,

2165 4619 2450 4680 prOpterca
2485 4607 2537 4662 in
2586 4624 2751 4662 unum
2791 4607 2931 4679 apud
2961 4607 2982 4639 ⁸
3005 4605 3376 4680 Singedinnnn
3407 4599 3686 4676 congregati
3707 4637 3722 4664 ι

2164 4699 2358 4754 iterum
2411 4701 2492 4756 his
2533 4699 3050 4756 cmunmnefucitnus
3095 4701 3434 4756 sanctitatem
3487 4709 3648 4760 tuam,
3677 4697 3726 4744 ιιι

2165 4793 2310 4848 omni
2335 4793 2616 4849 occasione
2643 4793 2878 4866 ambigui
2903 4791 3146 4862 exclusa,
3174 4793 3411 4866 digneris
3439 4801 3615 4846 rursus
3652 4797 3726 4838 τοο

2163 4887 2402 4942 scribere
2435 4889 2610 4954 nobis,
2653 4889 2696 4942 si
2745 4903 2774 4943 a
2825 4887 2928 4944 ﬁde
2981 4889 3268 4954 catholica,
3309 4903 3426 4958 qua:
3469 4879 3722 4938 Ariminia

2163 4991 2352 5036 saneto
2381 4984 2614 5038 concilio
2637 4983 2877 5052 exposita
2903 4983 3330 5052 continuataque
3349 4991 3450 5048 est,
3479 4979 3556 5034 cui
3584 4973 3722 5030 etiam

2165 5075 2404 5132 universi
2453 5076 2690 5132 Orientis
2735 5075 2976 5146 episcOpi
3025 5082 3454 5138 consenserunt,
3483 5075 3610 5128 sicut
3629 5067 3721 5135 jam

2165 5169 2440 5240 professus
2487 5187 2544 5226 es
2573 5179 2624 5226 te
2659 5187 2766 5227 non
2809 5185 3174 5240 recessurum,
3207 5181 3422 5240 apertus
3453 5171 3472 5200 ⁵
3499 5163 3722 5238 ψιειτίιιιι·

2163 5263 2458 5332 signiﬁces.
2505 5261 2600 5318 Est
2645 5275 2826 5318 autem
2871 5263 2996 5328 hoc,
3043 5265 3182 5318 sicut
3213 5267 3262 5318 in
3291 5279 3352 5320 ea
3381 5269 3582 5318 cautum
3615 5263 3720 5308 est:

2165 5355 2410 5412 Similem
2441 5355 2672 5410 dicimus
2695 5357 2890 5412 Filium
2917 5357 3060 5412 Patri
3097 5359 3392 5412 secundum
3421 5355 3720 5422 Scripturas.

2165 5463 2272 5504 non
2309 5449 2606 5504 secundum
2637 5451 3021 5520 substantiam,
3055 5459 3146 5506 aut
3177 5467 3270 5522 per
3299 5450 3508 5512 omnia,
3541 5441 3624 5500 sed
3647 5437 3722 5494 ab-

2167 5541 2364 5598 solute.
2395 5541 2450 5598 Si
2481 5543 2622 5598 enim
2653 5545 2768 5600 haec
2787 5545 3056 5614 expositio
3083 5547 3358 5602 innnutata
3383 5543 3552 5604 fuerit,
3577 5531 3722 5590 mani—

2166 5635 2306 5692 feste
2333 5637 2604 5706 quondam
2635 5637 2818 5694 Basilii
2849 5639 3052 5710 perﬁda
3081 5642 3330 5708 assertio,
3359 5645 3566 5710 propter
3585 5637 3719 5702 quam

2239 5795 2268 5872 ξ
2291 5795 2678 5872 Singedunutu.

2249 5869 2271 5908 ⁸
2303 5869 2570 5950 Apertius.
