3950 6350
199 317 300 373 575
700 312 1132 374 MONUMENTA
1173 314 1456 377 VETERA
1497 317 1590 378 AD
1627 316 2036 378 ARIANOBUM
2075 317 2474 378 DOCTRlNAM
2513 322 2993 383 PERTINENTIA.
3383 327 3488 382 δτι

197 428 431 502 synodus
462 428 606 484 facta
627 439 731 496 est,
754 444 860 502 qua
887 431 1050 486 etiam
1079 429 1271 487 merito
1297 431 1548 488 damnata
1572 441 1674 500 est,
1703 447 1790 490 re-
1821 437 1870 496 Α
1898 433 1977 492 sic
2010 443 2080 500 te,
2115 435 2255 490 sicut
2284 436 2609 506 optavimus,
2641 439 2844 496 sentire
2870 440 3084 511 scriptis
3109 441 3211 497 tuis
3239 429 3492 498 manifes-

195 523 488 596 parabitur.
524 523 756 596 Dignare
786 524 946 595 igitur
971 523 1072 580 hoc
1098 527 1240 596 quod
1261 527 1543 597 quaeritur,
1574 528 1797 584 eViden-
1899 527 2126 594 taveris,
2173 529 2447 598 querelam
2495 545 2593 600 pro
2637 531 2831 601 injuria
2863 548 2894 587 a
2927 534 3248 604 quibusdam
3277 535 3491 591 clericis

195 625 273 676 ter
303 616 503 671 litteris
534 617 639 672 tuis
668 616 978 674 declarare:
1005 635 1114 674 non
1135 619 1358 688 dixisse,
1377 620 1685 689 autdicere,
1709 620 1793 676 vel

194 709 480 775 dicturum,
521 710 754 766 similem
797 725 917 766 esse
955 727 1050 781 per
1078 712 1254 766 omnia
1286 711 1478 776 Filium
1507 712 1670 780 Patri,
1701 729 1796 768 ex-

193 812 339 872 cepta
377 802 744 868 inuativitate,
783 818 850 856 ne
875 803 1018 874 quod
1055 805 1347 874 perlatores
1376 803 1788 860 litterarumlo-

192 897 370 952 vianos
398 896 663 950 diaconus
696 903 751 951 et
783 896 1072 970 Martyrius
1115 897 1478 956 subdiaconus
1504 900 1668 954 verbo
1693 899 1789 954 tle-

193 988 512 1062 precationis
557 1004 670 1044 suzc
694 1031 710 1058 ,
742 999 866 1045 ante
902 991 1187 1062 praedictos
1225 991 1472 1046 dominos
1502 1007 1650 1048 meos
1682 992 1792 1048 ira-

197 1093 320 1150 tres,
353 1094 408 1138 et
435 1084 806 1154 coepiscopos
833 1095 1050 1140 nostros
1081 1084 1355 1152 Valentem
1377 1097 1432 1142 et
1457 1087 1680 1142 Paulum
1703 1101 1788 1141 as-

192 1177 472 1242 serebant,
527 1178 697 1249 magis
739 1178 996 1234 credibile
1035 1193 1158 1233 esse
1201 1178 1481 1246 videatur,
1520 1180 1644 1250 quia
1693 1194 1788 1250 per

189 1272 358 1328 omnia
389 1271 632 1328 similem
659 1287 783 1329 esse
807 1273 1002 1330 Filium
1032 1271 1176 1328 Patri
1204 1273 1530 1344 profitearis.
1559 1271 1617 1329 Si
1643 1272 1784 1328 enim

257 1440 272 1469 ‘
305 1431 776 1494 Existimationem
818 1446 961 1496 tuam
990 1458 1095 1498 non
1123 1443 1427 1516 pertinent,
1456 1441 1532 1497 illi
1559 1438 1780 1496 scilicet.

1897 620 2001 676 tuis
2033 620 2272 676 Palladio
2304 627 2359 678 et
2380 622 2513 678 Gaio
2550 622 2805 680 fratribus
2841 636 2893 680 et
2924 626 3261 698 coepiscopis
3289 629 3488 686 nostris

1896 710 2089 766 factam
2109 753 2124 778 ,
2157 711 2283 768 licet
2324 715 2562 770 nolueris
2583 755 2596 780 ,
2625 717 2765 772 sicut
2794 718 2963 787 prima
3007 721 3361 776 conventiciis
3392 722 3489 778 ad-

1895 803 2131 860 monitus
2155 821 2236 872 es,
2270 807 2578 874 exquirere,
2611 808 2680 862 ad
2715 811 2728 840 ¹
2762 811 3171 867 aestimationem
3198 821 3342 868 tuam
3369 830 3489 884 per-

1896 897 2058 964 tinet,
2107 899 2212 955 illis
2248 901 2455 958 scilicet
2495 904 2876 972 prazstantibus
2921 921 3018 975 pro
3055 922 3148 962 sua
3181 911 3488 968 temeritate

1899 993 2184 1050 rationem.
2214 995 2339 1052 ll:ec
2374 1013 2468 1068 per
2496 999 2890 1054 Secundianum
2935 1001 3335 1075 presbyterum,
3365 1005 3492 1062 Pul-

1890 1084 2114 1142 leutium
2145 1089 2429 1154 lectorem,
2470 1099 2525 1146 et
2549 1092 2939 1148 Caudidianum
2965 1095 3288 1152 exorcistam
3314 1107 3490 1152 trans-

1885 1178 2135 1236 misimus
2162 1181 2410 1240 charitati
2436 1194 2558 1250 tum,
2575 1184 2788 1242 decimo
2803 1189 2992 1257 quinto
3011 1187 3279 1244 Calendas
3296 1190 3487 1259 janua-

1890 1273 1957 1330 rii
1977 1314 1992 1339 ,
2024 1272 2280 1332 Gratiano
2313 1275 2650 1336 nobilissimo
2677 1279 2735 1334 P.
2762 1289 2816 1335 et
2847 1280 3122 1351 Dagalaifo
3150 1279 3483 1349 consulibtis,

1882 1369 2191 1441 exemplum
2222 1386 2386 1442 penes
2411 1387 2509 1430 nos
2536 1373 2848 1442 retinentes.

835 1560 868 1610 .¹
913 1558 1258 1616 EPISTOLA
1295 1554 1610 1615 GERMINII
1643 1552 2050 1614 SEMIARIANI
2089 1552 2459 1618 ADVERSUS
2493 1560 2818 1622 ARIANOS.

191 1650 422 1707 Dominis
453 1650 718 1710 fratribus
764 1655 1185 1726 religiosissimis
1215 1653 1468 1720 Ruﬁano,
1503 1649 1776 1716 Palladio,

1893 1649 2075 1721 (Joan.
2134 1654 2196 1726 ι).
2250 1657 2313 1710 lit
2362 1659 2655 1726 Apostolus
2695 1660 2761 1716 ad
2807 1659 3156 1722 Corinthios:
3212 1663 3277 1722 In
3304 1666 3486 1739 quibus

250 1744 536 1811 Severino,
569 1746 780 1815 Niclue,
811 1723 1124 1814 Heliodoro,
1159 1748 1408 1813 Romulo,
1437 1745 1704 1812 Muciano,
1733 1753 1787 1798 et
1818 1723 1866 1784 Β
1898 1743 2034 1800 Deus
2063 1746 2218 1818 hujus
2247 1753 2421 1806 saeculi
2447 1756 2718 1810 exciecavit
2746 1767 2937 1813 mentes
2960 1760 3269 1828 inﬁdelium.
3302 1773 3357 1818 ut
3387 1780 3488 1818 non

250 1836 550 1905 Stercorio,
583 1837 892 1895 Germinius
926 1840 978 1894 in
1014 1834 1241 1895 Domino
1271 1839 1521 1894 salutem.

249 1931 435 1988 Vitalis
481 1950 633 1990 nunc
665 1935 948 1990 militautis
984 1935 1035 1989 in
1073 1933 1252 1990 ofﬁcio
1282 1933 1532 1990 sublimis
1564 1928 1788 2002 prteiec-

187 2032 308 2080 turze
353 2027 629 2084 relatione
677 2032 1041 2100 comperimus
1061 2072 1074 2096 ,
1105 2029 1416 2084 desiderare
1441 2025 1784 2082 sanctitatem

186 2127 406 2172 vestram
459 2119 765 2191 signiﬁcari
809 2121 962 2176 vobis
1009 2131 1216 2190 aperte,
1263 2120 1390 2190 quid
1436 2118 1686 2188 estquod
1718 2119 1786 2176 de

185 2211 282 2268 tlde
307 2223 493 2270 nostra
518 2215 757 2282 Valenti,
784 2215 1030 2284 Ursaeio,
1055 2214 1188 2272 Gaio
1215 2222 1270 2270 et
1291 2214 1459 2270 Paulo
1480 2213 1778 2284 displiceat.

185 2305 548 2364 Necessarium
575 2310 702 2366 duxi
729 2310 813 2366 his
838 2311 1032 2366 litteris
1055 2309 1482 2381 patefaciendum
1512 2308 1783 2364 sanctitati

185 2409 402 2467 vestrae,
437 2411 494 2457 et
543 2401 600 2457 id
657 2403 798 2475 quod
850 2405 903 2459 in
933 2405 954 2436 ²
999 2403 1155 2458 vobis
1196 2403 1326 2472 ipsis
1366 2404 1432 2456 ab
1479 2401 1632 2456 initio
1662 2415 1784 2456 esse

184 2495 403 2562 conlldo,
425 2494 637 2562 dicere,
655 2513 754 2553 nos
773 2498 874 2554 hoc
893 2497 1035 2570 quod
1055 2513 1082 2551 a
1104 2497 1342 2568 patribus
1362 2496 1612 2551 traditum
1629 2510 1782 2552 acce-
1822 2558 1824 2560 _

185 2587 366 2658 pimus,
400 2597 452 2644 et
478 2588 692 2646 divinis
721 2591 1026 2664 scripturis,
1058 2589 1200 2662 quod
1231 2589 1396 2644 semel
1425 2587 1707 2645 didicimus
1731 2595 1784 2643 et

186 2688 411 2757 quotidie
458 2689 762 2758 docemus,
811 2689 1084 2746 Christum
1134 2690 1229 2746 Dei
1275 2689 1470 2746 Filium
1495 2689 1777 2744 Dominum

187 2792 412 2838 nostrum
443 2799 544 2855 per
577 2787 759 2841 omnia
793 2785 938 2842 Patri
971 2785 1203 2840 similem
1226 2827 1241 2851 ,
1270 2795 1493 2854 excepta
1531 2782 1782 2838 innativi-

185 2883 316 2942 tate,
345 2877 512 2933 Deum
548 2877 620 2934 de
658 2878 770 2934 Deo
792 2921 807 2946 ,
840 2879 1020 2934 lumen
1061 2879 1127 2934 de
1151 2879 1354 2934 lumine
1376 2921 1389 2945 ,
1420 2878 1673 2933 virtutem
1712 2877 1781 2932 de

185 2969 365 3027 virtute
386 3013 400 3038 ,
433 2972 709 3046 integrum
735 2971 803 3028 de
830 2973 1060 3044 integro,
1095 2973 1393 3044 perfectum
1417 2972 1485 3029 de
1517 2973 1776 3044 perfecto,

185 3074 296 3118 ante
337 3065 536 3122 saecula
585 3076 638 3121 et
669 3075 794 3122 ante
843 3070 1126 3132 universa,
1152 3082 1272 3138 quae
1310 3066 1538 3139 intelligi
1563 3069 1643 3122 vel
1667 3065 1772 3122 dici

187 3166 432 3227 possunt,
479 3160 726 3231 genitum
753 3202 767 3226 ,
801 3161 954 3230 cujus
991 3160 1326 3216 nativitatem
1361 3176 1518 3215 nemo
1543 3161 1644 3220 scit
1676 3161 1774 3216 nisi

185 3247 321 3304 solus
361 3250 550 3317 Pater,
605 3253 722 3322 ipso
771 3253 910 3307 Filio
945 3261 1224 3308 asserente
1255 3271 1267 3308 :
1303 3253 1442 3320 Quia
1468 3270 1614 3308 nemo
1645 3255 1780 3308 nouit

188 3338 368 3396 Filium
392 3344 490 3397 nisi
518 3343 703 3411 Pater,
722 3362 883 3416 neque
915 3345 1122 3400 Patrem
1150 3346 1264 3416 quis
1289 3347 1426 3400 nouit
1455 3347 1556 3398 nisi
1583 3344 1775 3412 Filius,

186 3447 227 3488 et
265 3438 342 3489 cui
380 3438 602 3492 voluerit
645 3437 814 3494 Filius
836 3440 1056 3495 revelare
1089 3437 1313 3511 (Matth.
1349 3440 1437 3514 χι)
1468 3457 1478 3491 :
1505 3455 1595 3511 per
1631 3456 1776 3508 quem

187 3531 311 3598 facta
332 3541 447 3586 sunt
466 3533 664 3600 omnia,
683 3534 792 3588 sine
815 3550 912 3602 quo
934 3537 1130 3605 factum
1155 3542 1229 3587 est
1247 3533 1374 3588 nihil
1396 3532 1578 3606 (Joan.
1602 3532 1666 3607 ι),
1691 3549 1778 3590 se-

186 3625 399 3680 cundum
441 3626 661 3682 divinas
697 3643 863 3683 voces
913 3629 1083 3698 ipsius
1126 3627 1425 3683 Salvatoris
1452 3628 1623 3682 nostri
1655 3627 1774 3682 Filii

189 3713 439 3773 dicentis:
485 3721 648 3774 Pater
691 3735 840 3776 meus
878 3738 1038 3786 usque
1085 3721 1236 3775 modo
1278 3732 1555 3791 cperatur,
1598 3730 1643 3776 et
1684 3738 1775 3792 ego

189 3823 352 3871 operor
384 3810 564 3884 (Joau.
595 3815 676 3884 ν).
711 3812 782 3868 Ει
802 3813 996 3868 iterum
1033 3832 1047 3870 :
1078 3813 1425 3885 Quam-umque
1455 3815 1588 3869 enim
1618 3813 1776 3868 Pater

189 3899 317 3968 facit,
340 3905 444 3960 hate
461 3916 506 3961 et
531 3907 770 3961 similiter
793 3903 968 3960 Filius
991 3907 1113 3977 facit
1140 3905 1408 3979 (Ibidem).
1448 3907 1512 3961 Et
1543 3908 1769 3962 iterum:

189 3992 287 4064 Ego
315 4005 367 4052 et
409 4001 572 4056 Pater
598 4016 761 4054 unum
790 4017 986 4055 sumus.
1023 4001 1086 4055 Et
1113 4001 1306 4056 iterum
1338 4017 1353 4056 :
1385 4000 1486 4068 Qui
1517 4018 1594 4054 me
1618 4002 1769 4071 uidit,

188 4085 299 4141 vidit
317 4100 361 4144 et
385 4089 622 4148 Patrem.
643 4092 706 4147 Et
723 4093 919 4147 iterum
942 4111 953 4144 :
975 4092 1089 4158 Quo
1107 4093 1257 4146 modo
1277 4091 1434 4148 Pater
1451 4093 1602 4147 vitam
1621 4092 1774 4148 habet

187 4193 215 4232 a
233 4185 510 4255 semetipso,
532 4187 606 4240 ita
626 4185 766 4240 dedit
795 4194 841 4241 et
866 4183 1005 4240 Filio
1026 4186 1181 4240 vitam
1209 4183 1396 4240 habere
1421 4186 1474 4240 in
1499 4189 1771 4255 semetipso

190 4270 351 4340 (Joan.
386 4277 521 4350 inv).
549 4277 829 4332 Etitcrum
851 4295 863 4331 :
889 4277 1035 4334 Sicut
1062 4277 1218 4334 Pater
1235 4280 1449 4333 suscitat
1471 4288 1701 4333 mortuos
1723 4288 1770 4334 et

187 4365 406 4436 vivi/ient,
429 4371 504 4425 ita
533 4379 582 4425 et
609 4369 785 4426 Filius
815 4369 836 4402 ⁸
866 4371 1004 4442 quod
1025 4372 1154 4438 uult,
1175 4372 1418 4438 oiviﬁcat.
1455 4371 1518 4428 Et
1539 4375 1766 4430 iterum:

191 4455 388 4520 Creditis
409 4465 460 4518 in
492 4463 680 4530 Deum,
701 4475 746 4520 et
773 4465 826 4520 in
845 4482 922 4520 me
938 4465 1127 4520 credite
1153 4463 1331 4538 (Joan.
1355 4466 1429 4537 v).
1447 4467 1512 4522 Et
1533 4467 1722 4524 iterum
1751 4485 1766 4524 :

1889 1839 2204 1912 refulgerent
2233 1841 2612 1900 illuminatione
2641 1849 2887 1921 evangelii
2917 1851 3098 1921 gloriae
3118 1851 3341 1918 Christi,
3373 1871 3488 1925 quae

1888 1939 1962 1982 est
1986 1929 2157 2001 imago
2181 1929 2279 1988 Dei
2307 1934 2370 2007 (ll
2393 1935 2516 1992 Cor.
2548 1939 2652 2008 tv).
2679 1939 2746 1994 Et
2767 1942 2958 1996 iterum
2983 1943 3125 1998 idem
3152 1945 3444 2014 Apostolus
3468 1964 3481 2001 :

1887 2019 1957 2076 Et
1984 2026 2244 2080 transtulit
2278 2045 2370 2083 nos
2395 2031 2448 2083 in
2484 2049 2640 2103 regno
2670 2031 2800 2088 Filii
2825 2036 3095 2092 charitatis
3125 2037 3166 2104 ‘,
3193 2040 3246 2092 in
3267 2056 3368 2110 quo
3397 2039 3487 2094 ha-

1887 2115 2062 2172 bemus
2107 2120 2506 2191 redemptionem
2542 2136 2587 2178 et
2635 2128 2984 2183 remissionem
3027 2142 3370 2199 peccatorum,
3398 2135 3488 2205 qui

1886 2220 1960 2264 est
1990 2211 2160 2283 imago
2201 2211 2297 2267 Dei
2324 2216 2611 2283 invisibilis,
2643 2221 3017 2292 primogenitus
3043 2226 3208 2279 cuiuis
3235 2236 3487 2282 creatura:

1887 2301 1932 2375 (Ι
1959 2301 2138 2358 Thess.
2167 2304 2231 2376 ι).
2267 2306 2333 2360 Ει
2356 2308 2549 2363 iterum
2573 2311 2711 2365 idem
2733 2313 3056 2382 Apostolus:
3087 2314 3200 2371 Hoc
3217 2320 3348 2373 enim
3371 2336 3490 2374 sen-

1892 2395 1980 2450 tite
2011 2396 2063 2450 in
2093 2395 2232 2450 vobis
2257 2399 2394 2472 quod
2426 2411 2473 2456 et
2500 2403 2552 2456 in
2577 2401 2778 2458 Christo
2803 2404 2834 2458 J
2844 2423 2952 2473 esu,
2980 2408 3068 2479 qui
3097 2425 3211 2462 cum
3239 2413 3291 2464 in
3319 2415 3488 2483 forma

1886 2483 1984 2544 Dei
2027 2500 2186 2555 esset,
2216 2507 2317 2547 non
2339 2495 2574 2566 rapinam
2604 2496 2882 2554 arbitratus
2908 2511 3001 2568 est,
3033 2519 3086 2557 se
3107 2519 3212 2556 esse
3238 2504 3486 2570 (aqualem

1885 2583 2123 2654 Deo,sed
2144 2593 2467 2662 semetipsum
2490 2595 2789 2663 eainanivit,
2805 2597 3024 2667 formam
3050 2599 3182 2653 servi
3205 2601 3482 2671 accipiens,

1884 2679 1938 2734 in
1975 2681 2380 2740 similitudinem
2415 2686 2677 2742 hominum
2724 2694 2893 2762 factus
2941 2691 3170 2765 (Philip.
3209 2692 3312 2764 tv).
3351 2693 3486 2761 Quis

1884 2789 1992 2829 non
2039 2777 2330 2848 intelligat,
2363 2783 2485 2852 quia
2513 2785 2967 2853 quemadmodum
3013 2787 3310 2842 secundum
3341 2789 3486 2845 servi

1885 2870 2109 2926 formam
2159 2889 2286 2929 vera
2334 2874 2433 2930 fuit
2479 2891 2608 2932 caro
2637 2886 2818 2934 nostra
2877 2880 2928 2936 in
2962 2879 3208 2948 Christo,
3241 2883 3313 2936 ita
3345 2893 3400 2937 et
3428 2883 3480 2940 in

1883 2963 1978 3018 Dei
2022 2965 2192 3020 forma
2227 2981 2354 3023 vera
2384 2970 2456 3022 sit
2495 2969 2749 3026 divinitas
2781 2973 2956 3028 Patris
2988 2974 3039 3029 in
3073 2973 3250 3030 Filio?
3280 2975 3351 3030 Et
3377 2965 3482 3031 ite-

1881 3073 1999 3111 rum
2033 3075 2044 3111 :
2088 3057 2267 3115 Videte
2307 3078 2370 3117 ne
2405 3065 2518 3134 quis
2559 3081 2644 3120 vos
2667 3068 2878 3121 seducat
2905 3085 2996 3138 per
3024 3069 3405 3140 philosophiam
3436 3080 3484 3127 et

1882 3152 2085 3206 inanem
2131 3153 2437 3222 fallaciam,
2484 3157 2764 3212 secundum
2815 3162 3143 3215 traditionem
3192 3162 3476 3229 hominum,

1881 3244 2160 3298 secundum
2213 3247 2460 3304 elementa
2507 3249 2664 3319 hujus
2699 3250 2918 3317 mundi,
2961 3262 3007 3306 et
3052 3270 3155 3308 non
3196 3256 3480 3310 secundum

1883 3334 2163 3403 Christum,
2197 3340 2320 3409 quia
2350 3341 2403 3394 in
2432 3342 2545 3411 ipso
2581 3343 2776 3398 habitat
2819 3347 2984 3400 omnis
3035 3347 3299 3415 plenitudo
3350 3349 3482 3402 divi-

1882 3429 2056 3483 nitatis
2097 3432 2431 3499 corporaliter
2465 3434 2532 3506 (ll
2575 3434 2772 3490 Colass.
2804 3451 2862 3501 il,
2895 3437 2926 3492 8
2958 3437 3001 3508 ).
3055 3439 3110 3494 Si
3143 3455 3272 3509 ergo
3302 3440 3480 3496 omnis

1883 3523 2161 3592 plenitudo
2187 3526 2481 3586 divinitatis
2515 3529 2846 3586 inhabitatin
2869 3529 3112 3599 Christo,
3132 3532 3243 3604 jam
3272 3549 3374 3588 non
3405 3549 3470 3588 ex

1882 3625 2034 3684 parte
2081 3618 2290 3687 similis,
2337 3628 2393 3675 et
2430 3636 2494 3675 ex
2544 3631 2698 3692 parte
2725 3622 3022 3690 dissimilis,
3055 3625 3196 3681 sicut
3223 3641 3366 3680 nunc
3393 3642 3481 3681 as-

1880 3717 2094 3771 serunts,
2126 3711 2215 3782 qui
2258 3723 2476 3783 propter
2521 3716 2924 3770 contentionem
2964 3731 3077 3771 suae
3113 3716 3351 3773 libidinis
3393 3733 3478 3773 re-

1880 3809 2112 3858 trorsum
2141 3803 2418 3874 abeuntes,
2452 3809 2776 3879 semetipsos
2805 3811 3021 3866 a-nobis
3049 3811 3069 3843 ⁸
3096 3821 3364 3868 avertunt.

1947 3892 2080 3950 Nam
2107 3897 2250 3966 quod
2281 3909 2466 3968 putant
2493 3915 2552 3957 se
2577 3917 2671 3970 pro
2695 3918 2888 3972 magno
2918 3903 2984 3958 de
3013 3903 3208 3960 divinis
3241 3906 3476 3977 scriptu-

1875 3989 1952 4043 ris
1978 3987 2248 4058 proferre,
2280 4000 2332 4045 ttt
2364 3992 2567 4061 dicant,
2591 3994 2864 4051 Christum
2899 3995 3158 4051 facturam
3185 4009 3240 4052 et
3263 4010 3477 4053 creatu-

1875 4095 1990 4136 ram
2016 4099 2029 4136 :
2073 4099 2103 4138 e
2133 4086 2404 4141 contrario
2447 4103 2544 4144 nos
2573 4091 2869 4144 secundum
2899 4092 3195 4162 scripturas
3222 4091 3469 4159 dicimus,

1875 4181 1931 4228 et
1973 4175 2134 4243 viam,
2183 4186 2236 4232 et
2277 4178 2522 4246 januatn,
2555 4191 2607 4236 et
2649 4181 2880 4250 lapidem
2929 4182 3264 4246 offensionis,
3293 4191 3350 4236 et
3377 4198 3471 4252 pe-

1876 4275 2011 4321 tram
2041 4269 2301 4338 scandali,
2329 4279 2384 4325 et
2411 4270 2844 4339 fundamentum,
2867 4280 2923 4328 et
2943 4274 3244 4338 brachium,
3277 4283 3332 4330 et
3353 4287 3470 4330 ma-

1873 4375 2024 4428 num,
2047 4372 2101 4416 et
2117 4363 2453 4434 sapientiam,
2481 4374 2536 4421 et
2559 4367 2803 4430 verbum,
2829 4378 2883 4422 et
2904 4383 3121 4440 agnum,
3140 4377 3193 4424 et
3216 4385 3396 4435 ovem,
3417 4378 3473 4425 et

1874 4463 2238 4524 pastorem,et
2258 4456 3124 4530 sacerdotem,etvitam,etdicnt,
3141 4463 3328 4518 etalia.
3360 4463 3467 4520 Sed

191 4547 354 4620 Neque
380 4559 515 4612 enim
561 4521 715 4612 Pater
736 4559 941 4631 judicat
987 4521 1317 4630 quamquam;
1364 4521 1458 4614 sed
1497 4521 1768 4634 omne
1789 4521 1845 4586 Ῑ)
2011 4521 2190 4604 omnia
2215 4551 2293 4606 sic
2319 4521 2665 4623 intelligimus
2685 4565 2740 4610 et
2775 4556 3027 4620 dicimus,
3067 4567 3122 4612 ut
3159 4559 3389 4614 virtutes
3415 4568 3472 4614 et

191 4643 360 4701 (licium
385 4651 523 4706 dedit
551 4649 714 4716 Filio,
741 4663 797 4706 ut
823 4667 998 4706 omnes
1025 4651 1364 4719 honoriﬁcent
1391 4650 1610 4719 Filium,
1634 4655 1767 4708 sicut

192 4735 513 4812 honoriﬁcam
555 4742 785 4798 Patrem.
818 4744 887 4798 Et
919 4744 1112 4802 iterum
1144 4746 1229 4800 cui
1261 4743 1422 4800 Pater
1450 4745 1584 4806 dixit
1617 4768 1631 4802 :
1661 4743 1766 4802 Fa-

192 4829 363 4888 ciamus
407 4837 663 4892 hominem
701 4837 769 4891 ad
809 4837 1084 4910 imaginem
1119 4847 1166 4892 et
1202 4837 1593 4900 similitudinem
1645 4855 1768 4894 nos-

193 4934 307 4980 tram
332 4929 479 4998 (Gen.
508 4935 548 4998 1)
581 4949 594 4986 :
635 4947 734 4988 uec
762 4932 929 4998 dixit,
963 4931 1030 4986 ad
1063 4933 1350 5002 imaginem
1385 4943 1550 4997 tuam,
1583 4934 1669 4989 vel
1697 4934 1765 4989 ad

193 5013 458 5090 imaginem
486 5039 682 5091 meam,
715 5041 784 5080 ne
809 5025 1043 5096 aliquam
1075 5025 1565 5083 dissimilitudinem
1595 5027 1649 5083 in
1675 5025 1766 5082 Fl-

193 5109 241 5165 lii
266 5115 339 5169 sui
359 5117 638 5175 divinitate
657 5120 1078 5185 demonstraret,
1109 5120 1202 5176 sed
1230 5132 1515 5192 propterea
1539 5124 1766 5194 conjun-

193 5205 261 5260 sit
279 5208 339 5263 ad
363 5211 643 5282 imaginem
677 5223 729 5269 et
754 5213 1159 5268 similitudinem
1193 5225 1454 5283 nostram,
1481 5229 1537 5272 ιιι
1565 5218 1760 5275 Filium

195 5309 330 5354 suum
383 5305 482 5360 sibi
526 5307 756 5362 similem
799 5323 894 5378 per
941 5307 1122 5362 omnia
1150 5307 1320 5363 Deum
1369 5310 1757 5368 manilestaret.

196 5385 372 5450 herum
400 5396 733 5470 Evangelista
762 5417 776 5454 ε
837 5399 1074 5456 Vidimus
1113 5401 1333 5473 gloriam
1365 5403 1478 5473 ejus
1498 5445 1512 5470 ,
1543 5404 1761 5477 gloriam

197 5488 325 5548 euasi
372 5491 614 5562 unigeniti
657 5510 690 5547 a
737 5491 935 5561 Patre,
992 5493 1200 5563 plenum
1242 5497 1411 5568 gratia
1455 5509 1501 5554 et
1555 5498 1763 5554 veritate

200 5594 467 5728 nu'mbigii
500 5604 688 5679 fragm.
717 5607 889 5664 sancti
917 5588 1104 5671 Hilarii
1137 5621 1190 5688 p.
1222 5607 1312 5666 ii.
1346 5607 1568 5684 Baron.,
1601 5611 1758 5683 ibid.,

257 5735 276 5780 ³
303 5740 473 5808 Nobis.

260 5811 280 5860 '
305 5816 458 5898 Quos.

1871 4643 2214 4712 operationes
2228 4642 2345 4698 Filii
2359 4645 2452 4701 Dei
2467 4645 2830 4719 intelligamus
2847 4691 2862 4717 ,
2888 4665 2995 4706 non
3019 4662 3075 4706 ut
3102 4651 3335 4706 divinam
3351 4652 3468 4721 ejus

1870 4751 1934 4792 ex
1966 4737 2122 4794 Patre
2148 4737 2479 4798 nativitatem
2509 4742 2874 4814 hujuscemodi
2903 4747 3209 4801 nominibus
3251 4762 3469 4817 compa—

1869 4845 2072 4893 remus.
2092 4831 2213 4902 quia
2237 4847 2302 4890 ex
2324 4831 2492 4895 nihilo
2510 4837 2686 4890 otnnia
2712 4853 2808 4908 per
2827 4837 3019 4892 Filium
3047 4836 3183 4894 facta
3207 4849 3355 4904 sunt,
3377 4839 3467 4893 Fi-

1867 4925 1972 4980 lius
1991 4934 2169 4980 autem
2194 4942 2300 4981 non
2323 4943 2389 4982 ex
2418 4928 2716 4995 nihilo,sed
2736 4948 2798 4986 ex
2819 4931 2932 4988 Deo
2955 4932 3113 4988 Patre
3133 4933 3461 5003 estgeuitus.

1947 5018 2178 5074 Valentis
2199 5023 2434 5090 uafricies
2454 5033 2728 5079 notata.——
2752 5021 2916 5080 Miror
2936 5036 3115 5080 autem
3147 5026 3462 5094 prmdictum

1843 5113 2155 5170 'Valentem
2202 5124 2292 5171 aut
2335 5117 2561 5172 oblitum
2595 5133 2738 5184 esse,
2768 5129 2860 5174 aut
2886 5131 3032 5175 certe
3059 5121 3280 5175 subdole
3306 5120 3466 5175 dissi-

1867 5208 2101 5274 mulare,
2125 5209 2250 5279 quid
2281 5211 2332 5265 iu
2359 5213 2688 5282 praeteritum
2720 5223 2926 5283 gestum
2957 5213 3345 5284 deﬁnitumque
3371 5215 3462 5271 sit.

1865 5301 1997 5356 Nam
2052 5304 2152 5357 sub
2206 5304 2360 5360 bonae
2405 5309 2693 5364 memoriae
2751 5304 3070 5363 Constantio
3135 5308 3467 5378 imperatore

1864 5393 2082 5466 quando
2126 5396 2264 5452 inter
2305 5400 2563 5470 quosdam
2608 5411 2848 5470 coeperat
2875 5416 2994 5454 esse
3024 5401 3093 5455 de
3120 5401 3224 5456 fide
3250 5401 3466 5456 dissen-

1863 5487 1943 5543 sio
1967 5529 1982 5556 ,
2027 5489 2077 5543 in
2107 5501 2402 5562 conspectu
2446 5492 2686 5566 ejusdem
2723 5494 3062 5563 imperatoris
3108 5493 3462 5563 prmscntilius

1863 5579 2096 5652 Georgio
2140 5581 2398 5655 episcopo
2441 5585 2823 5650 Alexandrinae
2861 5587 3130 5666 ecclesias,
3180 5586 3462 5654 Pelusinoe

1931 5749 1956 5775 ⁴
1983 5739 2128 5803 Suis.
2172 5757 2175 5760 ‘

1933 5819 1955 5855 '
1987 5819 2332 5890 Averterunt.
