3850 6334
28 273 136 331 577

547 278 976 340 MONUMENTA
1017 279 1292 340 VETERA
1332 281 1425 342 Αιι
1463 284 1872 348 ARIANORUM
1912 292 2307 356 DOCTRINAM
2345 296 2834 362 PERTINENTIA.

3242 307 3348 366 578

35 407 149 496 nee
171 401 196 428 τι
231 392 577 496 impetranda
606 395 864 454 beneﬁcia
891 398 1001 468 jam
1030 407 1207 496 vestra
1240 401 1368 496 sint,
1401 411 1455 456 ct
1483 403 1644 496 impc-
1669 410 1720 470 Α
1744 409 1963 478 judicis,
1992 413 2136 483 quod
2168 415 2480 490 plerumque
2501 424 2812 495 contingere
2835 431 3083 496 poterat,
3113 425 3348 484 arbitrio

33 485 253 539 rialium
304 487 483 542 series
522 488 861 546 decretorum
906 507 1002 562 pro
1048 492 1202 547 nobis
1231 494 1450 550 ambiat.
1505 494 1640 550 Nam

31 579 175 648 quod
220 578 294 634 ad
351 583 662 652 :equitatcm
713 585 985 655 petitionis
1025 586 1249 652 attinet,
1294 588 1404 658 jam
1438 588 1640 644 dudum

37 670 349 728 meruimus
397 675 683 744 impetrare
721 693 840 748 quae
877 679 1183 748 poscimus:
1219 680 1361 750 quod
1409 697 1538 736 vero
1579 681 1648 736 ad

37 767 434 823 necessitatem
466 779 683 839 spectat
710 772 923 847 orandi,
955 771 1026 827 ita
1056 772 1462 844 impetratorum
1497 791 1650 831 care-

38 875 160 915 mus
204 860 447 930 elfectu,
480 873 538 918 ut
581 865 775 921 iterum
821 867 1112 938 impetrare
1154 871 1454 939 cupiamus.
1499 870 1652 938 Quod

37 955 282 1025 quidem,
315 957 732 1014 clen'ientissiini
763 962 1055 1032 principes,
1090 963 1367 1019 hominum
1411 964 1654 1036 perdito-

37 1063 157 1102 rum
181 1049 418 1118 exponit
443 1053 757 1119 amentiam,
790 1064 982 1109 vestrze
1006 1067 1182 1132 autem
1204 1056 1427 1126 justitize
1457 1071 1654 1113 munus

40 1141 395 1209 accumulat,
441 1153 498 1198 ut
544 1145 597 1199 in
635 1145 872 1202 Ecclesia
920 1159 1098 1204 vestra
1151 1149 1409 1206 beneﬁcia
1455 1152 1654 1223 szepius

39 1236 428 1290 Conferantur.

108 1328 164 1380 2.
207 1326 324 1382 Lex
345 1328 413 1380 de
430 1346 586 1384 causa
609 1331 874 1404 religionis
887 1333 1165 1406 judicandi
1187 1336 1649 1407 potestatemRom.

41 1420 278 1491 pontiﬁci
313 1421 567 1477 tribuens.
598 1453 670 1465 —
699 1425 941 1496 Namque
969 1442 997 1480 a
1030 1427 1324 1497 principio,
1354 1429 1539 1484 divino
1568 1444 1654 1484 re-

45 1518 168 1587 pleti
202 1518 440 1589 spiritu,
496 1529 550 1575 et
603 1529 911 1577 sanctorum
966 1523 1389 1592 Apostolorum,
1425 1540 1654 1594 quorum

42 1612 260 1667 habetis
309 1614 366 1667 in
415 1626 598 1671 vestro
637 1615 844 1672 honore
885 1616 1228 1688 suﬂragium,
1275 1631 1556 1675 servantes
1599 1620 1652 1674 in

45 1707 315 1763 dominica
344 1709 611 1781 religione
651 1721 985 1782 praeceptum
1011 1755 1025 1778 ,
1066 1712 1331 1768 statuistis
1378 1713 1444 1767 ad
1476 1713 1656 1768 redin-

46 1795 371 1873 tegrandum
411 1820 609 1876 corpus
638 1807 894 1862 Ecclesia:
916 1849 932 1874 ,
965 1805 1106 1877 quod
1140 1806 1289 1860 furor
1322 1807 1533 1874 Ursini,
1565 1808 1656 1878 qui

51 1896 319 1953 honorem
369 1898 614 1968 arripere
656 1908 742 1955 est
783 1910 1009 1955 conatus
1038 1899 1372 1968 indcbitum,
1417 1901 1658 1957 diversas

48 1999 302 2046 sccuerat
331 1991 386 2046 in
413 2002 615 2062 partes,
644 2004 700 2048 ut
722 2007 942 2050 auctore
965 1992 992 2032 δ
1017 1994 1294 2061 damnato,
1315 1995 1653 2066 cacterisque,

51 2101 182 2156 quos
212 2086 278 2140 ad
329 2087 610 2142 turbarum
655 2089 755 2143 sibi
801 2089 1073 2144 incentiva
1125 2091 1464 2154 sociaverat,
1520 2091 1660 2145 sicut

50 2181 357 2248 Oportebat,
389 2197 418 2236 a
440 2182 636 2253 perditi
668 2183 1047 2254 conjunctione
1069 2185 1316 2250 divulsis,
1343 2185 1411 2241 de
1436 2185 1656 2256 reliquis

53 2274 412 2330 ecclesiarum
455 2277 830 2333 sacerdotibus
861 2279 1147 2348 episcopus
1186 2279 1460 2333 Romanus
1491 2278 1657 2335 habe-

53 2377 133 2424 ret
159 2384 392 2424 exameu
429 2387 444 2424 :
494 2380 553 2424 ut
595 2380 650 2426 et
689 2371 756 2426 de
799 2369 1060 2442 religione
1109 2371 1386 2443 religionis
1417 2372 1654 2443 pontifex

54 2476 170 2516 cuin
212 2463 566 2518 consortibus
606 2463 905 2534 judicaret,
949 2481 1049 2521 nec
1091 2466 1195 2520 ulla
1229 2465 1344 2520 fieri
1388 2465 1659 2522 videretur

55 2552 241 2624 injuria
273 2555 588 2611 sacerdotio
611 2597 625 2623 ,
656 2557 700 2612 si
731 2557 984 2613 sacerdos
1012 2558 1142 2612 nulli
1184 2573 1408 2628 usquam
1438 2559 1649 2628 profani

60 2679 360 2744 censeatur.
409 2670 582 2744 Nemo
608 2680 758 2744 certe
788 2673 1092 2743 negaverit,
1134 2673 1394 2744 quidquid
1426 2690 1488 2728 ea
1519 2675 1658 2744 peti-

63 2749 166 2804 tur,
204 2741 356 2815 illius
387 2743 579 2796 saltem
621 2741 879 2815 instinctu
907 2755 1066 2814 atque
1105 2741 1376 2800 consensu
1408 2741 1656 2815 postula-

63 2819 190 2935 tum.
220 2813 414 2868 Merito
447 2815 626 2884 itaque
652 2814 790 2869 inter
815 2813 1073 2884 epistolas
1107 2816 1319 2871 Damasi
1353 2813 1504 2872 locus
1537 2816 1660 2871 huic

66 2891 126 2935 tri
153 2895 345 2935 luatur.

66 2891 345 2938 trihuatur.

107 2955 275 3008 lilam
305 2957 402 3012 alii
448 2958 513 3012 ad
538 2973 736 3013 annum
766 2959 864 3014 581
893 3000 906 3022 ,
937 2958 1026 3014 alii
1068 2961 1134 3015 ad
1162 2961 1365 3015 exitum
1393 2961 1518 3015 anui
1550 2960 1657 3016 578

65 3027 320 3082 referunt.
343 3030 700 3100 Argumenta,
731 3047 849 3098 qua:
883 3033 1070 3100 prima:
1099 3032 1339 3099 opinioni
1367 3033 1661 3087 adversen-

68 3105 166 3163 tur,
181 3115 410 3167 quaique
424 3088 720 3168 postrema:
733 3088 964 3167 faveant,
981 3088 1252 3167 Labheus,
1269 3111 1404 3158 tum.
1423 3104 1465 3158 ll
1479 3118 1630 3158 conc.
1644 3144 1658 3167 ,
1690 3088 1736 3152 C

68 3184 181 3237 pag.
208 3171 370 3244 l005,
404 3177 588 3242 paucis
633 3173 1016 3242 perstringit‘.
1068 3175 1269 3228 llorum
1313 3177 1554 3244 palmare
1600 3187 1662 3227 ac

69 3243 391 3321 praecipuum
414 3253 520 3308 est,
551 3246 710 3321 quod
738 3246 792 3321 iu_
817 3245 1082 3321 epistolae
1107 3247 1264 3314 hujus
1295 3243 1488 3321 tit_ulo_,
1527 3245 1666 3321 sicut

70 3313 120 3386 in
150 3313 502 3386 inscriptione
549 3313 796 3384 rescripti
839 3317 1144 3386 sequentis,
1180 3333 1283 3370 una
1334 3317 1580 3372 Gratiani
1613 3324 1666 3368 ct

71 3381 464 3446 Valentiniani,
512 3403 619 3441 non
669 3381 932 3441 valentis'
963 3396 1054 3441 aut
1099 3387 1390 3442 Theodosii
1450 3389 1665 3441 nomina

73 3467 410 3514 anuutentur.
441 3457 595 3514 Unde
621 3466 676 3512 et
706 3460 986 3528 epistolam
1029 3461 1166 3513 hanc
1197 3459 1336 3514 intra
1370 3459 1502 3512 illud
1531 3468 1668 3514 tetu-

133 3569 150 3586 ‘
184 3568 298 3634 Haec
319 3579 437 3620 sunt
458 3569 642 3620 Labbei
670 3571 819 3634 verba
840 3585 851 3619 :
896 3589 918 3617 ii
941 3569 1204 3621 Concilium
1225 3571 1492 3620 Romanum
1519 3584 1546 3620 a
1571 3585 1668 3634 quo

76 3628 178 3697 gata
201 3631 293 3697 iuit
317 3632 836 3697 przecedeusepistola
861 3646 988 3697 anno
1006 3634 1092 3683 281
1119 3635 1388 3683 docuerant
1409 3628 1668 3697 Baronius,

77 3691 351 3758 §irniondtis
376 3695 579 3758 aliique.
607 3691 790 3758 Verum
825 3709 911 3743 eos
935 3696 1070 3743 hisce
1107 3698 1416 3758 argumentis
1449 3691 1670 3747 refellit}

77 3753 294 3820 gfriutum
320 3772 384 3807 ex
425 3753 740 3820 tit—uloiillius
773 3759 991 3820 episto'a:
1030 3753 1266 3820 sumit'ur;
1292 3773 1400 3808 cum
1423 3761 1555 3808 enim
1581 3770 1674 3820 nec

77 3812 289 3883 Yali-ntis
312 3835 406 3868 nec
423 3819 688 3883 Theodosii
707 3812 1007 3883 mentionem
1019 3819 1167 3868 ullam
1191 3812 1398 3883 habeat,
1410 3829 1520 3882 post
1545 3819 1674 3869 illius

80 3876 477 3941 deﬂagrationem
512 3888 626 3930 aute
653 3882 795 3940 hujus
820 3883 876 3928 ad
911 3883 1174 3943 imperium
1212 3876 1518 3932 erectiiinem
1552 3884 1674 3930 scri-

80 3947 203 4008 ptam
236 3943 386 4008 fuisse
413 3944 568 4008 palam
594 3950 694 4008 est.
723 3943 875 3993 Periit
899 3943 1080 3993 Valens
1105 3958 1182 3992 au.
1232 3946 1351 4008 578,
1387 3947 1466 4008 die
1504 3946 1534 4008 9
1571 3946 1675 3993 Au-

85 4007 232 4069 gusti;
256 4007 336 4056 die
363 4020 482 4069 vero
509 4006 566 4054 l9
586 4007 795 4069 januarii
830 4008 1049 4069 proxime
1083 4006 1344 4068 sequentis
1369 4007 1676 4056 Theodosius

85 4065 305 4130 salutatus
339 4078 418 4119 est
451 4065 719 4128 Augustus.
749 4065 890 4118 Unde
923 4065 1258 4130 arguitur'vel
1290 4079 1514 4118 extremo
1549 4081 1676 4117 anno

83 4126 187 4184 578,
214 4132 288 4179 vel
316 4133 522 4181 ineunte
534 4126 652 4185 379.
678 4130 940 4192 epistolam
979 4126 1106 4179 illam
1140 4131 1288 4180 fuisse
1309 4134 1555 4192 scriptam.
1586 4131 1677 4179 Se-

89 4193 305 4253 cundum,
334 4206 460 4242 anno
483 4195 568 4243 581
599 4192 872 4243 Ursicinum
899 4192 1156 4242 Mediolani
1182 4193 1376 4242 Arianis
1403 4193 1677 4253 copulatum

90 4264 188 4317 cum
215 4233 420 4306 Valente
446 4256 689 4305 Murconsi
730 4269 897 4304 eorum
933 4255 1172 4317 signifero
1196 4256 1396 4304 consilia
1421 4233 1677 4303 miscuisse

88 4312 254 4380 docent
298 4321 466 4367 Patres
503 4318 842 4380 Aquileiensis
877 4312 1068 4365 concilii
1115 4317 1325 4380 epistola
1367 4319 1522 4380 prima
1566 4329 1677 4366 mox

94 4377 232 4442 edita,
265 4381 356 4430 col.
396 4382 510 4439 998,
549 4377 594 4429 ἑ.
623 4380 687 4430 At
728 4393 826 4442 quo
859 4385 1081 4442 tempore
1115 4377 1328 4442 Romana
1361 4377 1575 4441 Synodus
1613 4379 1672 4426 ad

93 4436 404 4505 imperatores
425 4436 638 4505 scripsit,
663 4436 892 4491 eumdem
915 4436 1189 4505 Ursicinum
1207 4436 1672 4505 Gallias'coercebat

95 4506 158 4566 et
178 4503 433 4554 cohibebat
472 4503 739 4566 Agrippina
783 4505 1002 4552 secessio
1048 4503 1196 4565 longe
1245 4518 1272 4552 a
1314 4503 1673 4566 Mediolanensi

94 4564 208 4634 urbe
231 4567 427 4634 dissita,
457 4564 686 4629 prout'ex
714 4567 818 4628 ipso
839 4564 1190 4634 imperatorum
1209 4565 1575 4634 ad_Aq}iiliiiun'i
1606 4567 1676 4614 vi-

97 4627 266 4675 carium
294 4629 438 4679 Urbis
459 4627 701 4690 resenpto
731 4627 919 4677 Constat
955 4641 1121 4690 supra,
1150 4628 1241 4676 col.
1267 4627 1402 4690 ltuit.
1437 4627 1674 4690 Tertium,

97 4700 212 4750 anno
228 4691 312 4740 581
335 4693 566 4742 vicarium
581 4689 734 4742 .Urhis
757 4689 1157 4740 administrarunt
1181 4689 1426 4748 Antidius,
1447 4691 1503 4736 ad
1531 4689 1677 4750 queui

98 4746 171 4816 lex
192 4751 242 4802 C.
259 4754 464 4811 'l'lieod.,
490 4753 575 4803 lib.
601 4768 668 4810 1x,
691 4756 765 4804 tit.
786 4753 866 4816 38,
889 4752 1372 4816 c.1._Julii?ldata.
1399 4746 1452 4816 et
1475 4746 1676 4816 Potens,

99 4812 152 4858 ad
173 4827 313 4874 quem
336 4817 388 4868 C.
413 4817 620 4878 'l‘heod.,
661 4817 744 4865 lib.
769 4830 832 4878 iv,
855 4812 934 4866 tit.
957 4814 1019 4862 22
1038 4855 1051 4876 ,
1079 4828 1120 4864 c.
1139 4813 1186 4878 2
1207 4849 1220 4872 ,
1246 4813 1471 4878 Qctohris
1511 4815 1569 4864 U
1605 4812 1679 4862 di-

101 4883 240 4941 recta,
269 4892 362 4927 non
385 4892 500 4928 vero
524 4876 982 4941 Aquilinus,'quem
999 4877 1243 4941 mendose
1267 4876 1506 4941 Baroujus
1528 4889 1682 4941 voca-

101 4936 405 5006 Vitvicarium
442 4936 832 5006 ordinariorum',
854 4936 1140 5006 'cuuituerit
1171 4939 1382 4988 vicarius
1422 4938 1564 5006 Urbis
1588 4946 1683 5006 ,_ut

105 5000 213 5048 scite
231 5015 314 5062 pro
337 5018 469 5054 more
489 5005 737 5052 annotavit
759 5000 1070 5052 Sirmondus.
1093 5005 1343 5062 Quartum,
1371 5003 1482 5063 quia
1509 5000 1682 5051 funda-

104 5069 304 5126 meutum
342 5067 602 5116 sententiae
640 5067 896 5114 contrarias
937 5072 1110 5126 Sponte
1151 5077 1239 5112 sua
1261 5068 1477 5124 corruit;
1517 5078 1684 5126 neque

107 5126 224 5189 enim
247 5125 513 5178 Florentius
525 5128 820 5177 Puteolanas
838 5125 1094 5176 damnatus
1107 5125 1197 5174 fuit
1214 5140 1341 5175 anno
1358 5126 1549 5175 Domini
1569 5125 1679 5189 567,

108 5185 189 5232 sed
220 5199 340 5239 anno
361 5193 667 5253 372;neque
703 5192 752 5238 in
784 5192 1399 5253 rescriptoimperatorum
1418 5185 1684 5253 legendum

109 5258 180 5313 est
198 5263 336 5312 supra
357 5255 446 5304 col.
470 5251 562 5303 ltili
573 5251 612 5311 ξ,
646 5253 759 5303 Post
780 5254 1000 5313 quintum
1019 5252 1262 5301 decimum
1287 5265 1482 5310 annum,
1519 5260 1572 5300 ut
1599 5251 1686 5299 ha-

109 5305 350 5378 bebat'ms.
376 5317 496 5367 .cod.
523 5305 620 5378 quo
642 5305 882 5364 Batonius
899 5323 951 5378 et
974 5314 1262 5364 Sirmondus
1288 5305 1545 5378 usigsupt,
1574 5314 1682 5374 sed,

110 5367 451 5444 Postquintum
468 5367 666 5427 dei-num
690 5391 882 5426 annum.
899 5375 992 5425 Hic
1015 5378 1345 5444 quippeanuo
1362 5376 1442 5424 illo
1458 5367 1687 5444 372_syn;

114 5437 185 5499 odi
217 5437 388 5498 judicio
425 5443 712 5498 damnatus,
761 5453 887 5488 anno
922 5437 1036 5499 seq.
1073 5437 1167 5488 3'75
1205 5439 1514 5499 imperatoris
1550 5438 1688 5498 jussu

115 5491 320 5567 i’utrfolis
341 5491 586 5567 extrusus,
614 5491 740 5567 anno
763 5491 1099 5567 578_exeun‘.e
1123 5502 1203 5562 qui
1225 5491 1348 5567 post
1365 5501 1531 5567 synodi
1550 5491 1686 5547 ’δρη-

119 5560 302 5627 tentiam
324 5560 634 5627 sextus(sup.
663 5563 756 5615 col.
785 5563 892 5627 ead.
919 5564 971 5612 in
995 5560 1294 5627 ep.cdncilii
1317 5560 1560 5627 Romani),
1578 5570 1686 5627 post

121 5626 430 5688 extrusionem
454 5624 654 5688 quintus
677 5627 844 5676 turbas
866 5625 1031 5688 denuo
1051 5626 1186 5673 ciere
1210 5625 1374 5688 coepit.
1401 5624 1537 5672 Adde
1561 5625 1687 5688 quod

121 5688 260 5748 annos
275 5686 438 5739 Christi
461 5686 550 5741 381
573 5729 588 5748 ,
611 5691 674 5739 ab
699 5688 901 5738 Ursicini
919 5686 1480 5748 damnationedecimus
1494 5687 1690 5747 quintus

121 5739 284 5816 iniens.
308 5763 397 5816 non
420 5739 524 5816 post
544 5739 789 5802 decimum
820 5752 1043 5813 quintum
1073 5747 1338 5812 dicendus,
1364 5755 1420 5798 ut
1442 5739 1570 5798 idem
1610 5759 1690 5796 an.

126 5811 294 5863 notavit
308 5811 596 5868 Blondeilns.
623 5830 646 5861 ι

1703 4474 1754 4533 D

1757 500 1913 557 facile
1941 504 2267 575 subjaccret.

1829 641 1883 696 3.
1923 641 2077 715 Legi:
2097 645 2410 716 hujuxlaus.
2436 677 2505 690 -
2534 650 2800 708 Praeclara
2824 654 2921 709 ista
2952 654 3111 726 plane
3140 665 3195 714 et
3225 657 3350 713 reli-

1757 736 1924 805 giosis
1955 737 2284 807 principibus
2311 739 2470 810 digna
2498 745 2791 810 sententia,
2827 761 2948 816 qua:
2975 747 3158 803 divino
3190 749 3352 804 mini-

1757 829 1926 884 sterio
1965 829 2254 898 plurimum
2299 832 2539 900 deferat,
2591 852 2692 893 nec
2738 849 2919 908 pateat
2961 841 3154 896 errori.
3209 841 3354 911 Quid

1757 922 1902 976 enim
1933 923 2180 994 dignius,
2213 941 2372 995 quam
2416 937 2473 982 ut
2506 928 2550 983 is
2579 927 2798 985 demum
2835 931 3039 1001 iudicet
3071 934 3140 990 de
3169 949 3353 990 sacer.

1757 1013 1899 1070 dotis
1937 1025 2148 1080 errato,
2191 1019 2282 1086 qui
2322 1019 2406 1073 vel
2447 1021 2675 1077 internae
2713 1024 3064 1080 conscientiae
3113 1024 3352 1082 favorem

1757 1107 1874 1164 sine
1917 1110 2161 1179 periculo
2209 1126 2308 1166 suo
2347 1126 2540 1181 parere
2569 1129 2629 1170 se
2672 1132 2775 1169 non
2820 1131 2982 1187 posse
3027 1127 3353 1189 cognoscat;

1757 1217 1928 1273 seque
1973 1214 2126 1260 reatu
2170 1205 2443 1276 implicet,
2497 1207 2545 1262 si
2587 1208 2831 1264 absolvat
2859 1211 3160 1282 indignum,
3195 1214 3280 1269 vel
3309 1213 3356 1270 si

1758 1295 1978 1352 damnet
2015 1297 2328 1365 innoxium;
2363 1299 2455 1370 qui
2493 1310 2768 1370 postremo
2795 1303 2922 1358 dum
2956 1305 3203 1374 injuriam
3230 1307 3358 1362 reli-

1758 1392 1934 1464 gionis
1978 1392 2289 1461 ulciscitur,
2334 1409 2440 1449 nou
2487 1409 2606 1450 eam
2643 1397 2698 1451 in
2746 1398 3006 1454 lateribus
3040 1411 3062 1439 ε
3094 1399 3358 1457 innocen-

1761 1485 1915 1552 tium,
1945 1485 2041 1540 sed
2066 1487 2306 1542 accusati
2327 1498 2537 1558 quaerat
2562 1489 2614 1544 in
2645 1490 2926 1546 moribus?
2956 1492 3128 1560 Quam
3156 1495 3356 1551 multos

1760 1577 1960 1634 etenim
1987 1594 2132 1650 saepe
2157 1583 2350 1650 patuit,
2375 1595 2512 1653 quos
2533 1583 2865 1639 absolverint
2891 1583 3118 1652 judicia,
3146 1586 3214 1640 ab
3243 1586 3360 1656 epi-

1761 1675 1939 1742 scopis
1968 1689 2090 1729 esse
2125 1673 2410 1731 damnatos
2431 1716 2446 1741 ,
2477 1684 2531 1730 et
2555 1690 2693 1746 quos
2727 1675 2926 1745 judicia
2956 1677 3353 1744 damnaverint,

1759 1769 2070 1825 absolutos?
2093 1779 2149 1824 ut
2182 1771 2375 1826 melior
2399 1785 2587 1826 eorum
2616 1770 2688 1826 sit
2716 1786 2900 1838 causa,
2930 1773 3020 1844 qui
3051 1788 3156 1828 non
3181 1789 3357 1828 saccu-

1763 1863 1897 1918 laria
1917 1863 2143 1931 judicia,
2172 1865 2267 1920 sed
2295 1864 2474 1920 divina
2507 1873 2795 1936 pensantes
2817 1907 2830 1931 ,
2864 1865 3204 1922 abstulerunt
3231 1881 3360 1936 sup-

1764 1957 1982 2028 plicium
1999 1974 2178 2023 suum,
2196 1973 2264 2013 ne
2283 1969 2610 2014 vexarentur
2639 1957 2865 2024 innoxii,
2890 1973 3048 2029 quam
3073 1959 3165 2030 qui
3192 1959 3356 2014 vitam

1764 2066 1916 2106 suam
1941 2047 2610 2107 tormentisinnocentium
2639 2053 3022 2123 probaverunt.
3049 2052 3360 2122 Compluria

1689 2135 1737 2194 B
1767 2153 2106 2211 texereuius,
2146 2146 2580 2218 tranquillissimi
2623 2147 2924 2218 principes,
2971 2146 3075 2202 nisi
3108 2156 3252 2203 esset
3277 2147 3360 2203 iu-

1761 2238 1901 2310 juria
1929 2241 2097 2296 asseri
2128 2241 2299 2311 magis
2328 2240 2546 2296 decreta
2578 2241 2903 2309 imperialia,
2935 2255 3096 2312 quam
3129 2243 3321 2298 teneri.

1838 2332 1891 2385 4.
1939 2331 2006 2386 Ut
2050 2331 2228 2387 eadem
2268 2332 2350 2386 lea:
2387 2333 2637 2402 ﬁrmetur.
2685 2331 2909 2387 Ursinus
2948 2343 3116 2388 motus
3163 2334 3366 2388 occulte

1768 2424 1883 2478 ciet.
1909 2453 1978 2464 ——
2010 2425 2115 2481 Sed
2148 2425 2437 2494 quoniam,
2477 2425 2605 2480 licet
2644 2424 2964 2494 jamdudum
3010 2434 3210 2480 vestrae
3253 2425 3365 2482 cle-

1768 2519 1988 2574 mentiae
2032 2518 2237 2589 judicio
2271 2517 2298 2555 ά
2331 2517 2606 2590 relegatus
2641 2518 2907 2586 Ursinus,
2961 2535 3057 2590 per
3092 2534 3189 2576 eos
3227 2527 3366 2592 duos

1763 2692 1885 2747 pus,
1915 2692 2020 2746 quo
2047 2677 2246 2733 Valens
2267 2678 2591 2745 exstinctus,
2622 2688 2674 2732 et
2702 2676 3046 2735 Theodosius
3068 2680 3366 2749 imperator

1765 2751 2028 2804 salutatus
2057 2759 2160 2813 est,
2215 2749 2318 2804 hoc
2336 2759 2416 2804 est
2443 2749 2583 2803 intra
2615 2764 2814 2804 nonum
2843 2749 3068 2819 Augusti
3098 2751 3227 2806 anni
3256 2754 3366 2810 578

1765 2821 1908 2875 diem
1937 2833 1991 2875 et.
2022 2821 2289 2874 decimum
2322 2837 2522 2876 nonum
2545 2819 2787 2875 Januarii
2830 2823 2956 2876 anni
2984 2822 3088 2879 579
3104 2823 3362 2880 dictatam

1765 2905 1887 2947 esse
1913 2893 2192 2961 colligunt.

1841 2995 1866 3022 ει
1912 2985 2026 3040 Hoc
2053 2997 2124 3041 est
2148 3029 2162 3053 ,
2189 3001 2291 3042 nec
2315 2986 2425 3056 jam
2457 2987 2614 3042 nobis
2634 3002 2770 3058 opus
2801 2995 2883 3043 est
2911 2989 3220 3059 impetrare.

1842 3077 1868 3115 1'
1910 3079 2173 3134 Baronius
2209 3080 2421 3136 diversa
2467 3080 2638 3135 refert
2685 3080 3076 3148 lmperatorum
3110 3080 3162 3136 in
3205 3096 3369 3136 causa

1774 3148 1950 3205 Ursini
1980 3151 2240 3218 rescripta
2270 3170 2283 3206 :
2318 3151 2548 3222 primum
2575 3152 2647 3222 ad
2679 3167 2876 3205 annum
2910 3151 3046 3215 368,
3078 3167 3186 3222 quo
3214 3151 3370 3208 Ursi-

1770 3238 1870 3277 nus
1901 3237 2019 3276 cum
2052 3223 2216 3277 sociis
2259 3237 2323 3277 ac
2355 3220 2618 3275 ministris
2647 3222 2714 3274 ab
2755 3222 2897 3278 Urbe
2932 3220 3166 3292 pellitur,
3201 3223 3370 3277 facul-

1771 3303 1879 3348 tate
1907 3294 1986 3347 eis
2038 3295 2222 3348 relicta
2251 3335 2265 3356 ,
2298 3304 2354 3348 ut
2385 3293 2685 3361 ubicumque
2720 3294 2973 3348 voluerint
3016 3293 3203 3364 absque
3246 3295 3371 3348 reli-

1769 3365 1936 3437 gionis
1987 3366 2203 3436 injuria,
2255 3373 2309 3437 ut
2353 3364 2673 3437 peregrinari
2721 3366 2888 3433 potius
2930 3381 3081 3437 quam
3129 3366 3370 3437 exsulare

1770 3435 2074 3503 videantur,
2130 3436 2340 3506 proprio
2390 3435 2538 3490 liceat
2580 3436 2705 3503 jure
2748 3436 2988 3490 versari:
3028 3435 3254 3489 alterum
3299 3436 3369 3492 ad

1771 3507 2021 3561 eumdem
2054 3524 2250 3560 annum
2273 3550 2287 3572 ,
2318 3522 2423 3577 quo
2456 3509 2594 3562 idem
2629 3507 2930 3576 imperator
2958 3506 3370 3562 Valentinianus

1773 3577 1970 3650 Ursino
2001 3595 2061 3633 ae
2090 3580 2250 3633 sociis
2275 3579 2543 3648 indulget.
2576 3588 2633 3632 ut
2661 3581 2748 3648 qui
2785 3579 2996 3650 expulsi
3040 3578 3285 3650 fuerant,
3316 3580 3368 3650 in

1779 3649 1975 3722 Urbem
2003 3661 2354 3714 revocentur;
2385 3651 2626 3705 severius
2651 3661 2832 3722 tamen
2860 3648 3138 3720 puniendi,
3170 3648 3216 3722 si
3240 3649 3369 3722 quid

1774 3721 2028 3788 deinceps
2056 3734 2229 3776 motus
2263 3723 2502 3775 cierent:
2541 3721 2757 3776 tertium
2786 3722 2852 3776 ad
2881 3738 3078 3775 annum
3104 3721 3228 3788 369,
3261 3721 3373 3791 quo

1777 3808 1963 3846 eorum
1991 3795 2398 3847 extmmuraneis
2421 3795 2770 3856 conventibus,
2797 3793 2938 3848 unde
2958 3795 3209 3862 frequens
3235 3804 3376 3862 stre-

1775 3865 1918 3936 pitus
1945 3866 2298 3930 θχοιιειῦτιιιιιν,
2331 3865 2634 3931 prohibitis,
2663 3866 2900 3919 sancitur
2927 3876 2983 3918 ut
3011 3865 3074 3918 ab
3096 3864 3176 3919 liis
3196 3908 3210 3932 ,
3245 3881 3373 3936 quos

1767 3939 1917 4007 juvat
1943 3937 2226 3990 turbulenta
2255 3936 2725 4008 sejunctio,nullus
2759 3937 2895 3990 intra
2919 3937 3212 4008 vigesimum
3239 3936 3377 4006 lupi-

1779 4008 1891 4060 dem
1933 4019 2204 4062 conventus
2233 4007 2502 4062 habeatur.
2533 4007 2800 4063 Praeterea
2843 4007 3094 4078 quartum
3126 4017 3250 4062 ante
3278 4024 3375 4062 au-

1780 4095 1908 4133 num
1939 4080 2062 4142 571,
2091 4079 2308 4148 prodiit,
2334 4096 2362 4133 a
2395 4079 2624 4133 Baronio
2657 4079 2871 4148 quidem
2906 4079 3147 4140 tacitum,
3179 4078 3272 4133 scd
3305 4095 3374 4134 ex

1781 4166 1845 4204 eo
1875 4151 2013 4217 quod
2049 4163 2320 4220 postremo
2361 4152 2480 4205 loco
2510 4149 2705 4215 refert,
2743 4151 2873 4204 satis
2902 4159 3107 4209 uotum,
3138 4163 3244 4218 quo
3274 4148 3376 4204 Ur-

1781 4223 1932 4276 sinus
1957 4222 2177 4292 ejusque
2207 4232 2508 4282 consortes,
2525 4220 2859 4292 Gaudentius
2880 4221 3153 4292 videlicet,
3179 4220 3371 4292 Ursus,

1782 4289 2257 4357 Rulus,Auxauo,
2291 4293 2592 4352 Auxanius,
2625 4290 2864 4345 Adiedus
2885 4300 2940 4345 et
2962 4289 3153 4352 Rufus,
3187 4305 3292 4344 uno
3321 4291 3374 4345 iu

1785 4364 1905 4418 loco
1937 4364 2072 4416 intra
2115 4363 2317 4417 Gallias
2363 4362 2688 4414 commorari
2735 4361 2869 4430 jussi
2915 4369 3062 4416 sunt.
3116 4360 3372 4427 Quintum

1787 4434 2004 4488 domum
2036 4433 2200 4488 refert
2250 4432 2492 4488 laudatus
2534 4432 2835 4486 Cardinalis
2880 4432 2947 4487 ad
2997 4448 3194 4485 annum
3244 4433 3374 4499 57-],

1782 4522 1886 4575 qua
1909 4508 2239 4560 antecedens
2269 4515 2594 4573 prreceptum
2621 4504 2698 4575 ita
2742 4502 3050 4572 mitigatur“,
3085 4512 3142 4558 ut
3183 4503 3372 4560 iisdem

1782 4574 1812 4632 e
1848 4575 2015 4631 Gallia
2055 4575 2366 4632 discedendi
2413 4576 2562 4643 copia
2607 4574 2694 4629 liat
2733 4590 2797 4628 ea
2841 4575 3163 4638 conditione,
3205 4591 3267 4630 ne
3308 4577 3376 4630 ad

1781 4654 1954 4702 urbem
1987 4649 2202 4703 Romam
2230 4645 2310 4703 vel
2343 4649 2574 4718 regiones
2597 4646 2979 4701 suburbicarias
2999 4647 3217 4718 ualcant
3238 4664 3376 4702 com-

1783 4736 2006 4773 manere.
2035 4719 2231 4775 Verum
2262 4719 2314 4773 in
2348 4717 2495 4774 nullo
2525 4734 2590 4774 ex
2637 4720 2717 4774 his
2760 4717 3038 4789 praiceptis
3070 4719 3139 4774 ab
3179 4717 3377 4774 Ursino

1783 4792 2180 4847 divellebantur
2208 4802 2488 4846 consortes
2533 4790 2648 4861 ejus
2668 4833 2682 4856 ,
2711 4801 2800 4844 aut
2830 4805 2951 4846 cum
2985 4791 3100 4861 ipso
3140 4806 3377 4844 comma-

1786 4880 1916 4919 nere
1962 4864 2404 4933 prohibebantur.
2449 4863 2504 4916 lu
2534 4860 2758 4932 singulis
2789 4873 2844 4917 et
2883 4860 3090 4918 auctori
3133 4871 3185 4933 et
3215 4862 3376 4933 sociis

1787 4951 1880 4990 seu
1922 4931 2224 4990 communis
2277 4949 2454 5004 poena,
2483 4949 2580 4988 seu
2611 4931 2914 4989 communis
2953 4931 3266 5004 decernitur
3296 4932 3376 5004 in-

1787 5009 2079 5077 dulgentia.
2123 5007 2193 5061 At
2241 5001 2474 5062 edictum
2519 5006 2795 5074 Simplicio
2837 5005 3053 5068 datum,
3097 5001 3238 5077 quod
3275 5002 3376 5077 sub

1788 5072 1995 5134 initium
2030 5080 2270 5146 epistola:
2300 5077 2578 5146 sequentis
2619 5072 2950 5130 memoratur
2971 5115 2986 5136 ,
3015 5073 3263 5146 quodque
3292 5072 3380 5146 hic

1792 5152 1963 5228 notari
2015 5143 2177 5219 prope
2211 5143 2429 5228 _certuin
2458 5160 2571 5228 est,
2605 5146 3120 5228 a‘sociisUrsinnm.
3148 5143 3377 5228 divellit,

1790 5221 1916 5276 dum
1948 5221 2089 5275 hunc
2123 5225 2172 5276 in
2202 5221 2377 5277 Gallia
2405 5220 2600 5275 cohibet
2621 5219 2906 5290 Agrippina
2935 5219 3380 5290 secessio_._c;eteri

1791 5309 1917 5348 vero
1939 5295 2005 5348 ad
2019 5296 2347 5348 centesimum
2365 5291 2517 5347 Urbis
2541 5286 2761 5346 milliarc
2783 5290 3059 5356 dumtaxat
3085 5286 3376 5356 pelluntur.

1790 5363 2102 5433 Simplicius
2130 5375 2310 5422 autem
2335 5363 2458 5418 anni
2481 5363 2584 5418 574
2617 5363 2770 5417 initio
2795 5361 2976 5416 vicarii
3002 5355 3164 5413 Urhis
3187 5373 3382 5414 munus

1829 5439 2033 5492 erehat.

1789 5452 2033 5563 “imitati
2068 5517 2335 5564 tormenta
2384 5505 2713 5576 respiciunt.
2763 5503 2960 5574 quibus
2998 5502 3235 5558 accusati
3287 5509 3384 5576 aut
3425 5565 3428 5567 λ

1791 5580 2023 5635 aliorum
2045 5581 2225 5636 Elatera
2254 5579 2439 5634 vexari
2468 5573 2584 5632 [nos
2611 5585 2726 5630 erat
2753 5573 2840 5630 :ia
2871 5588 2978 5645 quo
3023 5589 3175 5630 more
3204 5573 3382 5645 eccle-

1793 5652 2007 5707 siastica
2048 5652 2252 5723 judicia
2291 5653 2584 5706 abhorrere
2620 5644 2894 5702 extremis
2931 5645 3089 5716 hujus
3132 5644 3380 5716 epistolze

1792 5724 1974 5800 verbis
2016 5724 2233 5800 dicitur.
2407 5793 2420 5800 _
2569 5791 2672 5800 ___
2973 5788 3007 5800 __
3053 5790 3083 5800 γ’
3280 5788 3293 5800 ο
3337 5775 3340 5778 .

1865 5795 1892 5834 ιι
1934 5793 2050 5850 Jam
2081 5796 2149 5853 ab
2176 5810 2318 5852 anno
2344 5793 2537 5851 saltem
2569 5791 2676 5849 370
2697 5832 2712 5860 ,
2740 5799 2800 5848 ut
2826 5806 2894 5850 ex
2923 5788 3116 5848 edictis
3141 5788 3389 5865 proxime
