3850 6334
65 199 158 255 58!

538 186 969 259 MONUMENTA
1005 198 1286 260 VETERA
1324 200 1416 258 AD
1454 190 1860 262 ARIANORUM
1902 196 2299 267 DOCTRINAM
2336 208 2820 272 PERTINENTIA.

3248 216 3354 273 582

131 314 182 369 9.
225 310 478 367 Damasus
510 313 685 369 insons
716 317 964 387 probatur
991 334 1008 371 :
1052 314 1206 371 Isaac
1232 318 1507 372 calumnia:
1536 336 1643 386 ρας·
1674 319 1726 378 Α
1754 335 1880 372 vero
1907 320 1975 372 ita
2019 323 2279 378 meruerit
2322 324 2576 389 excludi,
2627 312 2783 380 sileat
2815 330 2869 379 et
2894 322 3143 394 quiescat
3170 340 3183 390 ;
3228 333 3280 378 ct
3309 326 3350 377 si

65 422 153 458 nas
181 405 290 459 luit.
322 403 531 459 Iudicio
561 408 902 461 ecclesiastico
928 408 1166 462 resistens
1195 427 1292 479 quo
1324 420 1470 477 pacto
1500 427 1645 463 coer-

65 496 264 550 cendus.
295 495 521 564 -—Quia
564 497 726 568 igitur
766 510 960 556 chIrm
1002 499 1203 569 judicio
1250 502 1651 572 tranquillitatis

66 592 280 660 probata
323 598 404 645 est
452 590 760 647 innocentia
815 593 1095 649 memorati
1137 593 1319 650 fratris
1346 597 1513 649 nosui
1548 594 1652 651 Da-

64 684 226 749 masi,
256 684 536 755 integritas
585 687 867 755 prmdicata
912 696 1025 757 est,
1070 686 1217 743 Isaac
1257 705 1472 760 quoque
1512 690 1647 759 ipse,

64 778 146 831 ubi
177 794 234 831 ea
267 792 385 847 qua:
414 777 612 834 detulit
643 781 875 851 probare
922 798 1027 837 non
1076 781 1284 853 potuit,
1335 775 1649 840 meritorum

65 885 275 925 suorum
345 881 550 926 sortem
600 881 626 909 η
682 874 861 928 tttlit:
927 890 1237 946 quaesumus
1305 876 1649 932 clementiam

65 972 308 1027 vestram,
336 979 404 1017 ne
435 980 623 1020 rursus
651 967 703 1021 in
740 966 987 1036 plurimis
1012 969 1189 1022 eausis
1218 969 1496 1025 videamur
1522 986 1654 1026 onc-

64 1056 168 1111 rosi
193 1097 209 1124 ,
256 1066 313 1110 ut
356 1056 548 1126 jubere
577 1059 748 1127 pietas
777 1068 953 1114 vestra
987 1060 1241 1129 dignetur
1266 1104 1280 1128 ,
1320 1064 1649 1133 quicumque

65 1148 143 1202 vel
190 1148 333 1217 ejus,
380 1149 464 1202 vel
516 1162 704 1205 nostro
747 1150 985 1220 judicio,
1033 1154 1123 1222 qui
1150 1144 1402 1208 eatltolici
1436 1172 1648 1224 sumus,

64 1241 218 1296 fuerit
241 1240 652 1307 condemnatus,
683 1252 844 1316 atque
877 1244 1075 1316 injuste
1104 1247 1336 1303 voluerit
1362 1246 1650 1304 ecclesiam

64 1338 316 1404 retinere,
346 1338 431 1393 vel
461 1335 724 1393 vocatusb
753 1354 782 1393 a
814 1339 1139 1394 sacerdotali
1167 1339 1372 1411 judicio
1402 1359 1497 1413 per
1523 1359 1655 1398 con-

66 1431 343 1485 tumaciam
376 1447 485 1486 non
513 1431 738 1499 adesse,
784 1444 877 1487 seu
916 1434 984 1489 ab
1012 1432 1315 1489 illustribus
1346 1436 1477 1490 viris
1508 1452 1650 1507 prae.

64 1522 210 1578 fectis
241 1525 496 1594 praetorio
527 1525 693 1580 Italiae
728 1535 952 1591 vestrae,
996 1526 1112 1583 sive
1142 1543 1171 1581 a
1200 1527 1419 1584 Vicario
1448 1531 1651 1586 accitus

62 1616 125 1670 ad
153 1617 336 1673 urbem
366 1618 593 1672 Romam
625 1619 807 1673 veniat
838 1636 851 1673 :
900 1628 993 1674 aut
1022 1620 1068 1675 si
1097 1621 1148 1675 in
1176 1621 1651 1693 longinquioribus

64 1710 300 1778 partibus
342 1710 651 1778 hojusmodi
680 1716 967 1770 emerserit
995 1714 1256 1785 quaestio,
1282 1715 1349 1770 ad
1378 1727 1649 1786 metropo-

62 1803 204 1856 litani
236 1818 334 1872 per
360 1803 600 1859 locorum
624 1805 825 1875 judicia
855 1808 1153 1863 deducatur
1179 1825 1407 1863 examen
1435 1827 1447 1863 :
1492 1810 1574 1865 vel
1604 1809 1650 1866 si

63 1895 171 1965 ipse
200 1898 657 1962 metr0jiolitanus
686 1910 768 1953 est
788 1942 802 1966 ,
836 1899 1061 1955 Romam
1093 1902 1434 1969 necessario,
1469 1903 1553 1958 vel
1584 1902 1651 1958 ad

63 2003 151 2043 eos
178 2005 315 2058 quos
342 1990 617 2046 Romanus
643 1994 929 2064 cpiscopus
975 1994 1187 2064 judices
1224 1994 1470 2059 dederit,
1520 2012 1652 2050 con-

64 2080 282 2137 tendere
308 2084 425 2138 siue
454 2084 709 2139 dilatione
754 2085 1009 2156 jubeatur
1034 2105 1047 2142 :
1096 2088 1167 2142 ita
1199 2098 1256 2143 ut
1286 2088 1379 2158 qui
1419 2089 1652 2160 depositi

66 2178 277 2245 iuerint,
306 2179 375 2235 ab
400 2181 522 2250 ejus
555 2191 762 2236 tantum
791 2183 1024 2237 civitatis
1051 2182 1250 2239 ﬁnibus
1278 2194 1650 2255 segregentur,

64 2270 112 2326 in
142 2286 239 2342 qua
271 2275 544 2342 gesserint
574 2275 957 2341 sacerdotium,
988 2291 1056 2331 ne
1082 2290 1271 2332 rursus
1309 2278 1652 2347 impudenter

66 2376 320 2435 usurpent
346 2369 486 2436 quod
510 2367 632 2437 jure
663 2367 931 2423 sublatum
960 2368 1053 2421 sit.
1074 2364 1233 2423 Certe
1262 2369 1307 2423 si
1335 2370 1416 2423 vel
1450 2381 1653 2425 metro-

66 2461 318 2531 politani,
375 2461 730 2539 velcujusce
779 2464 1000 2517 alterius
1048 2463 1351 2518 sacerdotis
1396 2474 1650 2535 suspecta

65 2553 227 2622 gratia
258 2554 343 2609 vel
372 2555 624 2625 iniquitas
653 2555 813 2611 fuerit
838 2599 853 2622 ,
895 2556 978 2611 vel
1006 2556 1072 2610 ad
1103 2555 1407 2611 Romanum
1439 2558 1653 2626 episco-

68 2659 187 2716 pum
210 2689 225 2714 ,
273 2647 359 2703 vel
393 2647 459 2701 ad
487 2649 777 2704 concilium
808 2659 954 2705 certe
978 2649 1283 2721 quindecim
1316 2662 1335 2687 ο
1365 2650 1652 2723 episcopo-

71 2754 184 2794 rum
232 2742 587 2798 ﬁnitimorum
635 2742 686 2799 ei
731 2743 890 2799 liceat
937 2758 1251 2814 provocare.
1312 2744 1651 2819 Quicumque

142 2937 165 2964 τι
194 2927 250 2983 In
284 2937 552 2991 remotum
583 2926 791 2982 scilicet
820 2926 1089 2996 lliSpanire
1120 2928 1395 2997 angulum,
1436 2941 1495 2985 ut
1524 2931 1657 2987 Gra-

76 2997 245 3054 tianus
276 3003 329 3055 in
354 3001 578 3069 epistola
609 3000 877 3071 sequenti,
903 3016 956 3054 n.
981 2998 1037 3064 2,
1058 3000 1321 3069 loquitur,
1344 2999 1658 3068 deportatus

74 3074 121 3126 vi
150 3073 325 3143 legum
358 3073 594 3138 illarum,
619 3087 751 3139 quas
780 3089 805 3124 a
837 3072 1149 3141 parentibus
1180 3073 1333 3129 latas.
1369 3073 1657 3128 Gratianus

78 3160 212 3198 anno
238 3145 368 3205 585.
393 3147 513 3198 data
537 3147 953 3207 constitutione,
980 3159 1098 3208 ante
1124 3144 1257 3198 Cod.
1290 3143 1417 3209 'l‘h.,
1455 3147 1545 3199 lib.
1573 3162 1629 3200 ix
1650 3186 1663 3211 ,

81 3216 156 3269 lit.
186 3233 349 3271 χχχιι
374 3257 388 3278 ,
420 3218 522 3285 leg.
556 3216 590 3268 ‘2
612 3257 625 3277 ,
662 3216 921 3280 habetur,
954 3215 1297 3269 conﬁrmavit
1328 3215 1410 3268 his
1443 3219 1659 3271 verbis:

80 3286 285 3341 Ncstris
322 3298 367 3341 et
411 3299 676 3357 parentum
722 3298 1010 3339 nostrorum
1050 3287 1493 3343 constitutionibus
1518 3306 1662 3341 com-

80 3360 381 3429 prehensum
413 3370 506 3419 est,
537 3367 641 3411 etc.
693 3357 819 3411 Ideo
861 3360 1379 3411 calumniosissimutn
1420 3369 1572 3429 caput
1618 3371 1667 3415 et

82 3447 347 3502 personam
379 3431 579 3503 judicio
611 3430 769 3483 irrite
796 3429 1072 3503 delationis
1104 3433 1348 3500 infamem
1379 3431 1668 3501 deportatio

83 3502 494 3573 sequatur,_'quo
524 3504 736 3573 posthac
765 3503 956 3573 singuli
984 3502 1303 3571 universique
1331 3514 1667 3574 cognoscant,

86 3590 178 3627 non
210 3575 361 3628 licere
390 3575 441 3627 in
471 3591 529 3627 eo
559 3574 855 3644 principum
889 3574 1089 3626 animos
1132 3590 1480 3642 commovere,
1532 3575 1671 3645 quod

86 3662 179 3699 non
213 3646 372 3711 possit
406 3644 625 3699 ostendi.
1571 3663 1579 3676 -

152 3716 178 3755 δ
210 3717 457 3787 Sequens
488 3714 742 3786 epistola,
771 3731 825 3769 η.
859 3714 910 3771 6.
933 3714 1075 3770 hunc
1107 3717 1434 3772 conlirmans
1466 3718 1671 3784 locum,

88 3789 156 3863 ita
189 3789 340 3843 illum
385 3788 581 3857 repetit
613 3805 624 3839 :
654 3788 737 3863 qui
771 3798 1009 3863 evocatus
1046 3787 1113 3839 ad
1147 3791 1481 3863 sacerdotale
1518 3791 1667 3863 judi-

88 3862 220 3913 cium
259 3877 347 3929 per
384 3860 757 3914 contumaciam
786 3876 885 3912 non
918 3860 1108 3912 ivisset.
1147 3858 1224 3914 Ex
1256 3877 1362 3930 quo
1392 3858 1556 3916 etiam
1590 3863 1678 3917 hic

91 3933 152 3984 ad
195 3932 510 3986 sacerdotale
552 3930 813 4003 judicium
875 3930 1157 3998 legendum
1200 3948 1322 3987 esse
1362 3933 1677 4003 conjectura

92 4011 171 4056 est
195 4023 207 4056 :
252 4004 353 4057 nisi
383 4004 504 4070 quis
524 4045 538 4065 ,
569 4002 779 4055 sublata
806 4003 1189 4072 przrpositione
1217 4022 1278 4065 a,
1322 4002 1473 4058 malit
1501 4021 1676 4059 sacer.

94 4074 249 4128 dotali
292 4075 491 4146 judicio
522 4074 574 4129 in
604 4074 766 4127 dandi
794 4090 941 4139 casu,
974 4075 1115 4144 quod
1142 4075 1208 4129 ad
1235 4075 1460 4131 verbum
1496 4078 1679 4130 adesse

96 4148 376 4200 releratur.

167 4228 187 4255 ο
228 4216 673 4287 Carthagineusis
701 4233 734 4271 tt
765 4216 979 4270 concilii
1008 4230 1180 4287 canon
1212 4217 1297 4281 10,
1325 4216 1510 4273 Codici
1552 4234 1675 4273 can.

98 4287 239 4342 liccl.
272 4281 520 4344 Al‘ricfc.
550 4288 638 4350 12.
670 4289 924 4352 insertus,
957 4281 1119 4341 etiam
1148 4288 1213 4340 ad
1246 4289 1470 4356 primatu
1503 4306 1681 4345 causa:

99 4360 381 4429 cujuslibet
421 4362 658 4428 episeopi
707 4360 1074 4429 cognitionem
1114 4360 1360 4414 decernit
1398 4363 1681 4416 secundum

100 4441 290 4485 statuta
333 4444 555 4487 veterum
602 4433 938 4485 conciliorum
961 4472 976 4496 ,
1021 4440 1074 4482 ut
1110 4432 1153 4483 si
1179 4433 1290 4499 quis
1319 4434 1589 4499 episcorius
1628 4434 1683 4486 in

102 4513 296 4556 reatum
323 4506 538 4571 aliquem
570 4504 868 4564 incurrerit,
892 4512 938 4556 et
965 4500 1117 4571 fuerit
1144 4505 1191 4555 ei
1220 4504 1377 4556 nimia
1407 4506 1683 4559 necessitas

104 4590 203 4628 non
232 4575 657 4657 posseplurintos
688 4576 1027 4657 congregari,
1054 4591 1141 4657 “ne
1175 4575 1229 4628 in
1273 4576 1482 4628 crimine
1518 4591 1683 4629 rema-

1756 412 1846 465 Dei
1887 412 2150 482 judicium
2184 433 2287 468 uou
2323 429 2557 484 veretur,
2589 417 2767 471 minus
2799 425 2980 471 tamen
3012 431 3238 487 peccare
3268 418 3350 472 vcl

1755 506 2078 561 necessitate
2117 519 2343 576 cogatur
2384 526 2395 562 :
2449 521 2506 563 ut
2552 511 2746 565 saltem
2800 511 2866 565 de
2903 521 3105 565 caetero
3147 511 3352 580 pacifici

1753 609 1914 667 atque
1941 601 2240 654 concordes
2265 603 2543 655 serenitati
2574 615 2768 657 vestra:
2797 617 3067 673 eongruas
3093 603 3232 673 apud
3258 603 3355 659 Do.

1753 694 1957 749 minum
1992 707 2237 749 nostrum
2272 696 2473 751 referre
2502 698 2705 767 gratias
2738 701 3029 767 possimus.

1831 788 1915 841 10.
1952 784 2180 841 Damaso
2212 788 2286 841 uti
2317 789 2519 842 licuisse
2543 791 2688 858 jure,
2715 806 2815 859 quo
2846 789 3171 845 sacerdotum
3199 806 3358 846 causa

1744 879 1961 951 judiciis
2002 880 2321 934 sacerdotum
2361 880 2679 935 attribuitur.
2715 912 2785 922 —
2816 882 3147 938 Memoralus
3189 883 3357 939 frater

1754 982 1938 1027 noster
1966 972 2229 1028 Damasus
2253 1013 2269 1040 ,
2323 976 2575 1043 quoniam
2606 976 2659 1029 in
2693 991 2788 1030 sua
2819 991 2980 1030 causa
3012 976 3178 1031 vestti
3212 986 3357 1033 tenet

1757 1064 1966 1136 insigne
2007 1065 2194 1135 judicii
2223 1109 2239 1134 ,
2291 1082 2399 1122 non
2448 1069 2542 1121 ﬁat
2595 1067 2817 1123 inferior
2849 1068 2967 1135 liis,
3013 1071 3210 1140 quibus
3253 1069 3357 1125 etsi

1755 1161 1979 1229 aequalis
2008 1169 2092 1215 est
2126 1177 2380 1226 munere,
2426 1163 2784 1232 prserogativa
2813 1171 2993 1218 tamen
3037 1162 3352 1233 apostolica:

1754 1253 1899 1309 sedis
1944 1256 2197 1322 excellit,
2248 1262 2306 1308 ut
2345 1254 2563 1324 judiciis
2596 1255 2824 1324 publicis
2852 1253 2879 1290 ά
2914 1255 3198 1311 videantur
3226 1271 3357 1312 esse

1754 1346 1986 1418 subjecti
2006 1391 2020 1415 ,
2064 1346 2262 1419 quibus
2294 1348 2637 1404 sacerdotale
2667 1359 2829 1419 caput
2878 1349 2963 1405 lex
2994 1358 3174 1406 vestra
3201 1367 3351 1405 sum-

1756 1442 1937 1497 movit.
1980 1442 2034 1498 ln
2057 1460 2163 1514 quo
2195 1455 2315 1514 past
2344 1443 2669 1499 sententiain
2704 1459 2809 1498 non
2843 1444 3054 1499 videtur
3083 1445 3361 1499 declinare

1749 1534 2034 1609 judicium.
2065 1538 2159 1593 sed
2189 1539 2422 1593 delatam
2452 1554 2483 1592 a
2513 1538 2669 1593 vobis
2703 1538 3171 1593 honoriﬁcentiam
3202 1538 3355 1607 ﬂagi-

1756 1638 1892 1685 tare.
1958 1630 2089 1684 Natn
2139 1629 2284 1702 quod
2334 1631 2400 1685 ad
2442 1631 2592 1702 leges
2631 1629 2876 1701 publicas
2925 1631 3189 1699 pertinet,
3242 1645 3361 1697 qua:

1680 1696 1729 1768 Β
1759 1734 1939 1798 potest
1980 1740 2101 1780 esse
2128 1724 2235 1780 vita
2289 1726 2581 1792 munitior,
2635 1740 2796 1796 quam
2848 1733 3025 1778 vestra
3075 1723 3363 1778 clementia

1760 1834 1865 1889 qua
1904 1819 2154 1874 innititur
2185 1830 2208 1856 ε
2246 1818 2535 1889 judicata?
2580 1817 2735 1885 Quod
2779 1833 2911 1873 vero
2944 1818 3013 1871 ad
3063 1818 3366 1886 praedican-

1760 1913 1883 1967 dam
1914 1912 2154 1981 episcopi
2187 1912 2581 1968 conscientiam
2618 1911 2635 1950 ί
2659 1954 2675 1977 ,
2727 1911 3099 1966 severioribus
3125 1924 3185 1967 se
3214 1910 3366 1966 dedit

1762 2005 1878 2075 ipse
1912 2003 2135 2075 judiciis
2179 2005 2572 2072 sacerdotum,
2614 2018 2646 2058 a
2696 2002 2889 2074 quibus
2934 2019 3044 2057 non
3103 2003 3362 2070 nominis,

1764 2098 1859 2152 sed
1888 2098 2052 2152 etiam
2109 2114 2319 2151 tuorum
2352 2098 2492 2150 ratio
2540 2107 2835 2167 penSatur,
2888 2110 2955 2149 ne
2998 2095 3118 2163 quis
3171 2096 3366 2149 iterum

1767 2191 2129 2245 calumniator
2182 2191 2494 2257 exsistens,
2560 2190 2686 2244 dum
2738 2196 3097 2242 memoratum
3143 2197 3372 2243 conatur

1758 2294 2016 2354 appetere
2040 2320 2057 2350 ,
2110 2284 2281 2338 virum
2311 2283 2530 2353 quidem
2563 2283 2739 2351 ipsum
2772 2297 2879 2336 non
2927 2289 3091 2351 queat
3137 2280 3361 2345 laedere,

1757 2391 1918 2447 quem
1975 2377 2284 2432 innocentia
2334 2391 2429 2429 sua
2480 2376 2695 2440 munit;
2743 2374 2990 2445 religioni
3046 2382 3227 2430 tamen
3274 2374 3369 2429 ﬁat

1758 2470 1951 2539 injuria
1994 2469 2048 2524 in
2090 2469 2468 2523 vexationibus
2516 2467 2911 2523 ministrorum.

1834 2565 1918 2618 Η.
1957 2562 2026 2618 Ut
2056 2562 2328 2630 episcopus
2350 2560 2619 2616 Romanus
2649 2572 2738 2616 aut
2761 2560 2903 2630 apud
2936 2576 3087 2614 suum
3115 2567 3204 2614 aut
3230 2558 3375 2629 apud

1758 2657 2027 2728 imperiale
2053 2656 2329 2711 concilium
2353 2672 2407 2710 se
2428 2656 2694 2726 delendat.
2718 2654 2899 2709 Judici
2930 2658 3070 2724 facta
3095 2654 3371 2724 inquirere,

1763 2769 1865 2807 non
1895 2751 1959 2807 de
1987 2752 2050 2805 iis
2070 2749 2374 2805 sententiam
2401 2752 2538 2821 ferre
2572 2748 2743 2803 liceat.
2768 2747 2815 2801 A
2837 2746 3101 2802 tormentis
3131 2745 3368 2802 abhorret

1763 2934 1852 2990 hic
1898 2933 2127 2990 indicari
2178 2950 2243 2989 eo
2289 2932 2624 3003 probabilius
2676 2933 2950 2993 videatur.
2997 2931 3141 2999 quod
3192 2932 3365 3000 ipsius

1765 3007 1898 3075 legis
1927 3007 2127 3065 verbis.
2154 3023 2243 3060 nec
2271 3022 2476 3059 munere
2505 3008 2678 3073 impar
2707 3008 2795 3070 sit,
2820 3022 2913 3058 nec
2919 3007 3046 3075 jure
3076 3005 3369 3072 dissimilis,

1764 3074 1997 3146 quodam
2029 3077 2191 3131 modo
2221 3076 2585 3146 respondeant
2620 3078 2719 3129 ista
2751 3074 2966 3130 concilii
2992 3118 3005 3139 ,
3048 3074 3263 3145 wqualis
3301 3082 3375 3129 es:

1766 3164 2007 3210 munere,
2057 3149 2399 3219 prmi-ogolino
2445 3158 2617 3201 tamen
2649 3149 2784 3202 sedis
2816 3147 3113 3219 apostolica:
3145 3148 3372 3201 excellit.

1769 3220 1879 3273 Nec
1908 3229 2171 3289 repugnat
2211 3218 2354 3288 quod
2386 3219 2707 3273 Ambrosius
2757 3220 2928 3289 legem
2981 3218 3162 3272 laudet
3207 3233 3372 3288 quam

1774 3291 2155 3346 Valentiniano
2204 3292 2463 3344 adscribit
2492 3330 2505 3351 ,
2558 3291 2846 3344 concilium
2896 3306 3024 3344 vero
3068 3289 3240 3357 legent
3284 3290 3376 3345 hic

1776 3361 1980 3417 indicet
2027 3378 2185 3431 quam
2235 3360 2421 3415 tribuit
2464 3360 2744 3415 Gratiano.
2812 3360 2949 3414 Nihil
3003 3360 3146 3414 enim
3204 3369 3373 3427 vetat,

1775 3435 2062 3496 quominus
2090 3434 2277 3485 eadem
2311 3435 2391 3485 lex
2414 3475 2426 3495 ,
2476 3449 2597 3501 qua:
2624 3435 2909 3500 utriusque
2937 3448 3134 3485 nomen
3178 3448 3287 3501 pra:
3314 3447 3376 3487 se

1777 3505 2004 3568 ferebat,
2041 3515 2095 3558 et
2121 3504 2505 3558 Valentiniano
2546 3507 2774 3559 senrsim
2819 3505 2887 3556 ab
2916 3502 3206 3557 Ambrosio
3248 3504 3376 3558 dum

1779 3578 1949 3645 ipsius
1996 3577 2162 3629 tilium
2203 3575 2624 3645 alloquebatur,
2678 3588 2731 3629 et
2773 3578 2999 3629 seorsim
3044 3574 3307 3629 Gratiano
3346 3592 3376 3629 a

1777 3648 2007 3703 concilio
2049 3647 2101 3701 in
2137 3647 2391 3716 precibus
2428 3663 2564 3716 quas
2593 3647 2644 3701 ei
2672 3647 2966 3710 otl‘erebat,
3016 3646 3372 3702 tribueretur.

1778 3720 2111 3789 Quamquam
2140 3730 2198 3774 et
2236 3719 2286 3772 in
2316 3718 2666 3773 Collectaneis
2692 3761 2707 3782 ,
2757 3732 2876 3785 quae
2902 3716 3175 3771 Coislinns
3204 3720 3379 3773 codex

1781 3808 1925 3845 nouo
1962 3791 2166 3845 saaculo
2203 3801 2459 3845 t-XaraIus
2499 3800 2765 3857 asservat,
2807 3791 2963 3843 alinu
2996 3804 3059 3844 ea
3101 3789 3168 3845 de
3212 3800 3271 3845 re
3302 3790 3382 3845 lc-

1779 3878 1899 3934 gettt
1929 3874 2120 3934 nactus
2146 3876 2263 3915 sum
2294 3863 2345 3915 in
2376 3862 2769 3934 hlltlt‘_llltldtllll
2814 3861 3083 3914 laudatam
3113 3879 3125 3913 :
3170 3860 3381 3916 Gratia-

1780 3931 1914 3999 nus,
1952 3933 2349 3987 Valentinianus
2399 3944 2446 3987 et
2498 3931 2820 3987 Theodosius
2861 3934 3273 3999 constituerant,
3320 3948 3384 3987 ne

1781 4007 1894 4075 quis
1916 4006 2103 4058 audeat
2128 4006 2269 4074 apud
2291 4005 2499 4077 judices
2531 4004 2762 4073 publicos
2789 4006 3087 4073 episcopum
3110 4020 3379 4077 accusare,

1782 4078 1871 4132 sed
1920 4079 1971 4130 in
2013 4074 2374 4145 episcoporum
2414 4078 2732 4130 audientiam
2775 4080 3002 4143 perferre.
3032 4091 3135 4127 non
3166 4074 3378 4141 cli/ferat

1781 4148 2031 4219 quidquid
2076 4149 2173 4202 sibi
2204 4164 2296 4216 pro
2327 4149 2576 4218 qualitate
2608 4148 2797 4215 negotii
2825 4157 2967 4219 putat
2999 4161 3149 4216 posse
3175 4162 3382 4219 corripe-

1784 4230 1923 4284 tere,
1971 4230 2024 4272 ut
2062 4220 2115 4272 in
2141 4221 2501 4288 episcoporum
2526 4220 2755 4272 aliorum
2784 4218 2990 4288 judicio
3034 4230 3149 4285 qua:
3192 4218 3384 4271 adserit

1786 4303 1963 4344 contra
2006 4287 2302 4355 episcopum
2354 4291 2569 4343 debeant
2622 4290 2849 4353 deﬁniri.
2913 4287 2969 4342 Si
3019 4299 3197 4341 autent
3242 4288 3381 4342 hanc

1785 4361 1959 4431 legem
2002 4377 2146 4415 nunc
2185 4376 2213 4413 a
2244 4360 2491 4413 Romano
2521 4361 2755 4431 concilio
2783 4359 3196 4431 commemorari
3236 4359 3384 4427 judi-

1786 4444 2037 4495 caretur,
2093 4446 2280 4487 eorum
2309 4472 2325 4496 ,
2380 4431 2471 4500 qui
2528 4430 2816 4496 epistolam
2865 4430 3004 4483 hanc
3046 4440 3174 4485 ante
3217 4446 3381 4501 quam

1786 4503 2129 4559 Theodosius
2170 4503 2459 4571 imperium
2494 4503 2701 4556 iniisset
2729 4502 2986 4571 scriptam
3021 4508 3231 4569 putant.
3267 4505 3387 4558 lun«

1789 4576 2099 4629 (iumentum
2141 4585 2341 4629 rueret.
2409 4573 2579 4628 Porro
2610 4574 2677 4627 de
2708 4573 2827 4643 lege
2858 4589 2984 4628 mox
3026 4574 3239 4628 laudata
3278 4576 3384 4629 Va-

103 4644 253 4711 neat,
303 4664 332 4700 a
361 4644 628 4700 duodecim
668 4644 919 4718 episcOpis
958 4645 1222 4718 audiatur.
1268 4650 1435 4713 Quem
1476 4663 1681 4701 morem
1710 4644 1765 4705 D
1792 4646 2121 4702 lentiniauus
2165 4645 2227 4701 Ill
2250 4686 2265 4712 ,
2292 4644 2515 4701 Novella
2546 4660 2690 4701 anno
2716 4644 2826 4702 452
2853 4645 2999 4710 data,
3028 4644 3115 4699 t-it.
3148 4646 3212 4700 12
3235 4688 3250 4713 ,
3292 4646 3389 4703 de-

106 4718 264 4771 etiam
304 4719 367 4772 ab
395 4718 631 4774 Ecclesia
668 4716 905 4771 Romana
939 4716 1110 4771 teneri
1149 4718 1495 4772 CilnSlll‘VisSC
1524 4718 1685 4774 Nico-

107 4787 219 4843 laus
248 4788 289 4855 I,
329 4790 485 4859 epist.
519 4790 584 4842 ad
615 4789 965 4859 Salomouem
988 4804 1199 4857 regem,
1246 4791 1466 4853 prolatis
1497 4790 1687 4844 deces-

108 4875 292 4914 sorum
322 4858 538 4917 suarum
569 4860 763 4916 Leonis
792 4860 836 4914 ll
872 4870 926 4913 et
958 4858 1230 4914 Benedicti
1262 4860 1327 4915 lll
1370 4863 1689 4917 testimoniis

111 4933 405 4987 continuat.
440 4934 537 4987 His
553 4934 869 4997 Gregorium
890 4933 931 5000 Ι,
958 4933 1049 4987 lib.
1076 4948 1128 4997 v,
1156 4932 1269 4987 Ind.
1302 4934 1386 4999 15,
1420 4935 1578 5003 epist.
1597 4937 1687 5002 δῖ),

113 5013 166 5058 et
195 5004 328 5073 alios
356 5005 593 5073 adjicere
625 5005 907 5073 potuisset.
1434 5054 1437 5055 ,

181 5072 209 5147 ξι
252 5072 565 5137 Malleolus,
611 5072 839 5129 videatur
883 5091 991 5129 esse
1034 5076 1310 5147 subjectus.
1349 5075 1692 5142 Ambrosius,

115 5145 274 5216 epist.
303 5149 363 5203 21
407 5149 472 5202 ad
504 5147 935 5203 Valentinianum
973 5145 1270 5216 jttnio‘rem,
1296 5164 1348 5201 n.
1392 5149 1461 5209 2.
1503 5148 1695 5202 Valen-

119 5220 308 5273 tiniani
346 5222 578 5276 senioris
620 5219 798 5273 laudat
838 5219 1007 5289 legem
1034 5264 1048 5287 ,
1111 5234 1212 5287 qua
1258 5221 1360 5273 iste
1399 5220 1697 5290 imperator

120 5301 330 5356 sanxit,
356 5294 408 5345 in
442 5308 598 5345 causa
627 5292 743 5353 ﬁdei
786 5291 1218 5363 celgecclesiastici
1247 5292 1467 5363 alicujus
1498 5292 1698 5345 ordinis

122 5376 235 5435 eum
270 5364 506 5435 judicare
528 5363 742 5427 debere,
792 5360 880 5432 qui
910 5379 1000 5415 nec
1030 5378 1238 5415 munere
1266 5360 1434 5431 impar
1464 5363 1559 5428 sit,
1608 5377 1701 5417 nec

115 5433 235 5502 jure
256 5433 514 5489 dusimilis
540 5434 669 5506 (hwc
693 5435 826 5488 enim
852 5435 1001 5486 verba
1027 5435 1260 5506 rescripti
1286 5440 1447 5502 sunt),
1481 5436 1577 5487 hoc
1605 5442 1699 5497 est,

125 5507 409 5563 sacerdotes
437 5507 498 5560 de
525 5505 869 5560 sacerdotibus
900 5506 1059 5559 voluit
1081 5505 1334 5573 judicare.
1387 5506 1523 5573 Quin
1554 5507 1705 5559 etiam

127 5577 172 5629 si
200 5579 330 5631 alias
355 5580 563 5650 quisque
588 5588 884 5649 argueretur
914 5578 1234 5650 episcopus,
1262 5588 1309 5630 et
1348 5594 1550 5650 morum
1581 5584 1705 5650 esset

130 5647 489 5718 examinanda
515 5647 701 5716 causa,
752 5650 904 5702 etiam
944 5647 1055 5701 lucc
1097 5647 1257 5700 coluit
1306 5648 1376 5701 ad
1408 5648 1707 5718 episcopak

128 5716 383 5785 iudiciuin
410 5722 681 5793 pertinere.
731 5721 902 5788 Quam
934 5718 1111 5789 legem
1140 5730 1171 5772 a
1199 5719 1428 5775 concilio
1448 5716 1707 5775 Romano

1789 4718 2017 4774 rotzavit.

1820 4733 2035 4844 083m}:
2060 4796 2162 4857 est,
2197 4804 2358 4860 quam
2392 4790 2497 4843 vita
2531 4790 2673 4860 ejus,
2702 4790 2792 4859 qui
2822 4788 2891 4843 ab
2922 4789 3037 4858 ipso
3065 4790 3389 4858 imperatore

1789 4861 2060 4931 judicatus
2089 4872 2144 4915 et
2170 4863 2448 4916 abeolutus
2477 4861 2593 4915 fuit.
2652 4860 2794 4916 Nihil
2834 4862 2976 4915 enim
3016 4862 3069 4914 in
3103 4876 3220 4915 eam
3266 4871 3390 4929 post

1796 4933 2102 5001 huiusmodi
2139 4933 2403 5003 judicium
2434 4944 2657 5003 possunt
2689 4933 2888 5001 publici
2922 4932 3151 5001 jndices.

1874 5004 1893 5043 ί
1949 5005 2098 5060 Idem
2146 5007 2369 5059 verbum
2418 5007 2633 5070 pertinet
2683 5003 2735 5058 in
2785 5004 2925 5067 illis,
2964 5004 3099 5074 quod
3140 5003 3208 5055 ad
3252 5003 3393 5073 leges

1800 5078 2031 5150 publicas
2061 5078 2305 5150 pertinet.
2342 5092 2661 5150 expressum
2688 5116 2702 5139 ,
2735 5076 2787 5150 in
2816 5076 2965 5137 istis,
2991 5075 3144 5150 Aquod
3174 5075 3389 5150 vero_a_d

1799 5146 2185 5220 praedicandam
2213 5149 2442 5217 episcopi
2478 5149 2876 5220 conscientiam,
2922 5147 3258 5199 subauditur.
3306 5146 3393 5199 ld-

1800 5218 1947 5275 Circo
1976 5230 2029 5274 et
2053 5221 2543 5284 interpunctiauetn
2589 5220 2735 5284 prius
2785 5218 3052 5285 vulgatam
3075 5256 3090 5281 ,
3130 5232 3234 5286 qua
3263 5233 3395 5270 eou-

1801 5291 1910 5346 cilii
1962 5296 2229 5345 sententia
2296 5306 2520 5361 prorsus
2567 5288 3031 5361 cnnluntlebatur,
3099 5298 3394 5361 mutamus.

1805 5363 2100 5418 Concilium
2164 5358 2311 5417 illud
2340 5366 2386 5418 si
2430 5362 2546 5431 ejus
2603 5362 2703 5414 hoc
2745 5362 2797 5411 iu
2854 5358 2982 5431 loco
3021 5360 3180 5413 verba
3229 5362 3399 5427 probe

1807 5437 2184 5503 assequitnur.
2246 5428 2532 5487 Damasum
2579 5428 3076 5503 quidemGratiani
3126 5433 3397 5503 sententia

1808 5502 2109 5560 absolutum
2150 5520 2331 5560 causa:
2360 5504 2603 5575 ejusdem
2627 5502 2990 5575 cognitionem
3024 5502 3397 5575 ecclesiastico

1803 5577 2007 5652 judicio
2038 5576 2351 5652 permisisse
2379 5569 2484 5652 non
2514 5569 2778 5652 difﬁteiur
2806 5589 2820 5626 :
2853 5569 2947 5624 sed
2977 5573 3183 5652 ncluto
3206 5572 3402 5652 agt-udi

1808 5641 2018 5704 ratione
2036 5641 2105 5704 de
2132 5648 2476 5717 imperatoris
2498 5645 2818 5717 auctoritate
2843 5641 3406 5717 nonuiltilderogassd

1811 5720 2057 5793 videatur
2083 5757 2100 5787 ,
2139 5713 2310 5788 ipsius
2358 5717 2561 5773 factum
2606 5727 2752 5771 nunc
2798 5713 3114 5784 imperatori
3160 5725 3400 5773 excusat.
