3950 6350
494 170 600 228 583

993 167 1425 229 MONUMENTA
1464 165 1750 228 VETERA
1788 164 1880 226 AD
1917 163 2331 226 ARIANORUM
2359 165 2769 226 DOCTRINAM
2791 164 3282 226 PERTINENTIA.

3639 179 3721 236 584

491 290 771 347 sacerdotis
801 290 1004 364 religio.
1034 322 1106 333 —
1131 291 1374 362 Accipite
1399 289 1542 346 aliud
1566 304 1811 362 quoque,
1838 287 1980 360 quod
2008 287 2089 342 vir
2115 289 2162 349 A
2195 288 2262 341 tia
2284 329 2297 352 ,
2328 295 2383 342 et
2404 286 2448 342 si
2471 286 2754 342 emerserit
2779 285 3026 357 quaestio,
3049 285 3414 356 interroganda
3439 285 3718 362 distinguat:

493 395 715 440 sanctus
762 392 956 438 vestra:
1000 385 1167 452 magis
1207 382 1460 439 conferre
1509 382 1723 452 pietati,
1777 395 1938 451 quam
1986 377 2090 434 sibi

495 489 754 548 praestare
775 476 1045 532 desiderat
1062 515 1076 541 ,
1105 489 1204 531 nec
1225 475 1490 546 derogare
1510 475 1759 544 cuiquam
1779 514 1794 541 ,
1825 471 1916 527 sed
1948 472 2094 541 prin-

495 569 705 640 cipibus
741 583 994 640 arrogare
1019 586 1033 636 ;
1063 569 1316 636 quoniam
1341 582 1446 623 non
1471 582 1668 622 novum
1697 565 1901 637 aliquid
1934 564 2090 636 petit,

495 661 589 718 sed
617 662 859 732 sequitur
885 662 1133 733 exempla
1161 660 1425 731 majorum
1453 677 1466 713 :
1502 668 1559 714 ut
1584 659 1870 729 episcopus
1899 657 2095 712 Roma-

494 771 626 819 nus,
656 754 702 809 si
727 753 958 811 concilio
981 755 1100 824 ejus
1121 769 1282 809 causa
1314 769 1417 808 non
1448 754 1717 820 creditur,
1746 752 1886 823 apud
1914 750 2098 806 conci-

491 849 624 905 lium
650 864 710 904 se
734 847 1019 920 lmperiale
1050 847 1325 903 defendat.
1355 846 1488 902 Nam
1529 855 1584 902 et
1611 847 1870 901 Silvester
1896 859 2030 915 papa
2063 858 2093 897 a

495 941 773 1012 sacrilegis
815 949 1127 1008 accusatus,
1169 939 1310 1010 apud
1343 948 1623 1011 parentem
1673 946 1911 993 vestrum
1951 935 2096 991 Con-

493 1035 790 1092 stantinum
835 1048 1054 1090 causam
1099 1034 1370 1104 propriam
1421 1039 1735 1102 prosecutus
1779 1038 1881 1086 est.
1917 1029 1986 1084 Et
2027 1028 2096 1084 de

497 1128 794 1200 Scripturis
821 1127 1019 1182 similia
1043 1127 1292 1197 exempla
1322 1136 1346 1162 τι
1370 1125 1719 1196 suppeditant
1745 1142 1758 1176 :
1788 1123 1929 1194 quod
1973 1138 2094 1177 cum

496 1239 526 1279 a
553 1224 784 1294 prteside
803 1231 1023 1279 sanctus
1044 1221 1324 1293 apostolus
1349 1221 1456 1276 vim
1482 1229 1753 1290 pateretur
1779 1261 1792 1286 ,
1820 1218 2094 1274 Caesarem

497 1318 786 1390 appellavit
813 1359 828 1386 ,
859 1328 913 1374 et
941 1316 1007 1372 ad
1032 1316 1306 1372 Caesarem
1335 1316 1530 1370 missus
1552 1323 1637 1370 est
1676 1313 1816 1386 (Act.
1858 1329 1995 1379 xxv,
2032 1312 2093 1367 ll

495 1422 543 1469 et
573 1412 685 1482 1‘2).
713 1411 874 1469 Certe
899 1411 1044 1482 prius
1071 1413 1343 1467 examinet
1381 1424 1603 1466 causam
1637 1419 1813 1463 vestra
1855 1408 2099 1463 clemen-

2195 390 2249 436 ut
2266 380 2720 452 quemadmodum
2745 379 2948 435 dudum
2968 380 3100 436 estis
3125 395 3342 436 censere
3362 381 3567 453 dignati,
3589 384 3722 442 facto-

2195 491 2312 530 rum
2332 491 2361 530 a
2383 475 2566 546 judice
2592 475 2732 530 ratio
2753 483 3050 546 quaeratur,
3073 490 3178 530 non
3200 474 3467 532 arbitrium
3489 480 3723 536 sententia:

2196 569 2520 625 vindicetur.
2553 568 2628 624 Ita
2656 568 2799 624 enim
2831 567 2956 636 fiet,
2989 579 3048 624 ut
3076 568 3208 624 nulli
3248 569 3444 640 perdito
3469 572 3556 640 ,vel
3578 573 3723 628 infami

2199 672 2292 717 aut
2326 661 2614 717 accusandi
2658 660 2857 717 summi
2895 661 3222 728 sacerdotis,
3252 671 3340 718 aut
3366 663 3652 720 testiﬁcandi
3685 667 3725 722 in

2203 769 2326 809 cum
2359 753 2582 809 facultas
2611 761 2793 823 pateat
2815 753 3002 809 illicita
3034 772 3046 806 :
3073 756 3118 809 si
3151 754 3359 824 quidem
3402 771 3500 811 non
3528 758 3664 813 modo
3688 760 3727 813 in

2203 848 2549 918 episcopum,
2582 847 2675 901 sed
2708 863 2776 903 ne
2804 848 2855 901 in
2891 848 3260 920 presbyterum
3293 849 3514 919 quidem,
3556 867 3730 909 accusa-

2204 941 2404 996 tionem
2453 940 2610 995 facile
2654 940 3090 1010 suscipiendam,
3143 941 3244 996 nisi
3287 941 3484 998 idoneis
3514 947 3731 1009 testibus,

2204 1031 2362 1087 lectio
2389 1042 2570 1087 sancta
2601 1033 2916 1102 praescribat
2942 1033 2984 1104 (l
3019 1033 3156 1088 Tim.
3185 1049 3215 1087 v
3239 1075 3252 1100 ,
3285 1033 3392 1106 l9).
3431 1035 3598 1108 Neque
3622 1040 3734 1094 enim

2203 1126 2289 1181 vel
2317 1127 2565 1194 inimico,
2592 1129 2673 1182 vcl
2703 1128 3079 1184 calumniatori
3103 1171 3117 1196 ,
3163 1129 3247 1184 vel
3283 1130 3563 1187 istiusmodi
3598 1134 3735 1199 viris,

2204 1222 2392 1292 quales
2441 1238 2613 1293 nuper
2670 1222 3070 1279 insimulatores
3120 1225 3288 1293 patuit
3330 1224 3612 1294 exstitisse,
3662 1229 3738 1282 tri-

2204 1315 2415 1371 buenda
2451 1316 2817 1372 misericordia
2845 1326 2962 1383 est,
2998 1333 3230 1389 quorum
3259 1319 3360 1373 vita
3390 1337 3488 1375 non
3517 1331 3738 1378 mercatur

2207 1407 2370 1463 fidem
2391 1448 2407 1474 ,
2434 1417 2706 1465 tormenta
2733 1409 3026 1467 abhorreat
3051 1412 3243 1484 religio
3264 1414 3566 1471 sacerdotis.

1830 1517 1968 1558 ANNO
1993 1517 2177 1557 DOIINI
2217 1516 2481 1558 CCCLXSX.

890 1599 918 1640 δ
977 1599 1418 1658 RESCRIPTUM
1480 1596 1812 1655 GRATIANI
1885 1596 2186 1654 AUGUSTI
2249 1596 2342 1652 AD
2383 1597 3126 1667 AQUILINUMVICARIUM
3176 1600 3400 1670 URBlS,

1163 1680 1278 1748 Quo
1304 1680 1358 1734 id
1379 1695 1528 1736 omne
1549 1695 1707 1750 prOpe
1729 1677 2035 1732 conceditur
2061 1719 2076 1743 ,
2107 1677 2247 1748 quod
2271 1677 2530 1748 superiori
2550 1678 2770 1748 epistola
2801 1679 3012 1749 petitum
3045 1689 3137 1734 est.

1964 1770 2122 1822 Coust.
2148 1783 2198 1822 η.

1964 1770 2122 1822 Const.

497 1858 786 1916 Gratianus
813 1869 868 1914 et
897 1858 1306 1914 Valentinianus
1336 1855 1562 1927 Augusti
1600 1853 1854 1924 Aquilino
1877 1771 2102 1908 vibario.
2135 1783 2184 1922 1’;
2210 1768 2501 1908 destitutus
2524 1853 2574 1908 in
2607 1855 2722 1924 ejus
2752 1863 2957 1910 tantum
2981 1857 3276 1928 perniciem
3309 1867 3500 1925 rueret,
3527 1860 3607 1931 qui
3633 1861 3747 1916 solus

566 1952 621 2007 ‘l.
654 1949 732 2006 De
757 1951 997 2024 neglectis
1017 1951 1286 2022 praeceptis
1312 1948 1591 2003 Gratianus
1630 1947 1880 2018 queritur.
1909 1944 2097 1999 Edicta

497 2045 742 2100 adversus
772 2044 1022 2100 Ursinum
1035 2047 1150 2118 jam
1175 2043 1242 2097 ad
1267 2041 1598 2112 Simplicium
1619 2039 1760 2094 data.
1785 2069 1857 2081 ---
1877 2037 2098 2094 Ordina-

495 2140 699 2194 riorum
723 2138 1004 2194 sententiae
1024 2136 1260 2208 judicum
1278 2176 1294 2202 ,
1319 2142 1412 2189 aut
1433 2149 1556 2205 quae
1583 2143 1882 2203 temporum
1914 2132 2094 2198 limes,

494 2241 589 2287 aut
620 2232 972 2287 contumacia:
1010 2230 1410 2301 pronuntiatio,
1453 2237 1544 2282 aut
1586 2226 1824 2282 habitum
1865 2241 2047 2280 coram
2072 2232 2095 2260 ο

497 2324 736 2395 patribus
775 2325 958 2380 sanxit
984 2339 1237 2388 examen,
1269 2335 1370 2378 nec
1400 2335 1428 2375 a
1455 2319 1733 2391 :mediocri
1779 2319 2098 2374 auctoritate

493 2417 809 2474 labefactari
840 2425 1002 2490 atque
1028 2416 1296 2480 convelli,
1325 2429 1426 2470 nec
1469 2429 1497 2468 a
1529 2412 1931 2484 potentioribus
1951 2453 1966 2480 ,
2000 2425 2100 2466 nec

491 2513 897 2585 impudentibus
945 2516 1355 2584 pertimescunt.
1398 2510 1591 2566 Nostra
1637 2521 1942 2580 prrecepta,
2003 2524 2099 2579 per

494 2617 730 2664 vestram
757 2608 1137 2680 negligentiam
1167 2607 1422 2662 destituta
1441 2647 1455 2672 ,
1489 2620 1610 2675 qua:
1639 2603 1854 2659 tandem
1901 2601 2100 2672 poterit

489 2699 713 2757 ﬁrmare
743 2699 1053 2755 sententia?
1097 2713 1258 2768 quam
1305 2696 1559 2769 quidem,
1606 2695 1733 2751 dum
1781 2696 2054 2765 deSpieitis
2084 2737 2099 2764 ,

493 2806 604 2848 non
635 2792 884 2848 excitetis
929 2800 986 2846 ut
1015 2791 1190 2860 longae
1231 2789 1532 2845 tolerantiae
1563 2788 1616 2843 in
1657 2789 1976 2858 desperatos
2008 2804 2099 2844 su-

494 2895 607 2941 mat
651 2885 900 2940 ell'ectum
923 2926 938 2951 ,
994 2891 1048 2938 et
1086 2882 1323 2940 officium
1368 2892 1547 2937 metus
1573 2890 1732 2953 cogat
1760 2883 1999 2952 agnosci.
2031 2881 2101 2937 At

493 2991 676 3034 nonne
722 2975 1011 3032 absurdius
1056 2984 1141 3032 est
1204 2975 1347 3046 quod
1387 2973 1569 3030 Ursini
1614 2973 1778 3044 jussit
1821 2973 2096 3038 amentia,

491 3083 653 3140 quam
709 3067 854 3141 quod
911 3069 1178 3124 serenitas
1235 3076 1424 3122 nostra
1484 3065 1704 3120 mitibus
1760 3061 2097 3136 persuasitt1

490 3162 719 3229 edictis,
770 3171 831 3217 ut
855 3176 1042 3217 omnes
1090 3159 1183 3232 qui
1214 3159 1412 3231 impios
1451 3167 1626 3216 cretus
1655 3160 1934 3229 profanata
1974 3161 2099 3216 reli-

2201 1959 2440 2016 erraret;
2475 1958 2530 2004 et
2569 1961 2622 2002 ut
2656 1950 3001 2005 condemnati
3027 1951 3234 2020 judicio
3265 1965 3408 2008 recte
3451 1953 3745 2009 sentientium

2200 2041 2544 2098 sacerdotum
2569 2083 2583 2107 ,
2636 2042 2872 2098 reditum
2905 2053 3090 2114 postea
3135 2046 3222 2100 vel
3271 2045 3336 2100 ad
3377 2046 3611 2101 ecclesias
3643 2062 3748 2117 quas

2198 2136 2696 2190 contaminaverant
2721 2151 2827 2189 non
2861 2135 3145 2202 haberent,
3172 2137 3256 2193 vel
3287 2137 3746 2210 redintegrationem

2197 2229 2382 2298 judicii
2427 2229 2623 2284 frustra
2652 2246 2681 2285 a
2721 2230 2880 2285 nobis
2930 2231 3229 2301 impudenti
3275 2234 3556 2303 pervicacia
3599 2246 3750 2304 prera-

2199 2325 2425 2379 rentur?
2454 2324 2685 2394 chetat
2717 2324 2984 2380 laudanda
3012 2335 3069 2380 et
3094 2337 3337 2396 spectata
3362 2339 3443 2382 tua
3472 2329 3748 2394 sinceritas,

2199 2419 2386 2489 quales
2432 2419 2497 2473 ad
2529 2420 2702 2474 virum
2743 2419 3103 2474 clarissimum
3145 2420 3478 2492 Simplicium
3525 2421 3748 2492 quondam

2200 2511 2460 2567 vicarium
2488 2523 2509 2548 ο
2542 2512 2751 2567 litteras
2778 2513 3065 2568 clementia
3115 2525 3300 2570 nostra
3330 2516 3676 2578 transmiserit,
3710 2525 3751 2570 ct

2201 2602 2410 2659 desinat
2439 2605 2777 2660 iterationem
2805 2619 3025 2676 sperare
3051 2608 3290 2664 mandati
3336 2627 3348 2663 :
3389 2610 3506 2678 quia
3535 2608 3752 2680 pigendus

2203 2696 2629 2751 mansuetudinis
2681 2706 2888 2752 nostra:
2944 2697 3116 2768 pudor
3162 2709 3253 2755 est
3308 2702 3592 2758 instaurare
3643 2717 3752 2772 pra:-

2202 2798 2439 2857 ceptum.

2272 2881 2326 2936 2.
2371 2881 2654 2936 Ecclesium
2687 2882 2929 2956 turbant,
2966 2882 3222 2950 Ursinus,
3267 2883 3553 2940 Parmensis
3587 2886 3749 2954 episco-

2204 2989 2331 3045 pus,
2365 2974 2661 3031 Florentius
2691 2973 3032 3032 Puteolanas.
3063 3009 3134 3018 —
3161 2977 3415 3034 Ursinum
3439 2980 3634 3051 quidem
3653 2979 3754 3035 Gal-

2205 3067 2276 3122 lia
2303 3078 2559 3134 coercet,
2592 3078 2647 3124 et
2675 3085 2743 3124 ne
2782 3079 2960 3126 motus
2985 3071 3196 3143 aliquos
3245 3073 3506 3143 inquietos
3543 3080 3754 3129 exerceat

2204 3161 2422 3216 cohibet
2447 3160 2464 3198 ί
2492 3161 2786 3232 Agrippina
2809 3165 3083 3219 secessio:
3116 3181 3281 3236 quem
3313 3176 3484 3222 tamen
3509 3168 3660 3236 ipsum
3681 3182 3756 3237 per

490 3257 650 3327 gione
691 3264 961 3312 tentarent
990 3298 1006 3323 ,
1050 3255 1133 3310 vel
1175 3254 1242 3308 ad
1271 3253 1628 3309 centesimum
1672 3253 1830 3310 Urbis
1868 3253 2098 3308 milliare
2125 3251 2170 3315 C
2203 3266 2550 3310 occursantes
2575 3264 2597 3301 Β
2626 3255 3014 3312 obtundentem
3038 3258 3268 3328 saepius,
3294 3275 3448 3330 quam
3472 3269 3752 3325 monentem,

485 3351 848 3421 pellerentur,
906 3349 997 3405 ubi
1026 3348 1309 3419 ipertinax
1362 3345 1516 3403 furor
1557 3347 1628 3402 ab
1673 3346 2094 3418 obsequentibus

561 3479 588 3508 ι
628 3468 695 3523 Id
723 3478 822 3534 est,
856 3476 1164 3537 suppetunt.

562 3541 590 3579 ι’
634 3542 745 3596 lloc
770 3534 1092 3606 rescriptum
1117 3537 1383 3593 Baronius
1411 3539 1464 3593 in
1497 3536 1758 3590 Vaticano
1781 3534 1969 3606 codice
2009 3536 2089 3590 in-

487 3624 706 3670 ventum
728 3653 744 3677 ,
773 3625 835 3663 ac
861 3605 1059 3665 deinde
1085 3626 1205 3663 cum
1246 3612 1418 3664 altero
1460 3608 1753 3677 exemplari
1794 3605 2048 3660 collatum
2072 3649 2088 3675 ,

489 3682 873 3742 ecclesiasticis
900 3683 1183 3736 annalibus
1212 3682 1279 3735 ad
1307 3697 1506 3736 annum
1531 3680 1631 3734 581
1667 3679 1914 3732 inseruit.
1953 3677 2089 3732 l-luic

489 3755 739 3828 superior
763 3754 979 3807 concilii
1009 3751 1241 3828 Romani
1266 3752 1496 3821 epistola
1536 3751 1878 3828 pecasiiinfm
1907 3748 2083 3828 dedit.

491 3818 575 3882 Διί
602 3827 668 3881 ad
718 3826 1009 3893 ipsummet
1051 3818 1342 3878 concilium
1384 3821 1727 3893 rescripserit
1770 3818 2085 3886 Gratianus,

489 3891 786 3968 ignoratur.
812 3895 953 3968 idem
979 3907 1356 3968 argumeiLtnm
1375 3909 1442 3968 ex
1464 3891 1816 3968 inscriptione
1838 3894 2084 3961 petitum,

488 3965 542 4024 in
572 3984 675 4031 qua
702 3981 803 4022 nec
823 3965 1065 4021 Valentis
1097 3981 1195 4020 nec
1218 3965 1510 4021 Theodosii
1541 3977 1739 4018 nomen
1769 3972 2048 4031 comparet
2074 4003 2088 4027 ,

488 3986 542 4024 In
611 3986 675 4021 ua
702 3986 803 4022 nec
832 3986 1065 4021 valentis
1097 3986 1195 4020 nec
1229 3986 1510 4021 Ineouosu
1542 3986 1739 4018 "unum
1769 3986 2048 4031 comparet
2074 4003 2088 4027 ,

488 3986 635 4096 unde
663 4041 970 4110 proximam
990 4038 1180 4110 synodi
1212 4037 1496 4110 epistolam
1529 4036 1674 4110 intra
1706 4049 1950 4110 mensem
1981 4033 2091 4087 Au-

488 4106 703 4183 gusmm
725 4111 851 4183 anni
874 4109 981 4164 578
1005 4106 1060 4164 et
1079 4108 1395 4183 Januarium
1417 4107 1539 4183 anni
1563 4106 1668 4159 579
1689 4107 1943 4183 scriptam
1967 4120 2092 4160 esse

489 4178 684 4240 eruditi
712 4182 974 4252 colligunt
997 4223 1011 4246 ,
1044 4181 1218 4252 etiam
1255 4179 1341 4233 hic
1380 4179 1556 4252 valet,
1586 4192 1716 4252 quo
1770 4178 2090 4248 rescriptum

491 4253 633 4311 istud
661 4249 1164 4311 eodem'intervallo
1191 4251 1379 4306 datum
1403 4249 1778 4319 conjiciamus.

567 4340 588 4368 ε
636 4325 701 4382 F.
730 4325 978 4398 partibus.

560 4398 588 4435 ά
1010 4409 1073 4450 ac
1104 4393 1244 4449 forte
1276 4393 1380 4448 hoc
1407 4393 1581 4460 ipsum
1629 4389 1948 4460 rescriptum
1969 4432 1984 4454 ,
2019 4389 2086 4444 ab
2116 4362 2171 4424 D

489 4468 730 4524 Honorio
764 4468 895 4522 Cod.
941 4467 1071 4531 Th.,
1100 4467 1193 4520 lih.
1228 4480 1319 4518 xvr
1344 4505 1358 4526 .
1390 4463 1474 4518 tit.
1507 4479 1567 4528 ιι,
1602 4465 1703 4534 leg.
1733 4463 1832 4527 55,
1864 4462 2086 4534 laudan-

491 4549 576 4594 tur
608 4542 659 4593 in
688 4539 830 4594 hunc
853 4538 1068 4592 modum
1095 4555 1108 4591 :
1142 4537 1459 4606 Quicumque
1477 4535 1814 4590 residentibus
1842 4533 2083 4606 sacerdo-

486 4611 624 4666 tibus
651 4610 806 4676 fuerit
833 4609 1112 4678 episcOpali
1145 4610 1256 4661 loco
1285 4608 1518 4661 detrusus
1560 4618 1607 4658 et
1640 4606 1865 4665 nomine,
1899 4605 2076 4678 siali-

488 4682 615 4753 quid
646 4680 723 4735 vel
747 4675 926 4753 contra
953 4675 1239 4753 custodiam
1269 4679 1345 4731 vel
1375 4689 1550 4730 contra
1572 4680 1788 4753 quietem
1823 4675 2084 4753 publicam

488 4747 662 4808 moliri
688 4755 843 4824 fuerit
885 4750 1263 4824 deprehensus,
1296 4764 1575 4824 rursusque
1601 4747 1946 4824 sacerdotium
1993 4763 2083 4817 pe-

487 4834 593 4880 tere
621 4843 652 4878 a
683 4816 785 4894 quo
810 4816 1007 4894 videtur
1037 4819 1322 4894 expulsus,
1361 4816 1537 4886 procul
1565 4817 1626 4894 ab
1649 4835 1711 4894 ea
1735 4816 1894 4894 urbe,
1926 4816 2081 4887 quam

487 4898 663 4968 infecit
679 4887 707 4960 ,⁷
722 4891 1007 4968 secundum
1037 4887 1197 4962 legem
1224 4891 1352 4968 diua:
1380 4890 1633 4968 plantaria:
1654 4887 1891 4968 Gratiani
1909 4928 1922 4951 ,
1963 4904 2079 4941 cen-

484 4959 592 5022 tum
618 4959 843 5021 millibus
872 4965 1028 5018 vitam
1069 4959 1218 5033 agat;
1248 4962 1317 5033 sit
1340 4960 1402 5013 ab
1431 4975 1604 5013 eorum
1625 4959 1843 5033 canibus
1869 4974 2082 5033 separa;

485 5047 565 5092 tus
585 5080 598 5103 ,
627 5056 659 5092 a
687 5054 908 5109 quorum
929 5043 1006 5109 est
1023 5029 1257 5109 societate
1283 5031 1535 5109 discretus
1553 5074 1566 5094 ,
1591 5031 1757 5099 sitque
1779 5029 2079 5103 hujusmodi

484 5102 717 5181 personis
767 5104 1143 5181 tenore_hujus
1194 5105 1320 5173 legis
1364 5102 1637 5181 illicitum,
1688 5102 1869 5181 sacra?
1903 5110 2079 5181 nostra

483 5171 631 5234 bdire
649 5189 862 5241 secreta,
885 5188 936 5233 et
956 5171 1232 5246 impetrare
1242 5171 1408 5246 frescri
1415 5184 1521 5240 pta.
1545 5171 1654 5246 Nec
1669 5172 2075 5246 aSseutiendum

487 5252 697 5308 videtur
721 5243 1048 5311 Godefrido,
1077 5246 1170 5317 qui
1203 5245 1286 5299 hic
1317 5247 1488 5314 legem
1518 5245 1585 5317 ab
1609 5243 1846 5298 Honorio
1873 5259 2078 5297 memo-

486 5323 600 5379 rari
630 5333 824 5396 putat,
869 5335 1028 5391 quam
1057 5315 1346 5396 Gratianus
1391 5326 1509 5396 post
1543 5315 2078 5396 Caesaraugustanum

485 5385 776 5451 concilium
807 5385 859 5449 in
889 5385 1050 5448 causa
1088 5385 1612 5444 Priscilliauistarum
1661 5385 1909 5440 edixerit.
1945 5385 2081 5440 Gra-

485 5466 616 5521 tiani
647 5467 792 5522 enim
826 5466 997 5534 legem
1025 5476 1212 5516 eorum
1240 5473 1400 5515 causa
1443 5457 1634 5534 latam,
1669 5457 1736 5510 de
1756 5455 1958 5534 quibus
1988 5471 2079 5534 su-

555 5540 665 5610 rior
711 5526 951 5610 synod'us
1001 5533 1246 5610 Romana
1272 5529 1667 5610 conqueritur,
1721 5527 1788 5580 ab
1837 5526 2076 5610 Honorio

508 5609 692 5678 audari
718 5598 926 5678 [longe
952 5615 1035 5661 est
1054 5601 1414 5678 probabilius.
1455 5599 1608 5678 Quod
1639 5609 1696 5678 ut
1739 5598 2078 5678 manifestius

2201 3348 2268 3403 ad
2313 3348 2416 3404 hoc
2453 3359 2509 3403 ut
2546 3357 2835 3419 sequentes
2873 3350 3152 3420 abjiceret,
3199 3353 3518 3408 audivimus.
3559 3353 3753 3408 lsaacrm

2202 3464 2458 3547 mondum
2482 3479 2606 3547 app.
2631 3464 2765 3546 God.
2795 3464 3029 3547 Thepd.,
3057 3482 3176 3547 pag.
3207 3467 3380 3547 6,.ubi
3409 3469 3519 3547 ejus
3541 3469 3755 3547 constitqj

2193 3537 2268 3609 tio
2295 3537 2527 3605 amplior
2557 3537 2753 3609 legitur
2775 3577 2793 3609 .
2814 3537 2996 3591 verbis
3031 3540 3275 3605 proxime
3301 3541 3484 3595 relatis
3523 3539 3757 3609 pra'mittit

2189 3608 2243 3662 in
2277 3609 2418 3683 hunc
2443 3608 2663 3683 modum
2697 3625 2709 3659 :
2756 3608 3164 3683 suggerentibus
3199 3613 3456 3683 episcopis
3486 3608 3753 3670 didicimus,

2191 3678 2437 3748 quosdam
2468 3679 2758 3733 sacerdotes
2801 3678 3110 3735 Christiana:
3148 3678 3309 3750 legis,
3357 3678 3562 3744 quorum
3606 3683 3758 3736 delicta

2192 3761 2320 3805 coetu
2346 3751 2634 3823 episcOpali
2648 3761 2693 3802 et
2717 3749 3032 3822 deprehensa
3054 3749 3249 3823 fuerint
3264 3749 3302 3819 ,ί
3325 3769 3374 3809 et
3398 3771 3563 3808 eorum
3587 3763 3756 3808 senten-

2193 3824 2263 3876 tin
2297 3821 2584 3884 vindicata,
2621 3821 2671 3873 in
2709 3821 2827 3874 sinu
2863 3821 3062 3876 earum'
3087 3824 3332 3889 urbium,
3381 3827 3432 3880 in
3461 3827 3630 3892 quibus
3656 3823 3756 3876 talia

2192 3894 2463 3946 commissa
2495 3902 2641 3966 sunt.
2677 3909 3004 3964 permanere.
3054 3906 3099 3948 et
3137 3912 3370 3965 quaerere
3407 3898 3573 3950 turbas
3609 3892 3756 3966 pepuli

2193 3979 2506 4037 convocare,
2541 3963 2822 4037 turbatores
2846 3965 3031 4031 quietis
3062 3963 3305 4022 exsistere
3324 4011 3336 4028 .
3370 3963 3757 4037 tumnltnspopu-

2193 4036 2318 4111 laris
2348 4045 2579 4111 auctores
2609 4035 2906 4111 innocentes
2929 4054 2988 4111 se
3014 4049 3142 4111 post
3157 4040 3423 4111 judicium
3454 4035 3635 4104 dicere,
3671 4036 3754 4104 ple-

2193 4105 2302 4159 bem
2329 4107 2600 4178 colligere,
2634 4117 2680 4160 et
2709 4110 2843 4161 velut
2869 4105 3040 4161 adhuc
3065 4105 3334 4179 episcOpos
3363 4112 3600 4177 salutari,
3629 4111 3757 4162 comi-

2195 4187 2354 4231 tatum
2379 4194 2583 4232 sacrum
2615 4188 2814 4246 petere,
2845 4184 3030 4233 mereri
3066 4181 3349 4235 mendaciis
3377 4182 3579 4236 oracula
3600 4191 3639 4233 et
3667 4183 3755 4247 fur-

2195 4249 2295 4302 tiva
2321 4249 2590 4320 rescripta.
2623 4248 2766 4305 Sane
2791 4264 2914 4304 cum
2943 4251 3005 4304 iis
3035 4267 3156 4320 quae
3179 4254 3470 4307 concilium
3497 4253 3753 4306 Rotttanum

2196 4320 2248 4374 in
2279 4319 2546 4389 superiori
2573 4322 2798 4393 epistola
2825 4319 3076 4390 exponit,
3109 4322 3241 4378 nihil
3271 4334 3448 4393 potest
3479 4323 3572 4377 hac
3601 4320 3756 4392 prmia-

2198 4393 2342 4446 tione
2368 4392 2778 4446 convenientius
2805 4394 3049 4460 cogitari.
3099 4392 3282 4449 Porro,
3305 4395 3355 4450 id
3407 4408 3602 4450 eertum
3629 4405 3756 4445 occa.

2191 4464 2343 4518 sione
2356 4461 2910 4536 Ursinietsociorum,
2927 4463 3240 4536 Gratianum
3258 4468 3596 4536 prmcepisse,
3610 4463 3757 4532 utepi-

2191 4536 2340 4608 scopi
2373 4533 2697 4589 sacerdotali
2720 4533 3370 4608 judiciodejecti,procul
3393 4533 3462 4592 ab
3488 4538 3608 4591 urbe
3625 4549 3754 4604 quani

2191 4605 2525 4668 iniecissent,
2551 4615 2766 4660 centum
2800 4606 3037 4660 millibus
3069 4605 3230 4662 vitain
3266 4624 3431 4680 agere
3453 4615 3754 4678 cogerentur.

2264 4709 2286 4736 ε
2321 4701 2453 4754 Ειιιη
2484 4715 2670 4755 mense
2711 4700 2904 4755 Martio
2941 4702 3066 4755 anni
3101 4701 3228 4764 3'74.
3264 4702 3369 4758 hoc
3398 4717 3611 4757 munere
3638 4699 3758 4752 lunc-

2189 4780 2298 4826 tum
2327 4787 2449 4827 esse
2477 4772 2646 4838 liquet
2673 4787 2738 4826 ex
2766 4771 2902 4826 Cod.
2932 4772 3060 4832 Ἧι..
3088 4773 3180 4828 lib.
3202 4789 3278 4839 ix,
3319 4775 3399 4828 tit.
3429 4789 3570 4836 xxix,
3593 4771 3684 4841 leg.
3715 4768 3752 4821 Ι.

2185 4841 2302 4897 Jam
2337 4858 2465 4898 vero
2497 4843 2563 4898 ab
2593 4859 2736 4897 anno
2759 4842 2868 4898 576
2897 4846 3091 4913 capitis
3115 4859 3306 4914 pmnas
3328 4844 3570 4901 dederat.

2263 4936 2281 4974 ί
2317 4937 2564 4992 Lalibeus
2587 4937 2655 4991 ad
2685 4938 2981 5007 marginem
3011 4948 3159 4992 notat
3191 4939 3240 4993 id
3265 4939 3471 4995 factum
3494 4951 3626 4992 anno
3652 4933 3754 4993 378.

2187 5007 2289 5063 hoc
2336 5017 2420 5062 est
2463 5022 2530 5062 eo
2573 5008 2690 5078 ipso
2730 5024 2892 5080 tlttltt),
2927 5025 3034 5078 quo
3079 5012 3402 5080 rescriptum
3445 5008 3579 5064 istud
3605 5007 3756 5080 datum

2185 5088 2390 5152 censet.
2424 5081 2575 5133 Atex
2598 5076 2778 5135 verbis
2804 5076 3101 5149 superioris
3123 5076 3395 5152 epistolae,
3428 5093 3535 5135 tum
3563 5095 3692 5134 mnn.
3712 5076 3756 5134 2.

2187 5151 2274 5223 ubi
2307 5149 2537 5223 Ursinus
2568 5154 2853 5205 damnatus
2881 5161 2935 5207 et
2959 5152 3028 5205 ab
3059 5152 3125 5223 iis
3160 5149 3307 5223 quos
3359 5153 3464 5208 sibi
3496 5153 3758 5223 sociaverat

2186 5220 2429 5296 divulsus
2459 5223 2685 5296 dicitur,
2713 5232 2859 5296 Atum_
2892 5238 3041 5277 num.
3083 5222 3150 5288 4,
3186 5219 3286 5280 ιιὺί
3329 5225 3432 5280 etsi
3479 5219 3758 5296 jamdudum

2188 5294 2473 5364 relegatus,
2507 5295 2557 5346 ιιι
2591 5293 2760 5348 nihilo
2793 5293 2970 5349 minus
2998 5311 3095 5362 per
3123 5311 3250 5351 suos
3287 5291 3754 5364 conari'dennntia-

2185 5361 2309 5430 tur,
2341 5374 2398 5418 ut
2445 5365 2629 5436 turbas
2672 5367 2812 5418 cieat
2839 5407 2852 5430 ,
2895 5366 3156 5436 colligere
3186 5377 3270 5424 est
3314 5382 3436 5422 eam
3486 5366 3567 5419 hic
3611 5361 3758 5436 potius

2185 5435 2474 5490 memorari
2505 5436 2890 5505 relegationem
2914 5480 2928 5501 ,
2968 5432 3072 5505 quva
3105 5437 3334 5494 Ursinus
3370 5453 3514 5494 anno
3542 5435 3658 5500 57b,
3688 5432 3758 5485 lit-

2184 5506 2315 5561 teris
2345 5507 2410 5560 ad
2434 5507 2777 5578 Simplicium
2806 5508 2948 5562 datis
2981 5510 3270 5564 mulctatus
3298 5512 3390 5565 sit.

2255 5607 2279 5644 Β
2300 5598 2961 5672 Mallemusobtendentem
2981 5615 3076 5656 seu
3093 5602 3415 5656 obtinentem
3430 5601 3612 5672 sapius
3632 5609 3758 5672 quam

486 5675 583 5735 ﬁat
605 5720 622 5748 ,
669 5667 760 5736 hic
801 5667 1103 5749 adjicienda
1133 5683 1259 5730 sunt
1305 5686 1426 5744 qua:
1472 5671 1742 5727 Honorius
1785 5667 1928 5740 apud
1965 5669 2078 5726 Sir-
2178 5678 2458 5726 moventem
2482 5686 2501 5725 :
2532 5671 2670 5727 adeo
2693 5682 2750 5727 ut
2775 5671 3135 5744 imperatores
3168 5675 3448 5744 inquietas
3481 5667 3758 5741 notentbr-
