3950 6350
224 262 321 321 ass
352 236 359 243 “

686 257 1118 318 MONUMENTA
1149 258 1431 318 VETERA
1470 261 1562 316 AD
1600 256 2012 316 ARIANORUM
2053 257 2453 320 DOCTRINAM
2477 261 2959 320 PERTINENTIA.

3394 266 3499 323 586

221 366 445 412 remotus
475 352 739 424 llispanim
768 355 998 425 angulus
1035 356 1189 410 titulo
1228 355 1591 410 damnationis
1628 352 1798 408 inclu-
1824 356 1877 415 Α
1902 352 2061 407 etiam
2110 353 2235 408 divo
2289 356 2426 425 patri
2482 357 2858 413 Valentiniano
2904 364 2988 412 est
3042 356 3454 427 comprobatum
3482 402 3496 426 ,

216 449 305 511 sit,
338 461 441 501 non
472 445 605 502 bene
629 446 791 516 capiti
819 447 836 477 ¹
881 448 1189 503 consultum
1210 491 1225 516 ,
1270 449 1315 502 si
1359 447 1488 517 quid
1518 446 1793 502 turbarum

216 555 432 596 vesanus
450 537 753 612 agitaverit.
779 539 1086 597 Parmensis
1114 539 1403 613 episc0pus
1432 556 1497 597 eo
1531 540 1795 611 pernicio-

212 632 345 700 sior,
372 631 512 702 quod
537 631 756 704 inclyta:
780 633 899 689 urbi
924 642 950 670 τι
975 636 1145 705 magis
1173 634 1471 705 proximus,
1495 642 1550 689 et
1578 618 1796 703 imperi-

213 735 373 782 torum
401 725 799 782 multitudinem
831 729 1001 799 magis
1024 729 1281 799 exagitat,
1303 737 1359 785 et
1381 728 1701 793 Ecclesium,
1726 727 1794 784 de

209 838 301 894 qua
325 820 527 891 judicio
546 832 855 877 sanctorum
881 824 1167 893 praesulum
1194 823 1438 895 dejectus
1462 832 1565 891 est,
1596 824 1796 895 inquie-

212 924 311 982 tat,
357 914 569 972 inanem
620 915 878 972 videlicet
920 918 1147 989 gloriam
1196 918 1479 974 sententiae
1531 919 1795 990 gravioris

209 1016 534 1073 exspectans.
560 1009 752 1077 Quem,
768 1010 957 1081 siquid
970 1010 1227 1068 decessor
1248 1022 1370 1067 tuus
1390 1011 1569 1068 devoti
1593 1012 1795 1083 vigoris

208 1100 488 1167 habuisset,
520 1103 765 1172 protinus
808 1103 945 1158 ultra
988 1104 1125 1160 lines
1158 1104 1436 1161 debuisset
1472 1103 1789 1160 extrudere.

205 1196 263 1251 Et
300 1195 605 1251 Florentius
640 1196 999 1266 Puteolauus,
1046 1208 1166 1270 post
1206 1199 1608 1255 damnationem
1632 1214 1792 1270 quam

204 1289 561 1357 rectojudicio
585 1291 866 1346 convictus
894 1291 1128 1361 accepit,
1173 1289 1648 1346 mansuetudinem
1697 1305 1794 1345 no-

202 1391 354 1437 stram
382 1381 689 1451 inquietare
732 1391 994 1447 conatus,
1032 1382 1255 1452 dignum
1288 1383 1409 1436 tulit
1448 1380 1500 1435 in
1546 1396 1797 1453 progres-

200 1475 342 1529 sione
381 1489 725 1545 reSponsum.
772 1475 903 1531 Post
942 1474 970 1513 ι)
1016 1476 1262 1544 quintum
1283 1474 1555 1531 decimum
1595 1489 1793 1529 annum

201 1567 509 1637 Ecclesium,
539 1568 607 1625 de
627 1585 731 1639 qua
756 1577 1013 1625 extrusus
1054 1568 1229 1624 fuerat
1249 1609 1265 1636 ,
1300 1582 1489 1624 rursus
1527 1567 1793 1623 contami-

201 1676 321 1716 nare
343 1671 574 1715 conatur
604 1678 618 1714 :
647 1661 1063 1731 congressiones
1100 1661 1316 1717 illicitas
1347 1659 1526 1716 lacere
1551 1659 1792 1725 molitur,

1902 445 2229 515 turpissimis
2275 449 2562 504 calumniis
2610 452 2923 521 episcopum
2966 449 3253 505 Damasum
3290 451 3499 521 inquie-

1901 549 2015 595 tare
2047 556 2155 595 non
2186 542 2341 597 veriti
2367 585 2382 611 ,
2415 555 2697 615 postquam
2732 545 3157 615 desperaverunt
3188 560 3348 616 posse
3380 562 3503 617 per-

1897 634 2046 701 celli,
2083 635 2339 706 populum
2385 654 2481 708 pro
2510 654 2618 709 quo
2660 638 2751 694 ille
2779 638 3048 693 divinitati
3093 640 3255 695 obses
3296 649 3379 695 est
3415 640 3501 695 in-

1896 730 2159 800 quietant.
2196 731 2299 788 Sed
2330 730 2592 789 hactenus
2636 735 2814 790 stertit
2843 735 2990 790 iners
3029 734 3388 791 dissimulatio
3412 736 3501 805 ju-

1896 821 2228 893 dicantium,
2281 841 2382 881 nec
2429 836 2513 882 est
2557 826 2851 883 admonere
2897 842 3153 896 necesse,
3181 845 3289 900 quo
3326 831 3503 902 possit

1896 918 2104 973 sanctio
2132 928 2443 991 contempta
2491 920 2791 991 procedere
2842 942 2854 976 :
2896 922 3191 991 hactenus,
3240 925 3499 996 inquam,

1896 1009 2077 1064 stertit
2102 1009 2470 1081 apparitorum
2502 1012 2692 1082 supina
2723 1011 2952 1067 desidia.

1969 1101 2023 1156 5.
2068 1100 2356 1156 Turbarum
2396 1113 2627 1158 auctores
2668 1104 2765 1158 ult.
2808 1103 2865 1158 C.
2914 1105 3079 1160 millia
3110 1107 3172 1161 alt
3219 1107 3356 1162 Urbe
3394 1111 3503 1179 pel-

1897 1193 2057 1248 lendi.
2082 1225 2151 1236 —
2174 1195 2302 1252 Post
2333 1196 2449 1253 haec
2477 1198 2577 1253 nisi
2610 1213 2799 1253 omnes
2820 1240 2834 1263 ,
2866 1209 2923 1254 ut
2955 1200 3273 1256 nominatim
3302 1202 3505 1273 jussio-

1897 1286 1982 1342 nis
2029 1298 2230 1343 uestrae
2281 1306 2491 1345 summa
2537 1292 2947 1361 complectitur,
3000 1294 3082 1348 vel
3134 1309 3269 1364 quos
3319 1295 3505 1350 turbas

1898 1376 2199 1434 istiusmodi
2230 1382 2518 1438 molientes
2540 1391 2848 1439 sanctorum
2869 1384 3249 1456 episcoporum
3270 1388 3501 1443 concilia

1897 1488 2168 1530 consensu
2200 1475 2569 1540 ostenderint,
2601 1478 2745 1532 ultra
2790 1479 3145 1533 centesimum
3195 1480 3502 1535 milliarium

1898 1566 1965 1621 ab
1993 1565 2140 1622 Urbe
2186 1567 2494 1638 depuleris,
2538 1578 2700 1639 atque
2746 1583 2930 1624 earum
2981 1570 3260 1625 civitatum
3309 1572 3504 1628 ﬁnibus

1897 1668 2145 1715 extorres
2173 1675 2294 1715 esse
2320 1662 2644 1732 praeceperis
2663 1703 2678 1728 ,
2708 1676 2937 1731 quarum
2971 1662 3180 1733 plebem
3210 1664 3292 1717 vel
3329 1665 3508 1721 eccle-

200 1763 546 1825 egentemque
569 1754 781 1810 consilii
812 1753 1207 1809 multitudinem
1227 1795 1241 1818 ,
1268 1752 1461 1821 perditi
1486 1754 1649 1807 animi
1677 1768 1796 1822 per-
1829 1748 1871 1808 Β
1900 1752 2043 1821 sias,
2076 1754 2161 1808 vel
2192 1770 2287 1823 per
2312 1769 2403 1821 se,
2437 1756 2519 1810 vel
2551 1770 2650 1825 per
2674 1756 2852 1812 simile
2877 1758 2957 1811 sui
2990 1758 3180 1827 vulgus
3209 1770 3506 1828 exercent,

200 1846 441 1902 suasione
480 1845 764 1917 depravat.
789 1846 1108 1902 Nostrorum
1151 1844 1666 1915 videlicetjudicum
1708 1859 1796 1899 so-

200 1938 370 1993 cordia
398 1939 595 2005 fretus,
627 1940 715 2009 qui
746 1940 966 2010 privata:
992 1938 1179 2009 gratia:
1201 1937 1499 2007 imperialia
1526 1946 1794 2008 prtecepla

202 2033 524 2102 condonant,
559 2043 613 2090 et
633 2034 977 2105 religionem,
1001 2048 1161 2105 quam
1187 2048 1287 2088 nos
1304 2033 1427 2105 jure
1448 2048 1794 2101 veneramur,

203 2144 348 2198 quam
370 2127 610 2185 fortasse
636 2128 736 2199 ipsi
760 2126 1058 2199 negligunt,
1084 2126 1369 2198 inquietari
1400 2127 1667 2198 patienter
1702 2140 1798 2180 ac-

203 2222 416 2293 cipiunt.

266 2314 315 2368 5.
356 2312 687 2370 Claudianus
718 2312 1012 2368 Donatista.
1054 2341 1125 2354 ——
1152 2311 1483 2368 Claudianus
1523 2312 1687 2367 etiam
1732 2311 1799 2366 ab

205 2407 311 2474 his,
339 2409 428 2479 qui
458 2418 655 2465 contra
684 2407 864 2463 divina
892 2415 1161 2479 prtecepta
1194 2418 1215 2445 ε
1245 2406 1373 2461 vitia
1402 2404 1681 2476 religionis
1720 2404 1801 2459 in-

202 2508 455 2568 staurant,
509 2501 578 2557 ab
621 2500 726 2567 bis,
758 2501 998 2571 inquam,
1030 2514 1166 2569 quos
1195 2497 1390 2568 expelli
1424 2496 1799 2567 iusseramus,

203 2594 392 2651 accitus
412 2636 429 2662 ,
466 2595 625 2666 quasi
657 2609 846 2665 parum
874 2592 1130 2647 facinoris
1160 2604 1449 2662 aggressus
1478 2598 1644 2657 esset,
1674 2590 1719 2645 si
1748 2589 1799 2644 itt

208 2686 370 2743 Africa
400 2687 756 2757 perstitisset,
788 2685 973 2740 Romae
1011 2699 1133 2739 sese
1169 2683 1368 2739 dicitur
1396 2685 1417 2715 ³
1460 2683 1739 2738 intimasse
1783 2699 1798 2736 :

211 2777 485 2851 falsusque
511 2787 810 2850 prmceptor
838 2777 923 2832 vel
946 2783 1199 2846 expertes
1226 2775 1247 2807 ³
1277 2775 1453 2829 adhuc
1481 2774 1641 2830 devio
1673 2788 1797 2843 pro-

207 2871 377 2929 fanare
406 2871 677 2942 mysterio
700 2912 715 2936 ,
742 2870 829 2926 vel
857 2872 965 2939 jam
998 2869 1237 2926 initiatos
1266 2885 1333 2923 ex
1373 2869 1584 2939 integro
1614 2868 1803 2923 nititur

206 2964 394 3037 flagitio
422 2965 638 3035 majore
657 2979 1009 3037 corrumpere
1035 2982 1048 3019 :
1076 2979 1200 3019 cum
1227 2962 1507 3034 religionis
1524 2962 1802 3018 sanctissi-

208 3075 300 3115 m:e
343 3061 690 3131 disciplinam
720 3075 829 3117 non
872 3059 1112 3115 cumulet
1142 3058 1395 3125 iteratio,
1446 3057 1540 3113 sed
1569 3065 1799 3113 evertat.

1902 1856 2099 1916 pncter
2117 1847 2496 1905 aestimationis
2510 1850 2786 1920 injuriam,
2803 1850 2956 1920 cujus
2968 1852 3109 1922 apud
3126 1853 3296 1908 bonos
3319 1870 3422 1909 non
3438 1856 3506 1911 le-

1900 1939 1980 1994 vis
1996 1939 2208 2009 jactura
2232 1951 2333 2005 est,
2352 1941 2621 2012 piaculum
2647 1944 2907 2012 neglecta:
2926 1945 3501 2003 sanctionisincurres.

1972 2031 2026 2086 6.
2059 2030 2384 2087 Judiciorum
2409 2035 2873 2090 ecclesiasticarum
2907 2036 3064 2102 ordo,
3105 2054 3205 2107 quo
3238 2049 3509 2093 contuma-

1900 2142 1982 2180 ces
2027 2128 2397 2193 reprimuntur.
2444 2159 2516 2171 —
2545 2128 2803 2184 Volumus
2833 2139 3014 2185 autem
3035 2173 3050 2199 ,
3083 2143 3142 2186 ut
3181 2134 3507 2205 quicumque

1899 2218 2102 2290 judicio
2133 2220 2385 2288 Damasi,
2420 2222 2563 2294 quod
2595 2224 2686 2279 ille
2712 2239 2836 2278 cum
2869 2226 3100 2280 consilio
3141 2226 3379 2297 quinque
3425 2230 3509 2283 vel

1902 2322 2109 2383 septem
2151 2312 2404 2371 habuerit
2443 2316 2859 2385 episc0porum,
2900 2318 2982 2373 vel
3025 2334 3213 2373 eorum
3240 2361 3255 2385 ,
3289 2322 3379 2389 qui
3421 2335 3510 2375 ca-

1901 2403 2088 2459 tholici
2112 2414 2277 2474 sunt,
2302 2406 2510 2477 judicio
2535 2409 2618 2461 vel
2647 2407 2879 2463 concilio
2904 2409 3294 2465 condemnatus
3323 2412 3506 2479 fuerit,

1902 2497 1949 2553 si
1983 2496 2011 2534 (ι
2062 2499 2259 2567 injuste
2314 2501 2543 2555 voluerit
2596 2501 2880 2557 ecclesiam
2939 2511 3248 2569 retentare,
3306 2512 3367 2558 ut
3416 2503 3508 2573 qui

1900 2584 2157 2648 evocatus
2184 2592 2251 2649 ad
2281 2594 2622 2649 sacerdotale
2665 2595 2929 2665 judicium
2984 2614 3079 2666 per
3107 2598 3505 2653 contumaciam

1902 2700 2008 2740 non
2042 2685 2262 2751 ivisset;
2298 2695 2321 2723 ε
2348 2696 2441 2741 aut
2483 2687 2551 2742 ab
2582 2687 2881 2743 illustribus
2904 2689 3035 2744 viris
3057 2691 3327 2759 prmlectis
3371 2707 3511 2761 prae-

1906 2776 2048 2832 torio
2074 2776 2264 2833 Gallia:
2292 2787 2454 2847 atque
2485 2777 2654 2833 Italia:
2675 2820 2690 2844 ,
2733 2781 2849 2835 sive
2878 2796 2907 2834 a
2942 2782 3356 2851 proconsulibus
3375 2825 3389 2849 ,
3424 2784 3510 2839 vel

1906 2870 2145 2929 vicariis.
2174 2872 2503 2926 auctoritate
2526 2872 2792 2939 adhibita,
2817 2873 2883 2927 ad
2912 2876 3221 2945 episcopale
3241 2876 3508 2945 judicium

1905 2962 2232 3031 remittatur,
2266 2964 2353 3018 vel
2396 2963 2463 3018 ad
2501 2964 2687 3019 urbem
2728 2965 2953 3021 Romam
2998 2969 3100 3022 sub
3127 2970 3510 3037 prosecutione

1906 3057 2189 3124 perveniat
2222 3071 2236 3109 :
2267 3065 2359 3109 aut
2384 3056 2428 3109 si
2452 3055 2504 3109 in
2526 3055 2988 3126 longinquioribus
3012 3058 3257 3127 partibus
3280 3060 3510 3129 alicujus

206 3152 362 3221 Quem
392 3170 501 3209 nos
524 3152 881 3209 Claudiaoum
910 3152 1163 3209 dissimili
1188 3166 1349 3222 pmna
1372 3165 1436 3207 ac
1461 3151 1656 3205 meruit
1677 3166 1803 3221 pro-
1828 3127 1874 3191 Ο
1905 3146 2164 3202 ferocitas
2192 3147 2315 3202 talis
2346 3149 2654 3214 enterserit,
2685 3147 2861 3203 omnis
2892 3149 3011 3219 ejus
3036 3165 3217 3205 causm
3243 3152 3409 3206 dictio
3440 3152 3511 3208 ad

206 3255 509 3317 sequentes,
540 3254 788 3317 repetere
816 3244 1191 3301 tantummodo
1232 3244 1458 3314 patriam
1492 3243 1754 3299 hactenus
1781 3285 1797 3310 ,

207 3348 402 3394 remota
427 3339 752 3405 severitate,
799 3337 1174 3409 pra-cepimus.
1212 3336 1318 3393 Sed
1365 3335 1607 3392 residere
1636 3336 1798 3390 etiam

208 3444 336 3486 nunc
364 3431 566 3486 dicitur
590 3430 873 3499 imperitos
902 3430 1224 3495 sollicitans,
1255 3438 1308 3483 et
1338 3442 1548 3483 cassam
1577 3427 1799 3482 omnino

205 3522 503 3578 mercedem
554 3521 874 3593 requirens,
921 3521 1099 3593 perdit
1124 3508 1335 3576 animas
1377 3533 1667 3590 corporum
1714 3535 1799 3575 re-

205 3613 561 3687 demptorum.

267 3708 320 3762 4.
358 3707 578 3763 Damasi
616 3706 908 3761 innocentia
958 3704 1318 3760 Valentiniano
1388 3703 1418 3758 1
1457 3706 1692 3775 probata.
1726 3733 1795 3744 —

205 3798 331 3855 Hinc
356 3800 431 3855 illi
465 3800 822 3855 insectatores
852 3798 1209 3853 sanctissimae
1255 3796 1432 3860 sedis,
1477 3813 1585 3851 non
1617 3798 1794 3851 solum

206 3889 292 3947 Dei
320 3893 543 3949 nomine
564 3934 579 3959 ,
610 3892 754 3963 quod
785 3891 917 3948 satis
947 3900 1062 3947 erat
1085 3932 1099 3957 ,
1131 3890 1225 3946 sed
1271 3890 1432 3945 etiam
1461 3889 1792 3960 judiciorum

204 3986 440 4043 examine
471 3986 815 4057 exploratum
863 3985 1064 4041 mentis
1090 3982 1447 4040 sanctissimae
1491 3983 1705 4052 virumj,
1736 3992 1796 4039 ut

269 4128 284 4158 ¹
325 4126 488 4182 Forte
514 4126 907 4181 consulturum.

267 4200 287 4229 ‘
325 4197 488 4255 Forte
509 4198 834 4255 insinuasse.

204 4311 297 4366 sini
343 4311 689 4377 molitioncs,
719 4311 786 4367 de
814 4311 1013 4380 quibus
1039 4310 1298 4366 admoniti
1331 4312 1544 4366 fuerant
1585 4308 1672 4366 bis
1699 4327 1791 4367 su-

204 4382 426 4452 perioris
454 4383 699 4451 epistola:
745 4398 798 4436 η.
827 4382 862 4436 4
886 4425 900 4445 ,
952 4382 1132 4437 verbis
1178 4399 1193 4435 :
1232 4382 1545 4453 Relegatus,
1579 4399 1670 4450 per
1707 4398 1793 4437 eos

202 4469 318 4522 quos
348 4456 530 4509 illicite
562 4453 843 4525 sacrilegus
861 4453 1153 4518 ordinavit,
1190 4452 1493 4508 vilissimum
1519 4468 1789 4523 quemque,

204 4528 389 4579 occulte
421 4527 575 4592 licet,
605 4525 884 4580 sollicitare
904 4534 1143 4580 conatur.

272 4606 297 4633 ⁸
322 4597 458 4651 Nutu
489 4607 545 4651 et
571 4596 960 4662 Mediolanum,
991 4597 1061 4650 ob
1091 4595 1274 4652 sedem
1304 4610 1466 4665 quam
1495 4595 1792 4665 imperato-

205 4682 286 4722 res
319 4667 630 4723 Occidentis
674 4667 873 4724 habere
912 4669 1065 4738 inea
1092 4667 1376 4731 solebant,
1405 4668 1614 4738 inclytae
1650 4667 1792 4721 urbis

207 4741 415 4811 nomine
443 4739 748 4811 intelligere
779 4739 936 4811 licet?
962 4737 1069 4794 Sed
1092 4739 1136 4811 si
1168 4738 1279 4792 vult
1306 4753 1435 4811 usus
1477 4737 1533 4811 ut
1584 4738 1689 4793 hoc
1724 4737 1793 4811 de

205 4806 369 4865 Roma
393 4806 860 4882 _interprétemur,
894 4809 1018 4865 huic
1048 4810 1198 4882 urbi,
1230 4817 1289 4863 ut
1332 4809 1441 4879 jam
1475 4809 1791 4864 observavi-

206 4896 351 4948 mus,
392 4879 703 4937 Floreittius
744 4881 924 4937 lsaace
969 4889 1025 4936 et
1075 4879 1268 4936 Ursino
1296 4882 1479 4951 magis
1527 4882 1791 4949 proximus

205 4961 333 5022 erat.
364 4953 493 5008 Mox
525 4953 787 5008 sententia:
807 4953 1059 5022 gravioris
1082 4950 1358 5007 vocabulis
1387 4952 1669 5020 imperiale
1705 4952 1793 5021 ju-

205 5020 395 5094 dicium
423 5066 439 5091 ,
485 5026 567 5080 vel
616 5020 942 5094 sententiam
982 5023 1223 5094 judieum
1254 5024 1322 5077 ab
1375 5020 1792 5094 imperatoribus

206 5092 448 5149 datorum
471 5137 487 5161 ,
519 5093 867 5165 intelligenda
896 5092 1020 5151 esse
1047 5094 1277 5149 suadent
1306 5094 1422 5148 haec
1450 5092 1596 5148 imm.
1633 5094 1655 5148 l
1691 5112 1705 5148 :
1736 5101 1794 5149 ut

206 5166 523 5240 condemnati
546 5168 753 5240 judicio
783 5176 926 5240 recte
955 5166 1298 5240 sentientium
1323 5165 1789 5240 sacerdo_tum......

206 5236 676 5318 redintegrationem
691 5238 882 5306 judicii
914 5242 1109 5309 frustra
1128 5254 1161 5291 a
1182 5236 1327 5291 nobis
1362 5237 1646 5307 impudenti
1678 5253 1795 5308 per-

207 5310 395 5363 vicacia
420 5319 771 5377 precarentur.

270 5377 298 5418 δ
324 5378 382 5433 ln
411 5382 637 5451 epismla
666 5380 931 5446 superiori
960 5395 1017 5435 n.
1044 5379 1111 5447 5,
1139 5379 1371 5451 legimus
1395 5397 1409 5433 ε
1439 5377 1569 5433 Post
1595 5387 1794 5433 sextum

206 5465 393 5521 anitum
431 5450 588 5521 repsit
629 5450 698 5506 ad
724 5452 997 5507 ciuitatem.
1032 5450 1211 5508 Unde
1234 5452 1320 5507 hic
1344 5492 1358 5514 ,
1402 5462 1515 5519 post
1560 5451 1794 5520 quintum

208 5519 454 5576 decimum
479 5519 691 5588 annum,
712 5521 1100 5587 restituendum
1120 5538 1245 5579 esse
1264 5519 1579 5577 Blondellus
1601 5523 1795 5577 merito

209 5591 507 5649 observavit
522 5595 683 5651 :adeo
696 5594 905 5665 utquod
920 5596 971 5649 in
986 5594 1267 5665 superiore
1280 5594 1509 5662 epistola
1524 5592 1791 5665 nonnihil,

209 5671 263 5716 ut
285 5680 430 5733 saepe
460 5666 592 5720 litin
627 5663 936 5737 ltujusmodi
964 5663 1163 5730 causis,
1194 5672 1571 5737 exaggeratam
1603 5663 1788 5731 fuerit,

208 5748 343 5792 nunc
370 5735 726 5808 imperatores
747 5738 1020 5807 corrigant
1046 5749 1099 5791 et
1127 5735 1435 5793 accuratius
1481 5736 1786 5794 enunticat.

684 5833 961 5894 Panos.
1009 5830 1187 5893 XIII.

1908 3242 2264 3311 metropolitze
2295 3243 2348 3295 in
2377 3240 2564 3297 eadem
2613 3242 2891 3312 provincia
2937 3242 3180 3313 episcopi
3212 3243 3513 3298 deducatur
3546 3290 3557 3299 .

1906 3350 2165 3402 examen;
2202 3335 2286 3391 vel
2314 3336 2359 3391 si
2390 3336 2507 3405 ipse
2537 3335 2986 3405 metrOpolitanus
3016 3345 3129 3401 est,
3163 3335 3384 3389 Romam
3416 3351 3512 3391 nc-

1906 3426 2166 3494 cessario,
2199 3427 2283 3481 vel
2315 3426 2383 3481 ad
2412 3442 2505 3481 eos
2526 3441 2663 3497 quos
2684 3425 2963 3480 Romanus
2983 3428 3271 3495 episcopus
3295 3426 3509 3496 judices

1906 3519 2150 3588 dederit,
2181 3521 2297 3576 sine
2323 3520 2581 3576 dilatione
2611 3519 2941 3586 contendat;
2985 3519 3054 3574 ita
3088 3528 3267 3574 tamen
3300 3528 3358 3574 ut
3386 3520 3508 3590 qui-

1903 3627 2135 3683 cumque
2168 3610 2187 3649 τ
2222 3612 2417 3683 dejecti
2446 3620 2604 3675 sunt,
2634 3612 2702 3666 ab
2730 3611 2848 3680 ejus
2874 3619 3082 3666 tantum
3122 3611 3267 3666 urbis
3310 3611 3507 3667 linibus

1902 3718 2292 3779 segregentur,
2344 3710 2397 3763 in
2451 3708 2645 3778 quibus
2694 3706 2893 3762 fuerint
2938 3706 3271 3761 sacerdotes.
3330 3705 3504 3761 Minus

1902 3801 2046 3855 enim
2070 3805 2307 3870 graviter
2330 3802 2552 3856 meritos
2575 3814 2890 3855 coercemus
2908 3840 2923 3864 ,
2954 3807 3011 3853 et
3038 3799 3356 3867 sacrilegam
3382 3814 3507 3867 per-

1902 3891 2154 3947 tinaciam
2198 3891 2376 3947 leuius
2417 3906 2578 3963 quam
2617 3900 2857 3945 meretur
2894 3889 3225 3945 ulciscimur.
3275 3888 3430 3956 Quod
3462 3889 3510 3945 si

1902 3986 1987 4043 vel
2015 3985 2419 4057 metropolitani
2449 3983 2693 4055 episcopi
2722 3985 2808 4040 vel
2834 3983 3228 4054 cujuscumque
3248 3982 3509 4038 sacerdo-

1980 4125 2000 4156 ³
2042 4124 2244 4197 Supple
2273 4122 2544 4193 baptismi.

1980 4320 2001 4350 ε
2032 4310 2174 4365 Nihil
2211 4324 2381 4381 prope
2410 4307 2761 4379 ambigimus,
2813 4306 2940 4381 quin
2981 4305 3072 4381 hic
3108 4304 3390 4381 legendum
3432 4310 3504 4363 sit

1900 4384 2141 4453 mysteria
2168 4376 2436 4453 religionis
2456 4422 2470 4443 ,
2504 4376 2624 4449 qua:
2651 4376 2954 4453 scili_c_et_in
2971 4376 3235 4453 baptismi
3267 4392 3501 4446 praeser-

1897 4447 1991 4506 tint
2036 4447 2328 4508 collatione
2377 4447 2725 4521 peraguntur.
2772 4449 2949 4521 Unde
2970 4447 3274 4521 Romantuu
3318 4453 3505 4521 conci-

1893 4524 2022 4579 liutn
2077 4525 2128 4577 in
2171 4518 2413 4592 proxima
2459 4518 2685 4590 epismla
2734 4536 2881 4575 num.
2928 4519 2992 4584 7,
3045 4533 3166 4592 cum
3198 4518 3503 4576 Claudiano

1893 4596 2012 4665 ipso
2057 4588 2399 4663 expostulat,
2450 4588 2591 4665 quod
2638 4595 2929 4665 episcopos
2965 4588 3265 4644 catholicos
3313 4607 3501 4665 uacuos

1893 4661 2067 4720 ontnes
2103 4661 2478 4735 mysteriorum
2502 4661 2689 4718 dicatf
2714 4663 2761 4718 ls
2796 4663 2953 4733 igitur
2983 4671 3200 4735 uelatur
3237 4661 3441 4718 accitus
3467 4680 3499 4718 a

1898 4732 2219 4819 Donatistis,
2242 4737 2334 4805 qui
2357 4735 2680 4805 baptismum
2702 4732 2966 4789 renavare
2982 4741 3143 4804 atque
3166 4732 3366 4789 iterare
3388 4752 3499 4791 non

1894 4816 2178 4949 ῃηίῖθὲζυά
2212 4878 2410 4951 Baron.
2438 4878 2639 4951 sijuste
2670 4893 2689 4932 :
2719 4877 2879 4951 male,
2911 4883 2970 4930 ut
2996 4890 3067 4951 es
3090 4875 3315 4951 epistola
3337 4891 3499 4951 supef

1894 4946 2119 5034 riori,n.
2149 4950 2203 5019 9,
2234 4946 2555 5037 liquet.Mox
2584 4965 2682 5019 pro
2710 4950 2905 5018 utqui,
2932 4947 3101 5017 magis
3125 4946 3499 5016 placeret,'vcl

1894 5038 2003 5093 qut.

1971 5103 1995 5131 θ
2026 5092 2181 5161 Apud
2204 5091 2454 5148 eumdem
2475 5133 2490 5157 ,
2518 5100 2577 5146 ut
2601 5091 2697 5159 ab,
2726 5101 2779 5146 et
2804 5104 2927 5145 mox
2950 5130 2965 5155 ,
2995 5088 3074 5161 uel
3103 5087 3311 5141 sicariis
3350 5098 3407 5143 ut
3429 5090 3499 5145 ad
3594 5112 3599 5117 ι

1895 5164 2435 5239 urbemRomamsub
2463 5164 2814 5239 prosecutione
2838 5160 3114 5239 perveniat.
3175 5229 3204 5239 Α,

1972 5234 1992 5274 ί
2034 5236 2197 5291 Sirm.
2243 5247 2297 5290 et
2327 5230 2474 5289 Lab.’
2494 5244 2552 5289 ut
2596 5233 2736 5304 apud
2780 5230 2991 5304 Baron._
3023 5230 3235 5304 detecti,
3267 5238 3322 5283 et
3370 5248 3498 5304 mox

1895 5306 2044 5363 solus
2090 5306 2222 5360 Lab.
2274 5306 2409 5359 orbis
2455 5299 2665 5376 ﬁnibus.
2717 5303 2860 5359 Istud
2906 5299 3153 5376 epistola:
3199 5302 3500 5369 superioris

1897 5394 2047 5434 num.
2073 5377 2108 5433 9
2142 5394 2156 5431 :
2185 5389 2239 5430 ut
2265 5378 2352 5447 qui
2381 5372 2599 5447 depositi
2639 5376 2869 5447 fuerint,
2899 5372 2961 5425 ab
2990 5374 3104 5444 ejus
3133 5380 3333 5447 tantum
3374 5376 3502 5429 civi-

1897 5450 2025 5530 tatis
2063 5447 2252 5530 finibus
2276 5442 2653 5530 segregent-ur,
2696 5446 2955 5530 dubitare
2981 5442 3110 5530 bon
3148 5442 3316 5530 sinit,
3358 5448 3497 5530 quin

1897 5512 2289 5576 restituendum
2325 5512 2485 5573 fuerit
2524 5512 2740 5589 dejecti;
2768 5516 2904 5589 adco
2943 5523 2999 5568 nt
3025 5512 3211 5585 dejecti
3240 5512 3498 5589 Ιιὶελίίιριιι

1897 5594 2006 5656 sit,
2052 5591 2194 5661 quod
2244 5590 2355 5645 illic
2396 5587 2644 5661 depositi;
2691 5588 3014 5661 neerminns
3052 5591 3209 5661 cet-to
3257 5587 3498 5661 evincit,

1898 5654 2094 5719 deinde
2127 5677 2309 5718 vocem
2342 5654 2509 5728 orbis,
2540 5662 2658 5717 loco
2702 5659 2873 5725 urbis,
2906 5654 3167 5712 mendose
3196 5657 3335 5726 apud
3364 5654 3498 5717 Lab.

1898 5736 2203 5806 irrepsisse.
