3950 6350
523 227 624 286 591

1025 213 1460 280 MONUMENTA
1496 209 1776 270 VETERA
1815 210 1908 267 AD
1946 198 2350 265 ARIANORUM
2387 195 2787 258 DOCTBINAM
2824 187 3340 254 PERTINENTIAJ'

3664 196 3748 252 592

598 341 702 413 ﬁde
743 338 1005 403 studium;
1037 353 1098 390 ac
1153 310 1307 390 mittit
1335 340 1496 406 gesta,
1528 330 1710 402 quibus
1762 342 1937 382 recens
1989 340 2106 393 pro-
2141 331 2190 388 Α
2221 318 2356 373 intra
2381 318 2617 388 quinque
2640 315 2944 384 provincias
2963 313 2992 354 δ
3019 319 3418 370 commorantur
3439 354 3452 376 ,
3488 311 3538 366 in
3559 325 3647 382 qua
3669 314 3754 369 elc-

601 435 707 489 dita
719 442 835 488 sunt
850 429 1253 485 Manichteorum
1267 444 1354 484 seu
1371 425 1887 480 Priscillianistarum
1908 419 2119 475 scelera.

527 572 713 629 Victor
739 569 1006 626 Maximus
1034 574 1326 637 perpetuus
1357 553 1998 634 triumphatorAugustus
2027 556 2125 611 do-

595 663 744 718 mino
774 677 900 717 vere
921 671 1109 716 sancto
1136 667 1162 696 α
1198 657 1496 729 apostolico
1513 655 1628 710 viro
1645 639 1841 711 Siricio
1868 651 2123 722 episcopo

599 752 854 811 salutem.

595 875 638 932 I.
668 874 846 931 Siricii
873 875 1059 928 litterae
1082 873 1248 942 ipsius
1269 872 1504 945 dignitati
1530 884 1869 941 congruun—
1895 863 2122 936 Accepi-

526 985 648 1026 mus
678 969 884 1022 litteras
907 967 1220 1022 Sanctitatis
1242 975 1373 1032 tuae,
1405 981 1525 1036 qua:
1556 965 1711 1018 nobis
1751 961 1902 1017 fuere
1929 960 2122 1032 gratis-

524 1063 680 1118 simae
703 1103 719 1128 ,
754 1076 980 1131 quaeque
1013 1060 1168 1130 plane
1195 1068 1250 1114 et
1279 1060 1485 1114 nomini
1516 1056 1834 1122 sacerdotis,
1868 1064 1923 1110 et
1949 1053 2124 1124 digni-

527 1159 620 1214 tati
650 1157 811 1214 Urbis
857 1155 1311 1226 splendidissimze
1359 1153 1734 1208 convenirent.
1789 1149 1937 1204 Fidei
1990 1163 2122 1204 vero

523 1252 832 1313 catholicae,
861 1249 928 1306 de
952 1264 1054 1318 qua
1083 1247 1425 1304 clementiam
1453 1256 1691 1301 nostram
1717 1244 2006 1299 consulere
2028 1255 2122 1296 vo-

524 1345 668 1401 luisti
696 1385 711 1409 ,
742 1358 851 1414 quo
882 1342 1053 1413 majus
1079 1343 1224 1395 circa
1257 1355 1342 1394 me
1369 1348 1424 1394 et
1453 1337 1690 1408 speciale
1735 1335 1995 1406 judicium
2040 1333 2124 1388 di-

525 1437 768 1495 vinitatis
809 1434 1092 1506 experior,
1145 1433 1248 1487 hoc
1277 1448 1363 1486 me
1409 1432 1674 1486 conﬁteor
1703 1444 1885 1484 curam
1920 1427 2122 1482 habere

521 1531 818 1599 majorem;
849 1528 938 1598 qui
970 1526 1220 1582 videlicet
1241 1523 1307 1578 ad
1339 1524 1622 1594 imperium
1653 1521 1722 1576 ab
1773 1522 1890 1590 ipso
1937 1520 2119 1576 statim

519 1623 743 1679 salutari
775 1623 921 1676 fonte
940 1617 1353 1675 Conscenderim
1380 1657 1393 1680 ,
1427 1625 1481 1668 et
1506 1614 1592 1669 cui
1620 1614 1676 1667 in
1697 1613 1950 1668 omnibus
1978 1626 2122 1667 sem-

2225 411 2402 481 gerint
2425 410 2558 464 urbe
2579 410 2924 473 constituam;
2952 418 3007 462 nt
3035 407 3221 462 iisdem
3252 405 3595 461 residentibus
3618 415 3663 460 et
3684 421 3752 460 co-

2225 503 2632 574 gnoscentibus,
2663 502 2788 574 quid
2815 502 3010 556 haheat
3034 499 3384 567 conSnetudo,
3415 499 3532 569 quid
3555 499 3669 568 legis
3687 503 3752 565 sit,

2220 596 2513 668 judicetur.
2548 596 2674 652 limo
2723 596 2892 662 enim,
2923 611 3042 665 qua:
3074 595 3228 649 libris
3257 603 3384 649 sunt
3421 593 3680 648 asserenda
3716 602 3756 649 ct

2226 690 2494 762 majorum
2528 698 2839 744 nostrorum
2893 687 3315 758 religiosissimis
3341 686 3626 742 constitutis
3647 727 3658 750 ,
3679 684 3755 757 ipsi

2225 794 2452 855 possunt
2477 784 2672 840 melius
2692 783 2973 839 adstruere
3001 783 3090 854 qui
3119 791 3332 838 norunt.

2300 877 2386 933 lll.
2403 879 2670 934 Creterum
2699 877 2751 931 id
2776 877 2931 932 nobis
2960 876 3127 931 animi
3149 884 3204 930 et
3225 875 3510 930 voluntatis
3531 889 3637 930 esse
3659 890 3755 944 pro-

2229 973 2440 1028 ﬁtemur
2469 1016 2482 1038 ,
2515 981 2571 1024 at
2596 970 2731 1025 ﬁdes
2755 968 3022 1024 catholica
3046 1010 3060 1034 ,
3095 967 3282 1038 procul
3306 968 3450 1023 omni
3475 967 3758 1023 dissensione

2225 1067 2474 1121 submota
2502 1107 2516 1131 ,
2547 1063 3005 1120 concordantibus
3029 1061 3297 1117 universis
3341 1059 3680 1116 sacerdotibus
3717 1069 3757 1115 et

2227 1159 2558 1214 unanimiter
2587 1157 2700 1213 Deo
2742 1156 3106 1212 servientibus
3130 1198 3145 1220 ,
3191 1155 3360 1210 illaesa
3411 1165 3463 1210 et
3493 1153 3758 1209 inviolabilis

2228 1259 2556 1324 perseveret.
2591 1250 2723 1305 Nam
2771 1259 2960 1305 noster
2982 1248 3246 1305 adventus
3297 1251 3369 1304 ita
3400 1249 3650 1320 inquinata
3688 1249 3759 1302 ali-

2227 1360 2331 1415 qua
2351 1352 2416 1399 -et
2445 1344 2834 1399 sceleratorum
2865 1343 2982 1396 labe
3012 1337 3217 1412 polluta
3245 1341 3587 1410 deprehendit
3610 1348 3658 1396 et
3697 1356 3760 1396 re-

2227 1438 2387 1506 perit,
2417 1446 2475 1490 ut
2499 1436 2602 1491 nisi
2633 1445 2813 1489 nostra
2847 1435 3090 1504 provisio
3109 1445 3274 1506 atque
3307 1435 3758 1504 medicina,qu:eex

2225 1529 2322 1583 Dei
2353 1529 2545 1584 summi
2584 1527 2781 1584 timore
2805 1527 3078 1594 veniebat,
3113 1529 3195 1580 his
3221 1542 3381 1597 opem
3405 1525 3636 1583 celeriter
3651 1535 3758 1578 attn-

2227 1623 2382 1677 lisset
2406 1665 2422 1689 ,
2455 1623 2646 1692 ingens
2674 1620 2916 1690 proiecto
2935 1619 3168 1674 divulsio
3193 1629 3360 1690 atque
3384 1620 3598 1689 perditio
3619 1617 3762 1673 luisset

521 1731 620 1786 per
639 1714 922 1770 conatibus
943 1720 1104 1783 atque
1133 1709 1480 1766 SliCCCSSlbUS
1503 1706 1648 1761 Deus
1672 1703 2115 1768 fautoradl'uerit,
2151 1730 2198 1790 B
2227 1724 2412 1770 exorta
2436 1755 2450 1778 ν
2495 1723 2550 1768 ει
2568 1715 2659 1768 vix
2689 1712 2928 1768 sananda
2961 1722 3143 1783 postea
3173 1713 3302 1767 vitia
3334 1711 3712 1766 cnncrevissenl.

518 1813 782 1878 cujusque
807 1805 967 1862 hodie
989 1814 1043 1859 et
1067 1845 1083 1868 ,
1119 1814 1177 1858 ut
1224 1817 1388 1872 spero
1414 1841 1429 1865 ,
1465 1810 1728 1868 perpetuo
1765 1806 2038 1868 protector
2063 1803 2118 1852 et

516 1914 703 1958 custos
720 1917 840 1957 esse
871 1901 1153 1970 dignetur,
1187 1906 1338 1963 pater
1382 1893 1724 1949 charissime.

591 1998 658 2054 ll.
693 1996 885 2069 Agricii
914 2011 1070 2048 causa
1091 1994 1144 2047 in
1173 1991 1446 2048 Gallicana
1469 2001 1720 2044 conventu
1749 1987 2114 2062 diiudicanda.

517 2121 590 2134 —-
618 2090 886 2144 Cancrum
909 2087 978 2142 de
1009 2086 1246 2156 Agricio,
1273 2099 1431 2154 quem
1462 2081 1704 2137 indebite
1731 2081 2118 2151 ad'preshyte-

520 2183 587 2239 rii
616 2182 844 2252 gradum
873 2179 1260 2235 conscendisse
1286 2191 1684 2232 commemoras
1704 2217 1718 2240 ,
1752 2175 1880 2245 quid
1906 2175 2120 2244 religio-

518 2279 574 2334 ni
627 2267 824 2352 nostrre
868 2275 1148 2330 catholica:
1196 2287 1414 2343 possum
1448 2280 1708 2343 praestare
1735 2269 2073 2325 reverentius
2098 2309 2114 2334 ,

517 2387 680 2446 quam
709 2380 767 2426 ut
789 2369 857 2426 de
885 2369 989 2426 hoc
1021 2370 1159 2438 ipso,
1219 2367 1523 2438 cujusmodi
1549 2380 1672 2420 esse
1697 2363 1947 2418 videatur
1970 2404 1986 2428 .
2019 2377 2113 2418 ca-

518 2467 703 2522 tholici
725 2466 970 2536 judicent
1013 2460 1370 2518 sacerdotes?
1421 2459 1660 2527 Quorum
1692 2467 2016 2513 conventum
2048 2471 2113 2511 ex

513 2559 918 2630 opportunitate
947 2559 1189 2613 omnium
1218 2555 1306 2609 vel
1353 2555 1441 2624 qui
1471 2556 1614 2608 intra
1637 2551 1840 2608 Gallias
1865 2595 1880 2620 ,
1914 2552 2000 2608 vel
2026 2553 2116 2623 qui

517 2696 942 2754 Pris’cillianistis
969 2692 1432 2764 interpretandum
1449 2706 1570 2746 esse
1600 2701 1768 2756 nntat,
1789 2691 2012 2764 ejusque
2036 2691 2115 2746 in-

517 2769 888 2838 terpretationi
913 2782 1072 2820 nemo
1094 2763 1288 2838 merito
1316 2764 1803 2838 rel'rzi_getur_.!_ltqui
1826 2763 2116 2838 Priscillia:

518 2833 622 2894 nus
663 2855 728 2894 ac
755 2837 888 2894 socii
917 2853 1059 2891 anno
1085 2837 1190 2891 585
1233 2836 1465 2890 convicti
1499 2833 1778 2898 punitique
1828 2843 1972 2888 sunt.
2032 2833 2112 2888 Ad

516 2910 766 2967 eumdem
824 2910 982 2980 igitur
1019 2907 1438 2980 annumirelerri
1479 2906 1809 2980 jurejpmest
1853 2907 2114 2980 scriptum

515 2982 569 3036 in
595 2999 702 3051 quo
732 2976 994 3037 Maximus
1042 2981 1167 3050 quid
1217 2979 1283 3032 de
1319 2978 1424 3032 illis
1475 2978 1704 3051 proxime
1732 2976 1994 3051 proditum
2016 2977 2108 3042 sit,

513 3048 756 3117 nuntiat,
787 3064 841 3107 et
871 3051 996 3122 quid
1024 3048 1121 3106 hac
1150 3052 1436 3106 occasione
1466 3048 1535 3102 sit
1561 3056 1772 3122 gestum
1799 3089 1814 3113 ,
1849 3049 1996 3103 velut
2024 3064 2115 3104 re-

514 3139 645 3181 cens
673 3140 737 3180 ac
763 3117 1000 3179 nomium
1029 3123 1215 3176 Bonna
1247 3130 1454 3184 notum,
1487 3117 1772 3188 Signiﬁcat.
1855 3171 1858 3174 .

588 3204 616 3232 τι
657 3195 768 3286 Hoc
793 3205 910 3260 est,
941 3194 1170 3264 apostoli
1207 3193 1348 3247 Petri
1404 3190 1748 3286 succ'essqri,
1777 3190 1932 3260 cujus
1956 3191 2112 3247 sedes
2141 3221 2188 3286 ρ

513 3269 801 3338 apostolica
826 3309 840 3332 ,
872 3277 924 3320 et
947 3261 1294 3338 successores
1332 3262 1604 3338 apostolici
1629 3261 1735 3338 dici
1767 3274 2108 3338 meruerunt.

586 3337 614 3376 δ
653 3337 1036 3394 Narbonenses
1057 3337 1301 3403 scilicet,
1337 3343 1394 3390 ut
1425 3332 1807 3389 Titlemontius
1839 3334 2112 3406 interpre-

520 3418 683 3464 tatur.
1451 3414 1456 3418 '
1990 3425 1998 3432 ·

594 3493 616 3518 ε
659 3480 771 3536 Hoc
793 3489 898 3543 est,
927 3480 1004 3535 uti
1026 3481 1137 3550 jam
1160 3477 2118 3550 secundum.Baroniumiobservavi-

520 3551 1105 3620 mus,Priscillianistas
1122 3593 1137 3618 ,
1161 3549 1283 3604 ideo
1299 3550 1516 3620 quidem
1539 3550 1618 3605 sic
1642 3549 1964 3620 appellatos,
1989 3549 2117 3620 quia

2297 1805 2800 1860 lVZManic/tazorum
2825 1805 3040 1873 infanda
3069 1805 3285 1860 scelera.
3302 1834 3377 1845 —
3395 1803 3640 1860 Ca'tcrum
3663 1799 3759 1870 quid

2224 1898 2400 1953 adhuc
2424 1898 2664 1967 proxime
2688 1897 2957 1967 proditum
2981 1898 3050 1952 sit
3075 1897 3406 1952 Manichaeos
3436 1908 3456 1934 ε
3481 1895 3676 1950 sceleris
3697 1892 3760 1946 ad-

2225 1995 2440 2048 mittere
2463 2034 2478 2059 ,
2510 2006 2615 2046 non
2643 1993 2997 2060 argumentis,
3032 2007 3204 2060 neque
3225 1989 3609 2054 suspicionibus
3625 1985 3761 2042 dubiis

2224 2085 2310 2139 vel
2338 2084 2581 2150 incertis,
2597 2083 2690 2139 sed
2717 2084 2952 2153 ipsorum
2968 2085 3311 2138 confessione
3332 2084 3470 2138 inter
3485 2079 3657 2150 judicia
3671 2092 3762 2147 pro-

2225 2177 2350 2232 latis
2369 2218 2384 2243 ,
2435 2176 2579 2231 malo
2605 2175 2746 2246 quod
2790 2191 2855 2229 ex
2879 2176 3047 2245 gestis
3069 2173 3198 2242 ipsis
3225 2184 3317 2229 tua
3340 2175 3587 2230 sanctitas
3606 2213 3618 2236 ,
3640 2185 3758 2242 quam

2225 2286 2292 2327 ex
2324 2279 2512 2326 nostro
2539 2285 2633 2324 ore
2663 2278 2990 2340 cognoscat;
3025 2274 3148 2340 quia
3171 2268 3536 2338 hujuscemodi
3563 2282 3651 2320 non
3674 2278 3760 2318 mo—

2221 2369 2291 2424 do
2319 2369 2456 2424 facta
2492 2369 2664 2438 turpia
2687 2410 2700 2434 ,
2735 2383 2922 2422 verum
2966 2366 3129 2422 etiam
3172 2366 3315 2422 taeda
3346 2365 3524 2429 dictu,
3566 2358 3761 2435 proloqui

2227 2463 2343 2518 sine
2375 2462 2571 2518 rubore
2601 2478 2705 2516 non
2739 2476 3046 2532 possumus.
3080 2459 3245 2514 Manu
3275 2457 3627 2531 Imperatoris,
3653 2451 3760 2509 Divi-

2222 2558 2360 2612 nitas
2385 2567 2435 2612 te
2457 2565 2639 2612 servet
2667 2572 2763 2627 per
2785 2557 2981 2611 multos
3007 2570 3202 2611 annos.

2221 2694 2411 2749 insana
2445 2694 2727 2750 Manicbrni
2756 2703 3060 2751 commenta
3086 2692 3479 2747 instaurabant.
3501 2689 3576 2746 Nil
3595 2686 3760 2742 videtur

2220 2765 2546 2822 inc'unmodi
2571 2809 2584 2830 ,
2609 2768 2653 2820 si
2685 2767 2826 2832 quod
2852 2767 3116 2820 Maximus
3142 2773 3197 2819 et
3221 2765 3469 2833 superius
3493 2761 3556 2817 de
3579 2759 3761 2833 scelera-

2222 2848 2396 2890 torum
2430 2827 2784 2905 quorumdam
2806 2837 3056 2892 surdihus
3085 2878 3098 2899 ,
3133 2827 3330 2903 quibus
3354 2851 3506 2905 opem
3536 2833 3656 2886 ferre
3678 2827 3758 2905 ie-

2221 2897 2477 2973 stinavit',
2509 2918 2562 2963 et
2614 2924 2755 2963 nunc
2781 2909 2850 2963 de
2876 2897 3297 2962 Manichzeornm
3331 2897 3610 2962 sceleribus
3632 2897 3760 2973 adhuc

2221 2969 2700 3048 proximedetectis
2727 2981 3019 3050 eloquitur,
3053 2979 3118 3034 de
3150 2978 3344 3032 iisdem
3399 2969 3761 3050 Priscillianistis

2222 3043 2666 3119 interpretemur,
2698 3043 2872 3121 primo
2895 3043 3112 3120 quidem
3144 3050 3444 3119 Burdigala:
3469 3049 3516 3102 in
3543 3043 3756 3121 penicillo.

2219 3112 2554 3190 quotl'hujus
2590 3112 2934 3190 imperatoris
2959 3122 3112 3190 jussu
3141 3124 3288 3175 circa
3316 3112 3514 3174 annum
3541 3117 3632 3190 584
3654 3112 3762 3190 cele-

2219 3187 2434 3248 bratum
2459 3187 2574 3258 est,
2608 3187 2678 3247 ac
2697 3193 2895 3248 deinde
2925 3187 3163 3248 Treviris
3188 3193 3259 3245 ab
3284 3193 3512 3261 ipsomet
3558 3187 3759 3261 Maximi}.

2218 3280 2378 3333 quem
2419 3253 2821 3332 appellaverant
2851 3305 2864 3327 ,
2899 3253 3530 3327 condemnatis-Nempe
3555 3253 3762 3333 particula

2220 3327 2393 3388 adhuc
2413 3327 2613 3406 aliquid
2644 3337 2765 3390 novi
2795 3336 3018 3390 sceleris
3042 3335 3278 3406 Treviris
3306 3327 3760 3406 proditum‘iudicat,

2221 3401 2518 3532 mglrtea
2565 3423 2685 3478 quae
2725 3407 2838 3478 jam
2869 3405 3169 3478 Burdigalae
3216 3401 3430 3462 detecta
3482 3401 3759 3475 probataque

2403 3496 2415 3531 l
2451 3517 2465 3532 ο

2253 3487 2465 3534 nerant.

1037 3683 1369 3742 EPISTULA
1401 3683 1641 3740 MAXIMI
1685 3683 2151 3763 IMPERATORIS
2188 3683 2281 3740 AD
2322 3683 2894 3766 VALENTINIQNUM
2936 3685 3347 3745 AUGUSTUM.

1717 3797 1892 3860 (Labb.
1921 3797 2106 3849 Concil.
2134 3802 2253 3848 tom.
2279 3797 2346 3848 ll.
2372 3797 2467 3849 col.
2498 3797 2666 3864 1051.)

530 3907 926 3965 Valentinianus
973 3906 1156 3978 junior
1205 3901 1723 3975 Augustus,Justina
1786 3913 1970 3969 matre,
2013 3919 2127 3974 qua:

597 4005 806 4059 Ariona:
859 4002 1044 4057 haeresi
1095 4011 1206 4057 erat
1236 4000 1474 4056 addicta.
1507 4000 1804 4069 instigante,
1840 3997 2127 4052 Mediolani

604 4098 666 4156 S.
699 4097 1046 4162 Ambrosium,
1088 4105 1133 4150 et
1163 4105 1374 4150 crateras
1423 4092 1712 4148 Catholica:
1753 4094 1939 4148 acriter
1993 4094 2128 4147 inse-

527 4196 533 4262 ζ
599 4193 830 4248 ctabatur
861 4208 878 4245 :
907 4207 1009 4263 qua
1059 4206 1116 4243 re
1153 4189 1383 4260 cognita,
1415 4186 1676 4241 Maximus
1709 4184 2127 4240 Valentinianum

532 4293 538 4300 “
599 4290 858 4353 hortatur,
881 4296 936 4339 ut
963 4293 1227 4354 paternam
1272 4283 1502 4334 imitatus
1555 4279 1870 4349 religionem,
1897 4295 1928 4332 α
1965 4280 2014 4334 vi
2040 4295 2126 4334 ec-

602 4381 769 4434 clesiis
815 4389 863 4432 et
913 4377 1260 4434 sacerdotibus
1315 4375 1585 4448 inferenda
1633 4375 1902 4429 abstineat.

604 4469 715 4524 Nisi
747 4470 1052 4525 clementia:
1082 4480 1284 4524 nostra:
1331 4468 1471 4522 circa
1513 4467 1860 4522 serenitatem
1895 4476 2039 4520 tuam
2064 4466 2128 4518 ﬁ-

535 4560 631 4616 des
660 4560 893 4629 simplex
923 4572 1091 4626 esset,
1120 4571 1174 4616 et
1223 4561 1399 4630 gratia
1429 4560 1583 4629 plena
1638 4559 1966 4622 concordiae,
1999 4575 2130 4614 con-

538 4652 644 4708 ﬁdo
701 4653 886 4718 etiam,
931 4653 1073 4723 quod
1123 4652 1406 4708 commoda
1464 4653 1764 4708 rationibus
1817 4655 1952 4708 meis
2008 4668 2130 4708 esse

538 4761 757 4817 possent
802 4746 937 4813 hmo,
983 4761 1100 4815 qua-
1153 4761 1296 4799 nunc
1345 4745 1430 4814 agi
1481 4744 1733 4799 dicuntur
1782 4745 1834 4799 in
1887 4745 2131 4815 partibus

2232 3903 2434 3960 idcirco
2480 3905 2874 3974 perennitatem
2931 3915 3078 3960 tuam
3121 3906 3454 3963 credidimus
3481 3914 3765 3962 commonen-

2231 3996 2378 4066 dam,
2413 4008 2466 4052 ut
2497 4000 2824 4072 introspecta
2871 4000 3080 4055 ratione
3109 4001 3348 4057 nominis
3386 3999 3588 4064 summi,
3614 4006 3658 4052 et
3682 4006 3764 4048 ma-

2227 4091 2441 4162 iestatis
2460 4093 2628 4163 ipsius
2643 4095 2982 4152 considerata
3010 4099 3242 4167 potentia
3254 4141 3268 4165 ,
3288 4100 3414 4170 quid
3431 4114 3578 4171 agere
3591 4096 3762 4154 debeas.

2233 4185 2404 4240 solida
2431 4194 2611 4242 mente
2639 4189 2964 4258 perpendas.
2998 4191 3190 4248 Audivi
3219 4194 3364 4248 enim
3384 4195 3521 4261 (nam
3546 4191 3665 4246 fama
3687 4199 3765 4240 non

2234 4280 2435 4349 patitur
2457 4281 2740 4349 occultari,
2773 4284 3072 4353 prmsertim
3102 4285 3247 4356 quod
3280 4298 3472 4357 agatur
3495 4287 3542 4340 in
3569 4279 3764 4354 populos)

2236 4374 2392 4429 novis
2420 4374 2725 4429 clementiae
2772 4383 2880 4430 tuze
2905 4375 3099 4432 edictis
3143 4377 3389 4434 ecclesiis
3415 4377 3663 4434 catholicis
3685 4369 3765 4423 vim

2237 4464 2439 4518 illatam
2472 4463 2659 4532 fuisse,
2685 4465 2923 4522 obsideri
2950 4469 3001 4522 in
3028 4469 3265 4526 basilicis
3293 4471 3615 4535 sacerdotes,
3656 4460 3763 4519 mul-

2236 4565 2381 4610 ctam
2421 4572 2544 4612 esse
2575 4559 2931 4629 propositam,
2977 4576 3190 4632 prauam
3241 4566 3433 4635 capitis
3460 4561 3766 4633 adjectam,el

2237 4648 2407 4720 legent
2458 4653 2854 4708 sanctissimam
2909 4657 3010 4712 sub
3064 4660 3285 4715 nomine
3315 4662 3494 4717 nescio
3517 4650 3764 4728 cujusleilis

2239 4747 2429 4800 everti.
2463 4746 2575 4802 Hoc
2621 4763 2782 4818 quam
2827 4764 2992 4819 grave
3018 4752 3109 4819 sit,
3142 4756 3346 4822 poteris
3400 4753 3600 4816 intueri,
3626 4749 3664 4804 si
3698 4740 3764 4798 Dei

539 4837 941 4906 tranquillitatis
997 4845 1126 4902 tuae,
1174 4838 1454 4892 catholicze
1499 4837 1631 4906 legis
1695 4837 1926 4892 turbatio
1971 4848 2133 4908 atque
2161 4835 2211 4894 D
2241 4841 2663 4908 magnitudinem
2709 4843 2946 4900 volueris
2974 4847 3231 4917 cogitare.
3259 4849 3546 4914 Erubesco,
3570 4847 3610 4901 si
3642 4851 3762 4912 quam

537 4931 836 4987 convulsio.
863 4929 1001 4998 Quid
1024 4928 1166 4984 enim
1216 4939 1324 4984 tam
1373 4930 1663 4998 Optandum
1714 4931 1883 4999 possit
1912 4945 2036 4985 esse
2057 4934 2130 4999 ei,

537 5023 582 5079 si
615 5023 737 5092 quis
766 5032 908 5077 esset
947 5021 1215 5084 inimicus,
1249 5035 1408 5088 quam
1439 5020 1700 5076 adversus
1730 5021 1992 5077 ecclesias
2016 5022 2129 5089 Dei,

539 5113 644 5168 hoc
665 5123 768 5179 est,
815 5113 1079 5168 adversus
1118 5112 1286 5166 Deum
1335 5112 1532 5180 ipsum,
1561 5121 1616 5168 et
1639 5113 1816 5183 aliqua
1847 5113 2046 5176 moliri,
2083 5121 2138 5169 et

542 5207 630 5260 ubi
663 5220 817 5259 error
837 5204 1162 5259 excusabilis
1195 5219 1300 5257 non
1333 5211 1435 5266 est,
1468 5205 1538 5257 ibi
1563 5205 1702 5260 velle
1733 5221 1958 5275 peccare
1981 5207 2004 5261 ?
2026 5207 2134 5262 Sed

537 5300 792 5370 quoniam
823 5297 1100 5352 serenitati
1129 5308 1328 5351 nostra:
1355 5305 1408 5350 et
1439 5296 1494 5350 in
1528 5297 1692 5351 Deum
1722 5298 1911 5369 religio
1941 5301 2132 5369 major,

537 5408 698 5464 quam
714 5391 904 5446 violari
924 5391 1086 5446 etiam
1119 5391 1186 5444 ab
1214 5389 1586 5444 inimicissimo
1608 5407 1823 5461 quoque
1853 5408 1962 5448 non
1985 5403 2136 5462 opta-

539 5483 646 5540 bile
676 5482 832 5537 nobis
866 5481 1212 5542 arbitramur,
1245 5488 1301 5535 et
1334 5480 1475 5535 circa
1503 5483 1905 5536 serenissimam
1934 5484 2130 5552 juven-

539 5588 706 5633 tutcm
732 5587 876 5632 tuam
905 5587 1010 5630 tam
1037 5585 1185 5631 arcta
1215 5574 1384 5630 nostri
1413 5589 1563 5640 cura,
1597 5585 1704 5630 tarn
1735 5575 1924 5631 sedula
1947 5585 2052 5643 est,
2077 5585 2138 5633 ut

536 5681 681 5728 recte
707 5670 1044 5743 factaoinagis
1081 5685 1181 5728 nos
1225 5684 1346 5738 sua,
1385 5665 1548 5742 quani
1584 5679 1763 5727 errata
1820 5669 2126 5739 delectent;

2239 4932 2528 4988 crediderit
2557 4936 2825 4991 serenitas
2857 4945 2942 4991 tua
3002 4938 3285 4997 adstruere
3316 4942 3502 4996 vellem
3533 4937 3761 4993 rationem,

2238 5033 2294 5080 et
2321 5025 2411 5079 Dei
2439 5041 2602 5096 agere
2629 5043 2867 5083 causam.
2901 5030 3041 5099 Quid
3069 5032 3214 5087 enim
3237 5035 3280 5088 si
3313 5032 3416 5088 hoc
3436 5031 3597 5087 solum
3621 5018 3765 5082 esset?

2237 5117 2291 5174 Si
2314 5119 2457 5174 enim
2481 5119 2589 5190 jam
2623 5137 2718 5190 per
2740 5130 2818 5178 tot
2862 5126 3058 5180 saecula
3079 5128 3270 5182 coalita
3293 5134 3349 5182 et
3368 5125 3654 5183 conﬁrmata
3678 5129 3766 5172 mu.

2240 5219 2378 5278 tare,
2422 5227 2711 5280 parvamne
2743 5217 2980 5273 excitare
3021 5217 3343 5276 discordiam
3387 5205 3766 5280 videretislipsis

2241 5302 2490 5358 humanis
2521 5305 2728 5376 legibus
2752 5309 2804 5362 in
2838 5309 2939 5364 hac
2983 5299 3309 5368 mortalitate
3340 5311 3497 5366 habet
3526 5315 3681 5364 nostra
3703 5313 3766 5353 re-

2241 5399 2537 5454 verentiam
2582 5401 2936 5468 consuetudo,
2997 5413 3052 5459 et
3103 5405 3156 5460 in
3211 5421 3271 5461 re
3291 5405 3401 5474 jam
3433 5409 3620 5458 vetusta
3643 5403 3764 5464 atque

2240 5491 2432 5546 usitata
2473 5492 2677 5564 aliquid
2754 5512 2951 5551 novum
3005 5498 3197 5554 fecisse
3229 5542 3244 5567 ,
3312 5494 3639 5568 reprehensio
3684 5492 3761 5542 est.

2239 5582 2388 5638 Italia
2413 5587 2592 5641 omnis
2640 5597 2802 5658 atque
2847 5589 3026 5645 Africa
3082 5590 3184 5646 hoc
3210 5598 3539 5648 sacramento
3564 5581 3760 5643 credunt.

2238 5675 2340 5734 hac
2379 5679 2484 5738 ﬁde
2515 5681 2816 5753 gloriantur
2868 5682 3065 5753 Gallia,
3120 5686 3424 5758 Aquitania,
3471 5681 3628 5739 omnis
3671 5673 3761 5728 llis-
