3950 6350
273 339 382 397 595

767 337 1199 397 MONUMENTA
1242 337 1530 395 VETERA
1569 338 1662 394 AD
1699 335 2111 395 ABIANORUM
2150 335 2546 394 DOCTRINAM
2587 335 3068 426 PERTlNENTIA.
3127 388 3132 394 .

3464 335 3569 394 594

269 457 451 530 pania,
487 457 654 513 Roma
707 457 819 526 ipsa
866 455 1210 517 venerabilis,
1254 454 1404 524 cujus
1449 456 1610 508 etiam
1670 454 1724 509 in
1770 453 1869 508 hac
1897 455 1947 517 Α
1974 464 2189 525 quantae
2216 469 2280 508 ex
2315 453 2416 507 hoc
2433 453 2718 509 discordia:
2749 454 3161 510 excitabuntur!
3195 461 3409 525 quantm
3437 469 3569 511 eou-

268 559 424 624 parte
447 551 779 621 principatus
809 560 890 604 est
913 591 926 615 ,
958 546 1098 618 quod
1127 547 1297 601 Deum
1329 547 1470 601 sicut
1495 547 1645 616 sequi
1677 547 1864 614 voluit,

266 646 515 716 agnovit.
569 643 884 698 Conlitebor
937 642 1054 711 ipse
1111 641 1254 711 quod
1295 657 1401 694 non
1459 640 1576 695 sine
1631 655 1867 698 maerore

265 737 473 793 dictum
516 744 620 801 est,
663 735 834 791 solum
912 733 1268 790 dissentiebat
1304 731 1575 803 Illyricum
1614 749 1628 798 ;
1663 733 1865 786 utinam

264 829 408 901 quod
431 838 689 895 errasset,
724 844 828 882 non
859 835 1103 883 exstaret
1125 825 1460 895 exemplum!
1488 825 1702 881 Utinam
1736 825 1867 881 illud

263 925 536 980 incolume
559 923 778 978 Arianae
806 922 940 993 legis
971 920 1310 976 Mursinense
1363 919 1618 989 oppidum
1647 935 1864 990 perma-

261 1029 445 1087 neret,
487 1029 541 1076 et
571 1019 768 1074 nonad
795 1017 1061 1089 judicium
1103 1017 1375 1088 quondam
1431 1018 1634 1072 erroris
1682 1017 1867 1073 miseri

260 1112 792 1182 coneidissent,quia
825 1112 970 1180 ipsos
996 1110 1553 1178 erudissetauetores,
1581 1127 1646 1165 ne
1677 1111 1866 1181 praeci-

261 1222 368 1278 pua
393 1205 516 1261 irati
543 1204 778 1260 numinis
804 1204 1008 1261 ultione
1041 1204 1456 1274 procumberent
1483 1222 1495 1259 :
1539 1203 1864 1273 periculose,

258 1297 394 1354 mihi
422 1297 604 1359 crede,
625 1295 806 1352 divina
833 1295 1472 1351 tentantur.Venerabilis
1503 1296 1777 1349 memoriae
1800 1296 1861 1350 D.

257 1390 674 1446 Valentinianus
706 1397 856 1459 pater
885 1387 1188 1443 clementia:
1221 1398 1348 1452 tute,
1373 1387 1472 1443 hac
1496 1388 1601 1444 ﬁde
1633 1387 1867 1443 ﬁdeliter

256 1484 569 1555 imperavit.
616 1482 762 1538 Nihil
788 1483 879 1537 ille
906 1483 1171 1553 attingere
1191 1483 1382 1549 voluit,
1407 1482 1548 1552 quod
1577 1482 1714 1537 bene
1736 1497 1867 1537 con-

256 1581 513 1632 stitutum
560 1577 796 1633 videbat.
827 1577 892 1632 Hi
921 1587 1070 1631 certe
1119 1577 1220 1631 sub
1263 1578 1456 1632 eodem
1491 1577 1726 1648 episcOpi
1751 1577 1862 1648 jam

257 1669 652 1737 fuerunt.Qure
685 1681 828 1724 tanta
860 1668 1106 1736 mutatio,
1141 1678 1199 1723 ut
1221 1671 1308 1741 qui
1338 1680 1497 1724 antea
1529 1670 1862 1737 sacerdotes,

256 1777 407 1817 nunc
443 1762 691 1832 sacrilegi
728 1760 1040 1832 judicentur
1069 1763 1093 1816 ?
1121 1760 1318 1818 Iisdem
1371 1772 1519 1818 certe
1552 1762 1861 1832 prmceptis,

1975 546 2243 602 tentiones
2269 547 2586 602 oborientur
2617 548 2630 601 ι
2665 563 2823 612 quam
2854 548 3062 602 crehne
3090 563 3154 603 ac
3184 546 3455 618 pestifera!
3482 563 3570 604 se—

1971 636 2206 694 ditiones
2234 640 2246 694 ε
2276 647 2476 708 quanta
2530 648 2585 693 et
2613 656 2733 709 qua:
2757 640 3124 709 pervenientia
3155 641 3222 694 ad
3250 641 3415 695 Deum
3443 651 3569 697 vota

1967 728 2274 800 justorum!
2327 745 2449 784 cum
2503 729 2645 785 inter
2693 731 3016 786 chrisdanos
3046 731 3209 801 (quod
3239 732 3387 788 dictu
3420 733 3572 790 nefas

1970 823 2063 897 sit)
2115 825 2362 895 quaedam
2417 827 2804 894 persecutionis
2851 825 3026 897 imago
3057 838 3326 882 nascatur.
3355 826 3572 883 Videris

1972 919 2024 973 in
2057 935 2217 990 quam
2252 928 2456 988 partem
2482 919 2621 974 hanc
2654 919 2996 976 sedulitatem
3030 930 3269 976 nostram
3302 923 3570 992 interpre-

1974 1013 2123 1065 teris.
2154 1011 2318 1065 Nullo
2339 1015 2498 1067 ‘certe
2529 1011 2717 1082 majori
2745 1027 2946 1082 genere
2971 1027 3155 1067 curam
3203 1029 3378 1068 meam
3426 1013 3571 1069 circa

1970 1104 2316 1160 clementiam
2351 1115 2492 1159 tuam
2550 1105 2779 1175 probare
2838 1105 2930 1160 tibi
2973 1120 3207 1175 possem,
3237 1121 3396 1177 quam
3443 1107 3487 1161 si
3519 1116 3572 1162 te

1972 1197 2176 1264 horter,
2198 1198 2506 1253 utdesinas.
2533 1199 2666 1254 l’uto
2686 1197 2828 1253 enim
2849 1213 3225 1269 recognosces,
3241 1199 3382 1270 quod
3411 1215 3572 1256 nemo

1971 1293 2072 1348 hoc
2110 1295 2365 1350 suaderet
2394 1295 2665 1349 inimicus.
2699 1294 2825 1351 Haec
2852 1294 3160 1349 amabiliter
3180 1309 3210 1348 a
3241 1296 3399 1350 nobis
3427 1294 3571 1350 dicta

1969 1402 2089 1443 esse
2141 1395 2269 1456 opto
2298 1396 2355 1441 ut
2400 1387 2708 1457 intelligas,
2766 1401 2928 1456 spero
2977 1385 3117 1451 quod
3169 1387 3362 1442 credas
3391 1385 3572 1441 :unde

1969 1493 2182 1548 aequum
2210 1478 2501 1533 admodum
2553 1488 2658 1545 est,
2683 1483 2750 1533 n'e
2777 1488 2964 1534 sancto
2995 1479 3200 1532 numini
3230 1478 3404 1532 dicata
3433 1493 3570 1534 con-

1968 1570 2155 1624 vellas.
2219 1570 2422 1624 Italiam
2491 1586 2709 1625 omnem
2745 1613 2759 1636 ,
2809 1581 2860 1626 et
2909 1570 3274 1625 venerabilem
3319 1563 3572 1636 Romam,

1969 1675 2304 1735 caeterasque
2333 1664 2642 1734 provincias
2679 1665 2794 1718 suis
2823 1664 3092 1729 ecclesiis,
3125 1666 3236 1718 suis
3267 1663 3568 1718 sacerdoti-

1969 1759 2070 1815 bus
2095 1760 2310 1820 reddas.
2337 1776 2514 1830 neque
2539 1773 2590 1815 te
2622 1761 2857 1815 medium
2892 1761 3207 1826 interseras,
3228 1776 3348 1815 cum
3390 1760 3470 1814 fas
3501 1760 3573 1815 sit

252 1854 454 1910 iisdem
500 1855 860 1909 sacramentis
891 1855 1091 1922 dicati,
1143 1854 1330 1910 eadem
1365 1854 1466 1910 ﬁde
1497 1855 1746 1921 credunt,
1779 1856 1867 1925 qui
1898 1847 1947 1906 Β
1969 1853 2172 1922 justitts
2215 1868 2332 1918 eos,
2378 1853 2471 1923 qui
2501 1868 2530 1907 a
2561 1853 2826 1907 catholica
2870 1851 3112 1906 Ecclesia
3143 1853 3466 1907 Arianorum
3492 1853 3573 1905 in-

251 1957 386 2002 ante
440 1947 810 2003 crediderunt.
839 1949 922 2002 An
949 1957 1101 2018 putat
1130 1948 1462 2003 venerabilis
1494 1949 1623 2002 mihi
1658 1948 1864 2002 sereni-

253 2051 342 2098 tas
375 2049 463 2096 tua
494 2048 809 2111 conceptam
843 2041 1010 2096 semel
1049 2040 1102 2095 in
1124 2040 1320 2095 animis
1341 2040 1622 2096 hominum
1641 2041 1860 2109 religio-

257 2152 432 2206 nem,
491 2152 652 2208 quam
692 2137 835 2193 Deus
866 2137 979 2208 ipse
1026 2137 1326 2204 constituit,
1373 2152 1534 2207 posse
1581 2136 1868 2192 convelli?

1965 1949 2360 2018 terpretatione
2405 1947 2801 2010 discesserint,
2837 1961 3080 2002 errorem
3139 1962 3296 2002 suum
3329 1962 3454 2002 vera
3484 1961 3572 2002 re-

1959 2040 2162 2112 ligione
2214 2052 2448 2108 mutare,
2477 2057 2636 2112 quam
2694 2049 2846 2100 recte
2893 2041 3259 2099 sentientibus
3293 2057 3444 2099 suam
3475 2044 3576 2097 im-

1979 2135 2189 2190 mittere
2208 2148 2325 2203 prai
2342 2134 2548 2190 itatem.

970 2261 996 2290 ⁸
1022 2251 1359 2309 EPISTOLA
1384 2250 1874 2308 VALENTlNIANI
1893 2251 2357 2310 IMPERATORIS
2395 2253 2486 2308 AD
2518 2253 2869 2310 PINIANUM.

1474 2345 1549 2410 (ι).
1572 2346 1737 2398 Const.
1759 2345 1851 2410 Ep.
1873 2346 2040 2403 Pont.,
2065 2345 2158 2396 col.
2184 2346 2322 2412 659.)

335 2431 454 2497 Qua
480 2432 638 2488 Sirici
665 2403 911 2486 Romanii
926 2431 1170 2486 antistitis
1194 2432 1496 2486 electionem
1520 2430 1790 2500 approbat.

585 2570 602 2600 ¹
635 2569 777 2636 Abe,
805 2568 1030 2625 Piniane
1059 2569 1378 2627 charissime
1399 2570 1576 2626 nobis.

334 2696 598 2770 Populum
656 2701 816 2758 Urbis
870 2713 1090 2759 aeterna:
1141 2704 1376 2775 gaudere
1425 2706 1754 2774 concordia,
1809 2716 1864 2763 et

252 2795 530 2867 Optimum
575 2796 774 2866 eligere
822 2797 1200 2866 sacerdotem,
1232 2800 1414 2869 populi
1456 2801 1684 2856 Romani
1743 2817 1863 2858 esse

1975 2432 2276 2486 antistitem
2317 2433 2622 2488 sanctitatis
2643 2433 2722 2488 sic
2744 2446 2982 2503 przeesse
3030 2432 3337 2488 sacerdotio
3376 2431 3568 2488 volue-

1971 2533 2138 2588 runt,
2182 2532 2242 2579 ut
2271 2523 2525 2580 Ursinum
2559 2521 2866 2596 improbum
2893 2525 3376 2582 acclamationibus
3401 2526 3422 2556 ²
3454 2525 3573 2581 vio-

1972 2618 2175 2683 larent;
2203 2627 2388 2673 nostro
2409 2634 2533 2674 eum
2557 2619 2755 2691 gaudio
2783 2631 3114 2675 memoratus
3135 2619 3422 2692 episcopus
3451 2619 3571 2690 ipse

1969 2717 2323 2778 permaneat,
2355 2709 2580 2765 Piniane
2606 2695 2927 2767 chariSsime
2956 2727 3019 2766 ac
3042 2711 3466 2778 jucundissime:
3521 2710 3569 2765 si

1967 2804 2187 2871 quidem
2217 2820 2470 2874 magnum
2505 2806 2826 2862 innocentiae
2863 2815 2920 2861 et
2946 2807 3228 2877 probitatis
3259 2805 3567 2875 exemplum

251 2887 537 2943 credimus
580 2888 807 2943 instituti
837 2930 850 2953 ,
882 2899 936 2944 et
967 2891 1169 2946 nostris
1215 2893 1551 2963 gratulamur
1599 2895 1858 2952 advenire
1887 2874 1932 2940 Ο
1963 2909 2065 2964 est,
2093 2899 2146 2954 in
2176 2915 2279 2954 una
2308 2903 2694 2958 acclamatioiie
2722 2912 2776 2958 et
2802 2904 2974 2969 ipsum
3033 2901 3195 2975 eligi,
3247 2911 3299 2957 et
3339 2910 3569 2958 caeteros

250 2980 620 3051 temporibus.
663 2981 896 3038 Proinde
935 2983 1191 3054 quoniam
1244 2985 1557 3056 religiosum
1605 2987 1856 3044 Siricium

319 3096 342 3187 ἶ
369 3095 530 3206 ῗτξῗίε
552 3155 808 3208 noluerint.

334 3275 360 3302 ει
399 3265 741 3338 Rescriptum
776 3267 878 3324 hoc
897 3283 927 3324 e
953 3267 1214 3324 Vaticano
1239 3271 1427 3326 codice
1456 3280 1670 3326 erutum
1693 3272 1864 3328 Baro-

251 3337 384 3411 nius
411 3338 475 3390 ad
506 3337 701 3411 annum
723 3340 827 3396 385
849 3381 862 3399 .
893 3357 947 3394 n.
968 3340 1000 3395 6
1028 3383 1042 3405 ,
1075 3342 1125 3395 in
1159 3343 1328 3396 lucem
1355 3344 1554 3398 emisit.
1582 3343 1859 3411 Pinianus,

253 3410 346 3482 cui
376 3410 688 3482 inscribitur
711 3453 724 3472 ,
758 3412 1045 3482 Augustini
1078 3414 1322 3480 epistolis
1354 3413 1479 3480 124,
1511 3415 1640 3478 125,
1673 3425 1727 3469 et
1762 3410 1864 3473 126

251 3480 686 3552 celeberri-imus
738 3480 864 3537 εει(
891 3483 1046 3537 Hunc
1077 3487 1201 3538 anni
1231 3485 1338 3539 386
1379 3500 1565 3541 mense
1595 3485 1738 3540 Julio
1762 3531 1776 3552 ,
1807 3499 1862 3543 et

249 3553 384 3605 anni
419 3551 523 3606 587
551 3567 738 3606 mense
766 3553 924 3608 Junio
957 3553 1084 3608 Urbi
1112 3556 1424 3622 pra-fectum
1470 3556 1634 3611 fuisse
1661 3551 1863 3614 conSti-

250 3623 500 3677 ttttiones
532 3623 842 3691 imperiales
867 3624 1024 3678 [idem
1057 3625 1282 3680 faciunt.
1320 3627 1426 3683 Sed
1455 3628 1704 3682 eumdem
1737 3641 1864 3687 ante

250 3709 502 3748 mensem
523 3693 720 3749 Julium
748 3695 988 3763 praedicti
1016 3698 1141 3750 anni
1165 3699 1268 3754 586
1301 3700 1668 3767 haedignitate
1695 3700 1860 3756 deco-

249 3775 435 3819 ratum
470 3781 574 3818 nnn
609 3767 806 3839 fuisse,
841 3768 986 3837 leges
1017 3769 1254 3822 Salustio
1284 3770 1541 3839 prtel'ecto
1572 3770 1734 3826 Urbis
1760 3773 1857 3828 da-

253 3845 350 3896 t:e,
387 3853 506 3902 qua:
534 3852 720 3912 mense
751 3837 911 3912 .luuio
935 3841 1058 3912 anni
1087 3840 1204 3912 586'
1221 3837 1611 3912 consignantur
1631 3885 1644 3905 ,
1695 3859 1858 3912 argu-

251 3917 444 3982 tari-nlo
458 3908 984 3982 suntaQuatnobrem
1001 3908 1439 3967 Tillemmilius't.
1483 3913 1546 3981 Χ,
1589 3929 1709 3982 pag.
1732 3908 1857 3980 7‘88,

251 3977 548 4051 Pinianum
576 3979 761 4051 vicarii
793 3981 994 4048 potius,
1021 3998 1178 4049 quant
1207 3984 1467 4051 prml‘ecti,
1501 3977 1716 4038 vel-alio
1743 3977 1853 4040 alii;

250 4050 309 4104 ni
347 4065 571 4123 munere
601 4060 708 4123 tum
735 4049 974 4105 functum
1011 4051 1175 4107 fuisse
1191 4049 1481 4123 conjectat.
1515 4071 1634 4108 cum
1663 4057 1763 4110 hoc
1806 4059 1856 4114 ei

251 4122 583 4189 rescriptum
613 4120 1020 4177 Valentinianus
1053 4125 1216 4180 dedit.
1250 4120 1362 4181 Nec
1383 4128 1539 4181 deest
1566 4126 1755 4181 idonea
1775 4145 1857 4186 ra.-

254 4192 367 4258 tio,
392 4209 490 4248 cur
517 4193 673 4247 alteri
697 4209 723 4245 a
749 4196 1003 4264 praelecto
1035 4200 1310 4266 negotium
1336 4197 1468 4254 illud
1507 4201 1857 4255 commissum
1882 4194 1939 4256 D

1965 2992 2279 3062 improbari.
2305 2996 2439 3050 Data
2467 2996 2488 3027 ³
2515 3013 2585 3052 vn
2619 2988 2888 3054 Kalendas
2909 2997 3102 3053 Martii.

2031 3105 2052 3138 ³
2079 3105 2336 3158 Februarii
2360 3111 2419 3159 25
2441 3109 2539 3161 die.
3049 3108 3052 3111 ’

1975 3278 2444 3356 ΐιιθτίιῂηιει-χίιηε
2474 3283 2517 3336 si
2546 3283 2902 3356 Symmachus
2925 3284 3164 3356 prmiecti
3193 3285 3570 3355 munus,un

1972 3351 2241 3426 φυηρ-584
2255 3353 2320 3408 ab
2337 3369 2402 3406 eo
2423 3351 2632 3424 gestuin
2652 3370 2774 3426 esse
2785 3351 3017 3422 constat,
3045 3358 3270 3412 necdum
3293 3351 3566 3426 posuerat.

1970 3421 2534 3497 hlganii‘estnmqnippe
2565 3435 2647 3480 est
2677 3421 3112 3482 Valentinianum
3133 3470 3148 3493 ,
3191 3421 3307 3482 ubi'
3332 3429 3565 3497 primum

1971 3493 2146 3567 Sirieii
2181 3493 2502 3550 electionem
2539 3499 2789 3564 rescivit,
2818 3499 3024 3553 calculo
3055 3515 3154 3554 suo
3177 3493 3345 3554 illam
3374 3513 3572 3567 appro-

1970 3564 2418 3639 bare_lcstinasse
2441 3609 2455 3632 ,
2511 3569 2754 3634 adeoque
2800 3571 3118 3639 reseriptttm
3151 3571 3292 3624 istud
3323 3569 3387 3623 ad
3411 3564 3572 3624 inien-

1969 3635 2468 3710 SetuHFehruarinm
2499 3642 2624 3693 anni
2670 3640 2776 3696 585
2803 3656 2924 3695 esse
2969 3635 3338 3698 referendum.
3375 3639 3576 3710 Hujus-

1970 3708 2112 3784 modi
2170 3719 2350 3784 autem
2408 3726 2543 3784 opus
2591 3713 2884 3781 imperator
2936 3711 3267 3784 Symmacho
3316 3708 3572 3782 pra-féeto

1965 3778 2552 3854 detnandareprud’ens
2603 3778 2802 3848 noluit;
2823 3785 2944 3854 quia
2964 3778 3014 3839 et
3031 3785 3260 3839 Gentilis
3274 3778 3410 3850 erat,
3427 3794 3480 3836 et
3501 3799 3569 3838 eo

1963 3852 2103 3919 quod
2119 3849 2441 3906 Christianis
2458 3855 2681 3908 inl'esms
2699 3849 2989 3920 esset',ntin
3008 3849 3571 3916 Notitiaepistolarum

1965 3922 2488 3996 nomine,Damasi§
2506 3926 2948 3995 l9exposnimus,
2976 3929 3266 3983 novissime
3291 3928 3357 3982 ad
3392 3928 3569 3996 impe-

1960 4005 2170 4066 ratores
2194 3995 2404 4049 delatus
2430 3995 2624 4050 fuerat.
2655 4001 2861 4053 lteratae
2889 3999 3064 4055 Ursini
3109 4002 3440 4066 molitiones,
3473 3995 3572 4054 ire-

1962 4065 2148 4142 scripti
2181 4066 2340 4142 hujus
2367 4067 2612 4142 exigendi
2637 4070 3011 4142 necessitatem
3046 4065 3438 4142 inipOsuerunt,
3461 4084 3570 4141 quo

1965 4138 2086 4189 novi
2116 4138 2425 4193 schismatis
2446 4139 2652 4195 semina
2682 4141 2839 4197 citius
2869 4138 3322 4212 opprimerentur.

323 4373 3508 4405 mm

522 4519 1067 4648 SERMONUM
1152 4520 1762 4650 ARIANOBUM
1845 4526 2474 4678 FRAGMENTA
2554 4537 3298 4676 ANTIQUISSIMA

251 4723 321 4767 IN
369 4724 737 4769 pascamus
779 4726 1155 4772 MEMBRANIS
1205 4727 1501 4771 aeream
1563 4729 1647 4771 ET
1689 4699 1860 4776 πάι]Νο
1904 4733 2162 4780 PRIMUM
2207 4737 2341 4782 CUM
2384 4734 2640 4786 IDONEIS
2685 4744 3240 4792 REFUTATIONIBUS
3285 4747 3481 4794 EDITA
3512 4748 3564 4793 ιι.

1451 4835 1587 4895 (Maii
1610 4835 1733 4887 Coll.
1755 4843 1792 4888 t.
1819 4837 1915 4905 III,
1939 4849 2060 4906 part.
2080 4858 2130 4907 ιι,
2157 4860 2206 4908 ρ.
2232 4847 2366 4911 eos.)

654 4963 1135 5023 FRAGMENTUM
1175 4963 1468 5022 PRIMUM.

333 5079 518 5152 Nuper
557 5095 670 5144 me,
716 5080 1020 5134 charissima
1063 5083 1260 5150 frater,
1294 5079 1357 5133 de
1397 5080 1858 5138 calumniatoribus

255 5173 645 5241 admonendum
691 5172 948 5229 censuisti
981 5171 1009 5211 δ
1040 5173 1302 5228 adversus
1357 5172 1518 5229 ﬁdem
1566 5185 1808 5230 nostram
1835 5217 1852 5242 ,

334 5299 360 5326 ³
389 5289 716 5358 Fragmenta
753 5291 866 5345 hare
909 5291 1105 5360 partim
1148 5307 1212 5346 ex
1265 5291 1630 5348 Ambrosiano
1674 5294 1865 5350 codice

259 5362 567 5430 rescripto,
600 5363 795 5429 partim
825 5378 855 5417 e
895 5362 1160 5418 Vaticano
1201 5365 1326 5416 item
1372 5364 1640 5433 rescripto
1687 5365 1866 5432 profe-

259 5447 475 5497 runtur,
508 5442 563 5486 ιιι
585 5434 694 5487 dixi
722 5433 771 5486 in
796 5434 1047 5504 prologo.
1082 5434 1458 5488 Ambrosiam}:
1498 5436 1714 5503 quidem
1739 5445 1868 5493 sunt

261 5506 466 5558 codicis
513 5505 719 5573 paginae
758 5505 824 5558 17
850 5546 864 5568 ,
902 5506 988 5565 18.
1024 5505 1112 5570 19,
1141 5504 1235 5569 20,
1277 5507 1368 5573 25,
1399 5506 1492 5572 94,
1524 5507 1618 5568 25,
1647 5506 1739 5574 96,
1771 5508 1863 5575 29,

261 5577 354 5639 50,
385 5576 475 5640 51,
510 5575 752 5647 52,145,
786 5575 904 5630 HG.
933 5575 1172 5645 Reliqua!
1205 5577 1492 5630 Vaticanm.
1523 5578 1866 5647 Superl'uis'se

266 5647 383 5700 Itmc
415 5647 613 5700 Ariana
640 5646 946 5716 fragmenta
979 5689 992 5712 ,
1023 5649 1215 5702 saltem
1250 5651 1302 5702 in
1336 5646 1735 5716 palimpsestis,
1767 5666 1864 5704 ne-

266 5731 358 5771 mo
383 5717 690 5782 mirabitur,
721 5717 939 5772 dicente
971 5719 1173 5772 Hilario
1206 5721 1300 5773 lib.
1326 5719 1452 5772 adv.
1483 5718 1671 5774 Const.
1709 5721 1766 5775 ll“.
1799 5721 1862 5775 7:

268 5788 586 5858 impiissimis
616 5790 928 5843 Arianorum
954 5790 1286 5860 blasphemiis
1307 5790 1474 5860 plena:
1499 5807 1672 5846 omnes
1706 5794 1866 5848 eccle-

1970 4989 2090 5046 qute
2118 4986 2200 5032 est
2222 4992 2375 5047 vera,
2405 4981 2736 5052 dicentibus,
2766 4989 3039 5058 quomodo
3069 5003 3168 5044 vos
3195 5004 3362 5045 unum
3395 4989 3564 5045 Deum

1966 5073 2146 5129 dicitis
2175 5087 2322 5140 esse,
2352 5085 2406 5130 et
2432 5077 2650 5147 iterum,
2679 5080 2844 5136 ﬁlium
2875 5081 3078 5138 habere
3098 5081 3375 5138 Christum
3409 5083 3568 5139 adse-

1965 5171 2130 5230 ritis?
2169 5172 2444 5241 Necesse,
2493 5173 2538 5229 si
2589 5173 2758 5229 illium
2811 5174 2971 5230 habet
3024 5174 3198 5239 Deus,
3239 5186 3296 5230 et
3343 5189 3571 5232 uxorem

1971 5294 2167 5368 sitirent
2192 5293 2385 5368 charta:
2403 5336 2418 5362 ,
2449 5295 2685 5365 plenique
2700 5303 2816 5368 jam
2847 5293 2976 5368 libri
2993 5302 3134 5368 sunt.

2045 5364 2074 5403 δ
2105 5364 2354 5434 Spatium
2386 5376 2468 5420 est
2494 5364 2720 5420 Vnctioni
2771 5367 2821 5419 in
2862 5365 3047 5420 codice
3077 5366 3234 5420 trium
3268 5365 3448 5422 brevis
3491 5367 3570 5422 la-

1973 5440 2166 5492 terculi
2201 5438 2615 5509 versiculorum,
2640 5452 2798 5509 quem
2836 5451 2936 5506 ego
2960 5437 3159 5509 hiatum
3183 5438 3568 5506 eonjecturali-

1972 5516 2060 5580 terr
2101 5508 2335 5580 explevi,
2371 5508 2552 5564 habita
2577 5508 2732 5580 spatii
2765 5511 2992 5562 ratione.
3021 5508 3195 5564 Causa
3221 5511 3425 5564 laenam
3448 5520 3531 5564 est
3553 5550 3570 5574 ,

1971 5579 2099 5648 quia
2135 5579 2380 5633 solebant
2410 5579 2622 5636 veteres
2660 5594 2793 5634 auro
2818 5581 2900 5632 vel
2936 5595 3096 5634 succo
3141 5583 3322 5651 aliquo
3367 5581 3568 5650 scripta

1977 5651 2235 5712 exordiri.
2268 5665 2389 5724 qua:
2415 5653 2642 5708 materia
2674 5652 2726 5707 in
2749 5651 3086 5707 conﬁciendo
3110 5653 3306 5713 deinde
3338 5654 3570 5724 palimp-

1970 5731 2116 5778 sesto
2142 5723 2380 5778 evanuit.
