3950 6350
232 249 335 310 59.7

719 223 1152 328 nonnum“
1191 254 1472 318 VETERA
1509 258 1602 318 AD
1643 259 1802 320 ARIA

1914 260 2051 322 RUM
2095 262 2491 336 DOCTRINAM
2531 265 3014 346 ΡΕΒΤΙῌΕΝΤΙΑ.

3410 271 3520 328 598

230 379 396 440 atque
441 369 716 444 subditum
756 380 781 408 ει
818 371 1095 438 voluntate
1145 382 1307 446 atque
1357 386 1546 432 natura
1584 377 1822 448 ingenito
1849 383 1902 442 Α
1929 380 2183 434 virtutem
2212 381 2330 451 sive
2351 383 2672 452 sapientiam
2697 395 2753 451 c;
2799 385 2897 450 sed
2918 385 3198 454 sedentem
3241 387 3294 442 in
3317 376 3524 446 dextris

233 461 347 516 Deo
387 463 636 534 patrique
682 479 800 518 suo.
853 464 988 533 Quia
1041 466 1201 537 igitur
1247 467 1482 522 diximus
1527 470 1826 528 secundum

235 554 643 624 Scripturarum
675 559 1019 616 traditionem
1050 577 1212 622 unum
1237 577 1422 618 verum
1457 565 1642 628 Deum,
1667 565 1825 620 sicuti

233 655 290 703 et
316 659 400 702 est
429 649 724 704 secundum
748 667 927 706 veram
955 654 1222 710 ratiOnem
1257 669 1393 709 unus
1422 655 1566 710 Deus
1593 671 1750 711 verus
1768 655 1824 726 ι),

232 755 376 796 unus
405 757 524 807 rex,
558 758 698 798 unus
728 743 1000 810 dominus,
1035 761 1172 800 unus
1201 758 1413 802 creator
1443 749 1690 820 ettipilex
1708 751 1828 804 uni-

231 836 528 890 versitatis.
563 837 696 902 Quia
725 838 872 892 soliis
914 839 1074 908 igitur
1120 839 1240 895 sine
1271 840 1424 895 initio
1455 844 1777 898 eminentem
1805 845 1821 874 ¹

231 929 524 1000 possidens
545 939 890 1004 potestatem,
921 931 1066 986 solus
1087 948 1194 986 non
1213 941 1349 1008 eget
1376 933 1574 1003 aliquid
1603 936 1647 1000 ³,
1676 936 1826 990 solus

229 1038 337 1076 non
373 1031 459 1078 est
488 1023 588 1078 sub
618 1022 735 1094 lege
777 1024 1008 1080 alterius
1035 1067 1047 1088 ,
1095 1040 1270 1095 neque
1297 1035 1576 1096 exsiiectat
1604 1028 1825 1082 manda-

229 1122 367 1180 tum;
395 1115 544 1170 soliis
576 1131 682 1168 non
708 1114 914 1170 habens
943 1118 1276 1186 superiorem
1296 1117 1336 1183 ³,
1367 1119 1410 1173 si
1440 1133 1497 1174 se
1517 1134 1616 1174 nec
1645 1137 1827 1192 aequa-

227 1206 335 1262 lem
371 1207 568 1261 nullius
591 1205 715 1262 fecit
737 1207 859 1278 ;qni
880 1219 963 1264 est
985 1218 1127 1264 totus
1157 1226 1260 1264 non
1289 1222 1443 1264 natus
1465 1212 1627 1281 Deus,
1652 1222 1822 1270 totum

226 1309 413 1354 natum
449 1300 616 1355 ﬁlium
658 1299 816 1370 fecit;
865 1317 959 1371 per
991 1317 1150 1374 quem
1185 1303 1363 1357 omnia
1413 1306 1615 1359 creavit
1641 1347 1655 1371 ,
1685 1307 1826 1362 sicut

222 1395 493 1466 scriptum
525 1404 606 1448 est
637 1411 649 1447 :
687 1393 874 1448 Omnia
903 1413 992 1466 per
1013 1398 1162 1449 illum
1189 1401 1328 1466 facta
1346 1408 1496 1466 sunt,
1529 1409 1576 1452 et
1599 1399 1708 1454 sine
1731 1400 1823 1454 illo

223 1487 425 1556 factum
488 1495 561 1539 est
600 1486 736 1539 nihil
787 1501 806 1540 :
854 1496 1064 1542 creator
1103 1499 1400 1543 creatorem
1423 1529 1440 1554 ,
1478 1490 1622 1548 Dens
1657 1491 1821 1548 Deum

221 1578 394 1634 totius
437 1590 704 1634 creaturas
755 1579 1123 1649 subjacenlcm
1166 1589 1220 1635 et
1252 1581 1719 1652 obtemperantem
1767 1587 1820 1640 in

216 1673 478 1728 omnibus
505 1675 774 1730 mandatis
811 1676 947 1730 suis.
988 1675 1142 1731 Hunc
1190 1691 1296 1738 non
1349 1677 1717 1747 proficientem
1767 1679 1818 1734 in

1927 472 2056 540 Dei,
2092 481 2152 527 ut
2177 485 2322 528 esset
2358 490 2387 528 a
2417 473 2579 532 Patre
2616 479 2968 548 accipientem
2998 519 3013 545 ,
3042 479 3084 546 Ε
3091 479 3244 542 ilium
3275 479 3522 548 dilectio-

1927 567 2012 618 nis
2044 564 2134 619 Dei
2163 607 2177 632 ,
2207 582 2366 636 quem
2393 567 2567 638 diligit
2588 569 2748 624 Deus.
2780 569 2923 626 Nihil
2948 570 3096 640 illum
3127 573 3408 642 traudavit,
3436 575 3524 634 cui

1925 657 2107 712 omnia
2163 657 2402 726 tradidit,
2436 658 2592 717 sicuti
2625 659 2984 730 Evangelium
3026 663 3284 733 [medical
3312 681 3326 718 :
3358 663 3518 726 Pater

1927 748 2095 820 diligit
2125 746 2174 806 F
2178 749 2322 804 ilium
2343 791 2357 816 ,
2392 759 2438 804 et
2459 752 2630 814 omnia
2659 753 2870 806 tradidit
2906 755 2962 810 in
2992 771 3150 820 manu
3175 757 3305 828 ejus.
3349 757 3522 822 Filius

1929 843 2092 906 etiam
2125 845 2305 904 omnia
2329 844 2635 916 suscipiens
2657 862 2686 898 a
2707 845 2868 906 Patre
2895 887 2912 916 ,
2943 863 3108 922 super
3131 865 3320 908 omnes
3346 891 3364 926 ,
3396 864 3524 916 ante

1926 938 2106 990 omnia
2137 977 2153 1004 ,
2201 951 2321 990 coni
2365 938 2616 993 omnibus
2652 946 2860 1009 patrem
2909 940 3120 998 adorat.
3161 943 3316 1006 Hunc
3362 945 3522 1016 igitur

1928 1027 2256 1099 suscipimus
2305 1045 2400 1104 per
2450 1031 2759 1102 Scripturas
2783 1033 2948 1094 Deum
2976 1051 3097 1094 esse
3122 1039 3282 1094 totius
3303 1051 3521 1095 creatu-

1929 1137 2044 1176 rae:
2079 1134 2261 1178 natum
2309 1124 2584 1182 subditum
2643 1127 2756 1182 Deo
2796 1144 2901 1196 non
2953 1143 3081 1186 nato
3125 1127 3152 1168 ἀ
3188 1149 3201 1186 :
3245 1131 3524 1200 dominum

1929 1218 2092 1271 totius
2120 1228 2386 1272 creaturae
2413 1226 2618 1286 natum,
2649 1220 2955 1278 ministrum
2974 1237 3103 1278 vero
3130 1224 3342 1290 Domini
3371 1244 3473 1284 non
3497 1229 3519 1259 ⁸

1927 1311 2037 1364 nati
2073 1327 2091 1364 :
2122 1327 2303 1382 regem
2355 1313 2516 1368 totius
2569 1327 2834 1372 creatura:
2865 1326 3050 1372 natum
3103 1319 3204 1373 sub
3250 1327 3522 1390 potestate

1927 1405 2069 1472 regis
2099 1401 2120 1432 °
2149 1417 2255 1456 non
2281 1405 2387 1460 nati
2416 1421 2431 1468 ;
2457 1405 2638 1460 lumen
2670 1421 2860 1466 verum
2890 1419 3096 1470 natum.
3125 1411 3412 1480 subiacens
3443 1414 3524 1468 lu-

1928 1496 2057 1552 mini
2089 1511 2192 1549 non
2228 1505 2354 1552 nato
2403 1497 2764 1554 inaccessibili
2795 1518 2810 1556 :
2842 1503 3162 1570 sapientiam
3207 1513 3388 1562 natam
3415 1507 3512 1562 ob-

1930 1598 2318 1659 temperantem
2359 1591 2410 1646 in
2453 1591 2707 1654 omnibus
2750 1593 2870 1662 solo
2894 1596 2913 1627 ⁷
2943 1597 3172 1668 sapienti
3204 1614 3310 1658 non
3342 1609 3468 1656 nato
3501 1618 3514 1654 :

1927 1691 2226 1738 creatorem
2258 1691 2440 1738 natum
2487 1684 2587 1739 sub
2611 1697 2858 1746 creatore
2900 1703 3007 1741 non
3051 1699 3177 1744 nato
3205 1707 3217 1741 :
3245 1699 3520 1761 pastorem

215 1776 528 1838 posterum,
559 1768 652 1822 sed
681 1766 861 1820 statim
894 1767 1215 1837 perfectum.
1241 1768 1629 1826 siciitdiximns
1658 1786 1822 1842 :qua—
1852 1774 1896 1836 B
1928 1773 2126 1829 bonum
2155 1775 2318 1830 totius
2347 1788 2634 1840 creaturae,
2661 1790 2843 1833 natum
2877 1795 3072 1850 agnum
3105 1781 3198 1844 Dei
3224 1798 3329 1838 non
3363 1785 3470 1840 nati
3495 1802 3510 1842 :

213 1860 324 1914 lem
380 1861 557 1931 potuit
589 1869 756 1916 totam
793 1862 1046 1917 virtutem
1079 1871 1134 1918 et
1167 1873 1331 1916 totam
1383 1864 1706 1934 sapientiam
1762 1867 1815 1922 in

208 1953 603 2010 Substitutione
655 1954 748 2012 lilii
796 1954 1154 2026 consignatis,
1191 1955 1348 2010 sicuti
1387 1957 1646 2028 scriptum
1690 1966 1811 2025 est,

207 2061 376 2118 quem
403 2045 568 2102 Pater
593 2047 932 2118 consignavit
962 2050 1122 2102 Dens.
1172 2049 1300 2104 Inde
1327 2049 1490 2106 etiam
1521 2051 1810 2121 imaginem

208 2143 308 2198 Dei
335 2143 624 2199 invisibilis
656 2143 798 2200 hunc
828 2144 1123 2214 Apostolus
1149 2145 1408 2216 praedicat
1435 2189 1450 2212 ,
1483 2147 1808 2204 invisibilem

203 2249 365 2289 suam
397 2236 653 2290 virtutem
705 2236 818 2292 sive
863 2236 1182 2307 sapientiam
1229 2237 1609 2298 ostendentem
1640 2240 1808 2300 Deum

141 2319 144 2322 ’
201 2327 255 2382 in
290 2330 597 2384 substantia
615 2329 762 2386 Filii.
789 2331 932 2402 Ergo
949 2343 1210 2400 quantum
1236 2335 1410 2403 potuit
1444 2333 1588 2394 Deos
1609 2336 1808 2394 virtute

197 2429 256 2478 et
288 2424 558 2494 sapientia
590 2425 827 2480 ostendit
867 2426 918 2482 in
961 2424 1148 2486 Filio;
1184 2427 1326 2481 unde
1366 2426 1662 2500 Apostolus
1710 2429 1809 2490 Dei

195 2516 463 2578 virtutem
492 2523 547 2578 et
593 2515 685 2576 Dei
733 2517 1054 2592 sapientiam
1081 2518 1238 2576 docet
1275 2533 1397 2574 esse
1446 2519 1613 2586 illium
1651 2539 1664 2576 :
1695 2536 1802 2580 non

193 2607 351 2662 illam
379 2606 401 2634 ‘
431 2608 617 2678 igitur,
649 2624 769 2680 quae
796 2611 849 2662 in
895 2609 1162 2674 invisibile
1198 2611 1307 2670 Deo
1335 2620 1453 2684 est,
1507 2613 1626 2672 sine
1649 2614 1803 2678 initio

271 2733 292 2765 ¹
325 2728 462 2786 Cod.
491 2733 832 2789 eminentem.

268 2805 292 2834 ²
321 2802 396 2858 Ita
421 2805 544 2864 cod.

265 2873 290 2905 ³
319 2873 400 2927 Ita
431 2876 552 2930 cod.
853 2905 868 2916 ι

262 2943 289 2976 ⁸
331 2947 468 2998 Cod.
501 2947 594 3000 illa
624 2947 810 3000 virtute
831 2947 1106 3016 sapientia.

264 3017 288 3048 ⁸
331 3017 492 3072 Deest
523 3019 574 3071 in
615 3019 738 3072 cod.
781 3035 904 3072 non.

263 3088 287 3120 ⁸
315 3087 454 3142 Cod.
479 3089 610 3162 regi.

187 3181 331 3258 Deo.
362 3179 452 3234 Sic
473 3194 603 3258 ergo
630 3181 862 3258 Apolog.
893 3197 1011 3258 cap.
1038 3181 1103 3258 2i
1143 3200 1154 3234 :
1183 3181 1336 3235 Hunc
1362 3182 1566 3258 (Λόγον)
1601 3201 1665 3258 ea:
1689 3183 1800 3240 Deo

188 3252 463 3324 prolatum
496 3252 792 3324 didicimus,
822 3263 868 3306 et
886 3254 1175 3324 prolatione
1191 3252 1504 3324 generatum.
1541 3252 1586 3309 et
1606 3257 1798 3311 idcirco

185 3321 367 3394 ﬁlium
411 3321 506 3394 Dei
557 3333 604 3376 et
636 3321 800 3376 Deum
827 3321 1022 3378 dictum
1068 3340 1136 3378 ex
1168 3321 1397 3380 tiatur:
1439 3342 1793 3384 SUBSTANTIE.

186 3393 242 3448 N
245 3412 340 3472 aut
353 3402 399 3446 et
417 3393 553 3446 Deus
569 3395 781 3462 spiritus
809 3411 830 3472 ξ
851 3407 895 3450 et
917 3413 1034 3472 cum
1062 3397 1253 3472 radius
1265 3413 1332 3472 ea:
1356 3398 1466 3472 sole
1487 3401 1794 3472 porrigitur,

186 3467 366 3538 portio
393 3481 461 3518 ea:
481 3482 680 3520 summa
698 3483 716 3519 :
741 3468 830 3520 sed
855 3469 934 3522 sol
961 3469 1055 3520 erit
1074 3469 1127 3520 in
1155 3468 1305 3521 radio
1333 3509 1348 3534 ,
1381 3470 1501 3538 quia
1551 3467 1677 3524 solis
1722 3483 1801 3526 est

185 3537 417 3601 radius;
449 3552 540 3589 nec
577 3548 847 3606 separatur
875 3539 1160 3592 substantia
1184 3581 1198 3602 ,
1233 3539 1323 3592 sed
1365 3537 1674 3600 extenditur.
1711 3541 1796 3596 Ita

185 3610 248 3662 de
276 3608 476 3675 spiritu
501 3609 737 3674 spiritus,
766 3620 812 3662 et
843 3610 906 3662 de
931 3610 1034 3663 Deo
1067 3611 1223 3670 Deus,
1252 3619 1304 3662 ut
1327 3610 1494 3664 lumen
1522 3614 1584 3665 de
1603 3615 1798 3668 lumine

185 3696 492 3734 accensum.
527 3678 701 3732 Manet
724 3682 946 3752 integra,
981 3690 1026 3733 et
1047 3682 1304 3752 indefecta
1327 3684 1556 3737 materia:
1583 3686 1791 3750 matrix,

185 3755 279 3806 etsi
327 3752 506 3822 plures
541 3751 662 3804 inde
695 3751 936 3806 traduces
963 3751 1272 3822 qualitatum
1324 3756 1589 3809 mutueris.
1623 3755 1710 3808 Ita
1748 3767 1795 3809 et

183 3823 328 3892 quod
378 3823 444 3874 de
474 3821 580 3895 Deo
619 3826 918 3895 profectum
977 3821 1082 3887 Vest,
1129 3823 1262 3877 Deus
1299 3834 1370 3878 est
1407 3837 1450 3880 et
1489 3825 1581 3879 Dei
1607 3827 1749 3895 ﬁlius
1773 3869 1788 3894 ,

185 3905 232 3948 et
247 3911 388 3948 unus
411 3894 580 3947 ambo.
607 3893 695 3950 Ita
720 3893 765 3948 et
791 3897 854 3950 de
875 3897 1060 3958 spiritu
1079 3897 1311 3964 spiritus,
1334 3897 1462 3951 etde
1483 3896 1589 3950 Deo
1607 3893 1751 3952 Deus
1774 3893 1795 3954 ξ

185 3967 406 4019 modulo
439 3966 681 4032 alterum,
707 3983 810 4020 non
838 3983 1090 4039 numero;
1121 3967 1307 4039 gradu,
1341 3985 1440 4039 non
1471 3979 1608 4022 statu
1632 3972 1791 4039 fecit;

1834 2735 1881 2803 C

1926 1866 2091 1920 vitam
2138 1877 2318 1922 natam
2370 1867 2734 1926 viviﬁcantem
2766 1879 2935 1924 totam
2969 1881 3274 1934 creaturam
3305 1875 3522 1940 volente

1922 1957 2103 2024 Patre,
2134 1959 2501 2029 subiacentem
2531 1960 2553 1992 ⁸
2570 1960 2690 2015 solo
2714 1962 2834 2017 vivo
2856 1963 2974 2018 sine
3004 1963 3156 2030 initio
3190 1965 3336 2036 Deo,
3359 1967 3517 2028 sicuti

1920 2051 2050 2106 dicit
2078 2050 2246 2106 Filius
2279 2069 2293 2105 :
2329 2052 2498 2108 Sicuti
2529 2052 2684 2108 Pater
2720 2052 2870 2109 habet
2907 2056 3061 2118 vitam
3082 2073 3102 2123 ;
3131 2058 3183 2114 in
3223 2059 3518 2130 semetipso

1921 2142 2085 2198 habet
2111 2153 2166 2200 et
2211 2159 2315 2202 non
2347 2146 2556 2218 accepit
2587 2163 2602 2212 ;
2649 2147 2721 2200 ita
2751 2159 2804 2202 et
2838 2147 2975 2202 Filio
3003 2148 3151 2204 dedit
3180 2151 3342 2206 vitam
3375 2154 3395 2185 ⁹
3418 2153 3513 2212 lia-

1920 2233 2050 2290 bere
2079 2234 2134 2289 in
2165 2235 2516 2306 semetipsum
2542 2237 2584 2268 ¹⁰
2604 2237 3088 2308 incomparabilem
3113 2242 3164 2304 in
3184 2257 3280 2298 sua
3306 2243 3507 2314 iiiipro-

1914 2329 2031 2398 pria
2084 2338 2208 2383 nata
2266 2329 2595 2396 substantia;
2630 2331 2788 2386 sicuti
2839 2333 3000 2396 Pater
3025 2333 3076 2388 in
3105 2350 3200 2400 sua
3250 2350 3359 2392 non
3389 2347 3512 2400 nata

1911 2421 2210 2476 substantia
2234 2463 2248 2488 ,
2303 2422 2748 2494 incomparabilis
2776 2439 2896 2480 esse
2925 2425 3285 2496 dignoscitur.
3333 2428 3510 2486 Unum

1910 2530 2040 2588 ergo
2065 2528 2116 2574 et
2144 2532 2312 2571 unum
2347 2517 2388 2547 “
2417 2516 2739 2574 conﬁtemur
2769 2519 2955 2584 Deum,
2980 2535 3086 2578 non
3112 2521 3250 2578 duos
3272 2522 3411 2580 Deos
3441 2533 3464 2561 θ
3493 2543 3506 2580 :

1909 2632 2015 2674 non
2042 2617 2184 2674 enim
2217 2616 2448 2678 dicimus
2471 2617 2607 2680 duos
2629 2632 2736 2680 non
2757 2627 2935 2686 natos,
2951 2618 3190 2694 autduos
3209 2632 3510 2702 patresin...

1983 2738 2004 2770 τ
2040 2737 2117 2793 lia
2159 2738 2281 2792 cod.
2313 2736 2399 2794 hic
2440 2745 2497 2795 et
2525 2735 2663 2796 intra
2699 2751 2801 2807 pro
2834 2737 2955 2796 soli.
2985 2757 2995 2794 τ
3044 2784 3046 2788 .

1984 2808 2006 2839 ⁸
2041 2809 2174 2866 Cod.
2208 2808 2524 2878 subjacente.

1981 2881 2002 2911 ⁹
2043 2881 2174 2934 (Zod.
2202 2884 2322 2933 vita.

1979 2950 2020 2981 ¹⁰
2046 2951 2120 3005 Ita
2149 2949 2271 3006 cod.

1981 3021 2020 3053 “
2051 3023 2126 3076 Ita
2163 3022 2285 3078 cod.
2306 3063 2322 3088 ,
2349 3029 2406 3076 et
2432 3021 2508 3076 sic
2540 3020 2702 3076 etiam
2729 3019 2780 3074 in
2814 3019 3004 3091 fragm.
3030 3035 3106 3094 iv.

1905 3183 2156 3237 sationem
2183 3180 2432 3252 assumpti
2450 3182 2679 3252 corporis
2704 3183 2918 3251 rapiunt
2939 3183 3006 3236 ad
3026 3185 3391 3240 contumeliam
3419 3188 3505 3243 di-
3549 3204 3552 3207 '

1904 3255 2152 3311 ciuitatis.
2186 3261 2233 3306 et
2265 3255 2539 3323 impietatis
2575 3270 2757 3307 causas
2786 3255 3043 3321 arripiunt
3103 3259 3166 3310 de
3194 3258 3376 3312 salutis
3405 3275 3502 3314 no-

1903 3335 2025 3398 strai
2050 3334 2387 3398 sacramento.
2414 3323 2565 3398 Quod
2577 3326 2622 3378 si
2632 3324 2931 3398 apostolifte
2950 3326 3071 3394 ﬁdei
3088 3337 3287 3382 tenaces
3312 3340 3505 3398 essent,

1902 3397 2244 3463 intelligerent
2273 3411 2387 3470 eum
2418 3395 2506 3462 qui
2546 3396 2600 3448 in
2642 3400 2809 3466 {arma
2837 3392 3099 3454 Dei‘esaet
3120 3441 3134 3464 ,
3167 3392 3504 3470 assumpsisse

1903 3472 2126 3540 formam
2154 3466 2284 3518 servi
2308 3505 2324 3530 ,
2354 3473 2461 3540 etc.

1975 3537 2002 3576 δ
2030 3540 2330 3610 Sequentes
2379 3535 2745 3610 blasphemiae
2775 3579 2790 3603 ,
2837 3553 3065 3607 quarum
3120 3554 3328 3597 summa
3376 3552 3498 3610 est,

1902 3609 2100 3690 filiuni
2133 3609 2408 3662 dinel'sutIt
2436 3624 2560 3690 esse
2587 3623 2614 3662 a
2645 3609 2820 3664 Patris
2851 3610 3174 3690 substantia,
3209 3609 3498 3690 solumque

1900 3681 2117 3754 Patrem
2143 3694 2263 3754 esse
2295 3693 2486 3754 verum
2503 3681 2725 3754 Deum.
2749 3681 2957 3754 prolixe
2970 3683 3204 3754 Sastigat
3229 3681 3500 3754 coarguit-

1900 3768 2006 3823 qtie
2039 3752 2270 3823 Hilarius
2317 3761 2429 3823 toto
2475 3751 2614 3808 libro
2641 3753 2830 3820 quinto
2859 3751 3253 3823 deiTrinitate.
3300 3751 3500 3813 Confer

1899 3820 2060 3878 etiam
2092 3821 2308 3877 Alcuin'.
2339 3820 2495 3877 Conl'.
2532 3823 2622 3876 l‘id.
2651 3833 2786 3890 part.
2812 3839 2869 3877 tit
2893 3864 2907 3887 ,
2937 3822 2990 3878 2.

1974 3907 1995 3935 ο
2042 3895 2296 3962 Doctrina
2327 3897 2506 3950 ariana
2552 3895 2673 3947 huic
2709 3896 2906 3949 SlmliiS
2943 3903 3026 3949 est
3065 3897 3204 3964 apud
3233 3896 3496 3956 Hilarium
3561 3922 3564 3926 ί

1898 3979 2082 4022 contra
2118 3969 2440 4021 Auxentium
2475 3966 2530 4019 α’.
2568 3967 2630 4025 li.
2671 3968 2957 4034 multisque
2991 3968 3042 4021 iit
3091 3969 3226 4023 locis
3257 3971 3496 4026 inniiitiir
3593 3993 3606 4008 ι

185 4014 304 4092 Et};
317 4014 552 4091 Hann}
705 4014 1338 4101 εἰει-επεὶ.
1369 4037 1476 4112 Iste
1504 4014 1680 4109 igitu'r'
1693 4014 1794 4100 Dei
1823 4016 1874 4080 D
1899 4041 2061 4112 etiam
2083 4043 2218 4104 apud
2253 4038 2539 4112 Eusebium
2557 4014 2973 4112 pausat-iungent.
3005 4039 3110 4093 Sed
3139 4055 3235 4112 age
3257 4057 3498 4112 oppona-

185 4109 396 4186 radius,
421 4118 478 4162 ut
505 4121 641 4186 retro
669 4126 866 4186 semper
901 4111 1277 4186 praedicabatur
1298 4151 1313 4175 ,
1345 4111 1587 4186 delapsus
1610 4112 1662 4164 in
1693 4113 1798 4165 vir-

184 4182 372 4254 ginem,
403 4180 680 4254 quamdam
705 4223 738 4254 ,7
758 4193 806 4235 et
831 4182 882 4234 iu
906 4195 1050 4234 utero
1075 4184 1186 4254 ejus
1213 4198 1330 4234 caro
1361 4180 1634 4254 figuratus,
1671 4200 1790 4236 nas-

185 4249 330 4306 citur
354 4253 508 4304 homo
532 4249 643 4306 Deo
671 4253 886 4312 mistus;
917 4269 1037 4310 caro
1060 4253 1246 4319 spiritu
1267 4249 1514 4306 instructa
1544 4256 1791 4319 nutritur,

185 4324 482 4394 adolescit,
515 4321 708 4388 affatur
733 4365 748 4388 ,
802 4323 947 4377 docet
975 4365 990 4383 .
1035 4332 1274 4394 operatur
1296 4365 1310 4388 ,
1346 4334 1394 4378 et
1434 4324 1666 4378 Christus
1697 4337 1790 4379 est.

184 4393 377 4466 Alium
401 4394 723 4449 Tertulliani
745 4397 1028 4450 classicum
1055 4393 1208 4466 atque
1243 4396 1418 4449 locum
1452 4397 1712 4450 habemus
1740 4396 1793 4451 in

185 4465 332 4540 libro
386 4466 452 4540 ad
495 4467 754 4540 Praseaiii
805 4481 925 4534 cap.
955 4467 1027 4531 ‘2,
1063 4481 1220 4535 quem
1269 4466 1463 4520 librum
1505 4467 1791 4540 theologia:

184 4536 457 4612 studiosis
487 4537 806 4612 laiiiiliarem
846 4553 976 4612 esse
996 4547 1230 4612 oportet.

259 4618 286 4647 α
327 4609 614 4674 Quomodo
663 4609 829 4662 Filius
859 4608 1136 4678 Stilijecttts
1181 4608 1392 4662 dicatur
1446 4609 1558 4664 Deo
1608 4609 1786 4676 Patri,

183 4680 466 4752 catholice
497 4681 732 4748 explicat
766 4679 996 4734 Hilarius
1022 4679 1091 4735 de
1118 4679 1271 4752 Trin.
1307 4696 1382 4740 xi.
1409 4681 1498 4748 50,
1527 4682 1616 4736 45.
1652 4681 1792 4752 Lege

185 4754 357 4806 etiam
391 4751 560 4823 Cyril.
596 4755 837 4823 tliesanr.
869 4761 1064 4805 assert.
1091 4752 1181 4806 29.
1215 4751 1348 4805 Tum
1369 4754 1628 4823 eamdem
1655 4751 1788 4806 doc-

189 4823 393 4898 trinam
441 4822 696 4898 exponit‘
720 4822 1043 4898 Ambrosius
1073 4823 1138 4876 de
1159 4823 1298 4898 _lide_
1326 4822 1418 4876 lib.
1468 4839 1522 4888 v,
1551 4824 1624 4898 15
1644 4824 1787 4892 ο15,

185 4895 478 4949 evidenter
505 4893 800 4949 ostendens
841 4893 1114 4948 Christum
1157 4893 1301 4948 Patri
1349 4896 1560 4949 nonnisi
1593 4911 1787 4950 secun—

184 4964 318 5036 dum
349 4982 569 5020 carnem
591 4967 694 5021 dici
721 4967 1042 5036 subjectum.
1079 4966 1141 5018 Et
1168 4965 1383 5034 quidem
1407 4981 1528 5030 cap.
1557 4967 1620 5021 M
1644 5009 1658 5031 ,
1682 4967 1787 5022 ait:

186 5033 313 5090 Non
357 5037 519 5104 igitur
563 5033 861 5108 prtejudicet
887 5079 902 5103 ,
957 5037 1076 5104 quia
1105 5033 1364 5100 subiectus
1423 5038 1649 5092 dicitur:
1689 5055 1790 5092 non

186 5109 500 5180 pi-aejudi'cat
520 5112 643 5179 quia
659 5124 830 5162 servus
853 5110 1062 5177 legitur,
1085 5111 1206 5176 quia
1227 5109 1505 5177 cruciﬁxus
1523 5112 1785 5177 asset-itur,

186 5191 426 5232 mortuus
479 5182 787 5248 prardicatur
827 5197 844 5232 :
891 5186 1010 5248 quia
1059 5196 1175 5233 cum
1213 5191 1494 5233 moreretur
1518 5221 1531 5245 ,
1558 5181 1788 5248 uiuebat;

186 5267 308 5303 cum
343 5251 700 5323 subjiceretur,
733 5254 1019 5323 regnabat;
1044 5267 1160 5304 cum
1189 5251 1494 5316 sepeliretur
1517 5292 1532 5318 ,
1567 5253 1788 5306 resusci-

183 5325 348 5375 tabat.
387 5321 444 5376 SI
493 5323 638 5377 Zeno
665 5330 823 5376 tract.
855 5322 908 5387 6,
943 5321 1000 5375 ιτ.
1044 5328 1076 5376 4-
1099 5363 1112 5384 ,
1144 5332 1329 5376 contra
1364 5323 1592 5376 Aritllllls
1622 5341 1633 5375 :
1667 5323 1788 5377 Non

184 5393 510 5448 deminutiva
532 5437 546 5458 ,
566 5397 657 5448 sed
696 5395 936 5464 religiosa
960 5394 1271 5463 subjectioue
1304 5404 1377 5446 est
1427 5391 1600 5448 Filius
1641 5392 1795 5448 Patri

181 5465 447 5536 subjectus
465 5507 480 5532 ,
519 5481 758 5535 cumquo
798 5467 1155 5519 cowternitatis
1183 5465 1666 5534 omnipotentiwque
1690 5483 1793 5520 una

189 5538 517 5602 substantia,
570 5553 674 5592 una
720 5540 1018 5605 inqualitas,
1069 5548 1176 5592 etc.
1213 5539 1456 5603 Denique
1505 5537 1794 5602 μνη-(Ιίνιιις)

196 5606 438 5660 ΗίΙεη-Πις
491 5609 582 5663 lib.
636 5623 728 5671 χι,
784 5607 840 5662 if.
901 5610 975 5674 6,
1038 5609 1282 5677 qni-ritur
1329 5609 1398 5661 de
1439 5608 1652 5662 Arionis
1704 5611 1793 5678 qui

196 5678 608 5745 scripturarum
644 5680 1008 5733 i0Cllli0HliillS
1044 5680 1112 5734 de
1134 5678 1334 5733 Christi
1367 5679 1700 5734 humanitate
1729 5680 1792 5734 ad

197 5748 582 5806 inﬁt-mandaui
610 5750 728 5828 ejus
756 5752 1094 5806 divinitatem
1133 5750 1494 5810 abutebaiitur
1526 5767 1541 5804 :
1573 5750 1798 5822 Dispen-

1898 4125 2016 4164 nitis
2048 4111 2217 4180 impio
2245 4110 2445 4164 Ariano
2467 4108 2828 4180 orthodoxam
2859 4117 3100 4180 nostrum
3130 4108 3494 4180 AtignStiniim

1896 4180 1964 4234 de
1991 4176 2141 4236 Trin;
2175 4197 2270 4244 vti,
2297 4181 2386 4244 12,
2413 4182 2490 4232 sic
2509 4179 2820 4248 loquentem
2857 4196 2868 4231 :
2916 4176 3107 4233 Credat
3132 4181 3186 4232 in
3209 4176 3419 4242 Patrem
3447 4193 3497 4240 et

1896 4249 2094 4306 Filium
2126 4264 2171 4306 et
2218 4252 2478 4316 Spiritum
2506 4261 2739 4304 sanctum
2766 4291 2781 4314 ,
2833 4265 2990 4302 unum
3025 4248 3194 4304 Deum
3223 4295 3236 4313 ,
3276 4256 3440 4308 solum
3473 4296 3491 4321 ,

1897 4339 2136 4394 maguum
2155 4365 2168 4387 ,
2203 4325 2601 4394 omnipOteutem
2630 4363 2644 4381 ,
2674 4323 2907 4394 bonum,
2927 4322 3170 4394 justum,
3198 4324 3482 4380 misericor-

1895 4391 2029 4456 dem,
2053 4395 2280 4448 omnium
2300 4391 2574 4446 visibilium
2598 4401 2645 4444 et
2664 4391 3000 4444 invisibilium
3014 4392 3351 4450 conditorem.
3383 4395 3436 4452 Ν
3439 4413 3495 4452 e—

1893 4482 1991 4532 que
2015 4483 2127 4519 cum
2155 4465 2377 4518 audierit
2425 4461 2638 4516 Patrem
2677 4462 2847 4515 solum
2881 4461 3078 4528 Deum,
3125 4476 3330 4534 separet
3370 4469 3493 4524 inde

1899 4535 2094 4606 Filium
2137 4547 2223 4590 aut
2257 4535 2516 4604 Spiritum
2560 4543 2795 4606 sa_nctum
2837 4547 2855 4586 :
2885 4548 3004 4587 cum
3031 4550 3091 4588 eo
3131 4538 3324 4606 quippe
3349 4539 3495 4595 solus

1896 4605 2038 4662 Deus
2059 4649 2073 4673 ,
2105 4624 2219 4661 cum
2250 4601 2350 4676 quo
2369 4617 2415 4660 et
2447 4621 2580 4658 unus
2597 4601 2736 4658 Deus
2767 4615 2838 4656 est
2879 4619 2898 4656 :
2923 4606 3044 4672 quia
3074 4615 3120 4659 et
3144 4601 3344 4663 Filium
3376 4627 3495 4670 cum

1894 4682 2134 4734 audimus
2157 4681 2322 4732 solum
2349 4676 2536 4738 Deum,
2559 4677 2670 4729 sine
2698 4676 2806 4730 ulla
2835 4680 3161 4744 separatione
3186 4677 3364 4735 Patris
3401 4692 3494 4736 aut

1895 4749 2126 4820 Spiritus
2153 4750 2318 4803 sancti
2359 4757 2570 4820 oportet
2601 4747 2853 4820 accipere.
2882 4747 3044 4820 Atque
3073 4750 3146 4802 ita
3167 4750 3309 4806 dicat
3337 4769 3492 4808 uuam

1892 4818 2203 4884 essentiam,
2246 4831 2303 4874 ut
2343 4836 2446 4873 non
2487 4818 2741 4893 existimet
2769 4818 2912 4872 aliud
2948 4821 3053 4872 alio
3095 4821 3172 4875 vel
3201 4825 3382 4893 majus
3415 4825 3492 4878 uel

1892 4895 2076 4947 melius
2099 4894 2176 4947 vel
2206 4894 2383 4961 aliqua
2405 4907 2466 4944 ea:
2495 4899 2638 4952 parte
2665 4890 2943 4942 diversum.
2981 4893 3222 4947 'Coul'er.
3271 4890 3487 4950 Alcuin.

1891 4964 2048 5019 Conl.
2087 4965 2175 5019 lid.
2201 4974 2340 5033 part.
2367 4978 2405 5025 t,
2441 4963 2529 5017 15.
2858 5031 2866 5033 _
2934 5030 2944 5033 _
2981 5007 2983 5010 .

1963 5034 1990 5073 ά
2035 5030 2364 5105 Augustinus
2403 5033 2528 5087 coll.
2580 5047 2701 5105 cum
2729 5030 3022 5098 Maximino
3058 5032 3261 5094 Ariano
3294 5034 3349 5088 ﬁ‘.
3385 5036 3488 5090 M:

1893 5103 2198 5177 Profiteor,
2230 5108 2360 5160 sicut
2393 5105 2520 5167 dicis
2549 5145 2563 5168 ,
2593 5103 2799 5177 Patrem
2834 5109 3108 5177 innatum;
3137 5106 3224 5158 sed
3248 5122 3350 5159 non
3378 5107 3495 5161 ideo

1892 5173 2016 5232 sunt
2052 5180 2264 5232 diversa:
2295 5187 2493 5230 natura:
2521 5187 2673 5245 atque
2718 5173 3018 5230 substantiae
3043 5215 3058 5242 ,
3101 5177 3222 5243 quia
3265 5178 3355 5231 ille
3387 5194 3492 5233 non

1892 5261 2045 5304 natus
2074 5260 2171 5313 est,
2196 5250 2284 5306 ille
2313 5259 2464 5302 natus
2489 5258 2582 5301 est.

1969 5331 1992 5359 ο
2035 5320 2344 5391 Respondet
2375 5318 2610 5391 Al'i'lllllS
2634 5317 2792 5391 jllslm
2821 5313 3227 5391 Catiiolicorum
3271 5333 3496 5391 accusa-

1901 5393 2055 5459 tioni,
2084 5387 2242 5460 titiam
2271 5393 2409 5462 apud
2441 5387 2784 5462 Attilirositttrt
2819 5388 2885 5444 de
2922 5387 3025 5441 lide
3048 5403 3092 5450 t,
3128 5389 3180 5450 1,
3207 5390 3492 5462 cognosci-

1899 5480 2018 5518 mus
2053 5482 2066 5518 :
2105 5459 2438 5531 'Uuuni'ergo
2471 5461 2655 5524 Deum,
2688 5475 2788 5531 non
2818 5462 2945 5531 duos
2973 5471 3059 5511 aut
3081 5469 3181 5513 tres
3211 5459 3348 5516 Deos
3365 5463 3495 5517 dici-

1900 5552 2057 5601 mus;
2099 5546 2150 5590 ut
2191 5537 2349 5602 impia
2374 5529 2689 5586 Ariauoium
2723 5529 2931 5584 literesis
2953 5571 2967 5594 ,
3005 5531 3126 5583 dum
3156 5534 3494 5601 criminatur,

1899 5609 2133 5660 incurrit.
2187 5605 2312 5659 Tres
2334 5608 2470 5676 enim
2505 5605 2623 5656 deos
2654 5602 2776 5676 dicit
2814 5604 2898 5670 qui
2931 5604 3250 5676 divinitatem
3291 5613 3496 5676 separat

1903 5677 2187 5752 Trinitatis.
2218 5673 2630 5752 (LuiirDouiiiius
2659 5670 3297 5752 diceiitto:1te,baptizute
3321 5670 3496 5744 gentes

1901 5751 1956 5804 in
1986 5752 2192 5816 nomine
2217 5747 2392 5803 Patris
2416 5757 2463 5812 et
2493 5745 2621 5804 Filii
2653 5757 2698 5799 et
2722 5742 2954 5812 Spiritus
2978 5742 3140 5800 sancti
3161 5786 3177 5812 ,
3207 5742 3362 5803 unius
3389 5764 3499 5805 esse
