3950 6350
495 242 606 303 599

993 358 1476 416 FRAGMENTUM
1515 359 1581 416 ll.

661 452 902 509 beneficia
925 450 1128 508 Christi
1152 451 1498 522 adjuvantem
1538 454 1839 509 orationem
1869 451 2098 509 creden-

498 545 653 611 tium,
693 555 746 599 et
777 545 1216 615 interpellantem
1261 559 1360 616 pro
1411 545 1620 601 hisdem
1662 545 1955 617 gemitibus
1981 545 2100 602 ine-

493 634 894 702 narrabilibus,
944 644 998 692 et
1026 637 1388 692 adducentem
1445 638 1710 693 sanctos’
1759 638 1823 691 ad
1873 636 2094 706 Filium,

493 729 875 800 perducendos
927 746 1018 800 per
1067 728 1263 785 Filium
1319 730 1386 783 ad
1453 729 1694 785 Patrem.
1748 729 1919 785 Sicuti
1966 730 2098 786 dicit

489 834 712 880 sanctus
740 823 1022 894 apostolus
1053 823 1284 878 Paulus:
1319 819 1516 877 Nullus
1537 831 1702 895 potest
1719 823 1887 877 dicere
1909 821 2095 877 Domi-

491 937 617 976 num
638 920 672 974 J
679 936 838 986 esum,
863 921 965 974 nisi
996 921 1048 974 in
1067 920 1254 989 spiritu
1275 928 1476 973 sancto.
1517 919 1581 974 Et
1634 918 1777 973 ﬁlius
1801 918 2049 989 designat
2077 935 2092 972 :

492 1012 688 1068 Nullus
715 1023 877 1086 potest
907 1013 1078 1067 venire
1101 1011 1172 1090 ad
1197 1010 1442 1074 Patrem,
1472 1011 1570 1065 nisi
1599 1028 1689 1080 per
1711 1028 1810 1064 me.
1861 1010 2096 1067 Necesse

488 1119 575 1165 est
601 1123 731 1179 ergo
759 1121 860 1162 nos
885 1105 1029 1161 hanc
1053 1106 1346 1160 trinitatem
1374 1103 1644 1161 conﬁteri.
1688 1103 1927 1173 Spiritus
1970 1119 2096 1158 san-

487 1210 610 1256 ctus
639 1199 837 1254 Filium
887 1196 1218 1267 magniﬁcat,
1256 1197 1396 1251 sicut
1446 1194 1617 1250 Filius
1642 1194 1813 1251 dicit:
1866 1193 1970 1249 Ille
2015 1211 2094 1249 me

486 1292 870 1357 honori/icavit,
889 1292 1011 1362 quia
1039 1281 1110 1344 dé
1122 1305 1230 1343 meo
1251 1290 1486 1360 accipiet,
1509 1299 1557 1342 et
1581 1287 1908 1342 annuntiabit
1930 1287 2089 1342 vobis.

486 1385 556 1440 Et
584 1384 755 1440 Filius
811 1384 1026 1440 Patrem
1083 1382 1426 1448 lionoriﬁcat,
1478 1383 1636 1437 sicuti
1684 1383 1852 1437 dicit:
1906 1381 2018 1453 Ego
2047 1395 2095 1436 te

487 1477 826 1546 honoriﬁcavi
874 1493 1028 1548 super
1057 1485 1291 1538 terram;
1341 1475 1670 1546 manifestavi
1721 1491 1903 1528 nomen
1949 1483 2093 1527 tuum

485 1570 778 1625 hominibus
806 1585 934 1640 quos
975 1569 1102 1622 mihi
1130 1567 1335 1624 dedisti.
1363 1567 1459 1622 Hic
1487 1581 1619 1638 ergo
1646 1568 1880 1638 Spiritus
1912 1575 2094 1622 uianet

484 1663 542 1718 in
571 1663 847 1718 universis
878 1663 1104 1730 sanctis,
1134 1662 1292 1718 sicuti
1316 1662 1452 1716 dixit
1483 1661 1653 1716 Filius
1687 1680 1700 1716 :
1744 1661 1858 1734 Ego
1897 1661 2092 1734 rogabo

484 1755 702 1811 Patrem
729 1774 918 1826 meum,
951 1767 999 1812 et
1027 1757 1190 1812 alium
1224 1757 1530 1810 advocatum
1561 1755 1702 1810 dabit
1738 1755 1902 1820 vobis,
1931 1765 1986 1810 ut
2007 1771 2095 1810 vo-

485 1850 682 1905 biscum
705 1850 771 1905 sit
795 1851 849 1904 in
870 1858 1137 1916 aeternum,
1179 1849 1417 1921 spiritum
1460 1849 1712 1914 veritatis,
1743 1863 1894 1918 quem
1938 1863 2093 1902 mun-

485 1942 584 1998 dus
609 1943 844 2012 accipere
869 1958 970 1996 non
999 1950 1161 2010 potest
1187 1956 1207 2005 ,'
1243 1941 1488 2011 quoniam
1518 1955 1620 1995 non
1653 1939 1788 1994 videt
1816 1955 1952 2005 eum,
2001 1955 2091 1994 ne-

482 2047 582 2102 que
609 2032 747 2087 novit
777 2031 960 2086 illum:
987 2047 1077 2086 vos
1106 2041 1274 2086 autem
1295 2032 1573 2102 agnoscitis
1615 2047 1751 2098 eum,
1790 2033 1914 2102 quia
1950 2030 2094 2102 apud

481 2141 572 2179 vos
599 2134 790 2190 manet,
820 2125 943 2180 etin
972 2123 1112 2179 vobis
1139 2134 1234 2178 est.
1267 2123 1446 2179 Manet
1474 2137 1638 2195 ergo,
1664 2125 1822 2178 sicuti
1854 2123 2095 2178 diximus

481 2220 538 2274 in
568 2219 842 2274 universis
872 2217 1077 2274 sanctis
1105 2233 1214 2274 non
1257 2218 1488 2286 divisus,
1534 2217 1630 2275 sed
1681 2218 1931 2290 integer:
1986 2233 2090 2274 nec

481 2314 627 2370 enim
659 2313 825 2369 dividi
856 2321 1034 2384 pelest
1057 2311 1149 2367 illa
1181 2321 1368 2368 natura
1396 2331 1410 2368 :
1465 2313 1556 2384 qui
1583 2311 1724 2368 enim
1753 2313 2090 2384 compositus

481 2422 590 2461 non
615 2415 700 2462 est
729 2421 793 2461 ex
826 2405 1106 2471 membris,
1146 2419 1248 2461 nec
1275 2404 1448 2460 dividi
1493 2412 1689 2476 potest,
1739 2405 1834 2461 sed
1880 2406 2090 2478 integer

480 2499 536 2553 in
577 2499 829 2554 omnibus
853 2507 1188 2567 perseverat.
1215 2497 1348 2552 Nam
1375 2497 1634 2570 Spiritum
1650 2509 1897 2556 sanctum
1915 2499 2088 2556 Deum

482 2605 590 2646 non
619 2591 852 2648 dicimus
884 2601 934 2657 α,
965 2591 1094 2663 quia
1125 2606 1225 2647 nec
1255 2591 1538 2662 Scriptura
1599 2592 1732 2648 dicit
1761 2609 1776 2659 ;
1823 2592 1919 2648 sed
1955 2593 2087 2649 sub-

483 2682 658 2739 ditum
693 2683 803 2740 Deo
834 2684 944 2740 tilio
989 2683 1039 2749 ι’,
1071 2692 1128 2740 et
1157 2685 1604 2741 mandatis'illius
1628 2684 1724 2740 ﬁlii
1757 2686 1810 2741 in
1834 2687 2088 2744 omnibus

483 2777 975 2848 obtemperantem,
1027 2779 1184 2832 sicuti
1227 2777 1394 2834 Filius
1416 2779 1585 2834 Patri.
1620 2779 1688 2834 Et
1736 2779 2090 2850 quemadmo-

483 2869 614 2926 dum
645 2869 804 2926 Pater
832 2877 1000 2925 totam
1034 2873 1287 2927 virtutem
1344 2879 1400 2926 et
1438 2878 1606 2927 totam
1666 2871 1990 2943 sapientiam
2035 2881 2092 2928 et

558 3009 575 3040 ¹
607 3007 742 3064 Cod.
775 3018 1028 3062 sanctum.

555 3080 578 3111 ²
604 3079 682 3134 Ita
702 3079 824 3135 cod.
857 3080 976 3136 sine
997 3078 1162 3150 aspir.

1020 242 1462 305 MONUIENTA
1504 245 1783 305 VETERA
1823 247 1919 305 AD
1960 241 2368 300 ARIANORUM
2411 240 2806 300 DOCTRiNAM
2844 241 3320 305 PERTINENTIA.

3632 251 3714 310 600

2122 361 2177 421 Α
2200 358 2502 414 bonitatem
2535 358 2587 412 in
2621 357 3060 417 substitutionem
3090 361 3208 418 Filii
3230 362 3564 435 consignavit,
3591 367 3648 423 ita
3669 381 3711 427 et

2200 452 2371 509 Filius
2402 461 2568 508 totam
2595 453 2852 510 virtutem
2884 463 2938 509 et
2965 462 3128 510 totam
3157 456 3463 527 sapientiam
3491 459 3540 515 in
3559 459 3718 530 Spiritu

2200 557 2408 616 sancto,
2473 547 2634 604 Patre
2699 548 2946 619 iubente,
3003 553 3339 606 monstravit.
3369 551 3422 607 lu
3464 553 3548 608 illo
3582 555 3719 625 itaque

2200 639 2617 711 Spiritu'saneto
2655 642 2925 713 arcnngeli
2953 644 2974 675 ²
3006 652 3059 698 et
3107 644 3301 715 angeli,
3343 655 3395 700 et
3430 659 3599 702 omnes
3640 651 3718 704 vir-

2197 740 2345 789 tutes
2371 733 2665 804 spiritales,
2694 743 2747 789 et
2773 748 2963 790 omnes
2987 737 3160 791 sancti
3204 736 3422 793 adorant
3462 738 3646 804 Filium.
3679 751 3720 798 et

2198 839 2294 895 per
2325 823 2520 880 Filium
2550 825 2790 881 Patrem.
2828 826 2901 882 lta
2940 827 3084 882 enim
3139 839 3192 884 et
3231 828 3397 892 Filius
3435 841 3543 900 post
3581 847 3724 889 resur-

2197 919 2494 973 rectionem
2544 920 2862 992 mysterium
2895 920 3115 976 tradens
3162 920 3374 977 salubre
3400 922 3642 980 Trinitatis
3662 927 3724 981 di-

2197 994 2424 1080 scipulis
2451 1009 2563 1064 suis
2590 1010 2722 1066 dicit
2749 1029 2763 1066 :
2822 1011 2956 1065 Data
3003 1021 3080 1068 est
3109 1011 3235 1066 mihi
3267 1015 3425 1068 omnis
3464 1025 3652 1084 potestas
3682 1019 3722 1073 in

2197 1103 2322 1157 coelo
2346 1111 2393 1156 et
2419 1103 2474 1156 in
2507 1112 2663 1156 terra.
2697 1101 2894 1158 Euntes
2945 1103 3122 1160 docete
3173 1122 3344 1160 omnes
3370 1117 3553 1178 gentes,
3593 1108 3722 1179 bapti-

2195 1205 2371 1249 zantes
2415 1211 2500 1250 cos
2521 1196 2576 1250 in
2606 1197 2810 1250 nomine
2836 1194 3013 1252 Patris
3031 1209 3079 1252 et
3108 1195 3237 1253 Filii
3264 1210 3309 1254 et
3344 1199 3553 1269 Spiritus
3570 1204 3725 1258 sancti:

2199 1288 2438 1342 docentes
2466 1305 2554 1343 eos
2580 1304 2784 1344 servare
2810 1291 2982 1344 omnia
3009 1306 3126 1361 quae
3152 1293 3387 1346 mandavi
3403 1293 3533 1347 vobis
3552 1309 3569 1348 :
3588 1305 3627 1349 et
3643 1311 3725 1350 cccc

2197 1396 2290 1451 ego
2311 1381 2571 1434 vobiscum
2601 1381 2835 1436 omnibus
2865 1381 3044 1437 diebus
3086 1399 3245 1454 usque
3289 1384 3356 1437 ad
3397 1387 3725 1441 consummatio-

2197 1487 2310 1525 nem
2332 1472 2509 1527 saeculi
2537 1483 2583 1526 ο,

2669 1563 3154 1624 FRAGMENTUM
3201 1566 3288 1622 ll].

2387 1655 2546 1713 Pater
2573 1653 2883 1728 singularis,
2899 1658 3128 1729 simplex
3151 1658 3402 1728 Spiritus,
3423 1659 3557 1716 solus
3574 1661 3722 1728 bonus,

2123 1759 2170 1820 Β
2199 1747 2347 1803 solus
2388 1747 2601 1804 habens
2656 1750 3122 1806 immortalitatem
3171 1750 3197 1787 ιι
3250 1759 3307 1807 et
3356 1753 3522 1809 lumen
3569 1752 3725 1809 habitat

2201 1841 2581 1897 inaccessibile
2611 1841 2633 1873 ³
2662 1858 2676 1907 ;
2726 1842 2801 1898 ita
2827 1852 2883 1898 et
2921 1843 3064 1898 illius
3092 1843 3145 1899 in
3190 1859 3289 1900 sua
3336 1846 3588 1917 unigenita
3612 1856 3727 1901 natu-

2199 1949 2281 1998 ra,
2313 1948 2474 2004 quam
2501 1948 2531 1988 a
2563 1933 2721 1989 Patre
2751 1935 2980 2004 accepit,
3012 1935 3307 2007 singularis
3324 1947 3424 1992 est.
3453 1936 3614 1993 Omnia
3634 1953 3725 2007 qua:

2200 2037 2325 2096 post
2350 2019 2500 2082 illum
2533 2037 2586 2083 ct
2618 2042 2714 2098 per
2743 2027 2919 2098 ipsum
2949 2029 3287 2098 providentia
3316 2029 3408 2086 Dei
3451 2029 3574 2085 facta
3606 2043 3724 2094 sunt,

2198 2117 2626 2190 incomparabili:
2663 2118 2684 2150 ⁸
2713 2119 3007 2174 eminentia
3048 2121 3242 2176 melior
3265 2130 3389 2187 est;
3441 2121 3504 2176 ita
3548 2130 3596 2176 ut
3625 2120 3725 2175 nihil

2198 2228 2386 2268 eorum
2418 2228 2539 2281 quae
2569 2228 2668 2284 per
2697 2213 2875 2283 ipsum
2905 2212 3045 2270 facta
3099 2223 3232 2270 sunt
3275 2216 3558 2286 comparari
3599 2214 3727 2285 possit

2194 2306 2262 2362 ad
2292 2321 2414 2363 eum
2447 2322 2464 2373 ;
2511 2305 2634 2378 quia
2687 2307 2830 2363 Deus
2857 2317 2942 2364 est
2995 2309 3271 2375 omnium,
3306 2308 3560 2365 viviticans
3588 2308 3725 2363 omnia

2193 2401 2477 2456 voluntate
2505 2399 2703 2456 Patris.
2753 2399 2851 2457 llic
2871 2401 2936 2456 ad
2971 2410 3177 2472 patrem
3228 2418 3382 2458 suum
3419 2418 3516 2458 non
3560 2417 3727 2471 compa-

2193 2503 2347 2550 ratur
2377 2503 2425 2560 ο,
2453 2509 2482 2547 a
2509 2508 2617 2564 quo
2666 2502 2726 2549 ut
2765 2493 2836 2549 sit
2877 2494 2980 2549 vita
3008 2495 3256 2551 omnium
3309 2503 3601 2552 consecutus
3633 2500 3724 2550 est:

2195 2604 2372 2660 neque
2399 2588 2466 2644 ad
2499 2588 2672 2652 illum,
2703 2588 2844 2644 sicut
2873 2587 3132 2657 diximus,
3156 2589 3305 2645 aliud
3332 2589 3594 2662 quidquam
3615 2601 3728 2642 com-

2189 2683 2372 2757 parari
2404 2690 2610 2752 posset,
2643 2695 2764 2752 qua:
2795 2690 2854 2736 ut
2881 2689 3069 2738 essent
3097 2692 3152 2738 ct
3180 2690 3245 2738 ut
3269 2683 3466 2748 vivant,
3488 2697 3571 2754 per
3592 2681 3723 2752 ipsum

2195 2778 2473 2834 voluntate
2530 2775 2628 2834 Dei
2680 2787 2973 2834 consecuta
3018 2786 3187 2833 sunt:
3234 2793 3457 2850 quorum
3498 2775 3624 2848 prior
3665 2781 3729 2828 est

2199 2871 2435 2945 Spiritus
2484 2879 2708 2928 sanctus
2757 2870 3052 2943 paraclitus
3110 2869 3157 2940 ί,
3201 2871 3526 2944 providentia
3551 2867 3630 2925 Dei
3659 2879 3728 2938 per

2263 3007 2284 3038 ³
2303 3006 2438 3062 Cod.
2460 3006 2882 3062 inaccessibilem.

2261 3077 2383 3135 illa
2410 3078 2533 3135 cod.

483 3197 788 3269 Trinitatem
833 3197 1099 3269 potestatis
1139 3175 1440 3252 ostenderit.
1500 3195 1614 3252 Nos
1657 3196 1868 3252 Patrem
1915 3208 1963 3253 et
1992 3197 2084 3252 Fi-
2114 3196 2162 3262 Ο
2193 3204 2268 3250 est
2290 3213 2322 3250 a
2353 3194 2529 3269 Patris
2552 3205 2598 3250 et
2625 3191 2757 3248 Filii
2776 3194 3075 3269 sanctitate,
3113 3194 3203 3264 qui
3237 3212 3348 3269 non
3377 3203 3447 3269 est
3483 3194 3539 3269 ab
3563 3204 3729 3262 operum

480 3271 609 3324 lium
648 3278 695 3324 et
714 3267 1247 3352 ‘Spiritumaanctum
1266 3269 1618 3352 conﬁtemur;
1648 3269 1721 3324 ita
1756 3279 1822 3352 ut.
1835 3271 1885 3323 in
1910 3269 2089 3324 Trini-

479 3344 910 3414 tateperlectaet
937 3340 1208 3414 plenitudo
1234 3341 1298 3414 sit
1334 3340 1615 3395 divinitatis
1655 3353 1702 3414 et
1734 3342 1921 3414 unitas
1941 3351 2087 3409 pote-

476 3411 646 3466 statis.
695 3411 954 3466 Eamdem
999 3411 1430 3467 criminationem
1476 3421 1636 3482 urget
1676 3413 1994 3466 Ambrosius
2025 3428 2042 3466 ι
2071 3453 2085 3477 ,

481 3484 550 3554 εὖ
574 3501 589 3538 :
616 3481 797 3554 _Nunc
833 3482 1096 3536 videamus
1132 3499 1233 3552 quo
1279 3483 1475 3538 distant
1513 3481 1852 3554 agentilibus
1886 3484 2085 3538 Ariani.

479 3551 574 3608 Illi
607 3552 747 3608 Deos
773 3554 1040 3622 appellant
1059 3551 1295 3623 dispares
1324 3569 1474 3618 sexu,
1501 3551 1778 3610 dissimiles
1796 3563 2045 3622 potestate
2069 3571 2088 3620 ;

474 3625 564 3678 isti
594 3623 898 3678 Trinitatem
940 3634 1176 3678 asserunt
1217 3624 1503 3692 cli/ferentis
1535 3626 1818 3679 divinitatis
1859 3635 1905 3678 et
1938 3626 2088 3678 dissi-

473 3695 616 3765 milis
649 3697 936 3765 potestatis,
963 3705 1070 3750 etc.
1097 3695 1340 3765 Denique
1371 3696 1466 3750 lib.
1491 3712 1547 3762 v,
1570 3696 1604 3750 5
1626 3714 1638 3749 :
1663 3696 1850 3765 Ariani
1869 3696 2089 3750 dicendo

477 3764 656 3819 Patris
687 3775 732 3818 et
764 3764 891 3819 Filii
917 3767 1196 3819 discretam
1223 3764 1333 3820 esse
1360 3766 1704 3822 substantiam
1745 3764 2088 3833 dilferentem.

473 3853 575 3906 que
600 3879 615 3901 ,
649 3836 778 3890 duos
806 3839 978 3907 utique
1004 3835 1144 3907 Deos
1174 3847 1433 3890 asserunt.
1476 3838 1853 3906 Objectiouetn
1889 3836 2091 3892 Catho-

475 3908 710 3962 licorum
766 3906 1005 3976 pessimo
1061 3906 1259 3974 eti‘ugio
1313 3908 1516 3963 vitabat
1567 3909 1834 3963 Eusebius
1903 3920 2089 3964 eontra

476 3977 701 4034 Marcel.
749 3979 845 4033 lib.
879 3994 955 4044 ιι,
1009 3994 1064 4049 p.
1097 3977 1202 4034 109
1224 4019 1238 4044 ,
1286 3978 1554 4034 deﬁniens
1586 3981 1721 4034 duas
1759 3979 2091 4035 substantias

476 4049 691 4104 honore
727 4050 975 4120 dispares
1009 4067 1025 4116 ;
1073 4051 1229 4120 quasi
1269 4065 1399 4104 vero
1434 4052 1514 4105 sic
1563 4067 1668 4105 non
1708 4050 1843 4106 duos
1889 4049 2093 4107 faceret

472 4121 632 4185 deus,
666 4121 930 4192 majorem
962 4137 1148 4186 unum,
1184 4121 1446 4176 minorem
1476 4124 1728 4176 alterum.

551 4202 574 4228 -"
629 4191 944 4262 Respondet
984 4191 1189 4248 Ariano
1251 4193 1376 4247 huic
1432 4192 1650 4248 Nicctas
1685 4193 2089 4262 Aquileiensis,

474 4264 650 4334 quinti
695 4266 881 4319 saeculi
913 4263 1077 4320 homo
1099 4305 1112 4330 ,
1159 4280 1188 4318 a
1218 4279 1304 4319 me
1337 4279 1509 4331 nuper
1552 4280 1583 4320 e
1611 4263 1874 4320 Vaticano
1901 4265 2094 4321 codice

475 4337 780 4406 evulgatus.
813 4337 866 4390 iu
905 4336 1169 4406 opusculo
1190 4349 1290 4390 suo
1317 4334 1384 4406 die
1407 4336 1644 4404 Spiritus
1667 4338 1837 4392 sancti
1867 4339 2095 4405 potentia

476 4404 556 4479 (id
580 4404 669 4479 est
689 4404 1020 4471 persona._ut
1049 4408 1289 4478 loquitur
1315 4405 1630 4463 Victorious
1665 4404 1874 4462 Comm.
1911 4410 1962 4462 iu
1999 4424 2090 4479 ep.

475 4475 756 4550 ad_Galat.
789 4479 934 4550 tv,6
958 4521 973 4542 ,
1006 4487 1062 4532 et
1085 4475 1274 4550 contra
1310 4482 1495 4533 Arium
1535 4479 1629 4534 lib.
1664 4495 1756 4546 ιιι,
1784 4480 1907 4550 17).
1933 4480 1991 4536 In
2025 4475 2093 4535 eo

474 4545 1032 4641 quippe‘eihtcellen‘tae
1051 4549 1388 4641 aureoloque
1419 4550 1625 4641 εδει-ιι)ῑο
1643 4545 1902 4641 yicetasé‘,
1937 4561 2092 4641 .post-
2119 4581 2170 4641 Ι)
2200 4549 2376 4641 ινίεξὶἱ,

475 4632 645 4690 ψιειιι
681 4630 713 4671 e
758 4619 930 4690 sacris
965 4619 1264 4688 Scripturis
1317 4619 1575 4676 attributa
1634 4621 1815 4676 divina
1857 4620 2092 4690 Spiritus

475 4689 650 4762 sancti
684 4688 934 4742 recitavit
959 4730 974 4753 ,
995 4691 1086 4762 sic
1118 4692 1400 4762 vincenter
1422 4692 1701 4747 concludit
1749 4709 1801 4762 p.
1830 4688 1939 4747 26‘:
1983 4692 2093 4747 Fao

471 4759 608 4832 ciam
633 4760 808 4832 itaque
831 4760 1313 4832 recapitulationem
1340 4761 1608 4816 dicturus:
1635 4763 1679 4818 si
1701 4759 1767 4818 de
1787 4763 1944 4818 Patre
1967 4779 2088 4832 pro-

473 4830 608 4884 cedit
640 4829 874 4898 Spiritus
897 4841 1106 4885 sanctus
1130 4848 1149 4896 ,°
1171 4833 1213 4885 si
1241 4831 1456 4899 liberat;
1489 4835 1532 4887 si
1563 4834 1886 4902 sanctiﬁcat;
1916 4829 2092 4888 sillo-

471 4902 646 4972 minus
675 4911 749 4955 est
774 4919 792 4968 ;
841 4911 894 4955 ut
927 4902 1062 4956 dixit
1089 4903 1374 4972 Apostolus
1400 4919 1436 4968 ;~
1462 4905 1505 4957 si
1535 4913 1675 4958 creat
1707 4921 1822 4958 cum
1852 4905 2014 4959 Patre
2045 4916 2092 4959 et

472 4971 661 5045 filio;
690 4973 735 5025 si
751 4973 1001 5045 _viuificat
1037 4990 1054 5039 ,°
1086 4971 1142 5028 si
1160 4975 1538 5045 prcescientiam
1567 4975 1752 5038 habet,
1785 4976 1914 5030 sicut
1943 4977 2092 5030 habet

472 5042 636 5116 Pater
663 5053 709 5098 et
742 5041 918 5098 Filius
951 5061 970 5110 ;
1000 5048 1044 5098 si
1073 5041 1262 5112 revelat
1291 5061 1311 5107 ;
1345 5044 1389 5099 si
1417 5044 1605 5112 ubique
1630 5055 1703 5100 est
1726 5063 1743 5114 ;
1766 5049 1809 5102 si
1837 5048 2090 5116 adimplet

470 5114 645 5191 orbem
683 5124 938 5191 terrarum
969 5132 986 5182 ;
1017 5117 1062 5191 si
1092 5116 1288 5191 habitat
1311 5117 1365 5169 in
1393 5116 1570 5191 electis
1599 5134 1618 5183 ;
1651 5119 1697 5171 si
1724 5131 1905 5191 arguet
1936 5114 2087 5172 mun-

469 5187 591 5259 dum
616 5201 634 5249 ;
665 5185 709 5238 si
727 5185 942 5259 judicat
967 5204 986 5252 ;
1017 5186 1061 5241 si
1077 5187 1249 5259 bonus
1271 5197 1343 5240 est
1376 5204 1396 5253 ;
1424 5188 1468 5239 si
1491 5197 1663 5241 rectus
1689 5185 1815 5255 est';
1852 5190 1897 5243 si
1937 5191 1999 5242 de
2027 5207 2086 5244 eo

465 5255 756 5330 clamatur}
776 5258 885 5312 htec
908 5255 1035 5330 dicit
1059 5258 1289 5327 Spiritus
1311 5267 1556 5330 sanctus;
1586 5259 1630 5312 si
1660 5262 1939 5330 prophetas
1961 5277 2084 5314 con-

463 5328 668 5393 stituit;
701 5330 746 5382 si
767 5328 1062 5402 consolator
1091 5337 1162 5383 est
1190 5346 1214 5402 7;
1235 5331 1285 5402 si
1317 5328 1484 5402 abluit
1511 5339 1560 5384 et
1573 5328 1869 5402 justiﬁcat;
1899 5333 1944 5385 si
1969 5341 2082 5386 ten-

464 5409 656 5454 tatores
686 5417 808 5454 suos
838 5401 1124 5469 interﬁcit;
1153 5401 1198 5454 si
1225 5401 1268 5454 is
1290 5401 1377 5466 qui
1404 5402 1456 5454 in
1481 5401 1598 5454 eum
1618 5401 2050 5470 blasphemaverit
2070 5446 2085 5468 ,

464 5486 571 5524 non
599 5471 750 5524 habet
794 5471 1150 5542 remissionem
1180 5487 1343 5540 neque
1373 5472 1428 5524 in
1469 5472 1564 5525 hoc
1603 5473 1795 5526 steculo
1837 5489 1997 5542 neque
2034 5475 2088 5528 in

467 5543 667 5622 futuro,
699 5541 836 5622 quod
865 5543 1042 5610 utique
1067 5543 1170 5597 Deo
1196 5542 1467 5622 proprium
1497 5554 1611 5609 est;
1641 5543 1818 5622 sihcee
1841 5541 1919 5596 ita
1944 5545 2049 5622 sint
2068 5586 2084 5612 ,

465 5613 594 5685 imo
625 5613 748 5685 quia
791 5629 910 5685 vera
951 5623 1106 5679 sunt,
1159 5613 1284 5684 quid
1329 5631 1360 5668 a
1426 5630 1507 5669 me
1533 5615 1780 5685 quwritur
1829 5624 1886 5668 ut
1920 5615 2088 5670 dicam

469 5679 594 5744 quid
617 5679 681 5734 sit
710 5683 947 5760 Spiritus
975 5679 1220 5751 sanctus,
1251 5702 1368 5760 cum
1407 5703 1497 5760 per
1533 5679 1745 5760 operum
1772 5687 2088 5760 magnitudi-

473 5764 610 5818 nem,
643 5753 780 5819 quod
806 5764 880 5807 est
905 5755 1016 5824 ipse
1042 5773 1096 5812 se
1119 5753 1419 5829 manifestat
1450 5757 1475 5812 ?
1525 5753 1650 5812 Non
1681 5753 2086 5828 utique'alienus

2192 3269 2378 3322 virtute
2401 3268 2603 3322 alienus
2639 3281 2658 3320 :
2688 3269 2880 3336 frustra
2914 3265 2994 3320 illi
3029 3283 3212 3321 nomen
3247 3267 3518 3321 divinitatis
3539 3273 3727 3336 negatur,

2193 3339 2347 3409 cujus
2375 3347 2600 3410 potestas
2626 3334 2728 3391 non
2773 3346 2935 3410 potat
2983 3337 3236 3409 abnegari
3267 3355 3286 3392 :
3313 3341 3494 3410 [rustra
3517 3334 3731 3410 prohibeor

2149 3464 2158 3472 ,
2191 3405 2308 3463 eum
2334 3405 2450 3464 cum
2493 3408 2657 3463 Patre
2693 3418 2739 3463 et
2772 3405 2914 3462 Filio
2943 3405 3176 3463 venerari
3202 3451 3215 3468 .
3253 3405 3399 3479 quem
3423 3407 3732 3479 conﬁteris-unt

2193 3480 2355 3535 Patre
2384 3490 2432 3536 et
2464 3479 2604 3534 Filio
2631 3481 2746 3549 ipsa
2771 3481 2983 3534 veritate
3017 3475 3324 3550 compellor.
3373 3475 3574 3548 Legeéis
3605 3475 3727 3550 aliam

2191 3546 2698 3624 recapitulatiouem
2729 3551 3029 3624 deASpiritu
3061 3546 3254 3624 sancto
3287 3546 3727 3624 apudjt‘ulgentiutn

2192 3625 2258 3698 ad
2280 3614 2513 3698 Trasim.
2543 3637 2629 3698 nt,
2650 3624 2743 3698 55_.
2772 3614 3301 3698 Δ(ὶοὶιΐεει-Ιὶίιιςιιιιιιιι
3323 3614 3406 3698 ’ἀρ
3432 3614 3654 3698 Τιξιιῖλιι,

2192 3696 2552 3763 Augustinum
2599 3694 2667 3750 de
2696 3693 2844 3748 Trin.
2876 3709 2915 3755 ι.
2955 3693 3058 3757 ιὸς
3107 3689 3452 3750 Ambrosium
3491 3689 3732 3763 de_Spirilu

2193 3764 2252 3836 S.
2285 3761 2364 3828 in,
2397 3766 2486 3828 18,
2521 3765 2620 3829 l9;
2650 3765 2911 3820 Hilarium
2933 3765 3000 3820 de
3026 3763 3178 3819 Trin.
3204 3781 3248 3828 ι,
3283 3765 3384 3831 29;
3413 3780 3500 3836 su,
3524 3761 3590 3836 55_
3616 3770 3731 3836 sqq-i

2195 3835 2434 3909 Leonem
2465 3836 2914 3909 Magnumserm.
2951 3835 3020 3892 75
3043 3844 3099 3909 et
3116 3837 3223 3909 76.Δ
3253 3838 3311 3892 Et
3347 3835 3548 3907 quidem
3580 3832 3734 3909 baptis-

2195 3908 2268 3962 mi
2302 3907 2530 3963 iormula
2555 3923 2585 3962 a
2612 3907 2828 3962 Chrisuo
2862 3907 3172 3978 praescripta
3193 3907 3732 3978 demonstratapprime

2195 3978 2458 4048 Spiritum
2504 3987 2752 4034 sanctum
2789 3972 2954 4033 Deum
2985 4020 2999 4042 .
3039 3972 3101 4032 ui
3140 3982 3342 4048 passim
3384 3978 3555 4032 Patres
3592 3972 3734 4048 obser-

2196 4037 2345 4116 vant,
2379 4065 2516 4120 quos
2544 4051 2686 4105 inter
2715 4064 2939 4120 magnus
2969 4037 3200 4104 Basilius
3224 4050 3296 4105 de
3324 4050 3416 4118 Sp.
3458 4050 3511 4102 S.
3545 4057 3645 4112 cap.
3667 4037 3731 4094 l0.

2267 4122 2294 4161 δ
2337 4120 2510 4192 Negat
2551 4121 2656 4176 hoc
2692 4121 2998 4191 refutatque
3033 4122 3194 4177 docte
3231 4121 3550 4192 Augustinus
3589 4120 3732 4192 contra

2194 4207 2360 4266 serui.
2386 4189 2516 4266 Ar,
2558 4207 2678 4262 cap.
2699 4192 2786 4266 20
2814 4189 2968 4262 sqq},
3013 4207 3174 4266 quem
3202 4189 3387 4248 locum
3428 4201 3529 4266 tum
3563 4189 3734 4266 propter

2196 4265 2570 4334 prolixitatem
2602 4257 2835 4318 recitare
2863 4257 3226 4333 supersedeo,
3259 4276 3369 4318 tum
3405 4262 3520 4332 quia
3550 4257 3734 4314 Arianus

2195 4336 2398 4390 nullam
2423 4335 2568 4407 εστιιί
2603 4337 2685 4389 sui
2712 4334 3298 4407 conﬁrmationemhic
3327 4335 3490 4404 ponit.
3529 4401 3558 4407 μ
3655 4395 3666 4407 _

2271 4418 2293 4445 ο
2338 4406 2576 4475 Explieit
2609 4407 2952 4476 opusculum.
2997 4406 3052 4460 In
3084 4406 3274 4462 codice
3305 4401 3445 4460 enim
3471 4401 3734 4468 relinquitur

2196 4477 2429 4560 spatium
2457 4475 2686 4532 vacuum
2718 4477 3422 4560 antenpaginameXpletam
3447 4515 3464 4542 ,
3494 4487 3600 4529 cum
3622 4475 3732 4523 aste-

2267 4551 2376 4614 scis,
2406 4564 2527 4618 qua:
2547 4557 2675 4603 sunt
2699 4549 2809 4604 duo
2838 4549 2959 4602 linis
2981 4548 3203 4603 indicia.
3229 4548 3237 4549 “

2267 4617 2295 4657 ἀ
2336 4621 2424 4677 Sic
2459 4620 2693 4699 Avienus
2722 4619 2941 4699 quidam
2969 4619 3211 4699 loquitur
3243 4619 3382 4699 apud
3419 4604 3732 4699 Hilariumtle

2197 4692 2323 4746 trin.
2359 4707 2412 4747 vr
2437 4735 2451 4754 ,
2484 4692 2518 4746 ι
2550 4708 2565 4745 :
2614 4685 2868 4746 Novimus
2898 4685 3059 4744 unum
3087 4688 3257 4747 Deum
3280 4685 3462 4746 'solnm
3499 4685 3731 4754 infectant.

2194 4763 2362 4818 solum
2393 4763 2762 4831 sempiternum
2788 4803 2802 4828 ,
2833 4763 3002 4817 solum
3021 4763 3130 4816 sine
3152 4765 3300 4819 initio
3325 4805 3339 4826 ,
3379 4762 3535 4816 solum
3561 4765 3703 4808 verum
3719 4784 3732 4811 ι

2195 4834 2363 4887 solum
2391 4833 2826 4888 immortalitatem
2856 4835 3125 4887 habentem
3143 4876 3158 4900 ,
3201 4836 3368 4889 solum
3397 4831 3646 4902 optimum,
3671 4833 3733 4902 ως

2197 4885 2912 4976 nauigaturnemo
2932 4885 3158 4960 tam;
3177 4885 3414 4976 ιδξίιιῑωέ
3429 4885 3595 4956 'Arius
3626 4885 3734 4976 ilan

2195 4970 2539 5031 Ambrosium
2570 4970 2732 5047 epist.
2763 4975 2854 5042 i0,
2883 4977 3015 5030 clas.
3047 4982 3099 5032 t.
3149 4970 3326 5047 Atque
3363 4977 3460 5030 hoc
3492 4970 3735 5047 oratoria-

2196 5029 2282 5101 nze
2307 5029 3036 5118 licereserosiriuudamentum,
3054 5029 3194 5118 qua;
3206 5029 3382 5104 Euius
3407 5039 3647 5100 attributis
3669 5029 3734 5086 Fi-

2196 5118 2324 5173 lium
2355 5117 2698 5174 excludebat.

2269 5198 2292 5225 ο
2323 5189 2494 5246 Solita
2528 5193 2852 5244 Arianorum
2884 5189 3220 5259 blasphemia
3249 5191 3364 5245 lucc
3391 5195 3497 5252 est,
3526 5198 3554 5260 a_
3581 5191 3666 5260 qua
3683 5184 3732 5260 lle

2196 5259 2462 5331 Eusebius
2496 5262 2712 5331 quidem
2753 5262 2908 5316 abest
2929 5303 2944 5327 ,
2986 5254 3089 5316 heu
3116 5262 3274 5317 nimis
3302 5260 3503 5316 Arionis
3526 5254 3728 5331 deditus.

2190 5328 2400 5386 Comm.
2432 5333 2486 5387 in
2515 5318 2594 5402 ps.
2624 5348 2884 5412 Lxxxvut,
3001 5332 3269 5412 560:_Sed
3305 5332 3442 5388 enim
3473 5318 3730 5412 nosiqu

2195 5385 2315 5457 unus
2344 5385 2534 5474 pupugi
2560 5385 3532 5474 noniusstatusanimum.
3561 5395 3636 5474 75,
3661 5385 3730 5474 g9-

2192 5455 2436 5545 eenie’m':
2454 5455 2803 5529 sesami;
2819 5455 3075 5536 satis;
3101 5455 3351 5545 strait;
3376 5455 3571 5528 Patrem
3593 5471 3632 5516 et
3654 5455 3728 5512 Fi-

2191 5543 2318 5598 lium
2348 5547 2576 5613 aliquam
2604 5547 2777 5600 volunt
2803 5563 2909 5601 esse
2938 5543 3259 5601 distantiam.

2267 5615 2287 5652 ί
2329 5601 2445 5671 Ιιιιό
2476 5618 2734 5688 Didymus
2786 5617 2855 5688 de
2909 5619 3063 5674 Trin.
3095 5634 3130 5673 ιι
3158 5661 3172 5682 .
3205 5619 3273 5684 6,
3302 5615 3358 5670 if.
3391 5616 3411 5669 i
3439 5656 3452 5678 ,
3485 5601 3726 5688 cumIJolf

2191 5685 2526 5743 demonsuat
2556 5680 2593 5756 ,⁷
2631 5705 2736 5742 non
2784 5687 3045 5758 Spiritum
3100 5680 3340 5746 sanctum
3387 5699 3502 5742 esse
3540 5680 3724 5751 primam

2190 5768 2516 5826 creaturam,
2544 5760 2637 5816 sed
2662 5760 2938 5817 Satanam.
