3950 6350
253 285 345 342 601

748 281 1178 342 MONUMENTA
1223 283 1508 343 VETERA
1536 284 1640 345 AD
1677 283 2091 345 ARIANORUM
2128 282 2529 345 DOCTRINAM
2567 285 3088 349 PERTlNENTIA.‘

3442 294 3549 353 602

250 399 530 456 Christum
580 398 753 457 factus
784 409 809 436 α
852 399 1044 455 melior
1100 409 1155 456 et
1192 400 1369 472 major
1413 404 1843 477 cmterisomni-
1870 405 1918 465 Α
1949 402 2223 460 dentibus.
2283 404 2378 459 llic
2418 402 2691 461 Christum
2741 406 3020 463 dominum
3068 415 3123 465 et
3163 407 3333 467 Deum
3387 426 3547 470 suum

249 493 368 561 bus,
405 493 457 547 in
487 493 648 548 tertio
676 493 796 548 loco
851 503 973 563 post
1019 493 1230 549 Patrem
1273 505 1327 551 et
1373 504 1495 565 post
1540 495 1735 551 Filium
1785 497 1839 553 in

247 584 453 641 sanctis
480 585 777 655 Scripturis
803 588 1202 657 pronuntiatur.
1234 587 1329 644 llic
1344 586 1577 659 Spiritus
1599 589 1650 644 in
1681 590 1841 647 tertio

247 677 366 733 loco
392 677 680 749 singularis
709 688 871 749 atque
918 678 1066 733 solus
1098 680 1151 734 in
1202 695 1299 735 sua
1345 681 1720 752 singularitate
1760 682 1842 737 di-

245 773 514 829 noscitur.
543 773 701 830 Tales
729 774 745 805 ¹
792 788 968 843 neque
989 773 1054 829 ad
1083 773 1355 830 Christum
1379 775 1570 831 Filium
1604 777 1695 833 Dei
1729 776 1840 834 lac--

245 875 421 922 torem
468 878 678 922 natura:
728 882 840 923 sua:
878 870 1184 937 comparari
1236 868 1467 939 possetb
1503 888 1516 923 :
1550 886 1723 941 neque
1770 872 1836 927 ad

241 958 529 1032 (illum)de
566 960 805 1027 caeteris,
834 960 921 1031 qui
957 976 1050 1030 per
1077 960 1226 1015 illum
1276 960 1606 1031 providentia
1656 962 1750 1019 Dei
1781 973 1839 1020 ιιι

239 1063 429 1111 essent
466 1056 781 1124 acciperunt
808 1057 851 1120 ί,
880 1050 1225 1125 comparatur
1254 1056 1455 1126 aliquid
1486 1075 1499 1111 :
1550 1056 1837 1130 singularis

238 1156 325 1202 est
352 1147 500 1203 enim
554 1150 901 1205 sanctificans
934 1149 1123 1206 virtus.
1163 1150 1258 1205 llic
1304 1150 1543 1222 Spiritus
1596 1166 1701 1207 non
1752 1160 1837 1209 est

234 1239 384 1295 Deus
440 1252 461 1279 ο
511 1255 612 1296 nec
632 1241 914 1307 Dominus,
958 1242 1211 1312 quoniam
1265 1256 1364 1297 nec
1406 1252 1620 1298 creator
1661 1261 1674 1299 :
1735 1259 1835 1301 nec

230 1332 382 1389 enim
415 1347 604 1389 eorum
634 1349 755 1404 qua:
777 1349 885 1389 non
909 1343 1085 1401 erant,
1114 1346 1172 1390 ut
1192 1344 1397 1402 essent,
1448 1335 1650 1408 aliquid
1683 1337 1829 1406 fecit,

228 1440 334 1481 nec
365 1424 547 1482 facere
592 1436 809 1497 potest;
843 1428 1095 1499 quoniam
1148 1443 1251 1483 non
1284 1439 1366 1483 est
1388 1429 1551 1495 Deus,
1592 1432 1685 1485 sed
1733 1433 1831 1486 mi-

227 1520 408 1573 nister
435 1517 637 1574 Christi
663 1519 784 1574 Filii
818 1520 909 1574 Dei
942 1520 1023 1575 sui
1053 1516 1078 1556 ἀ
1107 1539 1118 1573 :
1183 1522 1233 1575 in
1268 1520 1370 1577 hoc
1406 1521 1743 1588 ministraus,
1772 1534 1830 1578 ut

222 1627 294 1667 ea
322 1628 445 1682 qua:
472 1627 568 1683 per
596 1611 871 1668 Christum
901 1613 1179 1669 voluntate
1206 1614 1296 1669 Dei
1328 1614 1468 1670 facta
1508 1627 1632 1671 sunt
1664 1618 1830 1671 ratio-

223 1705 440 1760 nabilia
466 1706 788 1775 sanctifleet,
815 1718 869 1761 et
895 1707 1183 1775 illumiuet,
1246 1719 1301 1763 et
1325 1707 1546 1778 doceat,
1594 1718 1649 1765 et
1678 1726 1828 1765 man-

1946 498 2234 570 profitetur
2254 513 2375 554 esse.
2403 499 2624 557 dicens:
2652 500 2801 557 Dixit
2826 502 3084 559 Dominus
3109 502 3335 561 Domino
3361 524 3472 562 meo
3498 507 3542 564 τε
3570 498 3583 501 Α

1944 590 2066 645 sede
2104 592 2173 646 ad
2209 594 2447 647 dextram
2486 610 2687 662 meam,
2718 595 2881 651 donec
2919 614 3110 666 ponam
3156 599 3395 655 inimicos
3432 610 3546 657 tuos

1943 685 2225 740 scabellum
2248 688 2431 756 pedum
2450 695 2677 743 tuorum.
2697 688 2761 743 Et
2786 690 2978 744 iterum
2993 691 3059 745 ad
3078 689 3352 749 Christum
3376 694 3542 751 Deum

1942 794 2096 834 suum
2129 780 2261 834 dicit
2286 780 2429 835 idem
2472 780 2735 850 Spiritus:
2770 780 2927 836 Sedis
2958 783 2978 813 "
3004 792 3097 837 tua
3118 783 3261 838 Deus
3288 785 3341 839 in
3371 802 3540 840 sitcu-

1941 872 2048 927 lum
2076 872 2291 939 steculi;
2323 873 2469 946 virga
2492 874 2748 946 aequitatis
2782 875 2925 950 virga
2960 877 3107 950 regni
3142 878 3262 943 tui;
3306 877 3542 935 dilexisti

1934 964 2200 1037 juStitiam
2233 1005 2246 1020 .
2283 1005 2297 1021 .
2329 1006 2345 1022 .

2428 1081 2908 1140 FRAGMENTUM
2951 1083 3042 1140 tv.

2014 1280 2050 1295 ..
2063 1278 2099 1294 ..
2130 1247 2487 1311 utcognoscat
2500 1241 2721 1296 mundus
2732 1241 2873 1312 quod
2883 1241 3045 1317 diligo
3055 1246 3290 1315 patrem“
3311 1253 3391 1311 ;et
3412 1262 3539 1316 quo-

1935 1333 2089 1387 modo
2120 1334 2419 1388 mandatum
2449 1334 2576 1388 mitti
2602 1334 2743 1389 dedit
2776 1333 2953 1401 Pater,
2968 1336 3044 1391 sic
3063 1338 3223 1409 facio.
3264 1336 3397 1393 Illud
3436 1339 3539 1393 ita-

1934 1443 2040 1499 que
2070 1428 2214 1498 quod
2244 1428 2444 1498 sacpius
2473 1428 2675 1483 dictum
2707 1436 2792 1484 est
2816 1470 2830 1495 ,
2860 1442 2961 1497 ego
2994 1430 3044 1484 in
3086 1429 3247 1486 Patre
3290 1440 3344 1486 et
3374 1432 3536 1488 Pater

1934 1526 1987 1581 in
2020 1541 2107 1581 me
2136 1567 2151 1593 ,
2188 1542 2298 1581 non
2337 1542 2499 1581 unam
2536 1526 2919 1590 substantiam,
2942 1526 3036 1582 sed
3074 1527 3185 1582 duo
3229 1528 3532 1596 significat,

1932 1619 2107 1674 Patris
2166 1620 2456 1691 ingenitam
2485 1631 2539 1676 et
2564 1620 2680 1675 Filii
2706 1621 3036 1692 unigenitum
3071 1631 3120 1689 8,
3153 1633 3208 1677 et
3237 1622 3537 1679 idcointcl-

1932 1712 2113 1782 ligitur
2130 1712 2299 1770 Filius
2317 1714 2368 1769 in
2383 1714 2503 1769 sinu
2535 1714 2710 1770 Patris
2740 1714 2881 1786 quod
2905 1714 3200 1771 sentiturin
3216 1716 3476 1773 cltaritate
3504 1717 3533 1757 ιι

219 1799 351 1855 data
374 1798 577 1855 Christi
609 1802 845 1856 retinere
870 1812 1236 1868 Commoneat,
1261 1811 1316 1857 et
1336 1803 1588 1859 omnibus
1609 1804 1832 1861 creden-
1860 1807 1908 1867 B
1935 1816 2095 1877 atque
2125 1807 2176 1861 in
2210 1815 2477 1876 potestate
2499 1808 2640 1862 illius
2667 1808 2757 1878 qui
2786 1808 2963 1863 omnia
2995 1818 3141 1864 tenet
3172 1827 3185 1863 :
3211 1809 3325 1880 ipse
3350 1818 3532 1865 autem

216 1892 373 1947 tibus
399 1893 631 1964 gratiam
661 1892 903 1947 dividat:
932 1893 1153 1963 adjuvat
1201 1894 1569 1951 infirmitatem
1621 1899 1824 1954 oratio-

215 1985 310 2040 nis
343 1992 566 2052 nostrm,
594 1993 647 2039 et
680 1999 777 2055 pro
806 1984 961 2039 nobis
991 1986 1227 2055 postulat
1247 1988 1535 2057 gemitibus
1569 1998 1591 2026 θ
1622 1991 1832 2044 inenar-

214 2077 492 2134 rabilibus
518 2078 560 2146 ³,
584 2088 638 2134 et
665 2090 797 2136 nutu
828 2077 1031 2135 Christi
1069 2083 1297 2137 remittit
1337 2082 1359 2113 "
1398 2092 1614 2151 peccata
1656 2083 1829 2153 patui-

216 2172 506 2235 tentibus,
543 2183 598 2229 et
640 2173 861 2229 adducit
898 2175 964 2231 ad
993 2192 1176 2232 veram
1209 2185 1266 2233 et
1303 2185 1505 2233 certam
1544 2177 1825 2233 scientiam

211 2263 451 2319 Christi.
482 2263 579 2319 llic
608 2280 636 2318 a
661 2281 721 2320 se
744 2281 852 2321 non
877 2267 1146 2337 loquitur,
1175 2269 1269 2324 sed
1302 2271 1322 2300 ⁵
1352 2285 1709 2340 quaecumque
1733 2286 1828 2325 au-

209 2362 409 2430 dierit,
446 2363 698 2435 loquetur
722 2364 765 2434 ⁶,
798 2373 853 2421 et
874 2365 1063 2435 docet,
1096 2377 1145 2424 ct
1188 2366 1362 2423 futura
1397 2367 1682 2424 annuntiat
1704 2384 1824 2425 cre-

284 2507 306 2538 ¹
339 2506 413 2560 lta
442 2504 565 2560 cod.
594 2519 690 2576 pro
716 2506 855 2563 talis.

286 2579 310 2611 ³
343 2577 420 2632 lta
453 2577 575 2633 cod.

285 2649 312 2683 ³
340 2648 420 2702 lta
451 2651 573 2703 cod.

287 2720 313 2752 δ
339 2717 476 2775 Cod.
507 2721 679 2777 remit.

289 2793 314 2825 ⁵
345 2790 483 2847 Cod.
518 2791 643 2846 sled.

286 2946 316 2974 ει
344 2935 611 3004 Spiritum
636 2947 879 2996 sanctum
919 2956 1026 2996 non
1058 2955 1180 2997 esse
1208 2948 1533 3008 creaturam,
1575 2941 1682 2997 late
1726 2941 1821 2997 de-

203 3017 489 3084 monstrat
513 3010 771 3084 Didymus
787 3012 856 3067 de
882 3012 1034 3067 Trin.
1058 3029 1118 3073 tt.
1144 3014 1199 3069 (ἰ.
1221 3013 1362 3083 Lege
1384 3014 1542 3066 etiam
1568 3012 1817 3082 Fulgent.

150 3112 153 3117 ν
201 3088 407 3153 contra
436 3079 562 3153 Fab.
598 3079 788 3153 fragm.
821 3100 1013 3139 xxxrv.
1048 3079 1557 3139 Brevitervllilarius
1573 3084 1641 3138 de
1663 3079 1814 3139 Trin.

202 3168 319 3227 gn,
351 3152 422 3207 55
448 3171 461 3204 :
502 3151 757 3227 Spiritum
783 3166 1017 3210 sanctum
1046 3172 1325 3227 numquam
1354 3157 1522 3209 dicam
1565 3165 1815 3227 creatum.

204 3224 479 3298 Didymus
522 3224 709 3298 deSp.
748 3227 805 3282 S.
830 3268 845 3291 ,
901 3224 1230 3298 Hieronymo
1269 3228 1563 3295 interprete
1588 3269 1600 3287 ,
1649 3226 1703 3281 11.
1737 3229 1814 3282 4:

198 3293 342 3366 Ipsa
381 3311 482 3369 uox
511 3293 743 3369 Spiritus
788 3300 955 3369 sancti
1000 3293 1311 3369 subiacentis
1349 3293 1578 3352 essentia:
1605 3298 1820 3351 demou—

199 3358 429 3420 siratrix
452 3378 525 3420 est
605 3367 751 3423 Patri
778 3368 1014 3437 Filioque
1044 3358 1219 3433 Socia,
1253 3380 1302 3424 et
1333 3387 1363 3423 a
1389 3370 1641 3424 creaturis
1670 3373 1815 3437 peni-
1847 3358 1891 3420 C

200 3448 289 3491 tus
312 3438 506 3491 aliena.
552 3439 685 3493 Tum
716 3438 771 3495 ﬂ'.
799 3441 832 3495 8
863 3458 875 3493 :
913 3441 973 3496 Si
1002 3440 1233 3511 Spiritus
1273 3450 1477 3494 sanctus
1502 3441 1715 3494 alterius
1741 3451 1817 3505 est

197 3519 415 3563 natura:
440 3527 471 3562 a
498 3514 745 3565 creaturis
775 3553 788 3575 ,
806 3522 852 3564 et
874 3517 925 3566 in
957 3514 1169 3580 propria
1194 3513 1422 3567 subsistit
1460 3513 1701 3577 essentia,
1729 3513 1811 3566 iu-

198 3591 414 3634 creatus
435 3591 484 3634 et
511 3583 732 3650 infectus
756 3584 1060 3639 ostenditur.
1108 3585 1350 3651 Denique
1390 3582 1445 3637 if.
1477 3582 1579 3637 l5:
1616 3582 1713 3636 llis
1745 3584 1816 3639 ita

197 3651 471 3705 edissertis
497 3692 512 3715 ,
542 3652 753 3707 alterius
776 3657 1076 3709 substantia:
1115 3674 1146 3710 a
1167 3656 1449 3709 visibilibus
1476 3664 1522 3707 et
1543 3654 1814 3708 invisibili-

196 3723 297 3776 bus
330 3726 579 3779 creaturis
610 3724 841 3790 Spiritus
863 3737 1071 3780 sanctus
1097 3725 1407 3781 ostenditur.
1440 3725 1502 3779 Si
1526 3728 1815 3780 autem'hoc

195 3810 392 3868 verunt
412 3803 490 3848 est
517 3837 531 3860 ,
583 3798 889 3866 impiissime
913 3798 1119 3868 quidam
1150 3800 1281 3852 inter
1326 3798 1499 3851 omnia
1540 3813 1816 3851 connume-

194 3876 334 3938 rant
354 3865 611 3935 Spiritum
635 3865 864 3922 sanctum
892 3865 1170 3934 {dicentes
1196 3870 1249 3922 in
1281 3886 1338 3922 eo
1364 3868 1501 3938 quod
1529 3870 1701 3923 omnia
1723 3885 1813 3935 per

202 3936 438 4012 Verbum
467 3941 603 4012 facta
632 3949 794 4003 sunt,
841 3942 1127 4011 signiﬁcari
1165 3942 1321 3995 etiam
1365 3936 1596 4012 Spiritus
1647 3942 1811 3995 sancti

195 4010 488 4080 facturam.
521 4009 661 4080 Lege
691 4012 853 4065 etiam
885 4009 942 4066 ll‘.
977 4009 1061 4066 11.

268 4078 299 4119 δ
351 4078 615 4149 Ρετξιιιιιῐ
646 4081 996 4151 blasphemiae
1053 4085 1266 4139 Arianm
1303 4092 1490 4138 contra
1544 4081 1805 4207 Spliritum

268 4162 450 4205 actum
482 4168 496 4207 :
539 4154 607 4206 oh
642 4167 775 4207 uuas
811 4154 1123 4207 refutandas
1167 4155 1368 4207 sufficit
1398 4154 1559 4207 etiam
1641 4156 1805 4207 iectas

195 4162 450 4223 sanctum
482 4168 496 4216 ;
539 4154 607 4206 oh
642 4167 775 4223 quas
811 4154 1123 4209 refutandas
1167 4155 1368 4211 sufficit
1398 4154 1559 4208 etiam
1589 4154 1807 4210 Nicetas

192 4221 570 4295 Aquileiensis
605 4240 633 4277 a
660 4221 779 4287 'me,
812 4236 866 4279 ut
894 4226 1026 4292 dixi,
1053 4242 1224 4295 nuper
1245 4228 1443 4282 editus.

272 4304 297 4331 ο
348 4294 441 4350 Sic
468 4304 664 4365 negant
692 4295 953 4365 Spiritum
996 4294 1239 4352 sanctum
1272 4312 1392 4351 esse
1416 4296 1584 4350 Deum
1617 4295 1806 4351 Ariani

192 4365 342 4432 apud
366 4366 729 4437 Augustinum
751 4377 935 4422 contra
956 4368 1230 4422 Maximin.
1259 4384 1317 4431 tt,
1346 4368 1430 4421 12.
1465 4367 1638 4421 Porro
1664 4366 1802 4421 idem

191 4438 536 4511 Augustinus
565 4437 629 4493 de
658 4438 810 4493 Trin.
838 4455 877 4501 ι,
904 4440 990 4506 15,
1015 4441 1090 4493 ait
1116 4458 1128 4491 :
1164 4439 1243 4494 De
1272 4439 1474 4511 Spiritu
1500 4450 1675 4511 sancto
1698 4439 1807 4492 cof-

191 4508 333 4562 lecta
360 4520 481 4562 sunt
508 4511 821 4574 testimonia,
847 4511 1029 4579 quibus
1056 4521 1174 4564 ante
1200 4527 1294 4565 nos
1318 4508 1406 4578 qui
1435 4512 1545 4563 Iiwc
1566 4508 1805 4579 disputa-

189 4590 375 4633 rcrunl
414 4580 764 4635 abundantius
794 4584 871 4634 usi
908 4592 1027 4635 sunt
1054 4624 1066 4645 ,
1101 4583 1223 4652 quia
1246 4594 1293 4637 et
1319 4583 1428 4652 ipse
1458 4579 1599 4652 Deus
1626 4591 1670 4633 et
1700 4597 1802 4634 non

190 4661 457 4706 creatura.
487 4652 638 4719 Quod
664 4653 711 4705 si
738 4669 838 4706 non
865 4651 1121 4718 creatura,
1158 4670 1260 4707 non
1286 4651 1485 4706 tantum
1514 4651 1677 4716 Deus,
1711 4652 1803 4706 sed

1935 1906 2020 1955 est
2063 1900 2349 1956 infinitus:
2401 1900 2487 1954 hic
2518 1910 2567 1955 et
2614 1899 2763 1954 illum
2794 1900 3172 1956 circumtenet.
3205 1900 3298 1956 llle
3341 1904 3362 1935 °
3405 1916 3533 1958 vero

1931 1992 2197 2057 omnium,
2230 2006 2351 2062 qua:
2386 2003 2507 2062 post
2537 1992 2685 2047 illum
2717 2003 2773 2048 et
2804 2008 2900 2061 per
2925 1994 3103 2069 ipsum
3139 1993 3281 2049 facta
3312 2004 3458 2061 sunt,
3500 2010 3530 2051 a

1930 2085 2090 2140 Patre
2111 2086 2385 2157 accipiens
2419 2095 2739 2155 potestatem
2772 2086 2835 2154 ¹⁰,
2870 2085 3227 2143 circumtenet
3254 2088 3530 2144 universa.

1929 2179 2045 2235 Non
2075 2190 2157 2235 cst
2186 2180 2347 2249 igitur
2377 2196 2515 2236 unus
2541 2188 2597 2236 et
2628 2181 2744 2251 ipse
2768 2181 2933 2237 Pater
2960 2191 3014 2236 et
3053 2180 3260 2237 Filius:
3307 2183 3397 2254 qui
3425 2182 3533 2238 cir-

1930 2280 2226 2338 cumtenet,
2258 2282 2313 2327 et
2336 2273 2426 2343 qui
2458 2273 2882 2329 circututenetur
2915 2271 2968 2341 i;
3003 2274 3294 2345 ingenitus,
3322 2283 3376 2328 et
3408 2276 3528 2329 uni-

1930 2371 2176 2441 gcnitus;
2206 2371 2440 2442 genitor,
2471 2380 2525 2425 et
2564 2370 2655 2441 qui
2686 2369 2901 2441 genitus
2929 2378 3043 2438 est;
3090 2370 3178 2440 qui
3212 2371 3451 2437 mandat,
3473 2379 3529 2427 et

2002 2510 2027 2614 ς
2051 2510 2129 2638 ﬂ:
2309 2526 2407 2582 pro
2436 2511 2697 2584 loquitur;
2727 2519 2783 2566 ιιι
2804 2511 2925 2567 talis
2955 2526 3054 2584 pro
3082 2514 3233 2568 tales.

2001 2655 2021 2685 ⁸
2043 2653 2177 2709 Cod.
2217 2654 2392 2710 Patre.

2004 2727 2023 2757 °
2054 2728 2188 2781 Cod.
2218 2728 2382 2781 illius.

2001 2797 2044 2830 ¹⁰
2071 2798 2205 2854 Cod.
2237 2807 2502 2866 potestate.

1927 2956 2033 2994 non
2060 2939 2349 3008 putent;vel
2374 2948 2631 3008 tamquam
2656 2939 2968 3004 ministrum,
2986 2939 3151 2994 meriti
3164 2954 3373 3008 prorsus
3384 2939 3522 3009 infe-

1926 3014 2080 3067 rioris
2099 3010 2551 3082 existimentLege
2568 3011 2816 3066 eumdem
2832 3009 3173 3082 Fulgentium
3187 3024 3371 3065 eontra
3389 3011 3518 3067 Fab.

1928 3082 2062 3153 frag.
2093 3099 2173 3148 ιιι,
2203 3083 2291 3137 ubi
2313 3081 2831 3138 subministrationem
2852 3081 3132 3147 distinguit
3153 3098 3181 3137 a
3214 3083 3517 3137 ministerio.

1908 3186 1913 3189 ς
2002 3164 2025 3227 ’ἦ
2060 3154 2113 3210 ld
2136 3164 2219 3210 est
2255 3170 2455 3227 gemere
2482 3163 2527 3207 et
2554 3154 2819 3227 postulare
2845 3168 2939 3206 nos
2964 3156 3124 3223 facit,
3164 3154 3524 3227 ut_adversus

1928 3225 2053 3281 Aria
2064 3240 2160 3280 nos
2186 3224 2573 3294 interpretatur
2598 3226 2927 3295 Augustinus
2941 3234 3222 3295 op.contra
3240 3224 3516 3279 Maxituin.

1926 3298 2118 3363 1,9;tt,
2143 3296 2239 3361 l9;
2272 3311 2370 3351 nec
2400 3312 2505 3350 non
2535 3295 2847 3357 Fulgentius
2874 3307 3060 3350 contra
3094 3294 3224 3350 Fab.
3257 3296 3516 3364 fragm.v.

2001 3367 2019 3405 τ
2067 3369 2329 3423 Perversa
2373 3370 2487 3421 lucc
2518 3366 2701 3421 Ariani
2743 3366 2976 3421 hominis
3008 3368 3377 3435 interpretatio
3415 3376 3517 3421 est.

1919 3437 2036 3494 Non
2069 3440 2212 3494 enim
2244 3438 2474 3507 Spiritus
2500 3448 2717 3492 sanctus
2742 3439 2817 3492 sic
2844 3440 2894 3491 in
2924 3452 3151 3507 persona
3202 3441 3414 3508 propria
3442 3438 3522 3493 lo-

1917 3513 2098 3581 quitur
2127 3510 2192 3565 de
2222 3509 2437 3565 Christo
2460 3551 2476 3576 ,
2509 3508 2603 3563 sed
2632 3510 2939 3581 loquentem
2985 3510 3156 3577 potius
3199 3510 3325 3564 facit
3353 3509 3517 3563 Davi-

1916 3580 2037 3636 dem
2083 3599 2099 3637 :
2156 3583 2412 3651 propheta
2440 3590 2618 3634 autem
2663 3592 2868 3650 patrem
2907 3580 3214 3646 loquentem
3248 3596 3366 3634 cum
3410 3581 3519 3634 filio

1918 3653 2210 3708 introducit
2235 3694 2248 3713 ,
2300 3661 2357 3705 ut
2387 3654 2501 3706 lure
2530 3652 2719 3719 psalmi
2749 3667 2841 3707 cn:
2896 3653 3063 3707 verba
3126 3653 3285 3723 vulgo
3316 3653 3516 3707 intelli-

1914 3737 2047 3795 gunt
2074 3724 2423 3795 ecclesiastici
2454 3724 2659 3778 Patres.

1986 3807 2011 3843 ϐ
2043 3798 2172 3851 llem
2204 3794 2551 3850 subtilitatem
2582 3795 2861 3849 ridiculam
2884 3794 3065 3849 Ariani
3087 3793 3353 3850 hominis!
3381 3794 3518 3849 Ilur-

1913 3881 2008 3923 sus
2038 3878 2219 3923 tamen
2244 3866 2367 3921 hinc
2395 3874 2538 3935 patet
2559 3882 2718 3935 quam
2748 3868 3115 3920 necessarium
3140 3868 3205 3921 sit
3232 3882 3298 3921 ex
3324 3866 3517 3921 Eccle-

1913 3939 2004 3992 sia.-
2038 3940 2362 4004 l’alrumque
2390 3953 2659 3992 consensu
2681 3937 2890 3992 divinas
2914 3938 3221 4006 Scripturas
3247 3939 3516 4008 interpre-

1912 4013 2033 4064 tari.
2064 4011 2169 4067 Sed
2198 4010 2477 4064 audiamus
2499 4009 2757 4063 Hilarium
2790 4010 2857 4063 tle
2889 4009 3038 4063 Trin.
3075 4025 3153 4075 ιιι,
3185 4011 3299 4064 Ξὸῖ
3329 4010 3513 4074 Audis,

1913 4080 2025 4153 Ego
2054 4094 2099 4135 et
2125 4080 2282 4153 Pater
2309 4096 2685 4153 unumsumus.
2736 4080 2873 4146 Quid
2901 4080 3153 4133 discindis
3190 4092 3238 4134 et
3269 4080 3515 4153 distraltis

1913 4150 2110 4207 Filium
2140 4170 2171 4207 a
2203 4150 2405 4205 Patre?
2437 4150 2607 4206 Unum
2632 4161 2751 4205 sunt
2776 4167 2795 4205 :
2838 4152 3031 4213 scilicet
3062 4153 3105 4203 is
3129 4155 3348 4222 quiest,
3383 4152 3515 4205 nihil

1910 4224 2100 4278 habens
2129 4224 2266 4293 quod
2293 4238 2394 4276 non
2424 4224 2489 4293 sit
2516 4224 2744 4293 etiamin
2776 4228 2834 4275 eo
2865 4241 2895 4275 α
2921 4237 3022 4289 quo
3053 4221 3147 4274 est.
3198 4221 3325 4275 Cum
3362 4222 3513 4293 audis

1910 4294 2107 4349 Filium
2138 4292 2411 4356 dicentem,
2450 4292 2558 4363 Ego
2587 4304 2632 4347 et
2666 4292 2825 4347 Pater
2848 4308 3009 4346 unum
3047 4309 3253 4358 sumus,
3279 4292 3512 4361 personis

1908 4383 2015 4419 rem
2042 4368 2373 4419 accommoda
2399 4407 2413 4427 ,
2460 4366 2686 4435 gignenti
2727 4374 2773 4416 et
2818 4365 2985 4434 genito
3022 4364 3358 4431 professionis
3404 4378 3513 4417 sua:

1907 4441 2141 4508 permitte
2166 4436 2465 4508 sententiam
2488 4451 2507 4489 :
2535 4436 2636 4487 sint
2664 4452 2821 4488 unum
2841 4478 2855 4500 ,
2889 4445 2943 4489 ut
2965 4444 3083 4508 sunt
3112 4436 3199 4505 qui
3231 4435 3434 4508 genuit,
3464 4443 3511 4488 et

1906 4506 1993 4578 qui
2032 4510 2231 4578 genitus
2260 4515 2379 4578 ests
2402 4506 2506 4559 Cur
2528 4516 2766 4578 naturam
2795 4506 3029 4561 excludis
3049 4547 3065 4571 ,
3116 4523 3209 4560 cur
3230 4507 3510 4578 ueritatem

1906 4576 2155 4634 interimis
2181 4579 2327 4634 ?etc.
2359 4577 2502 4647 Lege
2519 4576 2767 4631 eumdem
2793 4577 2882 4631 lih.
2905 4578 3168 4642 ttt,l;vu,
3186 4577 3378 4643 40:13,
3413 4576 3506 4632 52.

1977 4648 2005 4687 ιι
2037 4651 2147 4705 lloc
2169 4650 2401 4718 pertinet
2422 4650 2487 4703 ad
2510 4649 2756 4703 eamdem
2782 4649 3031 4703 ha°resim
3061 4650 3337 4714 Arianam,
3363 4648 3505 4718 quod

190 4722 350 4803 etiam
360 4737 529 4803 peras
554 4722 715 4803 Deus.
743 4722 887 4803 _Ergo
918 4722 1067 4779 Patri
1080 4735 1141 4803 _et
1162 4723 1538 4803 Filioprorsus
1558 4724 1796 4791 aequalis,
1825 4742 1880 4803 D
1908 4722 2078 4777 Filius
2117 4736 2220 4776 non
2240 4719 2599 4803 _uatura‘,‘sed
2649 4721 2938 4803 adoptione
2960 4729 3035 4803 Aet
3076 4720 3354 4803 c_lt_arita_t_e_
3396 4721 3465 4803 sit
3491 4736 3506 4785 ;

191 4804 239 4847 et
266 4795 323 4846 in
358 4792 629 4848 Trinitatis
672 4792 869 4850 unitate
909 4796 1362 4851 consubstantialis
1403 4805 1448 4849 et
1496 4803 1796 4849 cowternus.

192 4864 461 4934 Spiritum
492 4875 737 4920 sanctum
771 4867 971 4921 dictum
1012 4883 1133 4923 esse
1157 4868 1444 4921 Dominum
1475 4868 1526 4919 in
1559 4866 1802 4933 Scriptu-

190 4938 269 5008 ris
290 4936 630 4991 demonstrat
656 4937 975 4992 Ambrosius
995 4938 1063 4993 de
1091 4938 1187 5008 Sp.
1213 4939 1270 4994 S.
1298 4954 1358 4999 tt,
1392 4940 1413 4992 1
1437 4954 1451 5003 ;
1486 4953 1566 5002 ιιι,
1592 4937 1679 4999 11,
1706 4937 1796 4992 15.

189 5006 269 5081 De
298 5008 535 5081 Spiritus
567 5014 746 5063 autem
788 5009 962 5064 sancti
989 5006 1273 5065 divinitate
1308 5012 1559 5081 pressius
1581 5010 1803 5081 conclu—

188 5079 263 5151 dit
296 5080 393 5151 cit.
430 5079 520 5134 lib.
551 5093 671 5151 cap.
700 5082 766 5135 18
788 5123 801 5141 ,
831 5081 921 5135 19.
972 5080 1108 5136 Tum
1146 5079 1401 5145 legendus
1434 5091 1518 5135 est
1542 5080 1802 5151 Didymus

190 5149 245 5204 tl‘.
274 5150 357 5223 d8
378 5166 499 5221 sqq.
525 5162 577 5204 et
606 5150 922 5220 Fulgentius
952 5162 1139 5207 contra
1168 5152 1295 5207 Fab.
1318 5152 1511 5223 fragm.
1542 5149 1698 5207 xxix.

261 5218 290 5257 ἀ
327 5218 648 5277 Arianorum
682 5218 796 5277 haec
834 5223 1078 5277 doctrina
1120 5218 1427 5279 summatim
1460 5225 1714 5277 scribitur
1744 5223 1796 5277 in

191 5291 507 5365 llieronymi
540 5293 757 5365 dialogo
783 5303 970 5349 contra
992 5294 1168 5349 Lucii.
1201 5294 1255 5349 ff.
1288 5294 1356 5350 9:
1400 5295 1625 5348 Arianus
1651 5295 1799 5347 aliud

190 5365 325 5417 nihil
355 5364 516 5418 credit
546 5364 795 5435 (claudite
819 5382 992 5435 quteso
1014 5383 1165 5420 aures
1189 5368 1276 5436 qui
1299 5367 1527 5421 audituri
1556 5366 1705 5432 estis,
1734 5382 1798 5419 ne

192 5436 658 5509 tanttejmpietatis
683 5436 890 5509 pacibus
918 5437 1259 5509 polluamini)
1291 5439 1389 5492 nisi
1415 5440 1466 5491 in
1498 5436 1659 5490 Patre
1685 5436 1797 5509 solo

190 5520 308 5559 vero
340 5506 447 5561 Deo
466 5547 481 5572 ,
510 5518 557 5561 et
587 5510 641 5560 in
666 5506 795 5562 Iesu
835 5506 1037 5563 Christo
1066 5506 1338 5564 Salratore
1362 5519 1600 5563 creatura
1623 5549 1639 5573 ,
1669 5517 1713 5561 et
1739 5508 1795 5561 in

194 5578 397 5651 Spiritu
427 5589 607 5651 sancto
632 5581 895 5651 utriusque
912 5596 1075 5634 servo.
1124 5579 1440 5651 Fulgentius
1460 5580 1526 5633 ad
1555 5579 1790 5651 Trasitn.

192 5663 270 5710 ιιι,
304 5648 410 5703 δαίς
443 5648 583 5704 Deus
608 5649 730 5704 illos
758 5648 1021 5705 tormentis
1046 5662 1119 5705 est
1141 5648 1604 5707 interminabilibus
1627 5649 1762 5703 tradi
1773 5681 1791 5690 η

195 5731 340 5793 turus
365 5762 379 5786 ,
408 5725 495 5793 qui
525 5723 688 5776 sancti
715 5720 945 5793 Spiritus
972 5732 1206 5777 naturam
1251 5741 1284 5778 a
1309 5723 1594 5776 substantia
1621 5721 1794 5775 Patris

196 5788 769 5863 Filiique'discernuntj
782 5804 839 5849 ut
866 5795 947 5848 vel
968 5796 1175 5850 omnino
1196 5810 1311 5850 eum
1332 5794 1669 5865 personaliter
1686 5809 1795 5848 esse

1905 4810 2063 4864 quam
2112 4793 2308 4862 passim
2365 4791 2606 4864 refutant
2649 4792 2870 4855 Patres;
2922 4801 2974 4845 et
3022 4792 3247 4864 quidem
3273 4791 3508 4864 Hilarius

1906 4860 2322 4920 contra—Const.
2366 4863 2422 4917 fl'.
2454 4862 2507 4917 9.
2569 4862 2859 4918 Faustinus
2902 4860 3082 4917 autem
3122 4864 3175 4917 in
3215 4862 3353 4918 lihro
3382 4860 3505 4915 fidei

1907 4952 2026 5006 cap.
2054 4952 2113 5002 tt,
2144 4936 2177 4990 5
2201 4953 2214 4988 :
2248 4934 2371 4990 Hau:
2394 4944 2580 4999 uestra,
2606 4933 2809 4996 Ariani,
2834 4935 3070 4987 doctrina
3094 4944 3189 4997 est,
3215 4934 3324 5006 Inec
3339 4942 3508 4987 vestra

1906 5004 2261 5075 interpretatio
2292 5007 2597 5078 singularis,
2626 5006 2720 5059 hoc
2744 5015 3028 5078 secretum,
3058 5006 3153 5059 hoc
3183 5004 3310 5078 ﬁdei
3325 5014 3509 5078 uestra:

1908 5079 2203 5150 mysterium
2231 5076 2567 5150 :WAdoptione
2594 5119 2611 5143 ,
2663 5078 2825 5150 inquit
2850 5119 2863 5141 ,
2899 5076 3245 5150 Christuscst
3275 5076 3415 5150 ﬁlius
3460 5084 3507 5129 et

1908 5145 2010 5205 non
2035 5167 2181 5205 verus
2213 5149 2373 5218 filius.
2393 5145 2595 5217 Pergit
2626 5145 2821 5203 deinde
2846 5148 2911 5200 ad
2950 5146 3327 5218 refutationem
3361 5145 3506 5200 Fau-

1908 5223 2109 5285 stinus,
2139 5216 2300 5290 atque
2324 5220 2463 5273 inter
2509 5216 2703 5273 emtera
2726 5219 2981 5273 notabilia
3014 5216 3171 5290 dicit:
3201 5227 3251 5272 et
3279 5233 3345 5272 ne
3373 5221 3507 5290 forte

1907 5310 2064 5347 unum
2089 5292 2154 5347 de
2180 5288 2436 5360 adoptivis
2466 5293 2697 5345 crederes
2719 5331 2734 5356 ,
2773 5290 3055 5360 amputauit
3084 5288 3356 5359 (Joannes
3375 5288 3506 5360 ev.)

1904 5381 2085 5419 sensus
2111 5364 2257 5433 impii
2283 5359 2600 5416 occasionem
2624 5405 2637 5426 ,
2672 5378 2785 5414 cum
2816 5359 2930 5415 eum
2963 5362 3093 5433 dixit
3117 5377 3217 5413 non
3248 5360 3411 5414 solum
3436 5359 3504 5428 ﬁ-

1905 5437 2072 5502 lium,
2122 5430 2212 5489 sed
2253 5436 2405 5488 etiam
2432 5434 2755 5503 unigenitum
2797 5434 2984 5501 ﬁlium.
3037 5430 3149 5485 Hoc
3175 5448 3365 5503 nomen
3402 5447 3504 5484 non

1903 5508 2052 5561 liabet
2082 5507 2250 5560 socios
2280 5520 2299 5560 :
2324 5514 2371 5558 et
2402 5502 2535 5557 licet
2558 5505 2798 5557 dicantur
2825 5504 2916 5556 alii
2945 5504 3042 5570 ﬁlii
3067 5543 3081 5567 ,
3116 5502 3393 5571 adoptione
3428 5511 3507 5554 ta-

1886 5596 2039 5642 men,
2063 5594 2163 5632 non
2186 5587 2394 5641 natura,
2424 5585 2541 5629 sunt
2566 5576 2684 5645 ﬁlii.
2720 5573 2827 5629 Sed
2848 5573 3087 5628 Christus
3111 5573 3508 5645 solusunigenig

1901 5661 1981 5704 tus
2000 5650 2169 5704 Filius
2190 5650 2419 5719 est,quia
2449 5642 2589 5701 solus
2619 5643 2792 5699 Filius
2820 5655 2915 5709 est,
2946 5662 3046 5698 non
3087 5642 3384 5711 adoptione,
3416 5642 3506 5698 sed

1901 5732 2111 5800 natura;
2139 5738 2250 5802 non
2269 5718 2645 5802 nuncupatione
2666 5727 2886 5802 tantum,
2919 5718 3008 5800 sed
3034 5727 3079 5770 et
3108 5732 3307 5802 genere.

1984 5792 1998 5830 ί
2024 5785 2196 5853 Ηιιιιο
2227 5791 2340 5849 fere
2368 5785 2734 5860 ohjectiouem
2770 5791 3009 5844 hwretici
3044 5785 3323 5859 cujusdam
3355 5785 3507 5844 Ano-
