3950 6350
172 276 270 334 605

667 275 1105 340 MONUMENTA
1146 273 1422 336 VETERA
1463 275 1554 334 AD
1593 273 2003 334 ARIANORUM
2041 264 2438 338 DOCTRINAM
2483 274 2960 342 PERTINENTIA.

3343 279 3454 337 606

175 401 274 446 teut
309 399 361 456 α,
383 403 439 446 et
467 391 645 445 lumen
668 389 994 446 habitantem
1019 387 1394 446 inaccessibile
1422 392 1460 444 '.
1492 387 1610 443 Non
1637 389 1762 459 quia
1791 390 1844 456 Α
1868 390 1989 466 quia
2019 391 2149 446 vado
2173 393 2241 446 ad
2271 389 2485 448 Patrem
2504 435 2518 460 ,
2550 395 2794 460 quoniam
2827 393 2986 456 Pater
3011 412 3154 451 meus
3183 399 3353 470 major
3382 413 3461 452 tus

174 484 210 539 F
216 483 344 538 ilius
360 498 466 562 non
479 485 543 538 sit
562 484 701 538 Deus
716 499 814 538 nec
836 485 1111 544 Dominus,
1132 482 1225 537 sed
1241 483 1366 554 quia
1398 481 1560 542 Pater
1580 489 1636 535 et
1665 479 1756 535 Fio

175 580 244 634 lio
265 579 286 610 ²
319 576 1330 644 Βειιεθειδ,ει‹›ιιιιιίιιιιι;Ρίιὶιιειιιιιεηι
1365 574 1508 630 Deus
1535 584 1617 629 est
1641 575 1760 628 uni-

175 670 384 744 genitus
415 680 466 724 et
501 669 1440 744 Dominusomniumqua-peripsnm
1457 666 1593 722 facta
1608 675 1756 734 sunt,

171 775 220 820 et
237 765 442 832 bonus,
478 772 533 818 et
564 765 860 835 benignus,
893 762 1214 818 immortalis
1235 763 1397 816 etiam
1424 770 1477 814 et
1506 762 1760 814 immuta-

171 859 290 913 bilis
317 867 532 912 natura.
565 857 670 912 Sed
703 859 817 912 tunc
842 856 1022 912 omnia
1051 872 1079 911 a
1113 856 1272 913 Patre
1293 867 1619 911 consecutus
1648 861 1752 921 est,

169 960 221 1005 et
249 950 302 1004 in
327 951 580 1007 omnibus
600 950 857 1006 obedicns
885 951 1158 1006 invenitur
1182 951 1290 1004 Deo
1306 949 1559 1020 Patrique
1582 946 1602 978 ³
1634 962 1752 1002 suo.

167 1043 284 1098 Non
317 1044 497 1113 itaque
520 1042 769 1098 dicuntur
798 1043 955 1100 Pater
983 1053 1039 1100 et
1069 1041 1238 1098 Filius
1261 1057 1400 1096 unus
1425 1041 1566 1095 Deus
1587 1051 1630 1106 ο,
1663 1039 1758 1096 sed

169 1133 330 1189 Pater
359 1135 507 1190 solus
532 1134 728 1189 dicitur
751 1151 890 1190 unus
913 1134 1055 1188 Deus
1074 1175 1088 1200 ,
1118 1135 1206 1204 qui
1231 1144 1285 1188 et
1308 1133 1443 1188 Filio
1475 1133 1618 1188 Deus
1649 1141 1755 1200 est,

167 1226 308 1280 sicut
335 1225 538 1282 dictum
570 1235 685 1294 est,
733 1237 789 1283 et
829 1227 1082 1282 omnibus
1115 1245 1127 1282 :
1164 1225 1335 1280 Filius
1383 1237 1565 1282 autem
1612 1225 1760 1280 Patri

168 1334 276 1373 non
307 1328 393 1374 est
423 1320 564 1378 Deus
586 1363 600 1384 ,
643 1320 736 1376 sed
782 1321 930 1376 omni
955 1329 1220 1376 creatura:
1242 1320 1504 1376 Dominus
1533 1329 1586 1373 et
1617 1318 1758 1373 Deus

165 1423 248 1468 cst
293 1412 462 1468 Filius
495 1433 509 1470 :
543 1414 757 1470 Patrem
785 1425 966 1470 autem
1011 1414 1204 1470 adorat
1227 1456 1242 1477 ,
1273 1424 1328 1469 et
1359 1411 1547 1486 petet"
1580 1421 1636 1466 et
1665 1426 1758 1467 co-

165 1505 239 1560 let
273 1506 294 1536 ⁵
319 1546 334 1573 ,
368 1514 424 1561 et
452 1507 655 1575 gratias
685 1511 822 1578 agit,
855 1519 908 1560 et
953 1505 1164 1560 debitor
1208 1514 1291 1559 est
1313 1546 1328 1570 ,
1361 1505 1483 1576 quia
1530 1516 1755 1575 propter

166 1599 348 1670 ipsum
378 1606 433 1654 et
461 1600 641 1656 vivere
669 1617 727 1656 se
755 1600 1023 1664 declarat,
1057 1607 1113 1655 et
1132 1614 1348 1653 omnem
1370 1600 1642 1668 accepisse
1663 1613 1757 1669 po-

163 1701 418 1747 testatem
449 1693 518 1748 ab
540 1708 609 1748 eo
632 1694 892 1765 gloriatur
915 1695 965 1748 in
997 1693 1140 1748 coelo
1167 1702 1220 1747 et
1252 1693 1304 1747 in
1339 1701 1482 1748 terra
1505 1735 1520 1758 ,
1553 1706 1754 1746 secun-

1863 494 1938 542 est
1967 495 2012 540 ο.
2041 488 2173 542 Cum
2200 486 2299 546 hac
2330 487 2488 558 igitur
2515 488 2738 542 scientia
2771 487 2948 546 Patris
2978 497 3030 544 et
3074 488 3201 550 Filii
3247 499 3299 543 et
3329 488 3452 560 Spi-

1864 581 1998 636 ritus
2024 579 2197 634 sanrti
2224 579 2358 633 hanc
2377 620 2391 644 ,
2425 595 2543 640 (tute
2574 579 2626 634 in
2657 592 2927 652 praesente
2956 581 3162 650 psalmo
3189 581 3208 622 τ
3239 583 3454 654 promit-

1863 674 2033 738 titur,
2078 669 2467 726 habitationem
2517 675 2570 724 in
2624 671 2975 728 tabernaculo
3024 673 3234 729 Domini
3297 683 3349 732 et
3406 674 3458 734 in

1862 773 2048 819 monte
2070 774 2259 819 saneto
2290 763 2406 834 ejus
2433 764 2670 833 requiem
2703 773 2916 836 oportet
2946 780 3043 819 nos
3068 765 3248 822 studio
3276 766 3458 837 requi-

1863 872 1984 913 rere
2021 875 2034 911 :
2067 861 2324 928 quoniam
2373 872 2494 928 qua:
2537 858 2655 912 sine
2701 858 2910 912 mat-ala
2941 858 3118 914 anima
3159 869 3270 926 est,
3306 860 3456 918 illam

1860 950 2057 1022 qutc‘in
2091 950 2322 1006 excelsis
2348 950 2370 981 ⁸
2393 949 2544 1004 ducit
2570 957 2750 1022 potest
2773 949 3050 1010 ambulare
3067 952 3231 1014 viam,
3253 950 3322 1007 de
3351 967 3459 1022 quo

1861 1041 2117 1111 superius
2145 1041 2486 1108 tradidimus,
2511 1053 2564 1096 et
2591 1041 2813 1113 limpido
2855 1054 2908 1098 et
2936 1042 3183 1112 simplice
3209 1044 3373 1098 oculo
3403 1052 3458 1102 et

1865 1133 1999 1190 illud
2029 1144 2206 1206 potest
2237 1136 2340 1200 iter
2367 1133 2665 1200 celebrare,
2697 1145 2750 1192 et
2779 1149 2842 1196 ea
2865 1149 2986 1204 qua:
3011 1146 3306 1206 pra-parata
3335 1145 3462 1202 sunt

1862 1243 2081 1294 semper
2112 1228 2325 1282 intuere
2347 1229 2367 1261 °
2403 1229 2568 1295 bona,
2600 1226 2894 1282 secundum
2924 1228 3065 1306 quod
3094 1229 3293 1284 dictum
3328 1235 3410 1286 est
3443 1245 3458 1284 :

1868 1322 1970 1380 Ubi
2014 1333 2086 1377 est
2131 1323 2402 1378 thesaurus
2445 1331 2591 1394 tuus,
2623 1322 2692 1375 ibi
2717 1323 2811 1375 erit
2837 1333 2882 1376 et
2911 1339 2998 1375 cor
3025 1331 3190 1376 tuum.
3222 1322 3379 1378 Videt
3409 1321 3451 1355 '°

1861 1417 2023 1470 etiam
2052 1429 2268 1488 semper
2299 1413 2607 1484 largitorem
2639 1413 2900 1468 bonorum
2935 1413 3099 1468 Deum
3122 1455 3137 1480 ,
3194 1414 3333 1469 sicut
3363 1413 3448 1469 di-

1859 1519 2006 1566 ctum
2039 1519 2121 1578 est
2153 1526 2166 1562 :
2194 1508 2340 1564 Beati
2364 1509 2558 1562 mundo
2578 1507 3017 1580 ,corde,quoniam
3044 1510 3146 1578 ipsi
3174 1507 3344 1562 Deum
3371 1508 3446 1561 vi-

1861 1603 2070 1658 debunt.
2090 1601 2294 1657 Hocest
2323 1603 2500 1672 itaque
2521 1600 2664 1670 quod
2688 1601 2889 1655 dictum
2915 1608 3017 1664 est,
3044 1602 3128 1672 qui
3162 1601 3453 1674 ingreditur

1860 1697 1970 1750 sine
2002 1695 2205 1752 macula
2229 1705 2276 1750 et
2316 1705 2562 1768 operatur
2574 1696 2852 1768 justitiam.
2891 1695 3149 1750 Instruxit
3194 1695 3384 1768 quales
3407 1695 3450 1727 ¹³

163 1782 293 1838 dum
326 1784 690 1854 evangelicam
725 1785 1090 1849 traditionem,
1119 1784 1208 1838 ubi
1241 1781 1474 1838 refertur
1503 1781 1658 1837 Jesus
1687 1781 1751 1838 ad
1785 1791 1832 1852 Β
1861 1787 2026 1844 debet
2056 1803 2180 1844 esse
2207 1787 2298 1860 qui
2327 1787 2393 1842 ad
2441 1803 2628 1842 eorum
2654 1827 2670 1855 ,
2699 1803 2819 1856 qua:
2869 1788 2919 1842 in
2948 1787 3102 1843 emlis
3150 1795 3453 1857 prmparata

161 1876 557 1932 Samaritanam
602 1877 882 1932 mulierem
903 1876 1090 1932 dicens
1125 1896 1138 1930 :
1176 1875 1286 1930 Nos
1315 1877 1591 1930 adoramus
1621 1877 1758 1944 quod

159 1973 376 2036 scimus,
403 1987 488 2026 vos
510 1981 680 2028 autem
704 1971 933 2027 adoratis
951 1973 1088 2046 quod
1115 1972 1320 2027 nescitis
1343 1970 1391 2025 ἀ.
1426 1972 1491 2026 Ει
1511 1982 1754 2026 orantem

159 2060 439 2118 Christum
473 2063 684 2119 Patrem
718 2080 872 2120 suum
919 2063 1230 2135 frequenter
1258 2064 1499 2119 ostendit
1523 2081 1757 2136 evange-

161 2154 262 2211 lica
300 2155 556 2224 traditio;
584 2167 637 2212 et
665 2158 868 2228 gratias
893 2168 1140 2230 agentem
1174 2156 1314 2210 Patri
1343 2172 1462 2222 suo,
1491 2165 1548 2212 et
1575 2157 1758 2212 dicen—

161 2259 268 2304 tem
326 2248 919 2306 manifestat:Gratias
951 2251 1041 2305 tibi
1091 2267 1224 2323 ago,
1271 2249 1467 2318 Pater,
1517 2250 1756 2321 quoniam

159 2343 421 2402 exaudiui
449 2359 530 2398 me
558 2386 574 2412 ,
609 2355 656 2400 et
694 2335 790 2417 ego
837 2345 944 2398 scio
991 2344 1112 2414 quia
1156 2361 1358 2409 semper
1389 2359 1481 2398 me
1521 2344 1753 2398 exaudis.

160 2437 310 2512 Ergo
337 2454 556 2514 semper
581 2440 801 2507 adorat,
848 2440 972 2511 quia
999 2456 1215 2510 semper
1247 2441 1345 2496 sibi
1379 2441 1783 2498 exaudientem.

161 2533 386 2596 Patrem
414 2535 710 2604 proﬁtetur.
744 2535 978 2594 Adverte
1014 2537 1195 2606 itaque
1232 2536 1597 2606 evangelicum
1632 2551 1752 2591 sen-

160 2642 304 2694 sam,
332 2628 591 2697 quoniam
620 2629 823 2698 gratias
844 2639 967 2698 aget
990 2627 1010 2659 ⁸
1039 2626 1327 2684 tttattifeste
1352 2627 1511 2684 Jesus
1539 2639 1759 2697 propter

167 2735 258 2776 eos
284 2721 379 2790 qui
414 2720 731 2786 adstabant;
761 2721 901 2778 sicut
932 2721 1046 2792 ipse
1077 2719 1314 2776 declarat
1337 2721 1524 2776 dicens
1553 2719 1618 2774 ad
1660 2720 1760 2780 Pa-

162 2822 300 2870 trem
324 2829 482 2870 sutttn
503 2831 514 2866 :
534 2813 735 2868 Etenim
751 2831 841 2884 ego
859 2815 962 2872 scio
975 2815 1094 2884 quia
1107 2831 1304 2881 semper
1321 2830 1396 2868 me.
1417 2813 1652 2881 exaudis;
1670 2812 1758 2868 sed

161 2915 374 2978 promer
385 2923 470 2965 eos
483 2907 571 2972 qui
581 2905 782 2964 adstant
796 2905 994 2972 dico,ut
1007 2906 1227 2962 sentiant
1245 2909 1364 2976 quia
1385 2915 1436 2958 tu
1456 2922 1534 2960 me
1550 2905 1755 2960 misisti.

157 2999 402 3056 Attende
427 3000 603 3068 itaque
624 2999 821 3064 studio,
844 3008 900 3053 et
926 2997 1047 3054 vide
1071 2999 1090 3029 "
1109 2999 1380 3053 salubrem
1414 2997 1759 3053 traditionem

157 3091 303 3160 quod
322 3090 572 3152 Christus
589 3091 844 3162 cognosci
864 3091 975 3146 vult
988 3091 1128 3162 quod
1145 3098 1247 3156 est,
1269 3106 1374 3144 non
1392 3090 1603 3146 dicatur
1616 3091 1758 3159 quod

1859 1888 2019 1952 sunt,
2050 1879 2316 1934 bonorum
2346 1879 2747 1950 possessiOnetn
2785 1878 3008 1935 festinet
3041 1897 3054 1933 :
3081 1879 3279 1936 deinde
3299 1880 3448 1935 velut

1856 1973 2053 2046 grados.
2076 1971 2117 2003 ¹¹
2151 1971 2324 2026 tradet
2345 1969 2390 2002 ¹³
2421 1970 2669 2025 mandata
2693 2011 2710 2042 ,
2754 1971 3005 2042 quoniam
3047 1973 3134 2042 qui
3189 1973 3240 2026 in
3273 1972 3442 2026 altum

1856 2065 2191 2142 ascendunt,
2227 2080 2321 2136 per
2362 2064 2560 2136 grados
2587 2063 2883 2120 ascendere
2927 2064 3210 2133 videntur;
3242 2076 3296 2120 et
3336 2066 3450 2138 pri-

1859 2174 2008 2214 mum
2055 2141 2216 2232 super
2235 2141 2629 2232 proximiorem
2663 2159 2965 2212 ascendens
3005 2159 3252 2230 gradum,
3287 2158 3338 2212 in
3365 2172 3455 2226 se-

1861 2260 2115 2326 quentem
2166 2250 2389 2310 accedet
2427 2249 2671 2306 :deinde
2698 2251 2999 2322 tertiarium
3053 2260 3108 2304 et
3157 2260 3406 2321 quartum
3441 2290 3456 2318 ,

1857 2361 2137 2416 quousque
2157 2344 2222 2416 ad
2252 2343 2578 2406 destinatum
2606 2345 2904 2418 perveniat,
2936 2343 3075 2416 quod
3109 2343 3226 2399 sine
3258 2342 3445 2399 labore

1858 2439 2038 2496 facere
2075 2455 2180 2494 non
2214 2447 2410 2512 potest.
2442 2436 2628 2506 Itaque
2667 2438 2757 2510 qui
2790 2437 2842 2491 in
2875 2435 3108 2492 excelsis
3157 2434 3449 2490 habitatio-

1859 2548 1982 2589 nem
2011 2530 2422 2602 apprehendere
2448 2529 2783 2594 desiderant,
2815 2528 3028 2584 labores
3053 2529 3265 2599 pietatis
3289 2538 3451 2598 atque

1859 2625 2088 2682 sudores
2117 2639 2238 2678 eum
2287 2638 2448 2678 omne
2475 2621 2518 2653 "‘
2545 2625 2726 2678 studio
2769 2621 2972 2676 instare
2995 2621 3229 2687 debent,
3274 2630 3330 2674 ut
3382 2621 3449 2676 ad

1861 2717 2191 2774 destinatum
2233 2717 2516 2790 pervenire
2547 2716 2777 2788 possint.
2806 2715 2936 2772 Post
2976 2715 3318 2770 immaculata
3350 2715 3450 2786 igi-

1863 2821 1951 2868 tur
1976 2811 2200 2866 scientia
2232 2810 2446 2882 pietatis
2469 2807 2607 2863 facta
2641 2809 2820 2862 anima
2844 2807 2889 2838 ¹⁸
2918 2807 2970 2861 in
3015 2806 3270 2874 Oper-ibus
3292 2805 3448 2860 bonis

1859 2894 2128 2958 adornare
2148 2913 2308 2972 atque
2330 2901 2597 2958 instruere
2622 2915 2739 2955 eam
2777 2899 2976 2953 debent
3004 2899 3094 2970 qui
3125 2896 3378 2968 eum,qui
3403 2897 3447 2928 "

1864 2996 1916 3050 in
1943 2994 2179 3050 excelsis
2205 2992 2384 3060 ducit,
2422 2993 2697 3050 celebrare
2729 2991 2949 3060 cupiunt
2979 2991 3118 3055 iter;
3151 2989 3450 3045 secundum

1862 3091 2002 3159 quod
2030 3087 2229 3144 dictum
2257 3095 2338 3144 est
2366 3105 2377 3138 :
2407 3086 2498 3140 Sic
2521 3087 2684 3141 luceat
2707 3087 2880 3137 lumen
2911 3094 3136 3140 vestrum
3158 3083 3331 3138 coram
3362 3081 3456 3134 Ito—

158 3201 261 3240 non
289 3193 380 3240 est
406 3185 685 3251 :quienitn
704 3182 1121 3246 dieitChristum
1142 3183 1286 3254 quod
1310 3192 1534 3248 nonest,
1556 3199 1760 3254 prmra-
1787 3178 1834 3243 C
1864 3182 2085 3235 minibus
2113 3222 2127 3246 ,
2155 3190 2212 3236 ut
2261 3179 2466 3232 videant
2514 3189 2678 3232 vestra
2733 3176 2864 3230 bona
2895 3191 3051 3246 Opera
3083 3183 3128 3228 et
3167 3174 3456 3246 gloriﬁcent

156 3276 292 3330 rit-at
340 3276 583 3332 notitiam
611 3277 728 3346 ejus
755 3277 975 3345 quiest.
1019 3274 1137 3332 Noli
1172 3277 1349 3346 itaque
1374 3290 1559 3329 errare
1589 3289 1605 3330 :
1649 3290 1755 3332 non

154 3371 301 3426 enim
336 3369 410 3424 illi
434 3371 523 3439 qui
549 3386 710 3424 unum
739 3379 792 3425 et
813 3369 988 3440 ipsum
1017 3371 1366 3439 pronuntiant
1393 3367 1605 3424 Patrem
1627 3367 1755 3424 Jesu

155 3460 383 3514 Christo
414 3459 674 3530 majorem
698 3501 713 3528 ,
743 3473 1073 3532 cognoscunt
1105 3460 1318 3516 Patrem
1344 3461 1531 3531 ipsius,
1564 3476 1756 3518 secun-

155 3552 284 3608 dum
343 3553 558 3608 Domini
587 3563 640 3608 et
681 3555 975 3609 Salvatoris
1019 3555 1188 3608 nostri
1219 3553 1347 3608 Jesu
1392 3553 1589 3609 Christi
1630 3570 1757 3610 sen-

154 3648 385 3700 tentiam
409 3644 642 3700 dicentis
669 3663 684 3700 :
719 3646 782 3714 Si
809 3645 1092 3717 diligentis
1116 3661 1216 3714 me,
1245 3646 1536 3722 gauderetis
1559 3647 1752 3718 utique,

223 3763 240 3794 ι
268 3759 415 3816 Cod.
451 3759 870 3818 inaccessibilom.
1281 3804 1296 3812 .

219 3835 242 3904 2
276 3831 420 3904 god.
457 3829 666 3904 Ifitius;
697 3831 790 3887 sed
809 3830 948 3888 infra
966 3831 1276 3904 corrigitur.

225 3903 247 3975 ε
279 3901 426 3975 god.
459 3900 734 3975 Patreque.

221 3973 244 4078 ζ
277 3973 566 4100 [tangre
594 3973 754 4044 petit;
786 3981 848 4030 ut
873 3982 1020 4030 retro
1045 3975 1173 4030 tales
1203 3989 1301 4046 pro
1331 3975 1468 4032 talis.

225 4059 243 4086 θ
277 4059 362 4100 Ita
389 4059 510 4100 000.

222 4118 244 4150 °
269 4115 356 4190 [ta
380 4116 503 4190 cod.
527 4131 730 4190 nempe
755 4134 783 4178 e
806 4131 903 4190 pro
924 4117 964 4178 ἱ.

219 4190 240 4220 ⁷
272 4187 419 4243 Cod.
453 4187 611 4243 vides.

221 4261 245 4293 ⁸
275 4259 362 4315 Ita
388 4260 511 4314 cod.

219 4335 242 4366 ⁸
276 4332 360 4387 Ita
387 4330 510 4388 cod.

152 4440 256 4478 non
284 4422 546 4478 haberet!
575 4421 762 4494 Apices
795 4424 908 4480 sine
927 4424 1140 4486 crimine
1179 4433 1321 4485 sunt.
1363 4441 1544 4483 sensus
1572 4428 1628 4486 in
1653 4428 1755 4486 cri-

149 4497 309 4549 mine.
351 4494 585 4565 Summa
630 4510 758 4549 vero
789 4496 1160 4564 reSponsionis
1203 4498 1576 4553 Ambrosmnte
1624 4511 1707 4562 est
1735 4541 1750 4565 ,

149 4569 298 4638 quod
328 4563 582 4620 Christus
606 4565 676 4618 ita
702 4563 893 4638 scribaé
921 4568 1144 4632 dixerit,
1167 4583 1198 4622 a
1220 4583 1448 4638 quonon
1466 4570 1624 4630 Dens.
1644 4563 1751 4626 'sed

150 4635 322 4711 lltilllo
357 4638 699 4711 credebatur.
743 4637 878 4691 Tum
911 4641 1083 4711 pergit
1123 4635 1303 4693 dicere
1336 4657 1348 4692 :
1384 4640 1506 4694 Non
1538 4643 1694 4711 igitur
1722 4660 1753 4697 a

150 4707 386 4784 Domino
411 4708 618 4784 bonitas
636 4719 874 4784 negatur,
900 4710 987 4763 sed
1009 4710 1127 4764 talis
1155 4711 1446 4784 discipulus
1471 4707 1749 4784 refutatur.

150 4778 310 4852 15am,
346 4795 463 4832 cum
492 4779 664 4852 scriba
701 4778 952 4845 dixisset,
1001 4783 1246 4851 magister
1275 4778 1442 4850 bone;
1489 4778 1752 4852 respondit

147 4847 436 4915 Dominus,
465 4851 603 4916 Quid
623 4852 851 4923 medicis
882 4847 1106 4905 bonum?
1128 4855 1181 4905 id
1200 4863 1272 4907 est
1288 4847 1433 4923 quem
1457 4847 1622 4910 Deum
1651 4873 1752 4911 non

145 4923 346 4998 erectis,
378 4937 478 4973 non
496 4922 719 4976 estsatis
738 4923 1004 4998 ut_bonum
1024 4925 1186 4979 dicas.
1209 4922 1308 4998 _Sic'
1327 4929 1491 4979 etiam
1511 4924 1752 4998 erillns

145 4991 435 5066 Thesaur.
461 5003 659 5046 assert.
695 5009 724 5046 x
751 5010 764 5058 ;
799 4993 1056 5056 Paulinus
1088 4996 1255 5066 aquil.
1288 5007 1475 5056 contra
1507 4991 1619 5052 Fel.
1654 5012 1748 5065 ιιι,

147 5065 239 5126 10,
279 5065 370 5136 Η.
410 5063 800 5132 Argumentum
832 5067 1094 5120 Arianum
1130 5063 1391 5136 prolixius
1420 5071 1601 5123 adhuc
1633 5063 1744 5124 dis?

145 5135 317 5210 Solvit
346 5138 677 5210 Augustinus
705 5146 895 5190 contra
924 5135 1200 5191 Maxitnin.
1232 5154 1304 5205 ιι,
1338 5140 1441 5205 25,
1475 5142 1565 5210 qui
1601 5142 1750 5196 locus

145 5205 359 5280 utitit_er
388 5222 520 5280 sane
553 5207 797 5280 legetur,
974 5272 976 5280 λ

221 5281 250 5311 ⁸
286 5276 342 5353 in
375 5276 643 5353 breviario
677 5277 904 5353 lideisic
931 5297 944 5332 :
972 5276 1170 5334 Dicunt
1189 5280 1376 5353 Ariani
1395 5324 1410 5347 ,
1433 5281 1549 5340 ideo
1580 5285 1751 5353 major

143 5359 218 5400 est
277 5349 476 5424 Pater,
516 5350 640 5424 quia
687 5361 758 5424 est
800 5351 1146 5424 immortalis.
1177 5350 1547 5424 Interrogandi
1592 5349 1746 5419 sunt,

141 5429 323 5472 utrum
353 5419 549 5476 Filium
575 5421 628 5475 in
655 5422 937 5475 substantia
969 5421 1178 5482 deitutis
1203 5440 1311 5478 suae
1343 5419 1610 5480 mortalem
1643 5443 1750 5485 esse

141 5493 434 5560 fateantur.
465 5491 620 5556 Quod
645 5494 690 5548 si
723 5494 976 5554 dixerint,
1005 5510 1160 5564 quam
1191 5505 1369 5558 contra
1391 5499 1640 5552 rationem
1670 5491 1752 5550 di-

140 5571 270 5616 cant
290 5602 305 5624 ,
333 5567 497 5636 omnis
527 5564 680 5636 ltomo
710 5580 988 5636 agnoscere
1036 5575 1230 5636 potest,
1274 5567 1360 5636 qui
1390 5569 1543 5620 etiam
1567 5567 1751 5624 huma-

140 5648 268 5706 nam
287 5634 515 5706 animam
537 5635 880 5690 immortalem
901 5652 1010 5700 esse
1031 5653 1133 5694 non
1155 5634 1386 5706 ambigit.

212 5703 246 5740 δ
286 5701 394 5758 Hoc
423 5707 606 5774 utique
633 5708 830 5780 fatetur
854 5707 1088 5780 Hilarius
1113 5708 1182 5768 de.
1208 5701 1359 5780 Trio.
1390 5725 1444 5773 ν,
1474 5708 1541 5766 57
1571 5726 1583 5763 :
1613 5709 1748 5780 Deo,

140 5791 205 5840 τε
228 5791 341 5856 quo
364 5789 482 5834 sunt
506 5779 703 5850 omnia,
724 5775 868 5837 Deus
889 5779 1062 5835 nullus
1083 5788 1156 5838 est
1182 5797 1200 5840 .'
1225 5775 1368 5840 Filio
1397 5789 1566 5842 autem
1601 5775 1745 5842 Deus

1772 4326 1830 4388 D

1867 3273 2078 3329 Patrem
2108 3283 2348 3335 vestrum,
2371 3272 2460 3342 qui
2484 3272 2540 3324 in
2561 3270 2703 3326 ctelis
2729 3278 2824 3322 est.
2860 3268 3167 3324 Secondum
3204 3267 3341 3320 hanc
3371 3280 3456 3320 se-

1863 3367 2137 3437 quentiam
2171 3364 2506 3434 respondens
2537 3362 2811 3427 Dominus,
2838 3366 3075 3428 exponet
3098 3359 3141 3391 ¹⁷
3164 3357 3332 3427 et‘qui
3359 3358 3454 3412 de-

1863 3462 2068 3516 siderat
2099 3459 2152 3515 in
2178 3439 2406 3514 encelsis
2443 3457 2685 3512 habitare
2708 3497 2722 3521 ,
2748 3455 2925 3526 qualis
2952 3453 3149 3506 debeat
3175 3466 3296 3506 esse
3323 3492 3338 3517 ,
3371 3452 3453 3506 vel

1863 3553 1990 3624 quid
2017 3567 2249 3622 operare
2274 3551 2316 3583 ’⁸
2337 3591 2350 3616 ,
2375 3549 2559 3606 dicens
2597 3568 2608 3602 :
2639 3547 2737 3613 Qui
2780 3546 3066 3617 ingreditur
3091 3545 3200 3598 sine
3240 3545 3445 3598 macula

1863 3660 1910 3704 et
1943 3658 2185 3718 operatur
2207 3646 2471 3722 justitiam
2492 3688 2505 3712 ,
2535 3645 2746 3722 loquens
2785 3643 3046 3696 veritatem
3074 3639 3129 3694 in
3159 3637 3311 3694 corde
3334 3654 3446 3694 suo.

1893 3766 1934 3797 '°
1963 3764 2100 3820 Nunt
2135 3778 2230 3831 pro
2259 3762 2463 3820 videte?

1891 3838 1932 3870 “
1967 3837 2039 3891 Ita
2062 3836 2183 3890 cod.
2221 3851 2318 3898 pro
2344 3833 2531 3898 qualis.

1893 3851 1932 3870 "
1967 3851 2039 3891 tta
2062 3851 2183 3890 cou.
2257 3851 2318 3888 ro
2344 3851 2531 3898 quatis.

1893 3908 1936 3941 η
1970 3910 2039 3962 Ita
2069 3909 2191 3963 cod.
2221 3851 2310 3960 hic
2337 3918 2388 3961 et
2411 3903 2572 3960 infra.

1891 3979 1936 4014 “
1967 3979 2040 4034 Ita
2072 3979 2194 4034 cod.

1889 4050 1935 4082 “
1964 4051 2036 4105 lla
2069 4049 2194 4110 cod,

1894 4122 1938 4154 ¹⁸
1973 4122 2046 4176 Ita
2069 4136 2128 4176 se
2155 4120 2313 4177 habet
2339 4121 2490 4176 locus
2509 4118 2562 4176 in
2595 4119 2716 4174 end.

1898 4193 1941 4225 ⁸⁸
1969 4193 2044 4248 Ita
2072 4193 2193 4247 cod.
2225 4193 2327 4248 etsi
2352 4193 2594 4264 sequitur
2625 4191 2740 4245 iter.

1896 4266 1938 4298 "
1973 4267 2046 4318 Ita
2075 4265 2196 4319 cod.
2229 4281 2256 4319 e
2279 4278 2375 4335 pro
2395 4265 2434 4319 i.

1894 4337 1939 4374 “
1964 4336 2041 4394 ita
2074 4337 2214 4390 cod.-

1863 4428 2024 4484 Pater
2049 4439 2160 4496 est;
2191 4446 2258 4486 ex
2280 4447 2341 4488 eo
2381 4432 2518 4490 enim
2561 4428 2706 4484 Dens
2741 4437 2896 4484 natus
2922 4435 3015 4482 est.
3044 4425 3190 4484 idem
3222 4420 3460 4496 Hilarius

1863 4502 1954 4554 lib.
1983 4516 2032 4556 lx
2055 4543 2069 4566 ,
2093 4492 2306 4575 -ἒέρ-,ιιιι
2339 4518 2350 4553 :
2381 4500 2557 4575 Math
2583 4503 2750 4575 itaque
2793 4497 2948 4575 Pater
2977 4510 3082 4562 est,
3124 4498 3244 4549 dum
3295 4492 3454 4575 {inter

1855 4583 1930 4626 est
1962 4589 1980 4625 :
2012 4564 2101 4625 sed
2134 4564 2322 4636 Filius,
2355 4564 2487 4624 dum'
2507 4564 2678 4625 Filius
2707 4582 2800 4632 est,
2830 4571 2998 4624 minor
3019 4585 3123 4622 non
3166 4579 3259 4621 est.
3297 4564 3452 4619 Nati-

1855 4645 1984 4716 v_itas
2006 4641 2136 4697 Filii
2164 4643 2372 4697 Patrem
2414 4645 2677 4716 constituit
2709 4647 2956 4716 majorem
2989 4657 3010 4716 _:
3040 4641 3290 4694 minorem
3336 4652 3452 4690 vero

1853 4712 2054 4768 Filium
2078 4731 2206 4780 esse,
2237 4715 2518 4768 nativitatis
2553 4723 2735 4769 natura
2766 4712 2865 4774 non
2893 4713 3107 4784 patitur.

1931 4797 1952 4824 ε
1989 4776 2202 4856 Atqui,
2229 4801 2262 4838 ο
2307 4787 2537 4846 Ariane,
2588 4785 2868 4856 catholica,
2893 4776 3363 4856 '(llltltlSdEpCieSla
3399 4776 3451 4831 id

1852 4854 2110 4928 afﬁrmat,
2139 4870 2193 4910 ut
2223 4859 2300 4911 ait
2320 4856 2626 4911 Fmrandus
2653 4859 2812 4928 epist.
2841 4855 3024 4928 Casio.
3059 4854 3114 4908 Π.
3148 4854 3204 4909 2.

1927 4926 1952 4964 d
1984 4928 2174 4981 Τοιιιιιι
2226 4929 2362 4982 banc
2391 4926 2755 4998 objectionem
2799 4943 2864 4982 ex
2907 4927 3222 4980 adoratione
3243 4965 3256 4985 ,
3289 4935 3452 4998 (ιιιίιῐη

1852 4999 2106 5055 Christus
2131 4999 2279 5053 Patri
2313 4991 2596 5062 exhibuit,
2621 5010 2782 5070 atque
2811 5014 2879 5052 ex
2907 4998 3180 5070 colloquiti
3204 5010 3326 5070 eum
3355 4991 3453 5070 Sd-

1856 5073 2122 5126 tnaritana
2161 5072 2380 5135 i‘tetitam
2411 5072 2658 5124 dissolvit
2689 5065 3010 5125 Ambrosius
3039 5068 3104 5122 de
3137 5065 3268 5130 Fide
3299 5080 3332 5135 v
3354 5104 3368 5127 ,
3399 5065 3451 5116 4.

1857 5143 1946 5196 Ait
1976 5144 2118 5195 enini
2151 5134 2426 5196 Christum
2463 5142 2534 5196 ibi
2583 5154 2633 5195 ut
2672 5145 2944 5194 hominem
2987 5141 3164 5206 loqui;
3195 5134 3336 5190 haud
3370 5151 3456 5187 se-

1851 5228 1950 5274 cus
1975 5229 2162 5284 quam,
2190 5222 2246 5272 ιιι
2274 5212 2457 5272 homo.
2481 5214 2736 5282 fatigatus
2760 5211 2932 5266 fuerat
2963 5227 3028 5265 ex
3058 5212 3272 5267 itinere,
3307 5206 3452 5284 sitim

1854 5277 2227 5354 exstinguere,
2260 5277 2787 5354 poserbat,jt'tda‘utn
2807 5285 3116 5354 religiosum
3146 5295 3205 5336 se
3233 5277 3448 5354 agebat.

1927 5365 1951 5391 θ
2011 5349 2087 5412 σε
2145 5349 2611 5428 ιιοοῚθιιιὶεριιιῖυ
2665 5356 2814 5410 dicto
2879 5349 3154 5409 locuturus
3205 5366 3322 5405 sum
3379 5349 3446 5403 ad

1851 5426 2191 5502 fraginsvt.
3057 5493 3069 5502 _
3273 5491 3283 5502 _
3414 5491 3425 5502 .

1929 5491 1960 5538 Γ
1987 5498 2396 5554 Exislitnassem
2431 5499 2545 5553 lieri
2580 5497 2666 5551 hic
2708 5493 3164 5552 commentarium
3199 5491 3284 5546 vel
3316 5491 3455 5554 reci—

1850 5571 1955 5624 tari
1983 5570 2261 5624 hotoiliam
2296 5573 2344 5624 in
2381 5573 2653 5641 psalmos,
2691 5570 2793 5624 nisi
2825 5567 3077 5628 [oliorum
3105 5580 3274 5641 nexus
3297 5564 3455 5641 pla-ne

1851 5641 1986 5696 mihi
2013 5635 2502 5698 demonstravisset
2525 5683 2540 5704 ,
2569 5641 2708 5708 hanc
2731 5654 2945 5710 quoque
2975 5646 3180 5710 patteln
3210 5635 3275 5710 ad
3300 5635 3456 5710 A_ria-

1852 5729 1983 5774 num
2017 5723 2305 5775 tractatum
2329 5756 2343 5780 ,
2376 5726 2432 5771 ut
2473 5705 2704 5770 caeteras
2731 5705 3075 5780 {pertinet-ei
3117 5705 3183 5768 Et
3214 5706 3291 5776 sic
3317 5705 3452 5780 Ter-

1851 5785 2109 5845 tullianus
2131 5777 2365 5860 loquitur
2389 5784 2457 5843 de
2476 5783 2583 5840 alio
2609 5777 2819 5858 psalmo
2847 5782 2946 5840 lib.
2969 5781 3034 5840 ad
3047 5778 3240 5849 PraL,
3269 5791 3322 5840 c.
3352 5777 3453 5842 27.
