3950 6350
562 337 668 395 607

1085 335 1516 395 ΜΟΝΗΜΕΝΤΑ
1555 337 1837 396 VETERA
1877 343 1972 398 AD
2010 342 2422 404 ARIANORUM
2463 347 2859 405 DOCTRINAM
2898 349 3370 412 PERTINENTIA.
3679 365 3761 422 608

562 448 754 507 Adhuc
773 457 828 506 et
855 451 906 506 in
934 450 1036 506 hoc
1059 461 1350 523 sequenter
1369 452 1528 510 docet
1559 471 1653 525 per
1682 455 1927 513 ordinem
1957 467 2012 512 ιιι
2044 459 2149 538 pri-
2179 461 2234 522 Α
2260 462 2407 518 misit
2451 463 2690 529 Patrem.
2736 468 3032 523 secundum
3066 470 3122 524 ill
3150 513 3164 526 .
3195 512 3208 524 .
3242 473 3396 544 igitur
3420 489 3531 532 erra
3559 516 3571 532 .
3609 520 3622 536 .
3657 520 3668 535 .
3704 522 3716 536 .
3749 520 3762 540 .

564 561 711 602 mum
741 546 792 602 in
824 560 883 602 se
912 556 969 602 et
998 547 1051 602 in
1095 548 1262 604 corde
1303 563 1402 603 suo
1431 549 1718 606 conﬁrmet
1749 552 2032 609 veritatem
2055 594 2070 618 ,
2104 563 2158 607 et

561 639 982 716 quasiradicem
1031 641 1251 696 mittens
1296 643 1711 712 comprobaret,
1746 654 1802 699 ut
1845 649 2025 716 justus
2075 661 2163 700 sc-

561 733 799 790 cundum
818 733 1188 802 Apostolicam
1220 733 1520 791 doctrinam
1549 737 1860 792 inveniatur
1887 737 2156 793 dicentem

561 827 640 884 sic
669 846 682 880 :
709 825 876 882 Corde
898 827 1125 882 creditur
1159 828 1229 882 ad
1243 830 1509 900 justitiam
1532 873 1548 897 ,
1589 847 1677 886 ore
1701 842 1870 886 autem
1901 833 2159 903 confessio

561 921 622 992 ﬁt
646 921 715 974 ad
733 921 972 975 salutem.
1004 919 1070 976 Et
1098 921 1220 982 ideo
1247 923 1359 976 ait:
1391 920 1630 994 Loquens
1652 924 1915 978 ueritatem
1931 925 1983 979 in
2003 924 2159 979 corde

565 1031 680 1081 suo,
699 1015 788 1086 qui
816 1031 919 1068 non
949 1015 1052 1088 egit
1075 1015 1251 1070 dolum
1281 1016 1334 1069 in
1358 1016 1535 1085 lingua
1555 1033 1670 1073 sua.
1698 1016 1808 1073 Nec
1830 1019 1975 1073 enim
1997 1033 2160 1088 Opor-

563 1115 640 1163 tet
662 1123 808 1174 eum,
833 1107 923 1177 qui
955 1107 1197 1162 caelestia
1225 1107 1505 1163 desiderat
1534 1111 1669 1164 bona
1699 1151 1713 1175 ,
1758 1109 1944 1164 dolum
1975 1111 2157 1182 loqui;

563 1214 737 1270 neque
764 1212 1119 1270 quaecumque
1141 1199 1241 1254 sibi
1273 1199 1406 1256 libet
1437 1217 1661 1258 narrare
1688 1243 1703 1269 ,
1744 1203 1839 1258 sed
1864 1204 2156 1259 veritatem

562 1293 913 1368 scrutinatam
941 1302 1103 1364 atque
1126 1294 1404 1362 probatam
1434 1297 1486 1350 in
1517 1297 1683 1351 corde
1707 1312 1803 1368 per
1835 1297 1972 1353 labia
1997 1298 2159 1354 emit—

563 1367 679 1444 tere
709 1387 776 1443 ad
805 1389 1034 1443 salutem
1073 1397 1128 1444 et
1171 1388 1274 1444 sibi
1303 1400 1357 1444 et
1385 1390 1752 1448 audientibus.
1787 1391 1901 1448 Hoc
1928 1392 2075 1448 enim
2103 1400 2159 1447 et

563 1482 843 1553 apostolus
873 1482 1076 1538 docens
1101 1483 1175 1538 ait
1209 1500 1220 1534 :
1254 1481 1481 1538 Nullum
1508 1484 1719 1538 verbum
1747 1486 1941 1538 malum
1979 1486 2044 1538 de
2070 1499 2158 1540 ore

561 1585 726 1632 uestro
757 1579 1024 1648 procedat,
1040 1578 1130 1632 sed
1151 1579 1193 1631 si
1220 1577 1346 1645 quid
1373 1580 1561 1633 bonum
1587 1579 1653 1633 sit
1674 1579 1743 1632 ad
1764 1580 2158 1647 ludificationem

563 1671 687 1740 ﬁdei
708 1713 723 1736 ,
752 1681 806 1726 ut
832 1672 915 1725 del
937 1674 1160 1744 gratiam
1196 1672 1546 1726 audientibus.
1579 1673 1836 1729 Provenit
1876 1675 2019 1728 enim
2043 1718 2059 1743 ,
2090 1690 2154 1730 ex

563 1763 759 1835 quibus
789 1763 1128 1834 negligenter
1161 1765 1280 1819 sine
1330 1764 1694 1820 sollicitudine
1724 1768 1811 1834 qui
1846 1768 1860 1798 ¹
1894 1767 2152 1838 loquitur,

2263 558 2305 612 si
2336 559 2454 628 quis
2478 559 2610 614 vidit
2637 559 2830 616 Filium
2865 562 2915 616 in
2948 577 3173 634 corpore
3201 564 3438 636 humano,
3482 571 3619 626 talem
3652 575 3762 630 testi-

2261 659 2372 707 mat
2415 663 2470 706 et
2519 662 2726 722 patrem
2755 657 3123 726 corporalem;
3165 661 3298 728 quod
3326 670 3402 714 est
3427 660 3664 718 horribilis
3688 667 3764 722 im.

2260 745 2453 817 pietas.
2486 747 2617 802 Nam
2665 751 2960 804 secundum
3021 767 3205 806 verum
3237 768 3439 809 sensum
3467 757 3507 811 si
3549 759 3767 819 voluerint

2261 838 2541 907 suscipere
2575 840 2698 907 hoc,
2735 842 2826 912 qui
2879 841 3013 896 vidit
3043 841 3232 898 Filium
3275 850 3480 902 missum
3508 863 3532 900 a
3563 849 3692 906 Patre
3726 862 3768 908 et

2261 941 2573 998 operantem
2628 931 2804 987 Patris
2856 935 3128 1001 mandata,
3163 936 3247 992 hic
3289 937 3410 993 vidit
3465 939 3666 1007 Patrem,
3693 946 3769 1001 hoc

2260 1029 2344 1076 est
2373 1025 2645 1092 cognovit.
2695 1065 2708 1078 .
2755 1064 2768 1078 .
2799 1037 2924 1080 sunt
2958 1027 3135 1082 lumen
3175 1069 3189 1083 .
3233 1070 3246 1083 .
3290 1071 3302 1084 .
3346 1045 3483 1086 .non
3511 1071 3524 1087 .
3564 1073 3576 1086 .
3617 1073 3628 1086 .
3665 1075 3676 1088 .
3712 1073 3723 1087 .
3753 1077 3766 1092 .

2259 1113 2393 1168 Nam
2421 1116 2464 1169 si
2497 1115 2619 1186 quis
2651 1117 2842 1172 Filium
2874 1119 2989 1184 Dei,
3025 1120 3126 1176 hoc
3152 1130 3236 1176 est
3270 1122 3462 1189 Jesum,
3485 1124 3531 1178 in
3557 1141 3636 1178 sua
3674 1142 3769 1197 pro-

2261 1209 2373 1279 pria
2406 1209 2674 1280 singulare
2699 1223 2888 1266 statura
2930 1224 2983 1267 et
3013 1214 3274 1285 dignitate
3294 1231 3444 1286 quam
3462 1233 3490 1270 a
3513 1217 3533 1247 “
3554 1217 3684 1272 Patre
3701 1235 3769 1288 ge-

2263 1303 2407 1357 nitus
2433 1304 2663 1373 accepit,
2698 1321 2760 1361 ac
2793 1322 2846 1360 η.
2896 1347 2909 1360 .
2955 1347 2968 1360 .
3015 1347 3029 1361 .
3073 1347 3088 1362 .
3122 1307 3324 1363 Ιιιόωίε
3365 1350 3377 1362 .
3420 1325 3435 1365 ;
3476 1351 3492 1368 .
3532 1311 3771 1366 .adseren-

2387 1433 2401 1448 .
2450 1435 2464 1449 .
2498 1397 2809 1452 nominibus
2838 1401 3172 1454 nominatum
3201 1400 3406 1456 Patrem
3432 1410 3479 1456 et
3508 1401 3688 1470 Filium,
3722 1419 3770 1458 ex

2263 1487 2346 1541 his
2377 1504 2499 1558 qua:
2528 1490 2777 1560 superius
2805 1491 2946 1545 dicta
2979 1502 3121 1557 sunt,
3157 1492 3244 1547 hic
3267 1509 3390 1548 vero
3433 1493 3480 1547 in
3509 1494 3678 1550 lumine
3703 1495 3771 1550 Dei

2446 1621 2459 1633 .
2503 1582 2701 1650 saepius
2726 1581 2886 1636 dictis
2909 1582 3109 1637 Judzeis
3131 1584 3456 1638 secundum.
3499 1623 3513 1638 .
3551 1622 3563 1637 .
3603 1627 3614 1639 .
3649 1601 3773 1654 .pro-

2264 1671 2480 1740 plietam
2507 1713 2519 1726 .
2569 1714 2581 1725 .
2629 1714 2640 1726 .
2679 1713 2692 1726 .
2723 1673 2857 1728 Ecce
2883 1691 3070 1745 ponam
3094 1677 3146 1729 in
3175 1676 3308 1732 Sion
3337 1677 3545 1749 lapidem
3565 1677 3774 1744 eﬂ'usionis

2262 1773 2309 1818 et
2340 1776 2538 1830 petram
2570 1768 2591 1798 ⁹
2621 1767 2880 1833 scandali,
2909 1779 2955 1820 et
2985 1769 3072 1837 qui
3095 1769 3254 1822 credit
3277 1770 3328 1822 in
3353 1786 3462 1824 eum
3492 1786 3580 1823 non
3607 1769 3774 1838 confun-

565 1870 764 1910 nocere
790 1857 1026 1911 animam
1055 1858 1283 1928 proximi
1311 1875 1323 1910 :
1347 1866 1403 1912 et
1429 1858 1549 1912 ideo
1577 1874 1797 1914 servare
1825 1869 1987 1929 atque
2011 1870 2160 1915 men-
2189 1851 2234 1913 B
2264 1856 2431 1910 detur.
2467 1858 2529 1910 Et
2559 1859 2750 1912 iterum
2781 1875 2793 1911 :
2832 1859 2931 1925 Qui
2951 1860 3096 1929 cadit
3122 1877 3277 1931 super
3299 1861 3511 1930 lapidem
3535 1861 3666 1922 hunc.
3687 1877 3777 1914 con-

563 1962 755 2004 surare
783 1948 946 2004 debet
976 1965 1256 2006 sermones
1283 1964 1411 2004 suos
1447 1950 1537 2021 qui
1568 1949 1681 2005 vult
1725 1951 1776 2006 in
1821 1953 1976 2007 caelis
2005 1951 2158 2007 babi-

565 2051 710 2107 tare;
744 2041 884 2098 sicut
920 2043 1124 2100 dictum
1177 2055 1259 2099 est
1318 2046 1372 2100 in
1422 2046 1724 2100 centesimo
1773 2054 1826 2101 et
1871 2046 2159 2104 undecimo

564 2135 772 2206 psalmo
801 2135 1112 2191 :Jucundus
1133 2137 1286 2192 homo
1305 2141 1394 2208 qui
1434 2139 1706 2193 miseretur
1754 2148 1801 2193 et
1844 2141 2156 2207 commodat,

564 2230 801 2302 disponet
827 2246 1088 2287 sermones
1116 2249 1236 2287 suos
1261 2233 1314 2286 in
1335 2233 1560 2304 judicio.
1612 2232 1678 2288 Et
1710 2233 1970 2288 Dominus
1999 2233 2158 2290 Jesus

563 2322 766 2378 docens
797 2323 848 2377 in
879 2323 1228 2395 Evangelium
1255 2326 1276 2355 '
1300 2325 1374 2380 ait
1407 2343 1420 2380 :
1445 2323 1530 2380 Ea:
1551 2326 1702 2380 verbo
1725 2336 1810 2381 tuo
1833 2327 2158 2396 manifestum

561 2416 684 2487 quia
697 2416 844 2486 justo
870 2415 892 2447 ³
912 2419 1021 2472 sine
1049 2417 1172 2472 dolo
1191 2428 1237 2472 et
1259 2417 1915 2491 hypocrisijusti/icaveris
1942 2419 1994 2487 ⁸;
2024 2431 2074 2474 et
2094 2436 2158 2474 ea:

561 2507 712 2564 verba
740 2519 827 2563 tuo
858 2512 1192 2581 manifestum
1211 2553 1227 2578 ,
1270 2513 1407 2574 quod
1433 2512 1614 2567 doloso
1645 2522 1693 2567 et
1731 2529 1888 2585 pravo
1935 2514 2154 2567 damna-

562 2605 712 2654 reris.
746 2600 856 2656 Hac
879 2601 901 2632 ³
927 2600 995 2656 de
1016 2617 1178 2658 causa
1199 2616 1428 2659 servare
1451 2613 1506 2658 et
1526 2619 1842 2662 mensurare
1872 2621 2156 2662 sermones

564 2703 781 2748 nostros
812 2693 1074 2749 docemur
1097 2737 1112 2761 ,
1145 2706 1202 2749 ιιι
1233 2711 1332 2750 nos
1375 2696 1669 2752 doceamus
1712 2699 2041 2768 proximum.
2095 2698 2153 2754 In

564 2787 974 2842 tabernaculum
1003 2789 1217 2844 Domini
1239 2791 1520 2860 cupientes
1542 2792 1744 2863 ingredi
1769 2809 1874 2847 non
1899 2795 2154 2849 iaciemus

566 2891 666 2932 nec
698 2878 748 2931 in
783 2879 946 2934 verbo
977 2895 1078 2936 nec
1110 2882 1162 2936 in
1194 2881 1320 2936 ﬁcto
1345 2887 1590 2953 proximo
1613 2885 1833 2950 malum,
1859 2886 2152 2941 secundum

564 2969 706 3042 quod
739 2967 943 3027 dictum
991 2983 1108 3038 est,
1143 2986 1188 3030 et
1217 2993 1318 3030 non
1350 2978 1472 3048 fecit
1523 2979 1758 3040 proximo
1803 2996 1895 3034 suo
1935 2983 2149 3034 malum.

563 3061 792 3134 Oportet
817 3076 996 3122 autem
1033 3067 1184 3123 illum
1213 3109 1227 3130 .
1263 3070 1353 3141 qui
1399 3070 1548 3124 illam
1597 3071 1808 3126 beatam
1835 3072 1995 3128 vitam
2024 3089 2156 3128 eon-

563 3159 716 3229 Sequi
749 3158 1054 3228 desiderat,
1083 3175 1177 3216 eos
1207 3178 1342 3232 quos
1371 3163 1575 3218 circum
1598 3179 1657 3218 se
1680 3164 1842 3219 habet
1862 3164 2153 3221 instructos

2264 1951 2560 2023 frangitur;
2591 1967 2744 2022 super
2786 1968 2934 2022 quem
2976 1963 3150 2007 autem
3187 1954 3443 2018 ceciderit,
3489 1951 3777 2023 conquassabit

2262 2061 2397 2098 eum.
2430 2046 2498 2100 Et
2547 2045 2742 2101 iterum
2781 2063 2794 2098 :
2829 2045 2961 2100 Ecce
3011 2048 3092 2100 hic
3122 2049 3322 2120 positus
3346 2058 3416 2103 est
3461 2054 3524 2101 ad
3554 2049 3719 2101 ruinam
3744 2055 3778 2100 et

2259 2140 2683 2192 resurrectionem
2706 2140 3003 2195 multorum.
3029 2139 3369 2195 Manifestum
3400 2151 3478 2196 est
3514 2141 3666 2210 igitur,
3687 2139 3777 2206 quia

2260 2228 2327 2283 ad
2357 2229 2808 2287 resurrectionem
2831 2230 3165 2285 credentium
3191 2233 3280 2301 qui
3307 2247 3409 2286 non
3430 2231 3776 2288 contundentur:

2259 2320 2325 2374 ad
2359 2322 2566 2375 ruinam
2599 2332 2775 2376 autem
2803 2338 2990 2377 eorum
3038 2324 3129 2394 qui
3163 2338 3271 2378 non
3293 2324 3524 2389 credent,
3558 2326 3634 2394 qui
3659 2337 3777 2376 scan-

2259 2411 2566 2467 dalizantur
2589 2429 2655 2468 ex
2702 2413 2870 2483 ipsius
2897 2415 3139 2470 doctrina
3167 2431 3291 2470 cum
3316 2415 3527 2483 Iudaeis,
3560 2429 3648 2468 non
3671 2421 3782 2468 recte

2260 2512 2575 2567 tractantes,
2596 2506 2695 2573 ipsi
2710 2505 3246 2561 comminutabuntur
3266 2507 3335 2560 ¹⁰.
3366 2508 3623 2561 Dmninum
3640 2503 3780 2558 Jesum

2258 2597 2420 2668 igitur
2447 2595 2721 2652 Christum
2741 2597 2929 2653 Filium
2962 2599 3052 2654 Dei
3070 2600 3159 2670 qui
3182 2599 3449 2666 viderunt,
3473 2599 3713 2669 dupliciter
3725 2596 3783 2650 vi-

2257 2690 2472 2755 derunt;
2487 2690 2792 2746 carnalibus
2808 2691 2847 2722 ¹¹
2865 2691 3034 2747 oculis
3047 2706 3254 2760 corpus
3267 2691 3507 2746 viderunt
3528 2689 3779 2750 humanum,

2255 2784 2415 2838 oculo
2436 2796 2616 2839 autem
2641 2785 2802 2838 animi
2826 2801 2922 2856 per
2951 2800 3112 2854 Opera
3147 2785 3318 2839 Deum
3345 2790 3693 2854 cognoverunt,
3712 2778 3782 2833 Dei

2258 2875 2472 2942 Filium.
2493 2877 2626 2931 Cutu
2643 2877 2799 2948 igitur
2820 2878 2948 2930 dicit
2971 2877 3098 2945 :Qui
3127 2893 3215 2934 me
3235 2876 3388 2940 vidit,
3413 2871 3781 2940 viditeteumqui

2258 2985 2343 3023 me
2372 2970 2516 3023 misit
2546 2969 2782 3035 Patrem,
2814 2969 2958 3037 quod
2989 2981 3069 3024 est
3095 2969 3234 3035 tale;
3257 2969 3397 3041 quod
3418 2970 3501 3040 qui
3529 2966 3782 3035 viditopera

2257 3061 2378 3116 Filii
2417 3073 2470 3117 et
2506 3077 2600 3132 per
2637 3079 2799 3133 opera
2831 3063 3103 3117 dealitatis
3141 3065 3394 3134 cognovit
3423 3063 3672 3122 virtutem.
3699 3056 3784 3126 ipse

2255 3156 2410 3222 vidit,
2437 3155 2538 3210 hoc
2559 3165 2643 3211 est
2671 3156 2924 3228 cognovit
2953 3158 3040 3228 qui
3070 3173 3153 3210 me
3180 3159 3326 3212 misit
3351 3167 3404 3213 et
3431 3148 3785 3211 mandavitmilni
3868 3152 3872 3156 ’

565 3249 616 3305 in
660 3250 940 3323 disciplina
970 3253 1248 3310 Dominica
1290 3254 1522 3322 habere,
1559 3273 1626 3312 ne
1668 3258 1737 3312 ab
1766 3259 1947 3330 aliquo
1991 3276 2155 3330 super
2179 3244 2226 3307 C
2261 3251 2376 3304 hinc
2401 3264 2564 3318 Opera
2610 3252 2802 3317 magiS,
2843 3261 2932 3304 aut
2960 3252 3048 3320 qui
3077 3262 3337 3322 operatur
3366 3253 3406 3282 ι’
3439 3266 3527 3320 per
3551 3264 3624 3303 me
3647 3255 3684 3297 “-
3708 3242 3784 3310 ρυί

561 3361 658 3402 eos
694 3347 1080 3417 improperimn
1110 3350 1362 3419 accipiat.
1392 3349 1804 3405 Consueverunt
1827 3352 1848 3382 “
1880 3354 2022 3408 enim
2057 3353 2156 3407 lio-

563 3441 759 3505 mines,
799 3443 1015 3512 quando
1045 3442 1256 3512 aliquos
1285 3443 1470 3498 vident
1518 3444 1819 3499 ineruditos
1853 3453 1909 3500 et
1935 3445 2154 3501 indisci-

564 3533 805 3605 plinosos
833 3549 956 3592 esse
979 3578 991 3598 ,
1040 3535 1410 3605 improperare
1435 3538 1516 3593 eis
1543 3538 1801 3607 quiocirca
1834 3554 1892 3593 se
1936 3541 2020 3594 vel
2050 3540 2152 3595 sub

561 3641 622 3682 se
646 3642 740 3682 ens
769 3626 988 3682 habent.
1023 3629 1118 3682 Est
1144 3630 1287 3683 enim
1320 3630 1614 3685 secundum
1639 3631 1924 3687 veritatem
1951 3632 2152 3698 impro-

563 3720 770 3789 perium
802 3720 879 3775 eis
907 3762 920 3784 ,
948 3721 1038 3790 qui
1071 3722 1340 3775 instruere
1370 3722 1601 3788 debent,
1630 3725 1676 3779 si
1721 3723 1906 3778 lascivi
1952 3725 2037 3778 vel
2069 3723 2151 3778 in-

561 3811 920 3880 diseiplinosi,
947 3813 1034 3881 qui
1059 3812 1162 3866 sub
1190 3829 1348 3866 manu
1373 3828 1562 3869 eorum
1591 3822 1739 3876 sunt,
1770 3815 2149 3881 inveniuntur;

562 3919 628 3959 eo
653 3904 794 3974 quod
823 3905 1001 3959 minus
1029 3905 1473 3976 eonstringantur
1497 3907 1562 3962 ad
1589 3907 1962 3978 disciplinam,
1997 3910 2150 3963 sicuti

561 3997 762 4050 dictum
811 4007 914 4063 est,
949 3997 1322 4067 improperium
1341 3996 1492 4053 Patri
1521 3999 1694 4053 Filius
1740 4016 1843 4054 non
1898 4000 2148 4055 eruditus.

564 4090 732 4146 Docet
764 4090 944 4159 itaque
981 4089 1082 4144 hoc
1112 4090 1335 4144 verbum
1363 4091 1839 4158 cupientes........

1063 4182 1546 4240 FRAGMENTUM
1585 4183 1654 4238 V.

630 4279 750 4351 lege
779 4320 795 4336 .
843 4317 858 4334 .
901 4319 916 4334 .
962 4295 1114 4335 .rum
1141 4278 1366 4334 deitatis
1403 4293 1510 4333 non
1541 4279 1791 4335 viderunt
1820 4279 1917 4335 sed
1954 4321 1968 4336 .
2017 4321 2030 4334 .
2079 4320 2094 4334 .
2141 4321 2154 4335 .

558 4373 870 4428 carnalibus
896 4373 917 4405 "
943 4371 1117 4428 oculis
1145 4371 1394 4427 viderunt
1426 4382 1481 4428 et
1513 4373 1564 4428 in
1585 4411 1600 4426 .
1623 4411 1638 4427 .
1663 4412 1676 4427 .
1703 4381 1758 4427 et
1784 4372 1898 4443 ipse
1919 4413 1932 4428 .
1954 4412 1970 4429 .
1995 4413 2009 4428 .
2043 4374 2150 4430 ima

2223 3417 2226 3420 ξ
2259 3358 2388 3413 ergo
2418 3344 2667 3398 viderunt
2707 3341 2884 3415 [ﬁunt]
2917 3344 3192 3408 videntes,
3230 3350 3582 3415 cognm'erunt
3613 3346 3658 3395 et
3677 3335 3786 3390 vide-

2259 3449 2379 3491 runt
2401 3437 2701 3490 inluminati
2727 3453 2754 3489 a
2782 3437 2918 3492 Filio
2947 3447 3001 3492 et
3031 3437 3279 3492 inStructi
3309 3453 3452 3499 eum,
3471 3437 3553 3504 qui
3576 3433 3696 3486 illum
3715 3427 3787 3482 m3-

2256 3528 2607 3595 sit,Patrem;
2650 3529 2944 3584 secundum
2997 3529 3166 3598 ipsius
3207 3527 3332 3584 Filii
3372 3528 3691 3583 assertionem
3728 3519 3786 3573 di-

2258 3625 2454 3679 centis.
2501 3663 2515 3676 .
2564 3664 2576 3677 .
2623 3663 2635 3676 .
2683 3663 2698 3678 .

2761 3712 3248 3770 FRAGMENTUM
3278 3712 3369 3769 Vl.

2493 3806 2578 3861 vel
2612 3814 2792 3860 votum
2826 3806 3055 3861 faciendi
3097 3805 3409 3871 habuerint,
3441 3803 3703 3874 promoveri
3720 3797 3785 3848 "a

2259 3903 2367 3957 Deo
2395 3919 2498 3956 non
2529 3911 2770 3971 possunt.
2806 3900 2911 3957 Sed
2941 3901 3071 3956 alias
3102 3899 3144 3932 ⁸⁵
3169 3899 3285 3956 fere
3306 3899 3660 3970 quinquaginta
3681 3907 3788 3963 qua:-

2257 4000 2464 4054 stiones
2481 3997 2800 4052 vanissimas
2811 4005 2866 4050 et
2889 3995 3266 4050 inutilissimus
3296 3995 3406 4049 sibi.
3421 3992 3714 4047 adauserunt
3735 3985 3784 4045 ¹⁵;

2264 4108 2386 4163 quae
2409 4109 2513 4146 non
2538 4107 2632 4147 eos
2654 4092 2720 4145 ad
2741 4106 2965 4160 regnum
2993 4091 3082 4144 Dei
3110 4099 3162 4145 et
3183 4089 3384 4144 Christi
3401 4089 3512 4158 ejus
3533 4083 3788 4156 perducunt,

2261 4187 2357 4241 sed
2383 4187 2432 4240 in
2457 4187 2557 4240 ima
2589 4186 2849 4254 gehennae
2878 4183 3215 4253 demergunt.
3247 4182 3358 4240 Sed
3383 4196 3476 4235 nos
3498 4178 3622 4234 unde
3638 4170 3790 4244 egressi

2259 4294 2467 4345 sumus,
2491 4278 2618 4332 illuc
2642 4276 2945 4333 redeamus.
2971 4276 3143 4332 Causa
3168 4273 3619 4331 nobis"maxime
3640 4277 3706 4323 est
3721 4261 3792 4316 sd-

2255 4388 2450 4432 versus
2480 4387 2575 4428 eos
2611 4371 2702 4441 qui
2733 4386 2793 4427 se
2841 4369 3027 4426 dicunt
3071 4369 3411 4426 orthodoxos
3434 4408 3450 4432 ,
3488 4365 3572 4437 qui
3593 4357 3794 4418 ecclesias

562 4463 663 4520 hoc
686 4467 850 4521 verbo
870 4466 1566 4538 asserentczQuividitme,
1587 4467 1719 4525 vidit
1740 4477 1796 4525 et
1813 4484 1936 4526 eum
1961 4469 2051 4541 qui
2073 4485 2160 4528 me
2188 4461 2244 4524 D
2269 4477 2483 4525 nostras
2530 4465 2874 4530 invaserunt,
2920 4470 2976 4519 et
3012 4477 3168 4519 more
3215 4459 3499 4534 tyrannico
3535 4444 3792 4512 obtinent”.

636 4581 651 4612 ¹
683 4579 861 4635 Malim
891 4584 1028 4651 quis.

633 4651 654 4682 ³
685 4651 758 4704 Ita
780 4652 903 4706 cod.

633 4720 655 4752 ³
685 4721 759 4777 Ita
783 4723 906 4778 cod.

632 4791 655 4866 ξ
696 4793 918 4866 itacod.
943 4810 973 4849 υ
1002 4809 1098 4866 pro
1126 4793 1155 4848 b
1177 4795 1264 4850 hic
1290 4805 1343 4852 et
1367 4795 1530 4851 inira.

634 4864 656 4896 ³
681 4864 813 4920 Cod.
850 4883 932 4920 ac.

633 4936 657 4968 ⁸
681 4936 816 4996 Cod.
846 4953 1199 4993 consererans.

633 5008 654 5033 "
681 5008 817 5064 Cod.
849 5009 1097 5064 carnalis.

633 5079 656 5112 ⁸
685 5079 861 5149 Priap.
890 5097 921 5134 a
944 5097 972 5133 a
1002 5095 1089 5135 me
1114 5077 1355 5135 additur.

633 5154 654 5187 ⁹
679 5150 815 5207 Cod.
847 5150 1082 5207 Patrum.

637 5279 663 5309 α
691 5269 781 5327 Sic
807 5268 1041 5336 esplicat
1062 5267 1373 5329 hmreticus.
1414 5268 1486 5323 ob
1511 5266 1907 5324 excludendum
1935 5283 2158 5324 sensum

564 5342 886 5414 catholicum
914 5342 1200 5414 verborum
1227 5337 1338 5414 Ego
1363 5349 1410 5394 et
1441 5339 1598 5394 Pater
1617 5355 1776 5393 unum
1805 5356 2019 5414 sumus;
2042 5356 2164 5414 qua:

565 5414 780 5485 quidem
819 5412 885 5467 ad
920 5410 1332 5485 indifferentiam
1358 5419 1586 5485 naturas,
1629 5425 1737 5466 non
1763 5411 2160 5485 advolantatis

565 5481 824 5540 unitatem
875 5499 997 5538 esse
1044 5481 1351 5544 referenda,
1383 5482 1720 5538 demonstrat
1768 5482 1944 5537 valide
1974 5491 2162 5537 contra

566 5556 798 5612 Arianos
825 5555 1115 5610 Faustinus
1163 5555 1229 5608 de
1260 5552 1392 5609 Fide
1439 5569 1559 5621 cap.
1592 5555 1645 5620 Ι,
1677 5552 1734 5608 l'f.
1768 5553 1834 5607 l2
1871 5569 2017 5623 sqq.,
2068 5553 2158 5609 ubi

569 5627 828 5683 notabilia
857 5639 978 5682 sunt
1013 5626 1176 5680 verba
1211 5624 1325 5678 haec
1355 5642 1369 5676 :
1408 5623 1566 5684 Nolo.
1607 5625 1759 5689 impie
1798 5625 2052 5688 htrretice,
2103 5633 2161 5678 ut

570 5697 971 5765 indi/ferendam
999 5697 1295 5751 substantia
1320 5695 1497 5752 Patris
1527 5706 1574 5750 et
1599 5695 1724 5750 Filii
1745 5695 1968 5762 adimas,
2000 5705 2045 5750 et
2061 5697 2159 5749 im-

572 5778 789 5839 portune
815 5770 1060 5824 unitatem
1082 5769 1356 5824 voluntatis
1396 5769 1695 5839 interseras.
1716 5766 1848 5822 Item
1878 5766 2166 5839 Tertullia-

572 5837 672 5896 nus
719 5848 908 5896 contra
965 5839 1226 5895 Praxeam
1269 5853 1388 5912 cap.
1428 5838 1546 5896 25:
1579 5837 1783 5895 Dictum
1822 5847 1918 5908 est,
1964 5837 2075 5910 Ego
2119 5846 2167 5893 et

2338 4581 2382 4614 ⁸ο
2411 4581 2488 4636 lla
2517 4579 2640 4634 cod.

2335 4654 2374 4685 “
2408 4652 2544 4708 Cod.
2575 4649 2836 4706 Carnalis.

2335 4725 2379 4807 ff
2407 4723 2541 4807 9m!-
2568 4734 2896 4807 ορςνςιηιεῖηι
3263 4792 3276 4805 .

2333 4795 2378 4898 ἒξ
2551 4791 2784 4920 (rigetur
2810 4793 3014 4850 habere
3041 4792 3399 4866 promovi,vel
3425 4806 3516 4864 pro
3535 4803 3606 4844 me
3623 4791 3687 4840 ut.

2335 4937 2380 4968 ¹⁸
2406 4906 2811 4992 ξδὲί”ἰ”ιιιδηιι
2857 4935 3192 5010 adnugrunt;
3222 4951 3354 4992 mox
3407 4933 3607 4989 videtur
3646 4926 3795 4981 factum

2261 5010 2721 5135 “ﬂagitiosa
2741 5095 2867 5134 esse.
2900 5077 3008 5135 Sed
3061 5095 3170 5134 esse
3195 5078 3416 5136 videtur
3436 5081 3744 5148 expunctum.

2269 5266 2430 5324 Pater
2459 5285 2618 5322 unum
2647 5284 2843 5332 sumus,
2889 5268 2958 5323 ad
2988 5267 3285 5323 substantia:
3330 5267 3587 5329 unitatem,
3631 5273 3715 5314 non
3748 5247 3796 5304 σά

2268 5341 2468 5413 ηιιτηςνί
2491 5340 2917 5413 singularitatem.

2339 5410 2367 5448 δ
2401 5411 2478 5466 De
2500 5399 2601 5465 bar":
2626 5427 2680 5464 re
2701 5411 3049 5466 consulendae
3077 5422 3198 5466 sunt
3227 5409 3632 5480 ehristianorum
3658 5399 3797 5480 (ᾮςξισ

2269 5498 2385 5536 rum
2421 5484 2570 5552 leges
2596 5482 2648 5536 in
2679 5480 2815 5536 Cod.
2841 5483 3049 5537 Tlieod.
3083 5484 3170 5537 lib.
3205 5498 3316 5542 xvi.
3352 5482 3434 5536 tit.
3461 5483 3527 5536 de
3550 5479 3796 5552 lla’relicli:

2269 5553 2441 5620 Leges
2476 5547 3032 5621 vituperialescontra
3086 5555 3314 5608 Arianos
3365 5547 3800 5622 ουιιιιιιίιιιιεξῐτψιηξ

2266 5615 2428 5696 etiam
2453 5615 2592 5696 apud
2623 5627 2977 5695 Augustinum
3007 5626 3134 5680 coll.
3153 5641 3269 5680 Clltll
3304 5624 3442 5678 Max.
3471 5622 3526 5676 ll'.
3553 5622 3604 5674 ι.
3628 5615 3800 5696 Aria“?

2271 5690 2545 5751 haereseos
2576 5690 2870 5764 prosit-atas
2901 5699 3050 5754 vires
3070 5699 3203 5754 dicit
3229 5704 3386 5752 aetate
3414 5709 3507 5750 sua
3529 5690 3800 5759 Augustinus

2272 5776 2428 5823 tract.
2461 5765 2550 5837 40,
2587 5768 2641 5836 7,
2674 5766 2729 5824 in
2757 5767 2932 5842 Joan.‘
