3950 6350
218 240 323 298 609

718 234 1155 297 MONUMENTA
1194 233 1476 293 VETERA
1513 234 1606 293 AD
1642 228 2054 293 ARIANORUM
2093 232 3015 305 DOCTRINAMPERTINENTIA.

3409 231 3516 290 610

216 354 461 409 dicentes
486 353 745 424 aequalem
768 369 890 411 esse
920 354 1116 409 Filium
1144 368 1241 425 per
1262 353 1442 409 omnia
1473 353 1605 407 etin
1637 351 1816 409 omni-
1844 351 1901 413 Α
1924 351 2019 408 sed
2044 350 2500 423 quemadmodum
2552 352 2716 408 Pater
2744 352 2934 420 voluit,
2988 348 3221 407 diﬁnivit
3268 349 3312 415 ⁸,
3354 347 3517 420 jussit

221 446 323 502 bus
346 448 455 501 Deo
479 447 706 513 Patri,et
731 447 991 518 Spiritum
1020 458 1264 502 sanctum
1288 445 1550 510 aequalem
1575 459 1697 499 esse
1726 459 1819 513 per

217 542 403 596 omnia
432 550 486 597 et
517 542 568 597 in
592 541 846 597 omnibus
879 543 986 597 Deo
1006 541 1152 596 Patri
1184 550 1238 595 et
1269 541 1381 594 Deo
1404 538 1542 593 Filio
1573 556 1585 591 :
1616 547 1670 592 et
1702 537 1819 592 haec

214 637 331 707 ipsa
374 636 606 691 assertio
648 652 836 691 eorum
879 652 980 691 una
1024 646 1108 689 est
1152 634 1221 689 de
1262 633 1380 689 fere
1433 631 1683 701 tringiuta
1727 645 1818 685 se-

217 727 323 783 etis
357 736 383 764 ³
412 743 623 783 eorum.
658 726 726 781 Et
756 726 879 798 quia
937 742 1041 781 non
1075 742 1134 781 se
1163 725 1333 780 Filius
1364 724 1621 795 aequalem
1672 722 1819 779 Patri

211 820 373 886 dixit,
405 820 503 876 sed
525 822 955 875 consentientem
987 836 1047 875 se
1076 819 1220 874 Patri
1255 819 1593 874 conﬁrmavit
1620 814 1669 883 ι),
1702 817 1817 886 ipse

219 914 364 968 ﬁlius
391 914 547 969 nobis
576 913 855 983 adaperuit
873 913 1059 968 dicens
1077 931 1089 967 :
1106 912 1206 980 Qui
1230 910 1426 965 Filium
1442 912 1458 942 ¹
1474 926 1580 965 non
1600 910 1817 965 honori-

214 1007 342 1063 ﬁcat
364 1051 377 1073 ,
411 1024 518 1063 non
544 1006 861 1063 houoriﬁcat
897 1008 1108 1062 Patrem
1133 1018 1154 1045 ο
1178 1007 1268 1077 qui
1296 1008 1437 1061 misit
1468 1006 1637 1061 illum.
1666 1005 1817 1062 Sicut

219 1103 368 1157 enim
422 1102 581 1157 Pater
630 1101 790 1157 habet
818 1101 983 1155 vitam
1024 1101 1076 1155 in
1110 1102 1458 1170 semetipsum
1490 1103 1533 1167 ’,
1566 1100 1636 1155 ita
1667 1098 1817 1154 dedit

215 1194 357 1250 Filio
387 1196 552 1250 vitam
585 1195 785 1249 habere
809 1194 861 1249 in
893 1195 1187 1264 semetipso
1215 1210 1227 1247 :
1253 1204 1306 1249 et
1325 1204 1645 1264 potestatem
1665 1192 1816 1247 dedit

214 1288 290 1343 illi
319 1287 586 1357 judicium
617 1289 849 1343 faciendi
877 1306 888 1341 :
924 1303 985 1341 ac
1003 1288 1048 1342 si
1072 1287 1321 1355 dixisset,
1360 1289 1497 1343 Deus
1530 1302 1633 1343 non
1661 1288 1815 1358 geni-

216 1391 301 1437 tus
351 1384 566 1451 genitor
611 1397 785 1448 meus,
816 1380 907 1451 qui
935 1390 1020 1437 est
1059 1391 1109 1435 et
1144 1379 1245 1435 fuit
1274 1380 1415 1435 Deus
1453 1380 1570 1434 sine
1623 1380 1809 1445 initio,

214 1478 392 1541 vivus,
418 1487 630 1547 potens,
682 1477 875 1541 bonus,
918 1477 1157 1545 sapiens,
1194 1474 1496 1545 perfectus,
1530 1475 1813 1545 sempiter-

216 1586 349 1636 nus,
384 1573 472 1641 qui
504 1582 587 1626 est
622 1573 741 1625 sine
772 1570 925 1624 initio
957 1579 1012 1625 et
1035 1571 1151 1624 sine
1202 1571 1327 1635 ﬁne,
1362 1584 1446 1625 me
1474 1578 1599 1623 ante
1629 1569 1810 1624 omnia

215 1666 388 1721 voluit
435 1680 556 1720 esse
605 1666 809 1730 vivum,
859 1673 1155 1733 potentem,
1198 1664 1431 1729 bonum,
1485 1663 1806 1731 sapientem,

1923 445 2089 513 mihi;
2123 447 2203 502 sic
2232 454 2288 502 et
2334 460 2436 518 ego
2467 446 2657 503 volens
2688 456 2742 503 et
2772 457 2961 517 potens
2987 446 3105 502 sine
3130 445 3241 500 ullo
3288 441 3517 513 impedi-

1923 552 2105 593 mento
2134 547 2186 593 et
2218 538 2582 609 discrepantia
2617 538 2797 593 omnia
2831 538 3033 609 perfeci
3060 555 3074 592 :
3108 537 3202 594 sed
3235 546 3290 592 et
3318 544 3513 592 caetera

1920 631 2101 685 omnia
2130 646 2249 700 quae
2274 630 2616 700 postmodum
2643 629 2782 684 facta
2806 632 3072 696 sunt,sive
3088 628 3373 693 diluvium,
3400 627 3515 683 sive

1921 726 2231 781 incendium
2262 724 2514 780 Sodomae
2560 735 2615 780 et
2645 724 2986 793 Gomorrbae,
3012 733 3067 781 et
3092 734 3289 781 ctetcra
3333 722 3515 778 omnia

1918 835 2040 891 qua:
2064 833 2279 889 semper
2322 817 2459 873 ﬁunt
2510 827 2563 873 et
2612 826 2893 888 reguntur,
2924 819 3144 887 iubente
3187 817 3369 883 Patre,
3392 814 3517 885 quia

1918 912 2058 982 ﬁlius
2099 912 2316 965 nominis
2342 920 2439 965 est.
2472 909 2650 965 Nolite
2677 911 2855 964 mirari
2898 910 3012 974 hoc,
3035 909 3157 980 quia
3189 908 3347 963 veniet
3387 905 3515 961 hora

1917 1005 2089 1075 inqua
2111 1020 2285 1058 omnes
2313 1004 2399 1074 qui
2441 1004 2495 1057 in
2539 1004 2883 1058 monumentis
2930 1012 3069 1068 sunt,
3094 1001 3303 1055 audient
3343 1015 3514 1055 vocem

1918 1097 2017 1167 ﬁlii
2048 1097 2143 1153 Dei
2175 1113 2193 1153 :
2223 1106 2270 1152 et
2317 1096 2594 1167 procedent
2629 1100 2716 1167 qui
2740 1102 2871 1151 bona
2913 1100 3138 1166 fecerunt
3176 1097 3231 1149 in
3258 1109 3515 1149 resurrec-

1917 1194 2103 1249 tionem
2115 1192 2326 1267 judicii.
2351 1192 2430 1248 Ac
2460 1194 2503 1247 si
2532 1192 2764 1247 dixisset
2791 1192 2833 1259 ⁷,
2869 1190 3048 1245 Nolite
3074 1188 3337 1245 increduli
3367 1203 3510 1255 esse,

1918 1288 2042 1357 quia
2067 1286 2260 1341 videtis
2285 1301 2371 1341 me
2394 1300 2613 1340 carnem
2647 1298 2792 1350 esse,
2819 1292 2873 1339 et
2905 1284 3107 1352 putatis
3130 1297 3214 1338 me
3241 1281 3513 1336 hominem

1919 1377 2294 1434 tantummodo
2343 1384 2509 1433 esse:
2544 1374 2795 1431 videbitis
2832 1375 2976 1430 enim
3031 1390 3126 1429 vos
3169 1389 3381 1439 omnes,
3421 1370 3514 1442 qui

1917 1474 2118 1544 putatis
2150 1488 2236 1528 me
2288 1471 2563 1527 hominem
2614 1467 2989 1525 tantummodo
3028 1482 3168 1534 esse,
3199 1482 3304 1521 non
3337 1466 3512 1521 solum

1918 1568 2084 1622 Deum
2118 1567 2297 1621 vivum
2328 1581 2472 1630 esse,
2510 1563 2599 1619 sed
2624 1565 2788 1620 etiam
2831 1577 3023 1617 omnes
3060 1569 3302 1615 mortuos
3333 1558 3512 1613 viviﬁ-

1916 1673 2129 1717 cantem
2160 1681 2173 1715 :
2214 1671 2269 1716 et
2300 1661 2353 1716 iu
2380 1660 2607 1731 gloriam
2649 1669 2908 1731 arternam
2946 1654 3313 1727 ingredientes
3337 1653 3514 1722 justos

214 1758 535 1830 perfectum,
568 1757 957 1827 sempiternum
1007 1757 1433 1825 (Sempiternum
1493 1763 1673 1811 autem
1729 1756 1809 1811 sic
1838 1746 1886 1806 Β
1914 1756 2084 1811 bonos
2107 1765 2160 1810 et
2187 1753 2396 1817 ﬁdeles,
2427 1753 2596 1806 malos
2625 1763 2805 1806 autent
2834 1760 2890 1805 et
2919 1750 3132 1819 impios,
3169 1748 3313 1803 iures
3339 1756 3392 1801 et
3425 1745 3507 1799 la-

212 1851 442 1906 dieimus
493 1850 709 1915 Filium,
757 1850 879 1919 quia
935 1866 1055 1903 cum
1104 1847 1319 1904 initium
1373 1849 1567 1903 habeat
1614 1847 1805 1914 Filius,

218 1944 378 1999 ﬁnem
437 1955 613 2000 tamen
666 1961 768 1999 non
801 1944 822 1976 ³
864 1944 1201 2010 habiturum,
1261 1945 1354 2000 sed
1383 1959 1698 1998 mansurum
1754 1946 1807 1997 in

218 2040 609 2108 sempiternum
639 2034 701 2101 d,‘
721 2047 775 2092 et
800 2038 1013 2093 caeteris
1055 2037 1308 2092 omnibus
1335 2037 1492 2091 bonis
1521 2037 1808 2104 sempiter-

216 2134 442 2187 nitatem
468 2129 763 2201 daturum).
794 2129 861 2183 Et
888 2129 1052 2183 talem
1087 2128 1499 2199 possibilitatem
1533 2128 1720 2183 tribuit
1755 2127 1810 2181 in

216 2241 324 2290 me,
356 2226 410 2277 in
441 2239 548 2294 quo
574 2222 748 2277 voluit
774 2238 1027 2288 meesse,
1053 2232 1109 2276 ut
1143 2236 1356 2291 possem
1390 2236 1579 2275 omnes
1617 2220 1812 2274 volun-

218 2329 357 2375 tates
390 2330 444 2373 et
468 2318 851 2388 dispositiones
877 2325 932 2371 et
959 2317 1184 2387 imperia
1216 2317 1333 2387 ejus
1366 2318 1589 2386 implere
1616 2333 1626 2370 :
1652 2326 1707 2372 et
1735 2317 1812 2372 sic

218 2411 492 2481 complevi
514 2421 565 2466 et
590 2411 839 2480 compleo
862 2426 1103 2479 semper:
1121 2424 1241 2463 nam
1267 2410 1482 2465 volente
1509 2420 1561 2464 et
1586 2409 1814 2479 jubeute

217 2505 383 2561 Patre
416 2520 515 2575 ego
574 2504 983 2559 innumerabilis
1032 2503 1252 2573 Spiritus
1278 2504 1475 2570 vivos,
1504 2503 1731 2557 virtutes
1762 2510 1817 2558 et

219 2597 622 2653 dominationes
664 2597 1021 2665 sempiternas
1062 2595 1082 2626 "
1134 2596 1314 2650 ereavi
1349 2614 1361 2649 :
1395 2596 1487 2652 sed
1530 2604 1585 2652 et
1638 2595 1814 2666 ipsum

224 2691 491 2760 Spiritum
525 2697 769 2743 sanctum
799 2688 889 2758 qui
919 2696 1002 2742 est
1032 2697 1155 2743 ante
1182 2689 1363 2743 omnia
1410 2697 1462 2744 et
1491 2688 1665 2759 major
1702 2704 1816 2743 om-

226 2782 387 2835 nibus
418 2779 805 2847 creationibus,
838 2788 893 2835 et
937 2792 1133 2835 caetera
1160 2782 1397 2837 coelestia
1436 2792 1487 2835 et
1542 2782 1819 2837 terrestria

226 2874 466 2928 visibilia
499 2882 554 2928 et
607 2872 898 2927 invisibilia
954 2883 1196 2941 tempora
1250 2883 1305 2929 et
1353 2874 1572 2938 ετεςυιιι,
1608 2875 1825 2930 volente

1913 1857 2117 1910 trones,
2147 1853 2203 1902 et
2228 1861 2323 1901 eos
2354 1843 2445 1914 qui
2493 1842 2808 1898 difﬁderunt
2843 1842 2864 1872 ⁸
2891 1838 3131 1904 veritati,
3164 1836 3516 1892 crediderunt

1914 1952 2095 1997 autem
2131 1939 2417 2008 iniquitati,
2444 1937 2533 2008 qui
2559 1936 2858 1991 doctrinam
2885 1948 3058 1987 meam
3093 1931 3431 2001 abjecerunt,
3458 1936 3514 1984 et

1914 2050 2066 2091 suam
2098 2042 2428 2095 statuerunt,
2456 2031 2612 2102 jusso
2642 2034 2662 2063 θ
2687 2030 2865 2083 Patris
2895 2028 2997 2085 mei
3028 2042 3123 2095 per
3145 2040 3232 2081 me
3258 2026 3325 2080 ab
3347 2038 3515 2093 ange-

1916 2130 1980 2184 lis
2014 2127 2149 2183 meis
2177 2128 2478 2191 mittentur,
2514 2127 2566 2179 in
2595 2122 2876 2178 metallum
2909 2120 3105 2191 ignis"0
3126 2118 3335 2174 aeterni.
3368 2117 3516 2173 Luce

1915 2221 2116 2277 clarius
2156 2219 2313 2274 nobis
2343 2217 2597 2288 patefecit
2624 2214 2881 2268 Dominus
2907 2224 3094 2268 noster
3120 2220 3176 2267 et
3202 2208 3518 2265 DcusJesus

1914 2312 2163 2369 Christus
2218 2309 2385 2365 Filius
2442 2308 2536 2362 Dei
2570 2306 2743 2361 Patris
2760 2364 2767 2369 Ι
2790 2303 3183 2374 omnipotentis
3216 2299 3344 2355 illud
3371 2298 3515 2371 quod

1918 2408 2126 2463 dixerat
2148 2405 2400 2476 superius
2432 2422 2446 2458 :
2480 2403 2662 2466 Amen,
2691 2417 2841 2455 amen
2863 2399 2977 2452 dico
3009 2397 3172 2459 vobis,
3200 2412 3303 2449 non
3346 2400 3514 2465 potest

1920 2502 2093 2557 Filius
2121 2520 2153 2556 a
2175 2518 2228 2555 se
2266 2504 2434 2571 facere
2461 2478 2761 2567 quidquam,
2797 2494 2897 2547 nisi
2940 2502 3057 2545 ante
3082 2490 3261 2544 viderit
3306 2486 3518 2543 Patrem

1923 2598 2194 2669 facientem
2219 2594 2238 2632 τ
2272 2608 2639 2664 :quwcumque
2668 2591 2804 2645 enim
2850 2587 3006 2642 Pater
3036 2586 3185 2658 facit,
3210 2585 3317 2640 haec
3341 2582 3519 2638 eadem

1921 2690 2045 2761 facit
2074 2687 2265 2742 Filius.
2286 2684 2547 2742 Similiter
2576 2682 2709 2737 nihil
2734 2679 2905 2735 Filius
2931 2678 3034 2735 sibi
3062 2674 3521 2750 prmsutncre,sed

1922 2780 2103 2837 omnia
2134 2781 2392 2849 imperata
2423 2776 2587 2847 patris
2618 2775 2799 2830 facere
2831 2783 2878 2826 κ.

1998 2876 2195 2931 lterum
2224 2873 2469 2928 dicamus
2505 2884 2675 2941 pauca
2719 2868 2980 2923 adversus
3015 2864 3432 2921 Macedonianos
3460 2859 3518 2931 ιι,

223 2966 385 3021 Patre
416 2975 469 3020 et
515 2965 763 3033 jubente,
794 2980 895 3033 ego
918 2967 1093 3020 creavi
1123 2976 1145 3003 ο
1182 2984 1195 3019 :
1228 2976 1281 3020 et
1312 2966 1453 3019 nulla
1487 2966 1586 3020 fuit
1616 2966 1821 3021 discre-
1846 2951 1890 3013 C
1926 2972 2016 3041 qui
2047 2969 2235 3023 dicunt
2264 2968 2462 3023 Filium
2489 2966 2720 3021 similem
2760 2979 2855 3033 per
2889 2962 3073 3017 omnia
3102 2969 3157 3016 et
3188 2960 3239 3016 in
3273 2958 3524 3015 omnibus

224 3057 407 3129 pantia
441 3058 581 3113 inter
606 3058 822 3113 Patretn
846 3057 1124 3128 jubeutem
1149 3068 1200 3114 et
1225 3074 1312 3114 me
1354 3060 1723 3129 perlicit-mem
1754 3061 1774 3091 ⁸
1806 3077 1820 3115 :

298 3240 314 3269 ¹
351 3239 510 3293 Deest
532 3237 635 3293 hoc
665 3239 1006 3295 vocabulum.

297 3312 319 3341 ³
346 3310 423 3364 Ita
453 3310 575 3365 cod.

299 3381 322 3412 ³
347 3382 506 3436 Deest
531 3398 649 3437 non.

300 3452 323 3483 δ
342 3450 476 3507 Cod.
510 3455 864 3521 sempiternos.

302 3523 324 3554 ⁸
352 3524 484 3579 Cod.
514 3525 647 3579 inter
670 3536 815 3597 patre
824 3525 1037 3596 jubente
1061 3541 1142 3580 me
1161 3527 1475 3598 perﬁciente.

304 3671 346 3737 a_
364 3662 520 3737 Secta
568 3663 691 3737 hoc
721 3664 841 3719 loco
870 3664 1066 3737 dicitur
1095 3680 1193 3734 pro
1220 3665 1474 3731 daqmate.
1506 3666 1572 3721 Et
1598 3666 1812 3737 quidem

232 3735 303 3790 ita
335 3734 569 3808 loquitur
603 3735 858 3808 Didymus
888 3736 954 3791 de
978 3736 1262 3801 Trinitale,
1296 3734 1628 3808 Hieronymii
1656 3740 1819 3792 inter-

234 3813 407 3873 prete,
433 3804 487 3858 ιι.
522 3808 575 3863 5.
600 3804 715 3872 21,
740 3809 831 3862 57.
866 3808 1084 3874 Legesis
1114 3808 1311 3862 ibidem
1344 3804 1721 3864 alliiotzitioncs
1751 3808 1818 3864 ad

230 3880 286 3931 li.
321 3877 376 3939 5,
404 3886 459 3948 et
486 3876 690 3931 confer.
725 3877 782 3933 ιι.
816 3878 905 3933 52.
938 3879 1075 3946 Quin
1126 3881 1261 3934 ad‘eo
1297 3878 1374 3934 sic
1424 3881 1565 3948 loqui
1609 3881 1822 3935 videtur

232 3948 394 4020 etiam
428 3947 596 4020 Julius
643 3949 791 4003 Paris
820 3966 866 4020 ar,
899 3965 982 4004 me
1025 3966 1197 4020 nuper
1227 3951 1422 4013 editus,
1452 3947 1543 4005 lib.
1581 3968 1640 4015 tt,
1673 3952 1727 4015 2,
1760 3952 1815 4005 2.

232 4019 530 4094 lN'unrergu
557 4019 740 4094 Ariani
772 4037 801 4075 a
831 4019 1119 4076 Catholicis
1149 4022 1362 4092 triginta
1396 4024 1510 4078 fere
1549 4023 1820 4094 dogmati-

235 4090 340 4145 bus
367 4090 734 4147 dissidebant?

306 4160 336 4235 ξ)
366 4160 785 4235 Spuriamhanc
807 4163 1126 4218 Arianorum
1154 4164 1656 4235 interpretationem
1682 4167 1835 4221 novit

234 4233 599 4305 refutavitque
628 4233 861 4305 Hilarius
886 4238 954 4289 de
999 4235 1151 4289 Trin.
1211 4233 1331 4302 vui,
1366 4237 1399 4291 5
1439 4252 1560 4305 sqq.
1606 4236 1677 4291 At
1728 4253 1831 4292 non

234 4308 306 4358 ita
343 4303 730 4376 intellexerunt
782 4304 951 4360 Judazi
1004 4306 1106 4375 ipsi
1150 4306 1423 4361 Christum
1478 4303 1831 4376 loquentem;

234 4376 367 4445 quiti
409 4374 517 4427 imo
542 4375 739 4450 auditis
767 4376 851 4450 his
880 4374 1057 4450 verbis
1094 4419 1120 4450 ,_
1144 4377 1255 4450 Ego
1285 4387 1330 4432 et
1362 4376 1521 4450 Pater
1544 4374 1699 4433 unum
1747 4397 1837 4433 su-

233 4463 383 4512 mus,
415 4446 753 4520 sustulerunt
784 4446 990 4516 lapides
1015 4461 1074 4504 ut
1096 4446 1280 4503 Jesitm
1328 4449 1659 4514 occiderent.
1710 4453 1835 4520 quia

236 4534 298 4591 se
326 4520 501 4591 Deum
531 4517 789 4591 faciebat;
820 4536 922 4590 qua
949 4535 1114 4591 super
1140 4536 1198 4576 re
1226 4520 1422 4591 legesis
1460 4517 1837 4578 eumdem'ﬂi-

237 4588 435 4643 larium
471 4604 562 4651 vit,
588 4589 661 4643 23
687 4606 804 4659 sqq.

317 4670 339 4696 ε
385 4659 499 4732 [tuo
546 4659 763 4715 Nieetas
793 4677 819 4714 a
852 4677 937 4718 me
982 4662 1159 4717 editus
1187 4662 1255 4717 de
1280 4662 1400 4716 Rat.
1426 4662 1518 4716 ﬁd.
1546 4679 1600 4732 p.
1629 4662 1682 4731 6,
1717 4665 1834 4720 ait:

241 4729 372 4785 Cum
402 4728 563 4785 Pater
592 4732 751 4796 dicat,
799 4732 904 4787 Hic
944 4744 1019 4788 est
1067 4734 1229 4802 ﬁlius,
1276 4737 1410 4788 hunc
1440 4728 1838 4802 auditeffilius

239 4804 401 4877 dicat,
434 4814 488 4855 ut
524 4820 696 4858 omnes
726 4805 1060 4877 ltonoriﬁcent
1088 4803 1307 4870 Filium,
1333 4807 1462 4860 sicut
1495 4806 1838 4877 honoriﬁcam

241 4873 497 4940 Patrem;
522 4891 638 4945 qua:
686 4876 885 4930 caecitas
914 4878 1157 4931 mentium
1186 4888 1281 4940 est,
1306 4878 1597 4932 intermissa
1624 4873 1837 4933 honori-

240 4946 475 5021 ﬂventia,
506 4948 838 5021 contumelias
864 4949 1211 5003 concinnare?
1231 4964 1345 5021 qua:
1389 4949 1573 5004 oblivio
1602 4950 1711 5021 spej
1739 4960 1836 5016 est,

240 5016 511 5123 inﬁrmum
536 5028 583 5072 et
609 5020 852 5073 minorem
869 5028 915 5074 et
937 5016 1365 5089 contemptibilem
1375 5016 1640 5089 ,wstimare'
1661 5018 1839 5076 Chris-

266 5105 293 5123 u
302 5105 350 5123 an
422 5098 469 5123 at
478 5103 507 5123 ρ

242 5097 350 5139 tum
367 5097 393 5139 ἵ
422 5098 526 5142 etc.

319 5156 347 5193 ά
402 5159 479 5211 En
530 5168 589 5214 ut
636 5160 821 5216 Ariani
865 5162 1135 5232 negabant
1187 5163 1518 5218 nativitatem
1556 5175 1835 5231 :eternam,

245 5233 746 5305 quamnortlmdoxi
796 5233 985 5305 Patres
1032 5234 1440 5303 praeclarissime
1485 5236 1841 5305 comprobant

245 5300 617 5373 Tertullianus
658 5313 842 5358 contra
872 5300 1045 5359 Praxf
1074 5320 1193 5373 cap.
1220 5305 1285 5371 5;
1319 5306 1490 5361 llilar.
1533 5300 1770 5361 de'Trin
1797 5323 1837 5371 1,

244 5371 444 5448 ξαίς-ιι,
474 5372 1117 5448 20;Αιιι,5;γιν,6ὲχιι,
1144 5371 1208 5431 21
1258 5393 1400 5448 sqq.,
1436 5378 1534 5448 51;
1582 5379 1835 5433 Ambros.

247 5442 315 5519 de
349 5441 468 5519 Fid.
496 5460 535 5510 ι,
576 5445 629 5510 8;
660 5445 826 5517 Cyril.
856 5446 924 5501 de
959 5441 1117 5519 Trin.
1158 5441 1353 5519 dialogi
1376 5448 1442 5513 2;
1490 5447 1738 5519 Fulgent.
1772 5450 1840 5504 ad

246 5512 485 5595 Trasim.
518 5530 577 5581 ιι,
612 5521 673 5584 7;
705 5512 757 5572 et
809 5529 995 5572 contra
1030 5518 1161 5574 Fab.
1196 5512 1328 5590 τι*θεῖ
1361 5535 1475 5587 χιχ,
1504 5512 1619 5587 xxi
1642 5520 1842 5592 aliique

249 5599 472 5655 passum.

328 5666 351 5692 ε
393 5657 509 5733 Non
541 5673 671 5733 esse
690 5668 991 5733 creaturam
1015 5661 1278 5733 Spiritum
1305 5672 1549 5718 sanctum
1586 5662 1842 5721 demons-

256 5735 365 5783 trat
392 5726 614 5800 (praeter
653 5731 764 5803 jam
803 5732 944 5791 dicta
975 5750 1029 5805 p.
1057 5726 1207 5805 "215,
1238 5751 1293 5791 ιι.
1326 5735 1381 5807 5)
1425 5734 1745 5793 Ambrosius
1773 5735 1842 5793 de

1929 3062 2096 3126 Patri,
2128 3071 2181 3117 et
2238 3060 2439 3115 nullam
2494 3071 2616 3113 esse
2646 3054 3005 3111 diﬁ'erentiam
3054 3054 3196 3108 inter
3225 3050 3441 3107 Patrem
3472 3056 3527 3105 et

2002 3244 2022 3273 ⁶
2053 3243 2125 3296 Ita
2151 3242 2272 3296 cod.

2000 3315 2020 3344 ⁷
2052 3313 2183 3367 Cod.
2218 3313 2431 3367 dixisse.

2000 3386 2023 3489 ξ
2050 3385 2184 3509 ἓοιξ.
2216 3385 2553 3469 dif/iduerunt
2579 3399 2593 3450 ;
2626 3383 2720 3439 sed
2755 3382 2901 3454 prior
2926 3400 2960 3437 ιι
2989 3382 3222 3437 lortasse
3250 3377 3452 3437 deleta.

2096 3472 2143 3508 01
2171 3497 2183 3509 .
2212 3472 2368 3510 10880.
2910 3502 2915 3505 .

2005 3477 2021 3489 ν
2050 3477 2183 3509 um.
2202 3477 2368 3528 Josso.
2910 3502 2915 3505 .

2005 3528 2047 3559 ¹⁰
2074 3526 2211 3582 Cod.
2240 3528 2293 3581 in
2321 3528 2485 3601 ignis;
2517 3525 2610 3582 sed
2638 3526 2691 3580 in
2715 3527 2943 3583 fortasse
2973 3524 3167 3582 deleta.

1928 3664 2022 3734 Sp.
2057 3665 2111 3719 S.
2141 3664 2234 3719 lib.
2291 3681 2329 3732 ι,
2361 3665 2415 3733 5,
2454 3666 2504 3720 7.
2543 3665 2813 3721 Praeterea
2870 3666 3064 3735 legesis
3115 3665 3292 3719 locum
3326 3662 3531 3721 Nicette

1926 3735 2289 3806 Aquileiensis
2325 3736 2435 3804 jam
2464 3753 2490 3789 a
2524 3753 2610 3793 me
2639 3738 2867 3792 relatum
2902 3755 2951 3805 p.
2987 3736 3121 3802 212,
3147 3740 3202 3791 et
3234 3735 3519 3807 Didymum

1927 3808 1996 3863 de
2042 3808 2136 3878 Sp.
2167 3808 2224 3862 S.
2251 3823 2371 3878 cap.
2399 3809 2485 3873 M,
2518 3824 2638 3879 sqq.
2666 3820 2719 3863 et
2746 3809 2814 3862 de
2840 3809 2990 3863 Trin.
3020 3825 3080 3871 ιι,
3108 3808 3162 3862 6.
3210 3807 3346 3862 Tum
3395 3821 3526 3879 vero

1931 3881 2009 3934 sic
2038 3880 2262 3948 Basilius
2285 3880 2351 3932 de
2374 3881 2470 3946 Sp.
2501 3881 2552 3937 S.
2589 3896 2707 3948 cap.
2731 3879 2823 3945 24,
2853 3881 2924 3935 56
2955 3901 2967 3935 :
2995 3884 3083 3941 Τίς
3116 3880 3279 3941 οὕτως
3320 3878 3535 3936 ἐλπίδων

1931 3953 2143 4039 ειὶφνίων
2166 3947 2406 4039 ἄμοιρος,
2432 3955 2501 4013 ὡς
2528 3959 2596 4039 τῇ
2620 3947 2781 4039 striati
2809 3954 3060 4018 συντάξαι
3088 3956 3147 4007 τὸ
3181 3957 3413 4023 Πνεῦμα,
3438 3966 3534 4012 τῆς

1930 4022 2163 4083 θεότητος
2190 4011 2524 4088 ἄπιθ’σιέήὸαξ;
2553 4011 2679 4090 Quis
2707 4024 2834 4078 adeo
2859 4027 2964 4091 spei
2985 4011 3196 4077 aeterna:
3223 4011 3410 4089 expers,
3435 4011 3531 4088 est,

1938 4104 1991 4146 ut
2024 4094 2278 4162 Spiritum
2300 4112 2331 4145 a
2358 4097 2543 4149 deitute
2571 4097 2892 4161 distractum,
2919 4106 3168 4148 creatura?
3188 4093 3437 4160 capulet?

2015 4162 2033 4201 τ
2079 4164 2251 4218 Aliter
2282 4164 2520 4235 loquitur
2560 4166 2895 4222 orthodoxus
2928 4166 3165 4220 Hilarius
3195 4164 3265 4220 de
3293 4164 3419 4235 Trin
3452 4178 3530 4230 tu,

1942 4235 2027 4306 l2,
2085 4236 2174 4303 qui
2234 4234 2462 4291 recitato
2504 4237 2815 4306 evangelico
2866 4245 3037 4297 textu.
3084 4236 3256 4303 pergit
3302 4234 3532 4306 dioere:

1940 4304 2076 4359 Dum
2106 4323 2205 4378 non
2232 4306 2294 4378 ab
2324 4324 2377 4361 se
2403 4310 2546 4378 facit,
2571 4304 2715 4362 adid
2736 4307 2871 4374 quod
2900 4309 3005 4377 agit
3032 4307 3310 4360 secundum
3340 4304 3533 4358 nativi-

1939 4387 2095 4430 tatem
2123 4377 2218 4430 sibi
2246 4376 2411 4432 Pater‘
2432 4390 2610 4434 auctor
2656 4389 2773 4433 est:
2799 4387 2843 4432 et
2876 4376 3045 4431 tamen
3072 4394 3188 4430 cum
3209 4391 3539 4445 qutecumque

1942 4449 2068 4519 facit
2096 4447 2274 4512 Pater,
2300 4450 2477 4504 eadem
2507 4462 2553 4505 et
2580 4450 2750 4505 Filius
2776 4453 2901 4520 facit
2928 4448 3183 4511 similiter,
3224 4448 3403 4520 nonin
3434 4448 3537 4502 ali-

1938 4520 2062 4584 quid
2091 4536 2245 4589 quam
2274 4521 2329 4573 in
2357 4520 2521 4576 Deum
2550 4519 2804 4586 subsistit,
2833 4522 2899 4575 ad
2936 4520 3174 4590 facienda
3209 4519 3382 4573 omnia
3425 4534 3539 4588 qua:

1940 4592 2081 4645 Deus
2110 4590 2265 4644 Pater
2297 4593 2474 4664 faciat,
2502 4604 2730 4662 paternae
2778 4592 3160 4664 omnipotentia:
3188 4592 3244 4645 in
3270 4607 3337 4664 se
3362 4590 3538 4664 subsi-

1939 4672 2099 4718 stente
2127 4662 2336 4728 natura,
2384 4674 2491 4719 etc.
2519 4664 2775 4720 Eamdcm
2818 4662 3177 4731 objectionem
3203 4662 3413 4734 prolixe
3438 4663 3538 4716 ad-

1943 4734 2159 4789 modum
2213 4734 2462 4789 dissolvit
2492 4737 2809 4791 Ambrosius
2858 4737 2926 4791 de
2956 4734 3089 4789 Fide
3130 4750 3206 4797 tv,
3238 4735 3273 4789 4
3308 4749 3428 4804 sqq.
3458 4735 3540 4788 sic

1943 4806 2055 4861 fere
2076 4805 2439 4861 concludens:
2464 4807 2616 4875 Quod
2638 4808 2766 4862 dixit
2791 4806 3066 4878 Scriptura
3096 4807 3217 4877 quia
3244 4812 3537 4878 nonfpotest

1941 4894 1990 4949 a_
2020 4893 2072 4930 se
2102 4880 2271 4947 facere
2315 4874 2617 4948 quidquam,
2664 4878 2732 4933 ad
2766 4874 3124 4949 inseparabilis
3164 4887 3210 4933 et
3256 4874 3540 4931 indiuidua:

1941 4946 2211 5003 charitatis
2235 4946 2408 5003 retulit
2430 4946 2696 5004 unitatem.

2016 5028 2042 5066 ες
2081 5019 2383 5089 Objecuoni
2398 5020 2723 5077 Arianorum
2746 5037 2907 5091 quam
2929 5036 2996 5076 ex
3013 5019 3318 5075 obedientia
3337 5016 3541 5091 Christi

1943 5088 2220 5160 petebant,
2262 5093 2552 5161 respondet
2585 5088 2902 5147 Ambrosius
2930 5092 2997 5148 de
3046 5091 3172 5146 Fide
3201 5108 3262 5158 ιι,
3314 5089 3402 5153 10,
3426 5088 3542 5161 qui

1943 5159 2020 5215 Sic
2048 5159 2364 5233 conclu‘ditz:
2394 5160 2461 5216 In
2485 5166 2651 5233 forma
2672 5163 2897 5219 [taurinis
2941 5164 3270 5228 constitutus,
3303 5159 3543 5233 subditus

1941 5230 2257 5307 eratloseph
2276 5230 2549 5307 etarite.
2573 5235 2842 5307 Numquid
2852 5252 2971 5307 ergo
2986 5236 3153 5288 minor
3164 5244 3210 5307 et
3224 5230 3542 5307 hominibus,

1942 5305 2064 5375 quia
2080 5302 2347 5377 subditus?
2359 5306 2518 5360 Aliud
2534 5302 2757 5377 pietatis,
2774 5302 2925 5362 aliud
2939 5306 3204 5377 potestatis
3218 5316 3293 5361 est
3307 5323 3325 5360 :
3340 5304 3429 5377 sed
3442 5318 3545 5357 non

1942 5376 2249 5450 praeiudicat
2279 5378 2440 5447 pietas
2472 5375 2730 5449 potestati.
2749 5379 2816 5433 In
2840 5375 2947 5448 quo
2969 5394 3089 5450 ergo
3114 5378 3255 5450 legis
3283 5375 3546 5450 subditum

1944 5446 2115 5521 patri?
2142 5448 2193 5500 in
2217 5446 2432 5515 corpore
2456 5446 2669 5515 scilicet,
2701 5452 2754 5505 in
2775 5446 2878 5521 quo
2908 5446 3275 5521 erat'subditus
3299 5446 3471 5501 matri.

2015 5516 2045 5555 ιι
2071 5520 2314 5575 Damnati
2331 5530 2454 5576 sunt
2476 5515 2843 5577 Macedoniam
2861 5522 2913 5576 in
2932 5522 3163 5576 concilio
3189 5520 3212 5576 Ι
3237 5515 3550 5575 Constanti-

1946 5590 2260 5672 n0politano
2299 5608 2447 5672 anno
2472 5591 2669 5672 Christi
2692 5607 2980 5672 cocum:
2997 5593 3194 5672 .Neque
3216 5591 3328 5672 fere
3348 5590 3417 5672 ab
3445 5588 3549 5644 hac

1947 5662 2061 5731 ipsa
2090 5673 2251 5718 :etate
2279 5664 2480 5721 diStare
2502 5666 2714 5721 videtur
2740 5674 2928 5721 noster
2956 5664 3045 5723 hic
3072 5662 3261 5721 auctor
3291 5662 3546 5719 Arianus.
