3950 6350
143 340 244 398 615

641 328 1063 395 MONUMENTA
1106 328 1388 393 VETERA
1424 335 1517 391 AD
1558 334 1961 394 ARIANORUM
2000 337 2397 398 DOCTRINAM
2437 340 2924 402 PERTINENTIA.
2960 349 2966 361 '

3094 323 3117 333 να
3138 323 3229 336 ν-έσ

3325 348 3428 403 6H

142 455 299 511 ritum
342 464 584 509 sanciunt
623 471 635 507 :
666 453 939 508 exaudivit
972 453 989 484 ί
1023 468 1119 506 nos
1165 450 1328 506 Pater
1348 458 1406 505 et
1448 452 1738 505 miseretur
1766 454 1819 512 Α
1845 450 2060 521 sijussu
2082 453 2201 508 Filii
2227 454 2389 510 Pater
2409 473 2681 527 corptisex
2697 459 3430 531 virgitieacci~pit,deposuit,

142 564 235 619 per
262 544 486 615 Filium,
512 544 637 617 quia
675 546 848 617 genua
882 555 937 601 et
974 545 1241 600 cervicem
1288 542 1558 598 ﬂectimus
1590 540 1738 597 Patri

142 654 237 711 per
266 638 505 695 Filium:
538 638 822 694 suscitavit
856 636 1017 693 Pater
1056 638 1313 705 templum
1356 632 1474 691 Filii
1516 637 1598 691 sui
1641 644 1740 708 per

143 730 363 797 Filium,
397 731 524 802 quia
552 731 713 786 Pater
735 730 899 801 jussit
924 728 1065 786 Filio
1103 742 1159 784 nt
1190 735 1489 800 susciperet
1516 744 1735 798 corpus,

143 828 477 896 deponeret,
522 824 715 881 iterum
758 824 1024 894 reciperet
1056 826 1214 879 tertia
1248 823 1334 878 die
1361 832 1414 876 et
1440 820 1643 878 rediret
1673 822 1736 875 ad

142 921 381 977 Patrem.
427 916 802 974 Suscitaturus
841 925 925 972 est
952 918 1110 973 Pater
1139 931 1329 972 omnes
1369 924 1614 971 mortuos
1647 930 1742 986 per

143 1013 361 1077 Filium,
416 1014 541 1081 quia
586 1011 746 1065 Pater
785 1010 1041 1079 jussurus
1091 1018 1175 1063 est
1223 1007 1364 1062 Filio
1412 1017 1471 1062 ut
1517 1009 1743 1062 suscitet

142 1121 334 1163 omnes
367 1112 609 1160 mortuos
638 1121 650 1157 :
679 1102 1018 1173 iudicaturus
1054 1112 1137 1157 est
1184 1101 1341 1157 Pater
1378 1116 1566 1157 omnes
1592 1102 1743 1171 rivos

142 1211 195 1258 et
224 1213 471 1256 mortuus
502 1215 595 1268 per
626 1197 850 1260 Filium,
885 1198 988 1253 hoc
1016 1206 1100 1252 est
1131 1197 1300 1251 bonus
1326 1202 1381 1251 et
1411 1195 1604 1261 malos,
1658 1195 1745 1263 ju—

138 1302 257 1350 stus
281 1302 335 1347 et
359 1293 613 1358 iniustos,
630 1290 752 1360 quia
777 1290 1200 1358 Patei-jussurus
1222 1298 1306 1344 est
1334 1282 1471 1342 Filio
1494 1296 1553 1342 ut
1573 1285 1746 1341 susci-

140 1396 221 1444 tet
260 1400 453 1441 omnes
501 1395 777 1449 mortuos,
828 1394 883 1439 et
914 1383 1119 1455 juilieet
1144 1382 1164 1416 ³
1196 1384 1347 1439 vivos
1382 1392 1435 1438 et
1476 1393 1743 1450 mortuos,

141 1482 249 1537 hoc
273 1493 357 1536 est
386 1481 556 1536 bonos
588 1490 640 1534 et
670 1479 871 1543 malos,
911 1482 1088 1548 justos
1115 1486 1166 1532 et
1208 1479 1440 1545 iiijiistos
1467 1492 1480 1534 :
1524 1476 1748 1530 daturus

140 1585 226 1633 est
256 1574 403 1631 Deus
425 1572 583 1629 Pater
604 1572 767 1644 justis
794 1574 955 1628 vitam
984 1584 1269 1637 aeternam,
1294 1571 1511 1639 injustis
1535 1584 1748 1641 poenam

140 1679 462 1740 perpetuam
491 1678 585 1737 per
616 1664 834 1732 Filium,
868 1662 990 1734 quia
1022 1665 1189 1720 Filius
1214 1665 1364 1734 jussu
1398 1663 1573 1719 Patris
1602 1662 1751 1718 dabit

142 1761 312 1816 vitam
345 1770 603 1816 atternam
629 1758 813 1829 jnstis,
842 1773 1056 1828 pinnam
1081 1768 1394 1826 perpetuam
1420 1754 1653 1821 iniustis.
1685 1754 1753 1809 Et

1841 553 1892 598 et
1920 548 2121 615 recepit
2156 564 2168 598 :
2209 556 2298 600 aut
2328 547 2371 601 si
2404 546 2541 603 Deus
2569 550 2728 605 Pater
2758 553 2963 622 rogarit
2993 550 3186 606 Filium
3209 594 3222 616 ,
3259 550 3309 607 et
3340 568 3434 608 ac-

1841 638 1981 703 cepit
2009 635 2266 705 Spiritum
2300 650 2566 708 sanctum,
2598 646 2651 695 et
2674 641 2842 710 dedit,
2871 642 3111 708 donarit,
3143 642 3288 697 misit
3311 644 3432 715 Spi~

1840 730 2001 783 ritum
2030 742 2273 786 sanctum
2304 732 2577 804 Aposmiis
2610 751 2624 788 :
2657 747 2750 789 aut
2778 734 2821 791 si
2848 738 3068 805 jubeiite
3101 736 3237 792 Filio
3260 740 3431 792 Susci-

1844 833 2054 881 taturus
2097 837 2179 882 est
2204 822 2365 883 Pater
2397 842 2586 885 omnes
2613 838 2885 897 mortuos,
2920 840 2966 888 et
2997 832 3335 902 judicaturus
3358 843 3443 889 est

1844 919 1994 971 vivos
2025 928 2079 973 et
2106 930 2349 975 mortuos
2370 963 2383 984 ,
2418 921 2520 977 hoc
2550 931 2635 978 est
2666 925 2833 978 honos
2861 932 2918 979 et
2950 925 3146 987 malus,
3175 927 3349 994 jusios
3388 937 3443 982 et

1848 1012 2095 1081 injustas.
2130 1012 2405 1083 Scriptum
2430 1028 2508 1071 est
2538 1017 2589 1071 ili
2620 1016 2955 1089 Evangelia:
2988 1016 3075 1076 Sic
3102 1022 3233 1075 enim
3261 1016 3442 1076 dilexit

1847 1102 1987 1160 Dens
2016 1107 2153 1161 hunc
2175 1108 2445 1173 mundum,
2482 1121 2535 1164 ut
2568 1106 2761 1165 Filium
2790 1124 2936 1166 suam
2968 1116 3176 1168 unitum
3204 1115 3442 1181 mitteret,

1847 1209 1902 1253 nt
1946 1201 2029 1254 det
2059 1206 2282 1257 animant
2326 1216 2471 1257 suam
2519 1222 2612 1275 pro
2644 1206 2819 1260 δαναιιὶ
2859 1210 2959 1260 vita
2985 1200 3035 1273 ';
3070 1216 3122 1260 iit
3153 1208 3316 1261 omnis
3356 1208 3445 1276 qui

1850 1290 2121 1347 crediderit
2150 1296 2200 1347 in
2241 1311 2351 1348 eum
2373 1338 2386 1361 ,
2417 1312 2517 1349 non
2548 1309 2742 1364 pereat,
2779 1294 2867 1351 sed
2903 1290 3082 1353 habeat
3112 1301 3266 1354 vitam
3297 1311 3447 1355 teter-

1848 1398 1991 1440 nam.
2024 1384 2136 1439 Nec
2165 1389 2296 1440 enim
2331 1388 2467 1442 misit
2490 1389 2623 1441 Deus
2648 1382 2843 1443 Filium
2873 1402 3022 1444 suum
3048 1386 3101 1445 in
3134 1393 3269 1445 hunc
3295 1408 3445 1445 ninn-

1852 1474 1974 1529 dum
2018 1489 2069 1531 ut
2089 1458 2290 1551 judicet
2320 1480 2591 1546 mundum,
2621 1476 2710 1535 sed
2751 1492 2803 1535 iit
2834 1483 3057 1536 salvetur
3098 1485 3316 1538 mundus
3357 1494 3447 1553 per

1850 1581 1988 1623 eum.
2015 1568 2143 1625 item
2170 1575 2219 1624 in
2246 1570 2540 1642 Evangelio
2566 1590 2578 1626 :
2615 1571 2772 1626 Pater
2794 1572 3255 1645 diligitFilium,et
3276 1575 3449 1629 omnia

1855 1662 1993 1716 dedit
2019 1666 2070 1717 in
2102 1676 2283 1719 manus
2328 1670 2457 1739 ejus.
2487 1666 2617 1721 Item
2663 1668 2716 1722 in
2744 1669 3045 1737 .EVangello
3078 1684 3089 1721 ξ
3125 1670 3274 1725 Sicut
3314 1671 3449 1725 enim

1860 1754 2018 1811 Pater
2044 1756 2193 1811 habet
2220 1760 2375 1813 vitam
2402 1760 2455 1812 in
2479 1762 2769 1830 semetipso,
2793 1758 2866 1816 sic
2894 1756 3037 1817 dedit
3064 1772 3108 1815 et
3126 1760 3263 1816 Filio
3294 1769 3447 1817 vitam

143 1853 273 1910 ideo
319 1868 418 1908 nos
473 1848 718 1907 Ecclesia
748 1851 845 1906 Dei
894 1860 1074 1905 sancta
1107 1862 1159 1905 et
1186 1848 1384 1904 Christi
1417 1848 1535 1918 ejus
1563 1860 1751 1903 omnes
1782 1838 1829 1904 B
1856 1848 2042 1905 habere
2072 1852 2122 1904 in
2152 1852 2508 1924 semetipsum,
2540 1864 2585 1907 et
2624 1864 2920 1925 potestatem
2948 1857 3085 1909 dedit
3112 1857 3157 1909 ei
3190 1858 3449 1925 judicium

141 1946 415 2019 primitias
450 1940 592 2000 Patri
637 1942 861 2011 damus,
898 1944 1211 2015 sequentias
1241 1958 1372 1999 vero
1408 1940 1577 2004 Filio:
1611 1944 1749 1997 sicut

142 2042 307 2096 etiam
332 2039 531 2093 Paulus
556 2038 834 2109 apuStolus
866 2038 983 2091 hiec
1010 2037 1189 2091 omnia
1237 2034 1477 2091 breviter
1504 2035 1749 2089 delinirit

143 2131 336 2185 dicens
365 2149 375 2184 :
408 2129 523 2185 Etsi
560 2115 678 2184 sunt
708 2130 781 2183 dii
811 2140 899 2183 aut
929 2129 1123 2183 domini
1168 2127 1273 2183 sive
1316 2128 1368 2181 in
1416 2129 1537 2181 cozlo
1566 2127 1670 2180 sive
1698 2128 1750 2179 in

144 2226 310 2288 terra,
341 2222 486 2275 nobis
518 2237 648 2275 unus
677 2231 751 2274 est
781 2220 920 2275 Deus
954 2231 1117 2291 pater,
1151 2236 1213 2274 ea;
1233 2228 1333 2286 quo
1363 2220 1553 2283 omnia,
1586 2229 1631 2271 et
1661 2234 1753 2273 nos

145 2330 203 2369 ex
229 2316 352 2384 ipso
382 2329 399 2367 :
436 2324 482 2368 et
517 2313 766 2368 Dominus
795 2311 978 2379 Jesus,
1028 2327 1117 2380 per
1151 2329 1298 2382 quem
1337 2310 1545 2374 omnia,
1577 2320 1621 2364 et
1661 2320 1751 2365 nos

145 2424 231 2479 per
258 2409 435 2475 ipsum
461 2414 507 2459 λ.
537 2405 672 2461 Nam
717 2405 787 2461 de
825 2406 907 2460 his
928 2447 942 2473 ,
972 2406 1064 2477 qui
1110 2421 1169 2459 se
1210 2404 1393 2459 dicunt
1420 2402 1752 2461 nrtliodoms

146 2518 291 2569 esse,
326 2501 419 2573 qui
449 2501 641 2557 Filium
667 2514 761 2571 per
784 2501 963 2556 omnia
992 2508 1047 2555 et
1076 2501 1126 2554 in
1152 2501 1403 2556 omnibus
1427 2510 1711 2571 comquant
1733 2497 1754 2530 ⁸

148 2596 260 2653 Deo
294 2601 457 2667 patri,
489 2606 541 2650 et
566 2594 828 2665 Spiritum
856 2603 1102 2649 sanctum
1133 2604 1395 2661 per.......

635 2702 1123 2763 FRAGMENTUM
1163 2704 1256 2761 lx.

355 2845 369 2858 .
413 2802 489 2858 ria
523 2808 622 2859 nos
648 2802 926 2857 infamant.
962 2800 1063 2857 Sed
1096 2800 1463 2857 Macedoniani
1492 2810 1608 2873 post
1640 2796 1757 2856 haec

148 2899 331 2955 omnia
361 2898 638 2966 corrigunt
675 2913 766 2962 se,
804 2896 858 2952 et
900 2894 1125 2951 dicunt:
1159 2892 1355 2951 Filium
1399 2894 1631 2950 similem
1665 2910 1758 2963 per

149 2991 333 3045 omnia
362 3001 419 3044 et
450 2990 502 3043 in
535 2988 787 3043 omnibus
822 2989 934 3043 Deo
966 2989 1109 3042 l‘atri
1142 3004 1264 3043 esse
1294 2984 1521 3041 dicimus
1544 2985 1570 3024 ι)
1600 3003 1612 3040 :
1650 2982 1754 3051 his,

150 3094 333 3137 autem
366 3084 454 3151 qui
496 3081 682 3136 dicunt
711 3097 832 3136 esse
861 3079 1217 3135 diﬂ'ereiitinm
1262 3076 1401 3134 inter
1433 3079 1612 3134 lumen
1667 3098 1760 3132 nzi—

151 3188 260 3233 tum
299 3186 354 3232 et
388 3177 530 3233 inter
559 3178 740 3232 lumen
764 3194 866 3231 non
898 3189 1103 3243 natum,
1138 3194 1241 3231 non
1267 3177 1750 3241 eominuiiicamus,

153 3271 276 3340 quia
317 3269 520 3322 nullam
554 3267 913 3325 dilTereiiti:im
947 3286 1067 3324 esse
1110 3266 1248 3324 inter
1282 3270 1445 3323 Deum
1488 3279 1669 3323 natum
1706 3277 1760 3324 et
1784 3235 1829 3298 Ο

154 3362 301 3418 inter
330 3362 499 3417 Deum
535 3378 638 3417 non
684 3375 866 3417 natum
912 3362 1139 3417 dicimus
1172 3380 1184 3416 ;
1218 3363 1441 3435 aequalis
1468 3358 1489 3393 ‘
1519 3363 1755 3429 honore,

159 3454 404 3528 teqiiales
432 3462 633 3511 virtute
662 3456 994 3524 Soziphanes
1030 3467 1051 3495 ο
1084 3456 1337 3527 princeps
1362 3470 1553 3511 eorum
1586 3455 1758 3526 scrip-

154 3551 242 3605 sit.
276 3548 363 3605 Ub
390 3548 493 3605 hoc
519 3552 680 3604 etiam
711 3561 976 3619 coguntur
996 3565 1024 3603 a
1054 3548 1229 3612 nobis,
1262 3554 1319 3602 ut
1345 3548 1634 3603 ostendant
1664 3564 1761 3603 no-

156 3643 237 3698 bis
269 3644 317 3697 si
364 3642 561 3712 scripta
593 3654 715 3696 sunt
744 3643 812 3698 de
855 3641 1015 3698 Patre
1044 3630 1104 3698 ea
1137 3656 1258 3712 quas
1285 3636 1486 3711 scripta
1530 3650 1657 3698 sunt
1695 3638 1761 3699 de

156 3732 299 3789 Filio
330 3730 357 3769 ά
388 3752 401 3786 :
435 3734 615 3788 dicant
636 3740 685 3789 ei
727 3733 1013 3788 ostendunt
1038 3732 1104 3789 de
1134 3734 1425 3805 Scripturis
1453 3735 1495 3789 si
1542 3734 1699 3789 Pater
1730 3752 1759 3789 a

156 3826 294 3882 Filio
325 3834 452 3881 ante
475 3826 673 3881 secula
704 3839 860 3881 natus
887 3826 978 3891 sit,
1002 3836 1056 3883 et
1078 3828 1256 3882 omnia
1278 3827 1434 3896 jussu
1465 3824 1485 3858 ⁵
1512 3826 1635 3881 Filii
1666 3826 1763 3881 Pa-

158 3930 239 3977 ter
269 3922 494 3982 fecerit,
522 3921 701 3975 omnia
730 3932 783 3976 et
810 3931 994 3992 regat:
1027 3931 1117 3975 aut
1148 3916 1191 3975 si
1221 3921 1359 3976 Deos
1388 3919 1547 3976 Pater
1588 3920 1764 3975 omni—

156 4025 356 4087 potens
383 4014 626 4069 minister
653 4014 870 4070 nuntius
900 4020 956 4071 et
982 4015 1237 4069 sacerdOs
1265 4012 1335 4069 sit
1364 4006 1489 4068 Filii
1518 4011 1602 4069 sui
1630 4030 1643 4069 :
1669 4021 1762 4068 aut

228 4134 243 4164 ³
287 4132 428 4187 Cod.
460 4132 667 4187 exaudi.

224 4204 247 4235 ²
286 4202 427 4259 Cod.
459 4202 678 4257 indicat.

227 4275 250 4306 ⁸
290 4276 427 4329 Cod.
459 4280 743 4344 coaequant.

228 4346 251 4375 ³
292 4347 371 4417 lia
396 4345 518 4401 cod.
553 4363 647 4415 pro
677 4347 922 4417 mortales.

231 4418 253 4491 ξ
292 4415 372 4491 I_t:i
397 4417 521 4491 cod.
553 4421 619 4471 At
647 4415 787 4474 infra
806 4421 988 4491 jussu.

234 4487 257 4520 ⁸
295 4487 433 4544 Cod.
468 4492 643 4542 vitam.

233 4612 259 4638 ἰ
302 4601 528 4656 Rectam
557 4603 713 4674 hujus
736 4604 837 4657 loci
869 4602 1466 4674 intelligentiamdocet
1496 4618 1593 4658 nos
1622 4602 1753 4659 Fer-

165 4674 372 4744 randits
400 4676 558 4742 epist.
587 4668 768 4729 Citsin.
800 4674 857 4729 π.
890 4674 941 4739 6,
976 4668 1159 4744 μ’Πά
1183 4705 1253 4715 ——
1276 4668 1398 4729 175.

232 4744 261 4782 b
303 4743 487 4813 Neque
510 4746 707 4801 idcircii
732 4743 1101 4802 Micedouiani
1130 4757 1329 4801 rectam
1351 4747 1418 4799 de
1439 4745 1576 4800 Filio
1601 4745 1759 4800 lltlcm

165 4814 469 4873 habebant.
497 4834 654 4885 quem
679 4818 930 4872 dicebant
957 4819 1295 4881 homteusion,
1319 4818 1501 4871 similis
1522 4817 1763 4870 substan-

165 4887 418 4958 ιὶωίιιοιι
447 4887 814 4949 Iiomoousion,
848 4890 1349 4944 consubstantialem.
1385 4888 1457 4941 ltu
1505 4890 1762 4958 Didymus

165 4957 232 5012 de
260 4957 413 5033 Trin.
447 4978 483 5023 t,
515 4960 611 5033 54:
629 4965 719 5015 Καὶ
744 4961 1048 5017 Μακεδονίου
1074 4961 1127 5017 δὲ
1152 4960 1343 5033 παῖδες
1366 4965 1434 5022 ὡς
1464 4966 1555 5016 τοῦ
1615 4961 1761 5033 ἁγίου

166 5031 481 5108 πνεύμᾳτος,
506 5030 640 5108 οὕτω
667 5037 751 5088 καὶ
774 5040 865 5089 τοῦ
887 5042 1188 5108 μονογενοῦς
1212 5039 1301 5093 τὴν
1329 5032 1472 5108 δόξαν
1493 5036 1548 5086 οὐ
1574 5030 1764 5108 σώζου·

167 5121 286 5165 σιν,
334 5102 705 5182 ὁμοιούσςιον
742 5114 814 5177 τῷ
850 5102 1132 5182 τὲαςρὶζκαὶ
1174 5109 1279 5182 aiax
1320 5105 1655 5182 ὁμοούσιον
1690 5105 1769 5159 λέ-

166 5194 346 5249 young
375 5177 544 5249 αὐτον.
582 5178 649 5249 ὡς
678 5180 896 5249 νοεῖσθαι
920 5176 996 5233 ait
1018 5176 1169 5239 ἄλλης
1197 5176 1375 5249 ὁμοίας
1402 5179 1584 5237 οὐσίας
1605 5178 1762 5231 ἐστίν.

245 5254 267 5281 ε
316 5245 636 5313 Sosiphzmis
680 5248 1186 5303 MiicedOuianuruiii
1225 5245 1507 5316 praecipui
1562 5248 1767 5302 nulluiu

170 5320 661 5390 exstatscriptiiin,
692 5334 753 5371 ac
780 5335 847 5372 ne
878 5322 1134 5374 memoria
1155 5319 1394 5390 quidem.
1428 5324 1486 5372 ut
1513 5334 1656 5372 reor.

204 5455 214 5464 .
242 5382 271 5420 ἀ
316 5386 563 5464 abutitur
596 5389 646 5441 in
679 5391 1029 5464 sequentibus
1051 5382 1285 5464 Aria'nus
1311 5397 1497 5464 auctor
1526 5390 1768 5464 Scriptu-

172 5456 251 5531 ris
288 5456 524 5531 _d_ivinis,
558 5476 675 5529 quie
706 5461 867 5514 modo
911 5477 1167 5531 personas
1198 5462 1569 5527 distinguunt,
1604 5459 1765 5513 modo

173 5525 242 5580 de
278 5526 494 5602 Christo
528 5525 668 5597 Deo,
702 5532 862 5586 modo
898 5525 965 5588 de
1007 5535 1224 5587 homine
1259 5525 1571 5602 loquuntur,
1608 5531 1768 5585 modo

173 5598 428 5653 attributa
459 5601 673 5657 diversa
707 5614 944 5657 narrant.
978 5605 1076 5657 Atii
1114 5598 1358 5658 Photiuiii
1392 5619 1419 5655 a
1452 5618 1533 5658 me
1565 5604 1768 5657 editum

175 5668 520 5738 Amphiloch.
553 5684 842 5729 ctsxxvnt.
884 5672 1130 5730 Breviter
1163 5676 1404 5736 Nicetas,
1450 5688 1501 5742 p.
1539 5672 1610 5729 6:
1646 5672 1771 5727 Hiec

180 5742 359 5816 o‘mnia
390 5744 785 5816 nonin/innuat
828 5743 1023 5800 Filium
1042 5784 1055 5806 .
1083 5762 1244 5816 neque
1271 5746 1585 5816 depretiant,
1626 5742 1715 5816 sed
1741 5760 1773 5798 a

185 5806 352 5866 Patre
388 5806 727 5885 distinguunt.
770 5815 848 5873 De
880 5816 964 5871 liis
1010 5806 1347 5873 Ariaiinrum'
1372 5806 1648 5872 fraudibus
1688 5815 1770 5871 lo-

1794 4478 1847 4537 D

1854 1943 2097 2012 faciendi.
2132 1945 2259 2000 Item
2290 1945 2340 2000 iii
2376 1947 2663 2018 Evangelii)
2692 1967 2703 2002 :
2737 1949 2873 2014 Quia
2901 1949 3132 2004 discmdi
3159 1950 3179 1982 "
3212 1949 3276 2005 de
3301 1953 3445 2019 caelo,

1853 2050 1954 2087 non
1990 2044 2048 2089 ut
2075 2038 2260 2107 faciam
2289 2038 2597 2094 voluntatem
2630 2052 2831 2106 meam,
2866 2041 2955 2096 sed
2980 2044 3291 2098 voluntatem
3313 2042 3446 2117 ejus,

1854 2128 1940 2197 qui
1968 2144 2046 2184 me
2078 2130 2237 2195 misit,
2275 2130 2446 2186 Patris
2483 2144 2506 2169 θ
2535 2151 2547 2185 :
2576 2124 2708 2187 Htt’c
2746 2146 2817 2188 est
2847 2140 3014 2188 alitem
3042 2130 3276 2189 voluntas
3305 2140 3417 2209 ejtts
3436 2179 3451 2205 ,

1855 2231 1910 2273 ut
1937 2238 2085 2274 omne
2101 2225 2237 2291 quod
2250 2224 2526 2279 deditmihi
2556 2224 2735 2287 Pater,
2763 2242 2865 2281 non
2891 2229 3100 2296 perdam
3125 2227 3253 2283 nihil
3286 2244 3347 2284 ex
3372 2246 3447 2296 eo,

1853 2315 1945 2367 sed
1984 2317 2282 2370 resuscitem
2311 2318 2332 2349 ⁸
2373 2318 2651 2372 novissinia
2692 2318 2792 2372 die.
2838 2318 2966 2374 item
3009 2323 3059 2375 in
3107 2321 3404 2392 Evangelia
3438 2342 3451 2377 :

1861 2403 1989 2458 llrec
2019 2412 2093 2459 est
2134 2410 2267 2461 enim
2304 2408 2542 2464 voluntas
2588 2408 2760 2465 Patris
2800 2411 2897 2465 mei
2918 2453 2932 2478 ,
2963 2412 3050 2482 qui
3080 2429 3158 2467 me
3186 2410 3356 2478 misit,
3403 2421 3456 2467 ut

1858 2499 2023 2552 omnis
2050 2501 2136 2569 qui
2163 2500 2293 2554 videt
2326 2500 2542 2567 Filium,
2576 2513 2622 2557 et
2654 2500 2815 2558 credit
2845 2506 2895 2558 in
2927 2516 3061 2570 eum,
3094 2505 3273 2562 habeat
3296 2502 3451 2562 vitam

1858 2601 2104 2646 wternam
2132 2609 2151 2648 :
2179 2604 2224 2649 et
2246 2596 2560 2650 resuscitabo
2588 2613 2679 2667 ego
2708 2608 2993 2653 eum.......

2356 2706 2833 2767 FRAGMENTUM
2878 2702 2948 2768 Χ.

1935 2840 1947 2852 .
1996 2839 2009 2854 .
2055 2840 2069 2853 .
2116 2838 2129 2853 .
2176 2842 2188 2853 .
2236 2842 2250 2856 ,
2296 2840 2310 2854 .
2358 2801 2498 2859 Deus
2528 2800 2721 2858 Filium
2770 2812 2923 2859 Situm
2957 2800 3176 2861 mittens
3216 2796 3267 2862 in
3309 2800 3459 2862 sitni-

1862 2892 2141 2949 litudinein
2191 2898 2371 2951 carnis
2419 2897 2668 2967 peccati,
2712 2909 2767 2953 et
2806 2898 2872 2954 de
2915 2909 3137 2970 peccato
3185 2902 3462 2956 damnavit

1864 2998 2162 3059 peccatum.
2196 2989 2324 3046 ltem
2353 2991 2552 3046 Paulus
2579 2991 2857 3061 apostolus
2884 3011 2897 3046 :
2932 2988 3008 3047 Ad
3033 2997 3053 3028 ’
3081 2995 3165 3049 ubi
3195 2995 3324 3048 venit
3350 2997 3461 3061 ple-

1863 3080 2041 3136 nitudo
2073 3084 2347 3153 temporis,
2391 3086 2525 3139 misit
2557 3078 2694 3139 Deus
2725 3079 2924 3139 Filium
2968 3104 3119 3140 suum
3146 3082 3340 3156 factum
3374 3102 3465 3156 per

1860 3174 2143 3229 mulierem.
2186 3172 2249 3231 Et
2292 3174 2393 3231 alia
2426 3178 2593 3232 millia
2621 3178 2746 3232 talia
2781 3174 3055 3249 Scriptura
3088 3180 3265 3234 divma
3301 3178 3457 3234 nobis

1870 3267 2108 3322 tradidit.
2140 3264 2441 3324 OSICIIdztlll
2463 3268 2619 3326 nobis
2649 3269 2666 3308 τ
2692 3287 2823 3340 ergo
2853 3266 3250 3339 Maceduiiiaiii,
3277 3264 3465 3326 dicunt

1868 3358 2065 3413 Filium
2102 3376 2196 3429 per
2223 3364 2401 3415 omnia
2432 3371 2485 3417 et
2517 3364 2567 3417 in
2616 3363 2867 3418 omnibus
2900 3358 3165 3434 aequalem
3205 3379 3326 3419 esse
3352 3363 3464 3418 Deo

1868 3450 2035 3518 Patri,
2061 3462 2113 3507 et
2141 3452 2193 3507 hi
2222 3455 2381 3508 etiam
2415 3455 2505 3525 qui
2538 3471 2595 3510 se
2626 3452 2810 3511 dicunt
2835 3471 2957 3511 esse
2988 3455 3343 3521 orthodoxos,
3373 3448 3463 3524 qui

1870 3550 1977 3601 non
2010 3546 2182 3600 solum
2225 3542 2417 3601 Filium
2442 3557 2726 3618 eomqiiant
2774 3544 2945 3615 Patri,
2978 3540 3071 3603 sed
3125 3547 3286 3603 etiam
3342 3546 3465 3615 Spi-

1869 3634 2030 3694 ritum
2077 3651 2321 3695 sanctum
2350 3658 2445 3712 per
2484 3638 2664 3697 omnia
2711 3654 2759 3696 et
2794 3642 2845 3696 iii
2893 3638 3144 3697 omnibus
3182 3648 3468 3713 coaequant

1867 3725 2011 3786 Patri
2044 3743 2095 3786 et
2127 3731 2297 3798 Filio,
2332 3734 2374 3787 si
2404 3730 2601 3788 alicubi
2645 3735 2906 3803 scriptum
2940 3745 3062 3789 est:
3094 3734 3183 3791 Sic
3212 3736 3357 3789 enim
3386 3730 3462 3788 di-

1865 3826 1994 3881 lexit
2021 3824 2163 3881 Deus
2210 3825 2349 3880 hunc
2399 3824 2693 3891 mundum,
2734 3836 2791 3880 ut
2834 3825 3045 3881 Patrem
3088 3826 3243 3881 suum
3291 3827 3471 3881 mitte-‘-

1864 3925 1949 3973 ret
1981 3924 2029 3983 8,
2080 3925 2138 3971 ut
2182 3917 2274 3973 det
2320 3919 2556 3973 animam
2607 3933 2758 3974 suam
2806 3936 2903 3990 pro
2953 3920 3136 3974 smctili
3188 3920 3298 3973 vita
3342 3917 3385 3949 ¹⁰
3410 3926 3468 3972 ut

1866 4011 2044 4065 omnis
2074 4009 2139 4074 ¹¹,
2174 4011 2262 4082 qiii
2290 4008 2586 4067 crediderit
2615 4011 2666 4066 in
2698 4028 2844 4078 eum,
2881 4029 2986 4068 non
3019 4008 3335 4084 pereat,sed
3365 4010 3464 4067 ha-

1941 4129 1962 4160 "
2000 4129 2076 4184 ita
2103 4128 2226 4183 cod.
2259 4128 2313 4182 di
2342 4144 2438 4197 pro
2466 4129 2549 4195 de,
2583 4138 2641 4183 ut
2669 4128 2832 4184 infra.

1944 4200 1966 4232 ⁸
2002 4198 2136 4255 (30d.
2179 4200 2464 4255 resuscitet.

1942 4274 1963 4305 '
2002 4271 2076 4326 ita
2104 4270 2226 4325 cod.
2260 4280 2358 4339 pro
2379 4280 2452 4325 at.

1944 4343 1986 4374 ‘°
2024 4344 2158 4398 Cod.
2187 4345 2361 4409 vitam,
2387 4344 2482 4399 sed
2509 4359 2559 4397 m
2578 4342 2795 4399 videtur
2816 4343 3015 4399 deleta.

1946 4415 1987 4447 ¹¹
2031 4415 2163 4470 Cod.
2190 4432 2383 4471 omnes.

1861 4602 2046 4671 quitur
2075 4601 2239 4656 etiam
2265 4600 2499 4658 Hilarius
2525 4601 2592 4655 de
2622 4600 2775 4671 Triun.
2807 4615 2895 4671 sit,
2918 4599 2969 4653 6.
3002 4600 3346 4671 Objectiones
3374 4619 3467 4659 iiu-

1866 4641 1971 4728 rem
2003 4670 2377 4727 il;l'.l'elit'0l'llltl
2406 4673 2670 4726 adversus
2701 4668 2824 4726 Filii
2848 4641 3189 4727 iiiviiiitaiein
3212 4691 3276 4728 ex
3303 4641 3467 4729 bibli-

1864 4746 1942 4799 cis
1972 4746 2334 4797 locationibus
2363 4745 2575 4810 petitas,
2608 4744 2816 4813 prolixe
2843 4742 3041 4799 refutat
3065 4743 3321 4815 Didymus
3347 4758 3458 4801 toto

1867 4816 2004 4870 libro
2033 4817 2196 4868 tertio
2226 4815 2294 4869 de
2319 4815 2603 4870 Trinitate.

1942 4898 1965 4924 θ
2005 4886 2335 4954 Augustinus
2382 4895 2568 4941 contra
2617 4885 2894 4940 Maxiiniii.
2930 4902 3000 4949 ti,
3032 4886 3121 4946 ‘20.
3156 4888 3342 4943 relatis
3387 4882 3468 4944 liis

1871 4960 2053 5014 verbis
2081 4960 2156 5011 ait
2184 4976 2196 5010 :
2237 4958 2411 5012 Potest
2438 4960 2601 5028 accipi
2631 4958 2913 5010 secundum
2940 4959 2994 5010 id
3022 4960 3158 5026 quod
3185 4969 3258 5012 est
3285 4960 3467 5028 unige-

1875 5030 2043 5083 nitum
2079 5028 2333 5093 Verbum;
2358 5038 2410 5083 ut
2447 5028 2564 5083 ideo
2602 5029 2913 5082 voluntatem
2946 5047 3047 5083 non
3089 5044 3235 5082 suam
3281 5027 3471 5083 dixerit

1874 5118 2004 5166 esse,
2021 5100 2110 5153 sed
2147 5099 2335 5166 Patris,
2366 5101 2605 5166 quoniam
2627 5100 2690 5153 de
2721 5098 2879 5155 Patre
2908 5112 2978 5153 est
3006 5100 3254 5224 quidlquid
3273 5108 3351 5155 est
3378 5096 3472 5155 Fi-

1874 5173 2009 5224 lius:
2042 5189 2142 5223 non
2166 5182 2335 5224 autem
2358 5183 2428 5224 est
2450 5174 2514 5224 de
2547 5170 2685 5224 Filio
2707 5170 2957 5224 auidaui'd
2996 5180 3071 5224 est
3164 5182 3272 5224 ater
3296 5208 3308 5224 ι
3362 5184 3467 5224 etc.

1872 5173 2009 5235 lius;
2042 5189 2142 5223 non
2166 5182 2335 5224 autent
2358 5183 2428 5224 est
2450 5174 2514 5224 de
2547 5170 2685 5225 Filio
2707 5170 2957 5241 quidquid
2996 5180 3071 5225 est
3114 5170 3308 5235 Pater,
3362 5184 3467 5228 etc.

1874 5241 1998 5296 Non
2037 5242 2316 5296 absurdam
2354 5253 2426 5296 est
2459 5256 2655 5299 tamen.
2692 5252 2747 5295 ut
2787 5246 2937 5295 etiam
2965 5241 3063 5295 hoc
3100 5244 3378 5297 secundum
3419 5245 3475 5298 id

1907 5313 2007 5367 uad
2038 5317 2187 5367 homo
2220 5317 2384 5381 factus
2416 5325 2519 5374 est.
2553 5314 2745 5367 dixisse
2774 5314 3082 5379 accipiatur.
3124 5315 3257 5367 Cum
3294 5318 3474 5384 priere

1907 5332 2007 5367 uoa
2038 5332 2187 5367 nomo
2220 5332 2384 5381 ιαεωδ
2416 5332 2519 5374 est.
2553 5332 2745 5367 uixisse
2774 5332 3082 5379 accipiatur.
3124 5332 3257 5367 bum
3294 5332 3473 5384 priore

1869 5332 2159 5456 Xllgllslilli
2201 5385 2464 5438 sententia
2496 5384 2773 5453 conspirat
2819 5384 3073 5438 Paulinus
3106 5386 3473 5451 Aquileiensis

1877 5455 2069 5525 contra
2103 5455 2367 5521 Felicem,
2401 5472 2477 5517 Ill,
2514 5457 2575 5519 7;
2610 5456 2702 5509 sed
2732 5457 2985 5525 dissentit
3014 5471 3042 5508 a
3079 5456 3399 5524 posteriore.

1958 5527 1975 5565 ί
2019 5522 2217 5581 Murem
2255 5533 2392 5580 hunc
2426 5531 2753 5581 Arianorum
2795 5520 3100 5593 exagitandi
3134 5528 3476 5583 adversarios

1880 5600 2045 5654 variis
2071 5599 2585 5669 interrogationibus
2628 5597 2865 5669 exhibet
2890 5598 3043 5651 nobis
3075 5600 3281 5669 prolixe
3310 5602 3473 5655 etiiui

1880 5670 2106 5742 Rulinus
2147 5668 2213 5724 tle
2259 5662 2351 5742 lld.
2382 5684 2501 5740 cap.
2532 5667 2631 5737 52,
2663 5684 2745 5739 sq.
2780 5662 2868 5739 qui
2906 5677 2961 5724 et
2996 5662 3185 5725 eorum
3222 5674 3475 5742 peracuta

1880 5741 2216 5813 sophismata
2236 5741 2415 5813 multa
2443 5742 2705 5813 coarguit.

1960 5808 1987 5862 ι
2026 5810 2144 5867 lam
2216 5808 2612 5867 demonstravit
2681 5808 3010 5883 Augustinus
3076 5814 3255 5872 "contr.
3319 5816 3483 5874 'serm.
