3950 6350
592 312 711 369 615·

590 429 717 485 heat
743 429 904 484 vitam
932 438 1189 483 :eternam
1223 447 1237 483 :
1269 446 1377 485 non
1414 430 1558 485 enim
1590 428 1738 483 misit
1767 428 1937 485 Filius
1965 428 2181 483 Patrem

590 538 781 588 suum,
817 533 874 576 ut
899 521 1104 591 judicet
1135 523 1392 577 mumlum
1416 565 1430 589 ,
1473 521 1569 578 sed
1599 530 1657 577 ut
1686 522 1923 577 salvetur
1952 521 2188 577 mundus

591 634 688 689 per
714 632 858 672 eum.
888 615 1191 673 Ostendant
1231 618 1389 674 nobis
1418 618 1677 687 scriptum
1707 630 1827 671 esse
1860 634 1874 669 :
1913 615 2187 671 Conliteor

589 711 705 774 tibi,
734 707 857 777 Fili,
881 709 1100 766 domine
1127 710 1250 767 caeli
1280 721 1333 767 et
1363 712 1684 782 terrae,quia
1713 709 2043 767 abscondisti
2068 710 2186 767 haec

585 820 616 861 a
645 805 987 875 sapientibus
1013 815 1067 860 et
1091 805 1446 875 prudentibus
1472 816 1527 860 et
1554 806 1805 861 revelasti
1830 820 1893 861 ea
1924 804 2182 876 parvulis.

587 899 687 966 Ita,
713 899 846 967 Fili,
873 900 997 971 quia
1026 902 1106 957 sic
1145 903 1343 972 placuit
1373 903 1512 958 hana
1541 902 1787 957 voluntas
1831 911 1919 957 tua
1950 911 2075 956 ante
2110 912 2180 956 te.

585 991 792 1064 Legant
821 993 869 1047 si
892 992 1051 1049 nobis
1078 994 1338 1064 scriptum
1372 1003 1455 1050 est
1488 1010 1500 1048 :
1531 993 1700 1049 Filius
1723 993 1898 1065 diligit
1943 994 2181 1060 Patrem,

586 1094 641 1141 et
669 1085 850 1141 omnia
884 1084 1037 1140 dedit
1072 1085 1128 1141 in
1156 1101 1347 1141 manus
1383 1086 1523 1155 ejus.
1552 1086 1790 1142 Prabent
1825 1085 2015 1151 nobis,
2047 1085 2185 1141 seri-

588 1187 738 1248 ptum
768 1187 852 1233 est
882 1196 896 1231 :
929 1178 1075 1233 Sicut
1108 1179 1251 1234 enim
1281 1178 1452 1234 Filius
1493 1178 1658 1235 habet
1696 1180 1859 1234 vitam
1892 1179 1946 1234 in
1983 1188 2184 1235 semet-

585 1268 795 1339 ipsum,
837 1269 918 1326 sic
964 1270 1115 1326 dedit
1143 1271 1290 1327 Patri
1334 1287 1432 1328 suo
1470 1271 1671 1328 habere
1709 1272 1871 1326 vitam
1900 1271 1953 1326 in
1982 1280 2184 1329 semet-

584 1364 761 1436 ipsum
794 1382 809 1419 :
839 1374 893 1420 et
913 1373 1235 1435 potestatem
1262 1366 1412 1421 dedit
1438 1368 1486 1421 ei
1510 1366 1773 1437 judicium
1799 1367 2050 1423 faciendi.
2076 1370 2185 1423 Aut

581 1458 629 1514 si
673 1460 912 1528 poterint
940 1459 1227 1515 ostendere
1264 1461 1560 1530 scriptum,
1607 1460 1741 1529 Quia
1790 1460 2031 1516 discendi
2066 1463 2080 1492 ¹
2112 1461 2181 1517 de

581 1552 723 1608 caelo
744 1592 759 1617 ,
811 1568 919 1608 non
955 1561 1014 1608 ut
1040 1552 1232 1608 faciam
1259 1553 1590 1608 voluntatem
1624 1568 1799 1609 meam
1819 1596 1833 1620 ,
1861 1554 1955 1608 sed
1990 1553 2181 1608 volun-

589 1653 753 1700 tatem
785 1643 902 1715 ejus
929 1644 1020 1717 qui
1048 1659 1136 1700 me
1165 1644 1311 1700 misit
1345 1645 1438 1699 lilii
1474 1645 1619 1700 mei:
1650 1645 1766 1701 huc
1795 1654 1877 1701 est
1903 1646 2048 1701 enim
2086 1660 2180 1701 vo-

591 1738 772 1794 luntas
795 1740 933 1810 ejus,
960 1750 1013 1794 ut
1031 1755 1195 1795 omne
1214 1741 1235 1771 ¹
1261 1739 1405 1811 quod
1422 1739 1570 1795 dedit
1587 1741 1716 1795 mihi
1741 1738 1905 1805 ﬁlius,
1925 1754 2030 1795 non
2057 1757 2179 1811 per-

578 1834 702 1889 dam
735 1834 865 1889 nihil
902 1850 967 1890 ex
1004 1850 1093 1901 eo,
1132 1834 1229 1890 sed
1277 1836 1593 1889 resuscitem
1636 1849 1760 1889 eum
1794 1838 1845 1889 in
1878 1835 2172 1891 novissima

578 1926 687 1981 die.
731 1925 862 1982 Item
896 1926 1079 1997 legant
1118 1926 1276 1981 nobis
1307 1927 1526 1981 :Omnis
1550 1926 1570 1957 ³
1596 1926 1687 1996 qui
1715 1925 1868 1981 audit
1897 1926 2091 1981 Filium
2120 1937 2173 1983 et

576 2017 789 2080 didicit,
810 2019 959 2074 venit
979 2017 1044 2073 ad
1069 2034 1186 2083 me;
1216 2034 1323 2072 non
1347 2017 1470 2089 quia
1493 2018 1691 2073 Filium
1713 2018 1844 2073 vidit
1864 2020 2170 2090 quisquam,

576 2113 678 2168 nisi
706 2112 798 2182 qui
828 2120 912 2168 est
941 2128 1006 2168 ex
1037 2113 1174 2183 ipso,
1212 2112 1297 2167 hic
1326 2111 1463 2167 vidit
1492 2110 1711 2167 Filium.
1742 2112 2044 2168 Ostendant
2075 2128 2172 2169 no-

576 2205 689 2272 bis,
736 2206 994 2275 scriptum
1032 2214 1116 2261 est
1146 2222 1158 2259 :
1192 2206 1305 2261 Mea
1337 2204 1581 2260 doctrina
1625 2221 1732 2261 non
1778 2217 1861 2261 est
1890 2222 2041 2276 mea,
2073 2208 2170 2263 sed

570 2298 724 2368 ejus,
765 2296 858 2369 qui
899 2313 988 2354 me
1033 2299 1211 2362 misit,
1247 2297 1365 2352 Filii
1415 2298 1541 2355 mei.
1587 2299 1691 2354 Aut
1744 2300 1973 2369 probent
2012 2300 2170 2357 nobis

568 2391 829 2461 scriptum
877 2405 1044 2447 esse:
1079 2391 1376 2461 Propterea
1420 2390 1590 2447 Filius
1633 2407 1790 2448 meus
1832 2392 2006 2465 diligit
2049 2410 2165 2460 me,

566 2484 693 2554 quia
735 2499 878 2555 pono
917 2485 1151 2540 animam
1201 2500 1411 2551 meam,
1444 2495 1499 2540 et
1527 2486 1723 2541 iterum
1751 2501 1960 2541 sumam
1990 2486 2164 2542 illam.

565 2574 736 2632 Nemo
766 2578 903 2632 tollit
924 2578 1068 2632 illam
1090 2592 1119 2632 a
1144 2593 1250 2644 me,
1265 2577 1359 2634 sed
1377 2593 1477 2647 ego
1507 2594 1702 2647 ponam
1729 2595 1849 2635 eam
1876 2596 1904 2633 a
1931 2588 2161 2635 memet-

568 2670 687 2739 ipso
718 2688 731 2724 :
762 2680 1082 2739 potestatem
1112 2669 1286 2727 habeo
1312 2671 1547 2741 ponendi
1585 2686 1729 2738 eam,
1752 2683 1807 2727 et
1839 2681 2161 2742 potestatem

564 2760 739 2819 habeo
776 2762 1021 2819 sumendi
1053 2779 1204 2830 eam;
1239 2763 1340 2819 hoc
1366 2764 1510 2819 enim
1553 2775 1884 2835 prmceptum
1916 2782 1944 2820 a
1979 2765 2157 2821 ﬁlio...

1047 2854 1532 2913 FRAGMENTUM
1573 2856 1668 2913 XI.

636 2988 650 3004 .
700 2987 713 3003 .
759 2990 771 3002 .
818 2988 832 3003 .
877 2986 892 3004 .
941 2990 953 3003 .
1001 2990 1015 3005 .
1060 2990 1074 3005 .
1119 2990 1133 3005 .
1175 2949 1307 3006 Item
1339 2952 1391 3006 in
1435 2951 1682 3021 psalmo:
1716 2950 1866 3007 Beati
1892 2953 1979 3022 qui
2007 2953 2157 3007 habi-

562 3051 673 3096 tant
709 3041 764 3097 in
808 3041 1021 3097 domum
1063 3050 1205 3098 tuam
1233 3042 1283 3097 ‘l
1315 3045 1369 3098 in
1409 3045 1602 3099 sarcula
1639 3047 1946 3099 saeculorum
1976 3046 2159 3120 lauda-

559 3136 684 3192 bunt
712 3147 779 3193 te.
808 3136 939 3193 Item
970 3138 1022 3193 in
1053 3137 1349 3210 Evangelia
1380 3158 1393 3193 :
1431 3136 1497 3194 Ut
1523 3139 1544 3170 ⁵
1570 3138 1737 3193 omnis
1766 3140 1854 3210 qui
1879 3139 2157 3193 crediderit

556 3230 612 3284 in
642 3246 791 3297 eum,
833 3247 934 3285 non
981 3240 1183 3300 pereat,
1229 3234 1320 3286 sed
1358 3230 1543 3288 habeat
1572 3233 1729 3287 vitam
1757 3242 2019 3288 wternam.
2066 3233 2157 3289 Sic

556 3321 691 3376 enim
721 3321 903 3377 dilexit
925 3321 1066 3378 Deus
1089 3321 1230 3378 hunc
1256 3324 1527 3390 mundum,
1552 3336 1607 3378 ut
1638 3323 1683 3378 Ε
1687 3326 1836 3379 ilium
1862 3342 2010 3381 suum
2041 3328 2157 3380 uni-

556 3401 673 3468 cum
711 3414 969 3483 mitteret;
1014 3424 1071 3470 ut
1112 3417 1282 3471 omnis
1312 3418 1401 3487 qui
1438 3417 1712 3473 crediderit
1752 3420 1807 3472 in
1854 3436 2006 3487 eum,
2053 3436 2157 3474 non

556 3515 749 3577 pereat,
779 3508 869 3561 sed
890 3506 1070 3564 habeat
1098 3510 1254 3563 vitam
1283 3518 1547 3566 cateruam.
1576 3509 1708 3565 Item
1740 3511 1792 3565 in
1824 3511 2113 3581 Evangelia
2139 3529 2152 3566 :

560 3600 664 3667 Qui
694 3602 846 3656 unico
873 3601 1033 3657 credit
1063 3601 1223 3671 Filio,
1258 3604 1405 3659 habet
1429 3606 1587 3660 vitam
1624 3616 1869 3660 arternam
1899 3622 1917 3660 :
1945 3607 2032 3675 qui
2054 3621 2157 3659 non

555 3693 716 3747 credit
746 3692 907 3759 Filia,
933 3711 1037 3750 non
1062 3696 1248 3750 videbit
1271 3698 1447 3764 vitam,
1471 3698 1562 3752 sed
1582 3699 1662 3752 ira
1696 3697 1793 3753 Dei
1816 3698 2039 3753 manebit
2060 3716 2151 3752 su-

555 3801 647 3857 per
668 3801 801 3839 eum.
836 3786 968 3841 Item
1002 3787 1055 3841 in
1086 3786 1380 3858 Evangelia
1406 3807 1418 3842 :
1454 3789 1738 3862 Respondit
1764 3788 1918 3844 Iesus
1948 3801 1996 3844 et
2017 3790 2148 3845 dixit

555 3878 601 3932 ei
624 3893 643 3932 :
672 3877 854 3932 Omnis
878 3880 967 3950 qui
993 3880 1121 3934 bibet
1143 3881 1205 3935 de
1231 3898 1367 3951 aqua
1393 3882 1511 3948 hac,
1539 3883 1673 3937 sitiet
1696 3884 1881 3938 iterum
1905 3900 1922 3937 :
1952 3885 2038 3953 qui
2058 3901 2154 3937 au-

555 3981 655 4026 tem
686 3971 864 4026 biberit
889 3971 956 4027 de
980 3989 1135 4041 aqua,
1163 3991 1318 4043 quam
1341 3975 1361 4006 ⁸
1389 3992 1482 4046 ego
1512 3975 1642 4031 dabo
1664 3978 1733 4043 ei,
1764 3994 1868 4032 non
1895 3977 2028 4032 sitiet
2056 3979 2108 4031 in
2133 3978 2153 4010 ⁷

552 4073 778 4131 attento;
815 4066 904 4119 sed
934 4065 1030 4122 erit
1064 4075 1113 4121 et
1146 4068 1262 4139 fons
1304 4083 1453 4137 aqua:
1478 4068 1707 4124 salientis
1735 4070 1789 4122 in
1814 4070 1968 4124 vitam
2005 4080 2155 4125 teter-

553 4173 693 4213 nam.
727 4157 858 4213 Item
890 4158 942 4214 in
979 4158 1278 4232 Evangelia
1304 4177 1318 4213 :
1350 4160 1454 4229 Qui
1482 4170 1663 4229 metet,
1698 4161 1982 4216 mercedem
2014 4164 2154 4217 acci-

549 4250 664 4322 pit;
691 4260 740 4306 et
765 4253 853 4324 qui
880 4264 1116 4325 congeret
1138 4294 1154 4318 ,
1196 4254 1423 4324 fructum
1452 4254 1505 4308 in
1534 4254 1688 4308 vitam
1715 4264 1980 4310 azternam.
2020 4254 2150 4311 Item

549 4346 603 4399 in
637 4344 930 4416 Evangelia
967 4364 981 4400 :
1022 4347 1215 4416 Amen,
1247 4364 1397 4404 amen
1430 4347 1545 4404 dico
1574 4348 1713 4404 vobis
1738 4391 1752 4416 ,
1781 4350 2025 4420 quoniam
2064 4349 2151 4418 qui

547 4436 753 4491 verbum
779 4455 947 4493 meum
974 4440 1142 4509 audit,
1175 4452 1220 4496 et
1242 4442 1406 4497 credit
1445 4444 1493 4498 ei
1536 4444 1625 4515 qui
1667 4460 1745 4499 me
1784 4444 1962 4511 misit,
1998 4432 2150 4498 habet

547 4531 702 4584 vitam
728 4541 1005 4599 arternam;
1040 4544 1087 4589 et
1104 4536 1369 4611 judicium
1405 4539 1427 4570 ⁸
1456 4554 1558 4593 non
1584 4539 1781 4605 veniet,
1810 4538 1900 4593 sed
1916 4537 2143 4593 transiet

1084 308 1515 369 MONUMENTA
1557 310 1839 368 VETERA
1879 310 1971 367 AD
2013 309 2417 370 ARIANORUII
2456 311 2852 370 DOCTRINAM
2892 312 3368 373 PERTINENTIA.

3743 319 3828 377 618

2211 431 2267 493 Α
2290 445 2399 497 sus,
2436 430 2618 497 Amen,
2659 447 2808 486 amen
2837 432 2953 486 dico
2994 432 3167 500 vobis,
3211 449 3314 488 non
3337 432 3535 504 Moyses
3562 432 3687 488 dedit
3718 436 3826 492 vobis

2285 540 2473 592 panem
2513 523 2576 578 de
2605 524 2771 591 caelo;
2801 525 2891 579 sed
2927 523 3089 580 Pater
3115 543 3255 581 meus
3291 526 3373 581 dat
3409 526 3545 581 vobis
3587 544 3745 595 panem
3778 531 3827 583 de

2286 616 2410 671 ctelo
2431 616 2577 670 illum
2603 633 2798 672 verum.
2827 614 2929 672 Ille
2960 627 3035 673 est
3062 618 3196 673 enim
3214 618 3358 689 panis
3382 619 3466 685 qui
3501 619 3727 673 discendit
3744 622 3827 676 ’de

2286 709 2430 772 cwlo,
2457 719 2501 763 et
2523 710 2676 764 vitam
2705 709 2794 763 dat
2821 709 2941 764 huic
2968 709 3181 767 mundo.
3210 712 3467 766 Dixerunt
3493 727 3607 782 ergo
3627 712 3688 765 ad
3707 726 3827 786 eum;

2286 800 2530 866 Domine,
2555 804 2622 856 da
2648 804 2792 859 nobis
2813 803 2950 857 hunc
2981 821 3188 875 panem.
3218 803 3286 859 Et
3314 805 3444 860 dixit
3469 806 3540 861 eis
3566 805 3703 862 Iesus
3722 825 3737 861 :
3754 824 3823 879 ego

2285 912 2399 950 sum
2430 897 2575 965 panis
2615 897 2764 961 vitm;
2789 897 2875 966 qui
2917 898 3050 951 venit
3078 897 3148 951 ad
3190 915 3297 967 me,
3339 914 3441 953 non
3465 899 3823 971 esuriet;etqui

2284 989 2446 1043 credit
2475 990 2527 1043 in
2558 1006 2658 1056 me,
2684 1005 2789 1044 non
2814 990 2950 1046 sitiet
2977 1007 3239 1062 umquam.

2356 1080 2486 1135 Item
2525 1081 2577 1136 in
2607 1081 2919 1151 evangelio:
2972 1081 3100 1137 Haec
3129 1092 3201 1137 est
3231 1091 3403 1137 autem
3429 1084 3653 1140 voluntas
3681 1084 3820 1142 Patris

2285 1174 2382 1229 mei
2410 1175 2497 1245 qui
2519 1191 2599 1229 me
2621 1176 2783 1241 misit,
2832 1185 2886 1229 ut
2918 1177 3085 1230 omnis
3108 1178 3197 1244 qui
3224 1178 3350 1231 vidit
3379 1178 3541 1247 ﬁliuni
3565 1186 3609 1232 et
3635 1181 3768 1234 credit
3781 1182 3820 1235 in

2282 1284 2419 1333 eum,
2440 1268 2623 1324 habeat
2654 1268 2807 1322 vitam
2833 1278 3106 1335 cateruam;
3138 1279 3184 1323 et
3214 1285 3305 1340 ego
3318 1270 3621 1324 resuscitabo
3665 1288 3758 1325 eum
3779 1272 3819 1325 in

2284 1362 2557 1417 novissima
2569 1362 2807 1418 die.Item
2827 1361 2879 1416 in
2898 1362 3185 1433 Evangelia
3198 1379 3217 1417 :
3237 1364 3564 1428 Amen,amen
3580 1364 3682 1418 dico
3694 1365 3815 1433 vobis,

2282 1455 2371 1524 qui
2413 1453 2576 1508 credit
2615 1455 2670 1509 in
2698 1470 2775 1508 me
2801 1453 2947 1509 habet
2973 1456 3129 1509 vitam
3158 1464 3424 1509 aeternam.
3451 1452 3575 1510 Item
3600 1455 3647 1510 in
3680 1456 3817 1510 Evan-

2280 1548 2423 1617 gelia
2448 1564 2459 1600 :
2495 1546 2604 1618 Ego
2630 1563 2743 1600 sum
2763 1548 2910 1618 panis
2938 1548 3099 1614 vivus,
3130 1548 3217 1618 qui
3241 1548 3472 1604 discendi
3493 1549 3533 1580 ¹⁰
3554 1548 3613 1602 de
3629 1552 3749 1613 calo,
3773 1558 3815 1603 ut

2281 1641 2326 1694 si
2370 1642 2482 1711 quis
2530 1642 2910 1695 manducauerit
2949 1657 3013 1695 ea:
3040 1640 3139 1695 hoc
3167 1658 3321 1711 pane,
3359 1643 3490 1696 vivat
3511 1643 3561 1697 in
3596 1653 3811 1697 (sternunt.

2281 1732 2411 1788 Item
2440 1736 2490 1787 in
2522 1733 2808 1804 Evangelia
2830 1750 2849 1788 :
2881 1734 2986 1801 Qui
3030 1735 3307 1789 manducat
3342 1734 3476 1790 hunc
3520 1753 3698 1805 partem,
3723 1737 3813 1791 vivit

2204 1820 2250 1880 Β
2278 1826 2330 1878 in
2358 1833 2625 1879 internum.
2656 1826 2785 1881 Item
2818 1826 2867 1879 iu
2904 1825 3194 1898 Evangelia
3226 1844 3238 1881 :
3274 1828 3381 1895 Qui
3409 1831 3665 1883 manducat
3686 1844 3811 1883 meum

2275 1935 2476 1972 carnem
2492 1929 2537 1972 et
2554 1919 2684 1973 bibet
2703 1919 2741 1950 ¹¹
2760 1936 2930 1974 meum
2941 1921 3416 1991 sanguinem,habet
3435 1924 3579 1977 vitam
3596 1932 3806 1977 internum.

2277 2012 2407 2068 ltem
2432 2012 2486 2067 iu
2515 2012 2808 2085 Evangelia
2832 2030 2851 2069 :
2877 2014 2978 2081 Qui
2999 2024 3117 2069 sunt
3143 2032 3205 2070 ea:
3233 2017 3469 2072 omnibus
3494 2018 3535 2049 ¹¹
3559 2018 3724 2073 meis...

2757 2106 3235 2164 FRAGMENTUM
3266 2107 3386 2165 XII.

2513 2199 2707 2254 Tollite
2755 2210 2929 2272 portas
2970 2202 3226 2270 principes
3268 2203 3462 2270 vestri;
3507 2211 3553 2259 et
3591 2200 3807 2257 elevamini

2272 2303 2433 2361 porta:
2458 2295 2744 2359 wternules,
2775 2304 2822 2348 et
2856 2295 3084 2350 introivit
3115 2295 3158 2327 ¹³
3188 2312 3279 2351 rea:
3303 2298 3504 2370 gloriae.
3526 2297 3638 2365 Quis
3660 2310 3718 2351 est
3735 2298 3805 2349 iste

2268 2401 2361 2439 rex
2392 2386 2619 2456 glorias?
2646 2387 2882 2442 dominus
2909 2389 3059 2458 [ortis
3101 2397 3148 2443 et
3175 2398 3382 2459 potens,
3410 2390 3634 2444 dominus
3664 2399 3803 2459 potens

2267 2479 2320 2533 in
2350 2482 2548 2549 prtelio.
2586 2480 2771 2536 Tollite
2809 2490 2986 2553 portas
3014 2482 3273 2553 principes
3285 2464 3482 2552 .vestri,
3516 2495 3559 2539 et
3584 2481 3803 2539 elevamini

2267 2582 2428 2643 partw
2472 2575 2753 2640 ceternales,
2783 2586 2833 2629 et
2862 2576 3089 2630 introivit
3133 2593 3225 2631 rea:
3269 2579 3476 2649 glorier.
3510 2577 3625 2644 Quis
3649 2585 3709 2631 est
3730 2575 3802 2628 iste

2265 2680 2357 2717 rex
2394 2665 2619 2736 gloriae?
2661 2667 2900 2721 dominus
2952 2669 3230 2735 virtutum,
3270 2670 3389 2740 ipse
3423 2680 3494 2726 est
3534 2686 3618 2725 rex
3640 2669 3796 2740 gloria.

2265 2753 2395 2809 Item
2430 2756 2624 2812 Paulus
2649 2759 2963 2830 apostolus:
2993 2761 3279 2816 imitatores
3317 2764 3417 2818 mei
3439 2772 3603 2828 estote,
3627 2763 3792 2829 fratres,

2263 2856 2310 2898 et
2336 2848 2615 2919 conspicite
2639 2866 2723 2904 eos
2744 2851 2832 2921 qui
2860 2852 2931 2906 ita
2962 2853 3229 2907 ambulant
3252 2870 3273 2908 :
3303 2872 3431 2925 quos
3469 2870 3594 2924 serpe
3615 2852 3794 2906 dicebam

2260 2940 2420 3007 vobis,
2446 2952 2491 2997 et
2513 2961 2650 2999 nunc
2678 2946 2839 3002 etiam
2870 2946 3003 3002 ﬂens
3030 2950 3165 3012 dico,
3186 2949 3426 3004 inimicos
3447 2950 3600 3003 crucis
3613 2946 3791 3004 Christi:

2259 3052 2477 3107 quorum
2522 3036 2783 3105 ﬁnis‘erit
2827 3040 3096 3109 interitus;
3145 3058 3367 3110 quorum
3395 3041 3527 3098 Deus
3565 3053 3727 3105 venter,
3760 3048 3794 3094 et

2258 3127 2427 3199 gloria
2454 3130 2505 3183 in
2545 3130 2896 3200 confusionem
2922 3132 3149 3204 ipsorum
3179 3148 3199 3189 :
3223 3136 3318 3205 qui
3363 3148 3558 3190 terrena
3592 3133 3792 3204 sopiunt:

2183 3207 2229 3271 C
2261 3233 2435 3277 nostra
2457 3239 2573 3278 vero
2601 3226 2916 3280 conversatio
2946 3226 2999 3279 in
3026 3226 3165 3281 caelis
3190 3238 3307 3295 est;
3336 3228 3473 3283 unde
3495 3238 3542 3283 et
3572 3228 3793 3283 salutarem

2258 3326 2613 3388 exspectamus
2653 3319 2916 3375 dominum
2958 3332 3186 3376 nostrum
3218 3322 3688 3385 JesumChristum,
3727 3318 3792 3390 qui

2260 3412 2644 3483 trunsﬁguravit
2671 3412 2913 3484 “corpus
2938 3415 3242 3469 humilitatis
3269 3428 3460 3473 nostri:
3490 3417 3532 3449 "
3552 3417 3792 3487 conforma-

2260 3513 2365 3557 tum
2384 3506 2590 3576 corpori
2619 3505 2662 3536 ¹⁶
2692 3505 2870 3577 gloria:
2894 3523 3020 3571 suta,
3064 3509 3353 3564 secundum
3376 3512 3686 3580 Operationent
3705 3547 3715 3571 ,
3737 3506 3789 3556 ita

2258 3605 2315 3650 ut
2362 3598 2521 3668 possit
2565 3598 2643 3652 illi
2684 3598 2932 3670 subjicere
2976 3602 3168 3655 omnia.
3230 3600 3368 3657 Item
3410 3602 3461 3658 in
3508 3599 3786 3671 Evangelia:

2258 3688 2387 3744 Cum
2416 3692 2605 3745 venerit
2634 3688 2806 3745 Filius
2831 3691 3054 3747 hominis
3084 3696 3137 3747 in
3166 3698 3440 3766 majestate
3468 3712 3573 3760 sua,
3594 3704 3635 3748 et
3655 3702 3787 3746 omnes

2256 3785 2424 3855 angeli
2450 3802 2563 3837 cum
2606 3801 2682 3852 eo,
2720 3796 2838 3840 tunc
2863 3787 3316 3861 congregabuntur
3336 3806 3505 3845 omnes
3525 3799 3675 3862 gentes
3698 3794 3787 3838 anu

2256 3894 2404 3945 eum;
2430 3889 2479 3933 et
2500 3880 2779 3950 segregavit
2805 3896 2910 3947 eos,
2942 3883 3380 3952 quemadmodum
3419 3896 3582 3956 pastor
3606 3884 3785 3953 segregal

2256 3986 2371 4025 oves
2400 3970 2462 4025 ab
2494 3972 2535 4003 ⁸⁷
2581 3970 2725 4027 hedis
2753 3972 2829 4042 ‘3;
2860 3984 2907 4028 et
2949 3985 3134 4030 statuet
3181 3993 3269 4033 eos
3299 3978 3369 4032 ad
3395 3979 3636 4033 dexteram
3657 3987 3781 4033 suam.

2257 4065 2431 4122 haedos
2458 4077 2628 4121 autem
2657 4066 2724 4122 ad
2752 4068 3032 4125 sinistram.
3075 4070 3222 4127 Tunc
3254 4074 3384 4130 dicit
3417 4091 3504 4130 ra:
3538 4074 3602 4129 eis
3639 4070 3709 4141 qui
3734 4064 3784 4120 ad

2255 4161 2517 4215 dexteram
2558 4171 2698 4229 sunt,
2731 4163 2894 4217 venite
2934 4165 3183 4221 benedicti
3229 4166 3410 4225 Patris
3437 4170 3565 4235 mei;
3590 4163 3780 4238 percipite

2252 4270 2467 4327 regnum
2493 4264 2733 4324 paratum
2752 4255 2891 4310 vobis
2911 4256 2975 4310 ab
3000 4258 3201 4331 origine
3228 4261 3429 4316 mundi.
3458 4258 3643 4315 Esuriri
3662 4256 3779 4317 enim,

2252 4358 2301 4402 et
2328 4348 2532 4403 cibastis
2559 4349 2599 4381 ¹⁹
2622 4350 2734 4415 me;
2762 4350 2896 4404 sitivi
2924 4352 2992 4418 ’°,
3016 4362 3063 4406 et
3102 4361 3284 4424 potum
3310 4353 3519 4409 dedistis
3554 4353 3689 4413 mihi;
3711 4364 3780 4401 nu-

2253 4440 2350 4495 dus
2372 4443 2469 4512 fui,
2499 4450 2546 4496 et
2566 4443 2901 4513 cooperuistis
2922 4445 2965 4476 ²¹
2994 4462 3073 4501 me
3090 4463 3109 4513 ;
3139 4447 3382 4514 inﬁrmus
3404 4450 3501 4521 fui,
3529 4459 3574 4503 et
3594 4440 3778 4500 risitastis

2253 4549 2368 4599 me;
2394 4534 2450 4587 in
2480 4550 2682 4588 carcere
2709 4534 2806 4606 fui,
2835 4545 2885 4590 et
2918 4538 3122 4592 venistis
3147 4539 3216 4592 ad
3246 4557 3348 4595 me.
3378 4539 3519 4595 Tunc
3556 4538 3772 4606 responde-

547 4622 611 4678 de
635 4633 797 4677 morte
820 4626 875 4680 in
907 4627 1078 4682 vitam.
1105 4603 1251 4685 Item
1280 4630 1331 4686 in
1366 4631 1660 4703 Evangelia
1689 4650 1703 4688 :
1737 4603 1878 4687 Dicit
1904 4647 2025 4703 ergo
2050 4630 2142 4687 Je-
2167 4603 2224 4667 D
2247 4629 2373 4684 bunt
2411 4627 2625 4683 dicentis
2648 4603 2739 4681 "v:
2772 4627 3023 4699 Domine,
3049 4634 3255 4701 quando
3285 4644 3335 4689 te
3364 4634 3571 4689 vidimus
3596 4603 3774 4686 ciurien-

619 4746 636 4778 ⁸
675 4745 752 4801 Ita
774 4747 900 4803 cod.

613 4818 635 4850 ¹
673 4817 808 4874 Cod.
838 4835 1060 4876 omnem.

613 4886 635 4920 ⁸
673 4889 807 4946 Cod.
839 4907 1034 4948 omnes.
1588 4924 1592 4928 ·

612 4958 635 4993 ⁸
672 4959 748 5040 I_t_a
778 4963 1013 5040 seliedge,
1044 4964 1405 5040 quasidcirco
1437 4966 1676 5039 appello,
1708 4968 1833 5040 quia
1866 4984 1993 5040 pars
2019 4970 2135 5027 lucc

540 5045 575 5089 e
821 5031 1203 5159 rfgiolanensi
1225 5046 1331 5103 est,
1363 5054 1392 5091 a
1419 5031 1527 5110 quo
1550 5031 1692 5097 nunc
1715 5031 1926 5098 absum.

765 5122 801 5159 l.
830 5115 941 5159 aut.

612 5175 633 5258 ξ
827 5193 995 5258 quem.

576 5280 581 5283 ν
610 5246 631 5318 7
670 5246 797 5318 Sch.
832 5246 934 5302 iten
961 5262 1059 5318 pro
1087 5249 1163 5303 in.

610 5317 632 5350 ⁸
668 5316 893 5445 Corrig?
917 5316 975 5373 in
986 5320 1265 5389 judicium.

609 5390 631 5423 '
670 5388 744 5444 Ita
776 5406 833 5445 sc
880 5432 894 5445 .

607 5459 651 5537 ff
776 5406 968 5537 $823231].
997 5464 1052 5519 di
1072 5479 1170 5537 pro
1199 5469 1281 5535 de,
1299 5473 1553 5537 υιευβηο

606 5531 649 5564 ³⁸
676 5532 753 5587 lta
778 5534 899 5592 sch.

530 5632 873 5711 Arian.__c_ap.
906 5636 962 5707 5,
1000 5639 1238 5711 itemque
1269 5639 1339 5697 de
1365 5638 1519 5695 Trin.
1548 5656 1621 5704 iv,
1652 5638 1744 5707 27,
1783 5655 1890 5698 non
1920 5642 2120 5700 idcirco

531 5718 652 5781 esse
700 5705 892 5781 Eilium
935 5705 1197 5768 minorem
1238 5722 1330 5768 aut
1373 5711 1646 5768 diversum
1690 5705 1877 5768 natura
1905 5713 2117 5781 Patris,

528 5776 652 5845 quia
690 5776 759 5833 ab
803 5777 908 5836 hac
936 5782 1133 5840 missus
1161 5794 1263 5842 est.
1313 5783 1467 5842 Adde
1501 5783 1745 5844 Nicetatu
1784 5785 1853 5843 de
1879 5794 1982 5843 rat.
2022 5776 2115 5843 (id.

2314 4752 2356 4783 ²²
2388 4750 2461 4805 lia
2490 4750 2610 4805 sch.

2317 4821 2362 4894 ’ξ
2383 4822 2458 4894 Ita
2487 4822 2605 4877 sch.
2632 4821 2719 4894 hic
2748 4830 2803 4877 et
2828 4822 2984 4894 infra,
3021 4839 3049 4877 v
3069 4839 3168 4894 pro
3189 4825 3239 4880 b.

2266 4960 2271 4965 η
2317 4893 2362 4968 ίξ
2392 4893 2470 4968 Ita
2500 4895 2615 4949 sch.
2647 4893 2738 4949 Sic
2762 4893 2901 4950 infra
2929 4893 3230 4968 segregavit.

2315 4966 2360 4999 ¹³
2384 4965 2513 5022 Scli.
2549 4976 2739 5019 nostre.

2315 5039 2359 5069 “
2380 5036 2508 5109 Sch.
2538 5040 2857 5109 conformam
2883 5040 3134 5109 corporis.

2314 5110 2355 5141 ιτ

2314 5110 2355 5141 ιτ
2373 5108 2508 5165 Cod.
2531 5110 2619 5165 ad.
2976 5108 2979 5109 ν

2385 5181 2610 5266 Brusch...
2636 5184 2756 5266 sine
2782 5182 2995 5254 diplith.

2311 5253 2354 5287 ¹⁹
2383 5252 2513 5309 Sch.
2542 5253 2739 5308 cibasti.

2310 5324 2357 5356 ὀ
2378 5324 2453 5379 lta
2479 5325 2595 5380 sch.
2624 5325 2711 5380 hic
2740 5337 2795 5381 et
2822 5324 2979 5381 infra.

2312 5397 2356 5429 ²¹
2380 5396 2509 5469 Sch.
2540 5398 2868 5469 cooperuisti.

2310 5469 2355 5499 ”
2384 5467 2462 5523 Ita
2492 5467 2606 5524 sch.
2635 5467 2743 5539 ‘pra
2772 5469 3019 5525 dicentes.

2232 5645 2320 5720 ubi
2367 5647 2645 5718 eleganter
2692 5647 3066 5715 demonstrat,
3118 5648 3302 5720 sicque
3344 5641 3635 5703 concludit:
3666 5634 3739 5690 lle

2226 5717 2341 5773 ideo
2366 5717 2484 5775 sunt
2512 5719 2699 5791 posita,
2728 5729 2785 5774 ut
2809 5735 2926 5775 vera
2952 5724 3063 5794 ejus
3089 5717 3329 5777 divinitas
3356 5737 3455 5776 non
3477 5723 3674 5787 negetur-
