3850 6334
48 287 143 344 617

525 281 952 343 ΜΟΝΠΜΕΝΤΑ
997 281 1273 339 ΥΕΤΕΒΑ
1318 283 1408 340 AD
1450 283 1854 342 Alll.\.\0llU.\l
1898 246 2291 345 DOCTRINASI
2335 286 2818 346 PERTINENTIA.

3216 288 3321 343 618

46 414 157 465 tem,
201 410 246 454 et
270 398 592 456 cibavimus?
620 400 696 455 vel
725 401 999 465 sitientem,
1033 410 1078 455 et
1113 411 1288 467 potum
1329 400 1567 455 dedimus
1595 401 1619 453 ε)
1645 412 1695 471 Α
1728 409 1935 455 mortua
1959 440 1974 467 ,
2009 411 2102 455 aut
2130 405 2531 471 corruptionem
2573 403 2857 475 sustinuit;
2906 399 3000 456 sed
3054 402 3327 472 separatio

44 508 125 549 aut
151 492 348 562 quando
377 503 422 547 te
448 493 664 547 vidimus
691 493 963 563 hospitem,
998 504 1044 548 et
1076 494 1379 566 collegimus
1407 495 1500 549 te?
1528 504 1618 550 aut

45 592 244 654 nudum,
278 598 322 641 et
348 589 701 657 cooperuimus
741 598 788 644 te
810 589 836 642 Ρ
860 600 947 644 aut
985 590 1191 658 quando
1210 600 1256 645 te
1286 592 1507 646 vidimus
1534 591 1617 644 in-

44 686 255 754 firmant,
296 693 341 735 et
367 682 679 737 visitavimus
709 684 801 737 te?
829 694 917 736 aut
963 685 1015 738 in
1046 700 1271 747 carcere,
1303 693 1349 737 et
1390 685 1620 739 venimus

43 780 105 833 ad
128 778 215 833 te?
242 776 435 845 Quibus
457 777 720 839 respondit
748 794 838 832 rex
860 778 983 831 dicit
1012 778 1025 807 ¹
1057 792 1076 832 .'
1109 777 1273 833 Amen
1310 778 1425 832 dico
1454 777 1618 845 vobis,

42 871 266 943 quamdiu
312 870 502 940 fecistis
542 870 631 923 uni
670 886 732 925 ea:
771 870 850 925 his
900 868 1147 940 fratribus
1189 870 1450 936 minimis,
1494 870 1621 924 mihi

45 950 237 1038 fecistis.
267 962 411 1018 Tunc
438 963 560 1017 dicit
585 963 667 1019 his
700 964 787 1035 qui
812 964 880 1020 ad
921 965 1186 1020 sinistram
1215 966 1235 995 ²
1263 974 1382 1021 sunt
1413 980 1431 1018 :
1460 964 1622 1020 Rece-

44 1060 136 1113 dite
162 1076 191 1112 a
212 1074 304 1123 me,
332 1058 611 1124 maledicti,
640 1059 692 1112 in
719 1059 888 1132 ignem
914 1068 1170 1113 a’ternum
1189 1101 1205 1125 ,
1247 1075 1395 1130 quem
1421 1059 1623 1130 paravit

48 1151 190 1207 Pater
210 1168 344 1205 meus
374 1151 579 1205 diabolo
627 1162 674 1206 et
703 1154 899 1224 angelis
940 1155 1073 1224 ejus.
1125 1151 1329 1207 Esuriri
1373 1155 1533 1220 enim,
1577 1163 1625 1208 et

46 1261 135 1299 non
179 1243 383 1299 dedistis
429 1243 553 1298 mihi
601 1245 952 1313 manducare;
997 1245 1169 1312 sitivi,
1198 1256 1374 1301 etnon
1410 1246 1625 1300 dedistis

46 1338 157 1390 mihi
199 1347 406 1408 potum;
438 1337 622 1408 hospes
652 1354 811 1403 eram,
863 1348 910 1392 et
959 1356 1059 1394 non
1108 1339 1406 1411 recepistis;
1454 1339 1625 1393 nudus

49 1431 135 1501 fui,
157 1439 200 1483 ct
242 1446 339 1484 non
370 1432 589 1485 vestistis
620 1448 733 1495 me;
766 1431 1001 1502 infirmus
1029 1434 1129 1504 fui,
1178 1443 1224 1487 et
1252 1449 1353 1486 non
1399 1449 1477 1487 me
1505 1434 1628 1487 visi-

48 1524 210 1587 tastis;
241 1522 290 1575 in
323 1538 522 1578 carcere
549 1523 649 1594 fui,
679 1534 727 1578 et
754 1541 855 1578 non
883 1525 1088 1580 venistis
1121 1525 1189 1579 ad
1235 1542 1333 1581 me.
1374 1524 1521 1580 Tunc
1548 1542 1628 1581 re-

50 1614 475 1688 spondebant.....

491 1731 981 1789 FRAGMENTUM
1024 1730 1161 1787 XIII.

1722 492 1997 563 pauliSper
2027 510 2056 546 a
2083 509 2313 565 corpore
2352 498 2642 563 dealitatis,
2672 496 2950 565 corruptio
2980 494 3099 564 ejus
3130 509 3325 564 corpo-

1723 585 1797 639 ris
1844 585 2206 655 cognoscitur.
2244 587 2478 643 Verbum
2521 601 2701 644 autem
2758 588 2903 643 Deus
2953 586 3085 642 nihil
3132 601 3323 657 passus

1724 687 1828 745 est,
1859 677 1959 732 nisi
1999 677 2249 749 injuriam
2281 681 2651 737 tantummodo
2680 690 2898 752 propter
2925 696 3044 736 nos.
3089 680 3145 736 Si
3176 682 3319 735 enim

1698 773 2083 845 .morieutibus
2136 775 2293 831 nobis
2337 784 2534 832 nostra:
2577 777 2770 830 animae
2826 791 2932 831 non
2994 776 3321 839 moriantur,

1725 866 1820 923 sed
1861 868 2100 923 recessio
2144 868 2311 923 animi
2358 885 2386 923 a
2429 884 2660 939 corpore
2700 870 3003 939 corruptela
3036 868 3270 925 hominis
3302 872 3322 899 θ

1726 960 1897 1015 nostri
1943 960 2036 1025 lit,
2083 961 2252 1016 multo
2280 962 2451 1032 magis
2494 962 2722 1017 dealitas
2774 962 3033 1034 unigeniti
3077 964 3172 1018 Dei
3220 980 3325 1019 ttOu

1728 1056 1984 1121 moritur;
2014 1056 2109 1112 sed
2141 1057 2356 1127 quando
2387 1059 2587 1122 voluit,
2633 1067 2764 1113 nutu
2798 1059 2970 1114 Panis
3002 1060 3144 1114 ultro
3181 1076 3327 1116 mor-

1730 1158 1852 1204 tuus
1897 1160 2011 1214 est;
2062 1150 2164 1206 hoc
2194 1161 2277 1206 est
2321 1166 2352 1204 a
2396 1165 2627 1222 corpore
2659 1152 2913 1219 recessit,
2966 1162 3021 1205 et
3061 1154 3330 1222 Separatio

1729 1244 1846 1315 ejus
1871 1261 2017 1300 mors
2057 1246 2174 1316 ejus
2201 1246 2396 1301 dicitur
2417 1244 2443 1283 ι)
2471 1247 2512 1298 ⁷.
2550 1246 2679 1300 Post
2714 1245 2930 1300 tertium
2970 1256 3154 1301 autem
3185 1246 3326 1301 diem

1730 1341 2019 1412 resumpsit
2049 1342 2242 1397 iterum
2266 1349 2492 1412 paterna
2517 1340 2794 1394 voluntate
2822 1355 3049 1409 corpus;
3075 1348 3131 1395 et
3154 1356 3332 1395 resus-

1729 1434 1916 1488 citavit
1953 1448 2076 1488 eum
2109 1435 2131 1463 ⁸
2170 1433 2236 1487 ad
2284 1431 2776 1502 incorruptionem;
2830 1440 2885 1485 et
2924 1431 3171 1487 ascendit
3208 1446 3332 1486 cunt

1730 1541 1799 1583 eo
1836 1542 2002 1597 super
2029 1526 2227 1592 custos;
2274 1534 2329 1581 et
2357 1525 2514 1580 habet
2562 1540 2683 1580 eum
2728 1525 3023 1595 gloriosum
3074 1525 3332 1595 templum

1732 1630 1976 1673 sanctum
2007 1620 2225 1684 vivum;
2265 1626 2319 1673 et
2359 1618 2409 1672 in
2448 1616 2565 1687 ipso
2593 1631 2842 1685 corpore,
2876 1615 2931 1670 in
2957 1631 3063 1687 quo
3102 1616 3339 1671 salvavit
3430 1656 3439 1661 ρ

1732 1730 1903 1786 genus
1937 1714 2254 1780 humanum,
2288 1715 2340 1768 in
2373 1713 2489 1783 ipso
2510 1712 2561 1766 in
2577 1711 2804 1768 dextera
2837 1710 3054 1765 virtutis
3080 1710 3177 1766 Dei
3208 1710 3340 1765 ado-

244 1824 533 1880 admodum
568 1827 659 1897 qui
696 1827 747 1880 ίη
779 1826 1043 1896 principio
1078 1824 1356 1896 Evangelii
1388 1824 1625 1881 verbum
1659 1821 1705 1885 Β
1733 1817 1880 1864 ratur
1910 1808 1979 1863 ab
2022 1811 2042 1841 ³
2091 1807 2366 1863 omnibus.
2415 1806 2614 1861 Eorum
2662 1803 2822 1874 igitur
2847 1812 3052 1858 certam
3086 1803 3335 1857 notitiam

52 1914 178 1972 Deus
207 1933 322 1974 esse
350 1917 673 1989 praedicatur
703 1918 847 1988 apud
878 1918 1064 1974 Deum.
1103 1918 1328 1987 Propter
1362 1916 1479 1972 hac
1509 1932 1630 1988 qua:

53 2010 282 2079 superius
312 2010 584 2065 antedicta
616 2019 773 2078 sunt,
819 2019 874 2066 et
912 2009 1128 2079 quando
1178 2011 1280 2082 piis
1313 2011 1456 2080 pium
1508 2024 1633 2064 scn-

53 2116 158 2156 sutn
186 2115 398 2174 propter
424 2120 551 2160 eum
576 2104 824 2171 tradidit,
854 2113 980 2161 tunc
1010 2105 1307 2175 procedens
1335 2104 1630 2171 modicum,

55 2195 171 2251 dicit
203 2214 215 2251 :
269 2196 335 2251 Et
372 2197 599 2252 Verbum
625 2213 748 2251 caro
778 2200 975 2268 factum
1003 2197 1024 2227 ³
1054 2207 1149 2264 est,
1214 2207 1259 2251 et
1303 2196 1548 2252 habitavit
1579 2198 1636 2250 in

56 2289 214 2356 nobis,
270 2299 313 2346 et
364 2291 586 2346 vidimus
640 2290 861 2363 gloriam
907 2291 1052 2361 ejus,
1107 2290 1329 2362 gloriam
1378 2299 1636 2361 tamquam

57 2383 180 2435 unici
226 2400 258 2437 a
320 2382 478 2438 Patre
502 2426 518 2452 ,
572 2386 786 2453 plenum
833 2384 1015 2455 gloria:
1062 2394 1109 2439 et
1162 2385 1409 2439 veritatis.
1455 2383 1637 2454 Ipsum

58 2475 202 2548 igitur
235 2477 462 2534 Verbum
490 2478 686 2545 Deum,
716 2487 775 2534 ut
800 2494 907 2535 non
950 2479 1189 2536 aestimes
1219 2478 1363 2535 hunc
1393 2480 1636 2535 innatum

58 2568 231 2625 Filium
263 2572 595 2643 unigenitum
620 2572 716 2629 Dei
740 2614 756 2641 ,
788 2573 1089 2630 certissime
1117 2584 1174 2630 et
1199 2574 1641 2631 manifestissime

58 2664 273 2720 ostendit
298 2666 528 2737 Spiritus
559 2677 775 2722 sanctus
799 2681 897 2738 per
924 2666 1296 2724 beatissimum
1332 2667 1596 2726 Joannem
1623 2711 1637 2737 ,

59 2758 200 2813 simul
230 2771 283 2815 et
323 2759 543 2815 modum
576 2759 929 2816 humanitatis
956 2760 1396 2819 manifestissime
1426 2762 1639 2818 adnun-

63 2851 216 2918 tians,
256 2852 488 2908 obstruit
530 2867 595 2910 os
643 2868 831 2910 eorum
862 2853 952 2924 qui
999 2853 1189 2909 dicunt
1234 2870 1358 2910 eum
1404 2856 1640 2911 animam

62 2961 169 3000 cum
194 2962 416 3019 corpore
451 2949 815 3019 assumpsisse
845 2958 891 3001 ι.
925 2948 1018 3003 Ait
1052 2965 1064 3002 :
1104 2967 1122 3001 ι
1161 2949 1226 3005 Ει
1248 2949 1483 3006 Verbum
1514 2965 1644 3007 caro

64 3040 241 3097 factum
290 3052 401 3112 est,
452 3054 507 3100 et
539 3043 804 3100 habitavit
834 3045 888 3100 in
918 3045 1074 3101 novis
1106 3046 1123 3076 ³
1146 3063 1168 3100 .-
1205 3064 1225 3099 ι
1259 3047 1364 3103 hoc
1412 3057 1499 3104 est
1525 3063 1647 3104 car-

64 3151 173 3191 nem
193 3137 376 3207 induit,
404 3154 510 3194 non
534 3139 659 3211 quia
691 3138 995 3195 immutavit
1022 3139 1140 3211 ipse
1166 3139 1399 3196 Verbum
1420 3142 1564 3197 Deus
1588 3142 1643 3197 in

1734 1899 1885 1957 disce
1909 1916 1936 1954 a
1961 1900 2276 1956 beatissimo
2302 1908 2357 1954 et
2380 1899 2554 1968 primo
2577 1908 2814 1968 martyre
2834 1895 3111 1951 dealitatis
3136 1894 3340 1949 Christi

1732 1992 2011 2063 Stephano
2055 1992 2316 2049 dicente:
2359 1989 2535 2057 Video,
2579 1990 2747 2061 inquit
2779 1990 2843 2055 '°,
2887 1988 3037 2043 caelos
3095 1998 3336 2060 apertos,

1734 2068 1784 2149 et
1812 2091 2009 2147 Filium
2038 2091 2259 2145 hominis
2305 2097 2522 2143 stantem
2551 2089 2618 2141 ad
2667 2087 2933 2141 dexteram
2982 2085 3184 2139 virtutis
3220 2082 3340 2138 Dei.

1739 2186 1936 2246 Filium
1965 2185 2199 2243 hominis
2224 2198 2420 2254 corpus
2447 2180 2709 2254 quod.....

2208 2293 2685 2353 FRAGMENTUM
2714 2293 2828 2348 XIV
2842 2332 2854 2345 .

1816 2394 2215 2451 .....ministerii
2254 2391 2322 2448 ad
2358 2389 2772 2446 aediﬁcationem
2819 2389 3066 2457 corporis
3108 2387 3343 2453 Christi,

1743 2488 2054 2546 videntibus
2080 2484 2363 2556 discipulis
2387 2482 2654 2538 ascendit.
2697 2480 2961 2536 Ascendit
2991 2488 3172 2537 autem
3221 2497 3346 2536 cum

1743 2596 1973 2653 corpore
2000 2579 2067 2635 ad
2098 2594 2255 2636 suum
2296 2578 2544 2642 Patrem,
2578 2575 2666 2630 ubi
2697 2587 2811 2630 erat
2842 2585 3037 2639 antea;
3071 2585 3126 2631 et
3152 2591 3351 2631 munus

1744 2674 2077 2748 acceptabile
2100 2672 2295 2731 obtulit
2317 2672 2462 2728 Patri
2492 2678 2735 2725 nostrum
2756 2683 2989 2740 corpus;
3013 2679 3068 2727 et
3083 2669 3350 2741 recipiens

1747 2772 1813 2828 ad
1834 2772 2112 2827 dexteram
2140 2768 2324 2825 sedem
2353 2780 2539 2830 suam;
2573 2775 2830 2835 venturus
2853 2765 2980 2819 inde
3002 2766 3194 2820 iterum
3223 2779 3348 2819 cum

1745 2866 1915 2938 gloria
1947 2875 2002 2921 et
2030 2864 2228 2919 virtute
2251 2860 2496 2933 judicare
2542 2859 2696 2914 vivos
2738 2866 2787 2912 et
2837 2865 3109 2923 mortuos,
3142 2866 3198 2912 et
3227 2856 3352 2911 red-

1747 2961 1880 3017 dere
1924 2958 2213 3029 unicuique
2257 2954 2552 3013 secundum
2607 2967 2770 3024 opera
2823 2953 2961 3023 ejus.
3014 2952 3161 3007 Misit
3218 2960 3352 3006 nutu

1750 3058 1925 3113 Patris
1958 3055 2220 3127 Spiritum
2269 3061 2515 3108 sanctum
2549 3050 2829 3120 discipulis
2874 3050 3010 3113 suis,
3046 3047 3204 3102 sicuti
3232 3062 3356 3117 pro-

1751 3151 1902 3206 misit
1922 3150 2109 3204 dicens
2137 3165 2149 3199 :
2186 3145 2247 3201 Si
2274 3144 2495 3199 ascendo
2524 3142 2593 3196 ad
2622 3141 2853 3207 Patrem,
2888 3141 3034 3194 mitto
3064 3139 3204 3193 vobis
3226 3138 3354 3208 Spi-

66 3243 288 3313 ιιτιιυηιιι
316 3234 335 3265 ⁸
379 3235 581 3300 cérniS,
632 3233 728 3290 sed
759 3248 978 3290 carnem
1009 3235 1250 3305 suscepit
1278 3243 1335 3291 el
1380 3236 1642 3293 habitavit
1669 3220 1715 3285 (ἶ
1746 3244 1905 3298 ritum
1932 3240 2177 3296 veritatis.
2213 3238 2309 3294 Set
2337 3238 2375 3268 “
2407 3240 2548 3291 hunc
2596 3233 2856 3305 Spiritum
2885 3240 3104 3304 oportet
3130 3246 3230 3287 nos
3258 3246 3359 3285 ne-

68 3322 114 3378 iu
150 3327 317 3397 nobis,
347 3327 448 3383 hoc
476 3338 564 3385 est
590 3328 644 3383 in
672 3342 838 3385 carne
868 3337 1078 3395 nostra,
1110 3338 1167 3384 et
1210 3331 1263 3383 iu
1294 3330 1409 3401 ipsa
1451 3344 1641 3400 passus

70 3428 141 3473 est
166 3420 501 3491 impassibilis
532 3419 772 3477 Verbum
806 3421 978 3487 Deus;
1008 3430 1063 3477 et
1085 3421 1450 3492 corruptelam
1474 3424 1643 3478 susti-

70 3513 173 3568 nuit
200 3514 616 3587 incorruptibilis
647 3516 809 3584 Deus,
846 3525 905 3572 ut
931 3533 1028 3573 nos
1057 3519 1124 3573 ad
1155 3518 1643 3589 incorruptibilita-

71 3612 164 3662 tem
202 3619 511 3667 commutet.
582 3610 699 3667 Non
750 3620 929 3667 autem
982 3610 1210 3668 dealitas
1262 3612 1432 3684 ipsius
1482 3612 1642 3671 Verbi

139 3747 150 3821 ξ
178 3746 393 3821 Qorrige
424 3750 622 3806 dicens.

134 3819 151 3846 ²
178 3818 391 3876 Scltedie
421 3824 657 3877 sinistra.

136 3888 154 3918 ³
176 3891 389 3948 Scbedm
419 3894 625 3965 factus;
663 3892 759 3950 sed
789 3891 931 3950 infra
963 3898 1176 3968 factuut.

138 3959 155 3988 δ
184 3962 255 4018 Ita
282 3966 401 4021 cod.
517 3994 523 4000 ι

140 4032 157 4061 ³
180 4003 617 4093 δδὰῗῒιήαιυνα.

139 4103 157 4133 ³
181 4104 300 4162 Sch.
332 4111 547 4164 homini.

141 4177 157 4205 ⁷
181 4178 234 4232 ln
275 4181 487 4238 schedis
515 4181 842 4238 oblitterata:
880 4191 1007 4238 sunt
1038 4192 1271 4253 quatuor
1297 4182 1516 4240 circiter
1562 4184 1650 4240 lit-

144 4322 166 4349 ἰ
206 4314 347 4372 llunc
394 4316 570 4389 ipsum
626 4316 1081 4389 Ariamanitarum
1136 4332 1381 4375 errorem
1452 4320 1653 4376 refutat

82 4383 388 4462 Augustinus
415 4383 589 4444 contr.
622 4403 787 4462 serui.
814 4389 998 4443 Ariau.
1032 4388 1088 4443 Π.
1119 4390 1149 4443 7
1178 4407 1190 4442 :
1222 4389 1356 4445 Ecce
1382 4392 1437 4445 in
1469 4393 1652 4462 quibus

80 4458 227 4513 verbis
250 4464 351 4514 suis
377 4462 582 4533 omnino
604 4460 931 4533 manifestam
962 4478 1151 4533 negare
1180 4477 1233 4514 se
1253 4463 1392 4525 quod
1421 4458 1491 4517 ad
1528 4464 1620 4517 uni
1630 4494 1650 4504 -

1749 3335 1987 3394 cessarie
2019 3334 2060 3365 ³³
2084 3331 2355 3396 conliteri,
2386 3333 2477 3401 qui
2503 3342 2693 3383 sumus
2724 3327 2970 3381 veritatis
3010 3325 3354 3390 defensores,

1754 3428 1973 3484 tertium
2000 3435 2123 3497 post
2153 3424 2366 3480 Patrem
2396 3430 2451 3477 et
2480 3419 2675 3476 Filium
2698 3427 2891 3474 natura
2924 3429 2944 3456 ε
2976 3425 3034 3473 et
3057 3415 3272 3482 ordine,
3300 3424 3357 3471 et

1753 3520 2003 3578 eumdem
2034 3520 2087 3574 in
2117 3526 2305 3574 natura
2334 3523 2392 3573 et
2411 3514 2726 3586 dignitatem
2757 3511 2800 3543 ¹³
2826 3510 3222 3583 possidentem.
3256 3510 3357 3566 llic

1753 3623 1839 3673 est
1867 3614 2099 3687 primum
2124 3624 2180 3669 et
2209 3611 2385 3683 majus
2414 3607 2591 3665 Patris
2617 3610 2713 3679 per
2740 3605 2932 3661 Filium
2962 3619 3100 3677 opus
3125 3602 3175 3673 ἀ,
3200 3620 3357 3663 crea-

1757 3760 1905 3809 terre.
1939 3748 2095 3805 Nulla
2145 3758 2325 3804 tamen
2353 3745 2566 3803 videtur
2612 3756 2735 3801 esse
2780 3741 2990 3799 lacuna.

1827 3826 1849 3856 ⁸
1875 3823 1952 3878 Ita
1982 3821 2099 3878 sch.
2136 3836 2233 3891 pro
2261 3820 2335 3875 id.

1827 3898 1848 3929 ⁹
1872 3894 2001 3951 Sch.
2025 3893 2114 3949 ad.

1828 3967 1871 3998 ¹⁰
1900 3966 2029 4023 Sch.
2051 3964 2251 4037 inquid.

1831 4040 1870 4070 ¹¹
1904 4039 1980 4093 lta
2012 4038 2128 4094 sch.

1828 4112 1871 4142 ¹²
1898 4110 2028 4166 Sch.
2052 4106 2369 4164 necessarias.

1830 4182 1873 4214 "
1905 4182 1979 4237 Ita
2008 4180 2130 4237 cod.

1830 4316 2011 4393 b_lmo
2055 4332 2184 4373 vero
2223 4316 2518 4372 christiana
2578 4308 2820 4393 doctrina
2868 4307 3354 4390 est,.divinitatem

1760 4389 1813 4445 in
1844 4389 2043 4444 Christi
2064 4398 2246 4461 morte
2272 4403 2445 4461 neque
2470 4398 2668 4461 corpus
2706 4389 2828 4461 ejus
2857 4396 3129 4461 exanime,
3182 4396 3357 4461 neque

1759 4462 1988 4517 divisam
2025 4460 2094 4516 ab
2126 4476 2191 4515 eo
2214 4452 2474 4524 animam,
2504 4452 2833 4512 deseruisse.
2864 4452 3008 4525 Lege
3036 4452 3199 4507 etiam
3228 4452 3356 4509 Ful-

82 4536 215 4605 tatem
241 4546 461 4605 persona:
490 4532 683 4587 Christi
722 4524 874 4586 etiam
903 4524 1131 4605 hunmna
1157 4524 1332 4587 anima
1358 4535 1607 4604 pertineat
1632 4551 1650 4601 ;
1678 4524 1733 4585 Ι)
1757 4532 1996 4605 gentium
2023 4532 2090 4586 ad
2115 4530 2347 4605 Trasim.
2379 4545 2458 4596 tn,
2489 4528 2582 4605 25,
2610 4527 2699 4582 51.

81 4600 159 4652 sed
182 4602 230 4654 in
268 4602 464 4657 Christo
486 4620 691 4657 carnem
729 4612 774 4657 et
800 4604 1114 4657 divinitatem
1141 4600 1495 4660 tuntuntntodo
1527 4600 1651 4659 con-

82 4670 686 4747 ﬁterirQuandoquident
744 4692 859 4729 cum
907 4676 1143 4746 penderet
1189 4676 1243 4728 in
1292 4677 1469 4747 ligno,
1515 4677 1649 4731 illud

84 4743 158 4795 ubi
197 4743 514 4818 ait:APater’,
562 4747 616 4801 in
666 4762 859 4802 manus
905 4743 1023 4801 iuas
1051 4743 1374 4802 commendo
1401 4751 1647 4818 spiritum

83 4826 278 4890 meum,
296 4816 603 4872 divinitatem
622 4819 788 4889 ipsam
814 4820 987 4872 volunt
1011 4834 1125 4872 eum
1151 4818 1372 4890 intelligi
1392 4816 1651 4876 commen-

85 4884 430 4959 dasseul’atri,
458 4907 560 4943 non
598 4884 878 4943 humanum
921 4890 1159 4957 spiritum
1187 4884 1339 4959 quod'
1354 4900 1426 4945 est
1452 4893 1647 4956 animo,

85 4963 177 5009 etc.
206 4955 479 5013 Fateantur
507 4959 765 5016 Christum
793 4978 893 5015 non
922 4955 1120 5014 tantum
1146 4955 1351 5017 carnem
1368 5004 1382 5029 ,
1424 4964 1512 5017 sed
1538 4955 1651 5017 ani-

87 5041 204 5107 mam
229 5046 420 5107 quoque
445 5033 1006 5107 humanamunigenito
1042 5045 1330 5107 coeptasse,
1368 5042 1475 5090 etc.
1510 5035 1651 5107 Lege

86 5102 232 5177 etiam
255 5103 614 5177 Ambrosium,
641 5105 709 5159 de
732 5102 966 5177 lncarn.,
995 5119 1071 5177 e._
1089 5102 1149 5169 7;
1199 5102 1562 5177 Fulgentium,
1583 5102 1649 5162 ad

89 5165 326 5237 Trasim.,
355 5189 391 5237 ι,
426 5176 524 5239 18;
554 5165 633 5239 ui,
662 5178 750 5242 t8,
778 5177 865 5240 l9,
892 5165 985 5240 9.1,
1008 5173 1109 5240 24;
1137 5165 1194 5230 et
1218 5165 1402 5233 coiitro
1418 5165 1649 5242 Fastid.,

88 5253 197 5315 cap.
244 5244 340 5309 22;
373 5246 499 5299 item
542 5245 899 5313 Ferrandum,
927 5246 1087 5315 epist.
1138 5246 1321 5303 Casin.
1379 5248 1438 5303 If.
1490 5248 1543 5304 9.
1593 5249 1649 5303 In

89 5314 261 5390 eodem
306 5317 411 5390 hoc
454 5333 639 5390 errore
684 5314 1097 5390 Macedonianos
1144 5333 1359 5390 quoque
1408 5332 1652 5376 versatos

90 5380 258 5451 luisse,
280 5387 440 5460 docet
463 5403 559 5442 nos
581 5389 952 5444 Tlteodorettts
984 5395 1035 5443 in
1058 5380 1483 5460 dial'ogo'eontra
1508 5392 1649 5458 illos;

91 5467 187 5522 quo
210 5457 413 5533 quidem
442 5474 624 5533 errore
649 5462 782 5516 nilol
819 5461 1105 5515 absurdius
1131 5457 1253 5518 esse
1292 5465 1484 5533 potuit.
1517 5462 1650 5517 Nam

95 5536 208 5603 cum
243 5527 392 5603 Iesus
449 5530 679 5586 lt‘iSIitiu}
715 5540 769 5588 et
807 5533 989 5603 pavori
1027 5532 1081 5586 in
1115 5527 1366 5599 passione
1388 5536 1654 5589 obnoxius

93 5591 266 5665 luerit;
295 5601 373 5654 ha:
397 5613 572 5657 autem
614 5591 927 5660 all'ectiénes
971 5604 1025 5656 in
1054 5591 1251 5671 corpus
1282 5621 1389 5661 non
1421 5605 1650 5671 cadant;

95 5679 492 5747 consequeretur
516 5684 573 5728 ut
589 5676 839 5747 divinitas
870 5675 1061 5739 trisus,
1091 5684 1336 5747 metuens
1359 5678 1656 5747 dolensque

96 5736 549 5819 lucrilfﬁquidem
578 5745 735 5803 Iesus
765 5749 944 5803 anima
974 5736 1219 5816 carebat,
1260 5750 1484 5819 ejusque
1511 5736 1655 5805 vices

98 5814 372 5883 occupabat
394 5815 659 5874 divinitas.

474 5911 748 5976 PATROL.
798 5912 974 5978 XIII.

1828 4615 1851 4642 ε
1886 4604 2069 4671 Longe
2119 4603 2274 4656 aliter
2323 4594 2653 4671 Augustinus
2697 4596 3034 4653 orthodoxus
3070 4594 3154 4671 Ade
3198 4595 3348 4654 Trin.

1752 4693 1827 4740 vr,
1862 4676 1892 4731 7
1924 4694 1936 4728 :
1965 4668 2138 4729 Etiam
2186 4668 2432 4743 Spiritus'
2450 4682 2656 4726 sanctus
2682 4671 2735 4725 in
2764 4671 2948 4743 eadem
2991 4668 3188 4743 unitate
3226 4671 3348 4724 sub-

1751 4739 1953 4802 stantia:
1997 4757 2045 4801 et
2095 4739 2385 4814 taqualitate
2410 4744 2665 4799 consistit.
2688 4772 2759 4786 -η-
2796 4739 2881 4795 Ita
2910 4752 3028 4796 sunt
3057 4740 3168 4814 illa
3215 4746 3319 4814 tria
3335 4782 3351 4805 ,

1753 4819 1894 4873 Deus
1920 4810 2250 4882 unus,solus,
2279 4817 2757 4887 magnus.sapiens,
2787 4825 3016 4887 sanctus,
3047 4810 3245 4887 iuratus.
3279 4811 3349 4887 Et

1754 4891 2034 4962 Didymus,
2066 4880 2121 4963 Π.
2172 4880 2244 4944 24
2283 4906 2295 4941 :
2329 4880 2554 4941 ludivisa
2591 4880 2670 4963 est
2722 4886 3005 4963 substantia
3054 4880 3343 4963 Trinitatis.

1752 4954 1920 5031 Quu'm
1946 4954 2058 5017 rem
2086 4960 2731 5033 demonstratprmcipue
2755 4967 2810 5012 et
2855 4954 3349 5033 baptismattsdbr-

1754 5024 1926 5097 mula;
1957 5042 2267 5098 monetque,
2294 5030 2349 5085 If.
2378 5024 2471 5097 27,
2491 5047 2553 5085 ne
2574 5024 2783 5084 velimus
2804 5044 2866 5081 ea:
2895 5024 3021 5080 Filii
3048 5033 3093 5076 et
3122 5024 3350 5093 Spiritus

1754 5106 1917 5174 sancti
1946 5108 2240 5174 operatione
2268 5104 2487 5166 diversa,
2518 5103 2690 5174 varias
2720 5099 2975 5174 tt:s_timar_e
3000 5110 3233 5174 naturas.

1824 5173 1852 5213 ἀ
1880 5164 2202 5231 Paschasius
2223 5174 2292 5229 de
2323 5176 2415 5244 Sp.
2446 5164 2528 5238 8.,
2563 5172 2753 5247 lib._n,
2775 5171 2834 5247 ς’),
2867 5169 3071 5247 refutat
3101 5164 3350 5247 Maccdo-

1754 5248 1925 5311 nium,
1954 5248 2043 5317 qui
2076 5247 2335 5319 Spiritum
2365 5237 2609 5300 sanctum
2652 5237 3343 5319 diei-bat_exceltetttior§m

1754 5307 2079 5375 creaturam.
2111 5307 2337 5372 Praestat
2360 5326 2540 5371 autem
2562 5315 2750 5370 audire
2789 5310 3220 5377 antiquissimum
3244 5307 3350 5361 Pa-

1756 5401 1890 5446 trem
1913 5389 2303 5445 Tertullianum
2318 5390 2387 5461 de
2414 5398 2525 5441 tota
2549 5385 3137 5461 Trinitateloquentem
3160 5390 3348 5461 contra

1757 5461 2040 5528 Praxeatn,
2068 5476 2187 5531 cap.
2213 5461 2248 5515 2
2267 5478 2293 5533 :_
2315 5458 2461 5513 Unus
2488 5467 2535 5533 et
2563 5458 2753 5520 omnia,
2784 5454 2997 5533 domes:
3024 5466 3123 5533 uno
3151 5454 3342 5513 omnia,

1757 5550 1847 5603 per
1875 5523 2174 5587 substantia:
2201 5531 2390 5586 scilicet
2417 5530 2699 5590 unitatem;
2737 5536 2783 5579 et
2814 5523 3148 5603 nihilominus
3176 5533 3349 5603 gusto-

1757 5588 1898 5659 ditur
1925 5605 2220 5659 oeconomia:
2248 5609 2640 5677 sacramentum,
2680 5588 2798 5667 qua:
2822 5598 3071 5677 unitatem
3095 5594 3148 5677 in
3176 5588 3354 5677 Trini-

1759 5685 1859 5731 tate
1884 5677 2129 5747 disponit,
2161 5689 2260 5747 tres
2301 5673 2546 5743 dirigens,
2581 5664 2810 5747 Patrem,
2860 5664 3053 5747 Filium
3094 5673 3154 5747 et.
3178 5664 3354 5733 Spiri-

1760 5758 1867 5801 tum
1888 5736 2144 5802 sarictuni.
2182 5744 2312 5799 Tres
2351 5736 2523 5797 autem
2561 5754 2664 5792 non
2692 5746 2849 5804 statu,
2891 5736 2981 5816 sed
3025 5736 3209 5816 gradu,
3263 5750 3353 5816 nec

1757 5818 2065 5887 substantia,
2101 5817 2190 5873 sed
2212 5817 2403 5888 forma,
2433 5827 2521 5867 nec
2547 5818 2815 5883 potestate,
2839 5809 2930 5864 sed
2969 5809 3179 5880 specie:
3206 5809 3360 5865 unius

2821 5900 2902 5965 20
