  <div class='ocr_page' id='page_1' title='image "/cluster/home/n/w/nwhite01/storage/ocr_20150623/13/hvd.32044015471295/316.png"; bbox 0 0 3972 6352; ppageno 0'>
   <div class='ocr_carea' id='block_1_1' title="bbox 197 297 288 355">
    <p class='ocr_par' dir='ltr' id='par_1_1' title="bbox 197 297 288 355">
     <span class='ocr_line' id='line_1_1' title="bbox 197 297 288 355; baseline -0.022 0"><span class='ocrx_word' id='word_1_1' title='bbox 197 297 288 355; x_wconf 64' lang='grc' dir='ltr'><strong>ϐξ(</strong></span> 
     </span>
    </p>
   </div>
   <div class='ocr_carea' id='block_1_2' title="bbox 689 284 2986 374">
    <p class='ocr_par' dir='ltr' id='par_1_2' title="bbox 689 284 2986 374">
     <span class='ocr_line' id='line_1_2' title="bbox 689 284 2986 374; baseline 0.008 -19"><span class='ocrx_word' id='word_1_2' title='bbox 689 291 1122 356; x_wconf 71' lang='grc' dir='ltr'><strong>ΜοΝυΜΕΝτΑ</strong></span> <span class='ocrx_word' id='word_1_3' title='bbox 1157 284 1438 359; x_wconf 78' lang='lat' dir='ltr'><strong>VETERA</strong></span> <span class='ocrx_word' id='word_1_4' title='bbox 1477 301 1570 360; x_wconf 79' lang='lat' dir='ltr'><strong>At)</strong></span> <span class='ocrx_word' id='word_1_5' title='bbox 1609 303 2019 367; x_wconf 82' lang='lat' dir='ltr'><strong>ARIANORUM</strong></span> <span class='ocrx_word' id='word_1_6' title='bbox 2059 307 2458 369; x_wconf 70' lang='lat' dir='ltr'><strong>oocmman</strong></span> <span class='ocrx_word' id='word_1_7' title='bbox 2500 301 2986 374; x_wconf 65' lang='lat' dir='ltr'><strong>pannosam.</strong></span> 
     </span>
    </p>
   </div>
   <div class='ocr_carea' id='block_1_3' title="bbox 3389 319 3495 376">
    <p class='ocr_par' dir='ltr' id='par_1_3' title="bbox 3389 319 3495 376">
     <span class='ocr_line' id='line_1_3' title="bbox 3389 319 3495 376; baseline 0.019 -2"><span class='ocrx_word' id='word_1_8' title='bbox 3389 319 3495 376; x_wconf 73' lang='lat'><strong>69.2</strong></span> 
     </span>
    </p>
   </div>
   <div class='ocr_carea' id='block_1_4' title="bbox 198 409 3495 506">
    <p class='ocr_par' dir='ltr' id='par_1_4' title="bbox 198 409 3495 506">
     <span class='ocr_line' id='line_1_4' title="bbox 198 409 3495 506; baseline 0.006 -35"><span class='ocrx_word' id='word_1_9' title='bbox 198 429 309 471; x_wconf 88' lang='lat' dir='ltr'><strong>esse</strong></span> <span class='ocrx_word' id='word_1_10' title='bbox 350 409 518 469; x_wconf 85' lang='lat' dir='ltr'><strong>Deum</strong></span> <span class='ocrx_word' id='word_1_11' title='bbox 543 423 846 473; x_wconf 86' lang='lat' dir='ltr'><strong>creatorem</strong></span> <span class='ocrx_word' id='word_1_12' title='bbox 876 427 901 455; x_wconf 76' lang='grc' dir='ltr'>ι</span> <span class='ocrx_word' id='word_1_13' title='bbox 928 415 1175 486; x_wconf 84' lang='lat' dir='ltr'><strong>dicimus,</strong></span> <span class='ocrx_word' id='word_1_14' title='bbox 1203 419 1324 491; x_wconf 90' lang='lat' dir='ltr'><strong>quia</strong></span> <span class='ocrx_word' id='word_1_15' title='bbox 1356 419 1489 475; x_wconf 83' lang='lat' dir='ltr'><strong>nihil</strong></span> <span class='ocrx_word' id='word_1_16' title='bbox 1516 422 1584 476; x_wconf 88' lang='lat' dir='ltr'><strong>ab</strong></span> <span class='ocrx_word' id='word_1_17' title='bbox 1617 421 1710 479; x_wconf 92' lang='lat' dir='ltr'><strong>illo</strong></span> <span class='ocrx_word' id='word_1_18' title='bbox 1733 433 1785 480; x_wconf 90' lang='lat' dir='ltr'><strong>et</strong></span> <span class='ocrx_word' id='word_1_19' title='bbox 1813 431 1867 492; x_wconf 74' lang='grc' dir='ltr'>Α</span> <span class='ocrx_word' id='word_1_20' title='bbox 1888 426 2062 498; x_wconf 83' lang='lat' dir='ltr'><strong>jurem</strong></span> <span class='ocrx_word' id='word_1_21' title='bbox 2105 443 2164 485; x_wconf 88' lang='lat' dir='ltr'><strong>se</strong></span> <span class='ocrx_word' id='word_1_22' title='bbox 2192 427 2353 486; x_wconf 88' lang='lat' dir='ltr'><strong>Pater</strong></span> <span class='ocrx_word' id='word_1_23' title='bbox 2376 430 2396 461; x_wconf 80' lang='grc'><strong><em>⁸</em></strong></span> <span class='ocrx_word' id='word_1_24' title='bbox 2421 430 2674 487; x_wconf 90' lang='lat' dir='ltr'><strong>ostendat</strong></span> <span class='ocrx_word' id='word_1_25' title='bbox 2705 442 2916 490; x_wconf 89' lang='lat' dir='ltr'><strong>certum</strong></span> <span class='ocrx_word' id='word_1_26' title='bbox 2945 447 3067 491; x_wconf 89' lang='lat' dir='ltr'><strong>esse</strong></span> <span class='ocrx_word' id='word_1_27' title='bbox 3116 431 3238 506; x_wconf 91' lang='lat' dir='ltr'><strong>quia</strong></span> <span class='ocrx_word' id='word_1_28' title='bbox 3269 448 3374 491; x_wconf 94' lang='lat' dir='ltr'><strong>non</strong></span> <span class='ocrx_word' id='word_1_29' title='bbox 3404 451 3495 492; x_wconf 91' lang='lat' dir='ltr'><strong>so-</strong></span> 
     </span>
    </p>
   </div>
   <div class='ocr_carea' id='block_1_5' title="bbox 196 505 1787 596">
    <p class='ocr_par' dir='ltr' id='par_1_5' title="bbox 196 505 1787 596">
     <span class='ocr_line' id='line_1_5' title="bbox 196 505 1787 596; baseline 0.006 -33"><span class='ocrx_word' id='word_1_30' title='bbox 196 522 287 580; x_wconf 91' lang='lat' dir='ltr'><strong>per</strong></span> <span class='ocrx_word' id='word_1_31' title='bbox 304 505 454 562; x_wconf 88' lang='lat' dir='ltr'><strong>illum</strong></span> <span class='ocrx_word' id='word_1_32' title='bbox 478 519 717 564; x_wconf 78' lang='lat' dir='ltr'><strong>creatum</strong></span> <span class='ocrx_word' id='word_1_33' title='bbox 738 519 850 576; x_wconf 85' lang='lat' dir='ltr'><strong>est;</strong></span> <span class='ocrx_word' id='word_1_34' title='bbox 883 511 1007 582; x_wconf 85' lang='lat' dir='ltr'><strong>quia</strong></span> <span class='ocrx_word' id='word_1_35' title='bbox 1029 511 1207 567; x_wconf 89' lang='lat' dir='ltr'><strong>omnia</strong></span> <span class='ocrx_word' id='word_1_36' title='bbox 1235 527 1261 567; x_wconf 89' lang='lat' dir='ltr'><strong>a</strong></span> <span class='ocrx_word' id='word_1_37' title='bbox 1290 512 1447 570; x_wconf 91' lang='lat' dir='ltr'><strong>Patre</strong></span> <span class='ocrx_word' id='word_1_38' title='bbox 1471 529 1566 585; x_wconf 88' lang='lat' dir='ltr'><strong>per</strong></span> <span class='ocrx_word' id='word_1_39' title='bbox 1593 514 1787 596; x_wconf 80' lang='lat' dir='ltr'><strong>Filium</strong></span> 
     </span>
    </p>
   </div>
   <div class='ocr_carea' id='block_1_6' title="bbox 196 609 1324 678">
    <p class='ocr_par' dir='ltr' id='par_1_6' title="bbox 196 609 1324 678">
     <span class='ocr_line' id='line_1_6' title="bbox 196 609 1324 678; baseline 0.002 -18"><span class='ocrx_word' id='word_1_40' title='bbox 196 613 364 661; x_wconf 83' lang='lat' dir='ltr'><strong>creata</strong></span> <span class='ocrx_word' id='word_1_41' title='bbox 396 614 554 672; x_wconf 90' lang='lat' dir='ltr'><strong>sunt;</strong></span> <span class='ocrx_word' id='word_1_42' title='bbox 588 621 764 675; x_wconf 85' lang='lat' dir='ltr'><strong>neque</strong></span> <span class='ocrx_word' id='word_1_43' title='bbox 796 609 969 676; x_wconf 75' lang='lat' dir='ltr'><strong>ipsum</strong></span> <span class='ocrx_word' id='word_1_44' title='bbox 1015 623 1324 678; x_wconf 84' lang='lat' dir='ltr'><strong>regere.....</strong></span> 
     </span>
    </p>
   </div>
   <div class='ocr_carea' id='block_1_7' title="bbox 649 697 1315 758">
    <p class='ocr_par' dir='ltr' id='par_1_7' title="bbox 649 697 1315 758">
     <span class='ocr_line' id='line_1_7' title="bbox 649 697 1315 758; baseline 0.003 -4"><span class='ocrx_word' id='word_1_45' title='bbox 649 697 1130 758; x_wconf 70' lang='lat' dir='ltr'><strong>FBAGMENTUM</strong></span> <span class='ocrx_word' id='word_1_46' title='bbox 1174 701 1315 758; x_wconf 78' lang='lat' dir='ltr'><strong>XVI.</strong></span> 
     </span>
    </p>
   </div>
   <div class='ocr_carea' id='block_1_8' title="bbox 262 791 1788 868">
    <p class='ocr_par' dir='ltr' id='par_1_8' title="bbox 262 791 1788 868">
     <span class='ocr_line' id='line_1_8' title="bbox 262 791 1788 868; baseline 0.01 -28"><span class='ocrx_word' id='word_1_47' title='bbox 402 791 654 860; x_wconf 81' lang='lat' dir='ltr'><strong>provisor</strong></span> <span class='ocrx_word' id='word_1_48' title='bbox 675 793 942 860; x_wconf 89' lang='lat' dir='ltr'><strong>omnium,</strong></span> <span class='ocrx_word' id='word_1_49' title='bbox 969 794 1132 865; x_wconf 78' lang='lat' dir='ltr'><strong>judex</strong></span> <span class='ocrx_word' id='word_1_50' title='bbox 1165 803 1218 850; x_wconf 87' lang='lat' dir='ltr'><strong>et</strong></span> <span class='ocrx_word' id='word_1_51' title='bbox 1249 795 1613 868; x_wconf 82' lang='lat' dir='ltr'><strong>dispensator,</strong></span> <span class='ocrx_word' id='word_1_52' title='bbox 1644 798 1788 855; x_wconf 85' lang='lat' dir='ltr'><strong>Deus</strong></span> 
     </span>
    </p>
   </div>
   <div class='ocr_carea' id='block_1_9' title="bbox 191 885 1784 963">
    <p class='ocr_par' dir='ltr' id='par_1_9' title="bbox 191 885 1784 963">
     <span class='ocr_line' id='line_1_9' title="bbox 191 885 1784 963; baseline 0.007 -25"><span class='ocrx_word' id='word_1_53' title='bbox 191 886 303 956; x_wconf 88' lang='lat' dir='ltr'><strong>quia</strong></span> <span class='ocrx_word' id='word_1_54' title='bbox 344 885 526 941; x_wconf 86' lang='lat' dir='ltr'><strong>omnia</strong></span> <span class='ocrx_word' id='word_1_55' title='bbox 571 889 779 942; x_wconf 83' lang='lat' dir='ltr'><strong>creavit</strong></span> <span class='ocrx_word' id='word_1_56' title='bbox 820 895 875 943; x_wconf 91' lang='lat' dir='ltr'><strong>et</strong></span> <span class='ocrx_word' id='word_1_57' title='bbox 903 892 1219 946; x_wconf 74' lang='lat' dir='ltr'><strong>construxit</strong></span> <span class='ocrx_word' id='word_1_58' title='bbox 1251 907 1264 943; x_wconf 95' lang='lat'><strong>:</strong></span> <span class='ocrx_word' id='word_1_59' title='bbox 1298 892 1388 963; x_wconf 90' lang='lat' dir='ltr'><strong>qui</strong></span> <span class='ocrx_word' id='word_1_60' title='bbox 1431 890 1560 948; x_wconf 90' lang='lat' dir='ltr'><strong>fecit</strong></span> <span class='ocrx_word' id='word_1_61' title='bbox 1602 895 1784 949; x_wconf 90' lang='lat' dir='ltr'><strong>omnia</strong></span> 
     </span>
    </p>
   </div>
   <div class='ocr_carea' id='block_1_10' title="bbox 190 975 1787 1058">
    <p class='ocr_par' dir='ltr' id='par_1_10' title="bbox 190 975 1787 1058">
     <span class='ocr_line' id='line_1_10' title="bbox 190 975 1787 1058; baseline 0.006 -23"><span class='ocrx_word' id='word_1_62' title='bbox 190 993 251 1035; x_wconf 76' lang='lat' dir='ltr'><strong>ex</strong></span> <span class='ocrx_word' id='word_1_63' title='bbox 276 975 464 1033; x_wconf 90' lang='lat' dir='ltr'><strong>nihilo.</strong></span> <span class='ocrx_word' id='word_1_64' title='bbox 501 980 698 1036; x_wconf 88' lang='lat' dir='ltr'><strong>Iterum</strong></span> <span class='ocrx_word' id='word_1_65' title='bbox 729 979 870 1038; x_wconf 89' lang='lat' dir='ltr'><strong>idem</strong></span> <span class='ocrx_word' id='word_1_66' title='bbox 910 983 1026 1052; x_wconf 81' lang='lat' dir='ltr'><strong>ipse</strong></span> <span class='ocrx_word' id='word_1_67' title='bbox 1072 983 1400 1042; x_wconf 73' lang='lat' dir='ltr'><strong>Athanasius</strong></span> <span class='ocrx_word' id='word_1_68' title='bbox 1440 989 1787 1058; x_wconf 83' lang='lat' dir='ltr'><strong>antiquorum</strong></span> 
     </span>
    </p>
   </div>
   <div class='ocr_carea' id='block_1_11' title="bbox 190 1074 1788 1152">
    <p class='ocr_par' dir='ltr' id='par_1_11' title="bbox 190 1074 1788 1152">
     <span class='ocr_line' id='line_1_11' title="bbox 190 1074 1788 1152; baseline 0.007 -24"><span class='ocrx_word' id='word_1_69' title='bbox 190 1074 386 1144; x_wconf 75' lang='lat' dir='ltr'><strong>profert</strong></span> <span class='ocrx_word' id='word_1_70' title='bbox 431 1075 749 1132; x_wconf 87' lang='lat' dir='ltr'><strong>memoriam</strong></span> <span class='ocrx_word' id='word_1_71' title='bbox 782 1092 845 1133; x_wconf 89' lang='lat' dir='ltr'><strong>ac</strong></span> <span class='ocrx_word' id='word_1_72' title='bbox 875 1075 1097 1150; x_wconf 85' lang='lat' dir='ltr'><strong>Dionysi</strong></span> <span class='ocrx_word' id='word_1_73' title='bbox 1128 1079 1392 1152; x_wconf 84' lang='lat' dir='ltr'><strong>episcopi,</strong></span> <span class='ocrx_word' id='word_1_74' title='bbox 1436 1091 1492 1137; x_wconf 94' lang='lat' dir='ltr'><strong>ut</strong></span> <span class='ocrx_word' id='word_1_75' title='bbox 1532 1082 1788 1140; x_wconf 88' lang='lat' dir='ltr'><strong>ostendat</strong></span> 
     </span>
    </p>
   </div>
   <div class='ocr_carea' id='block_1_12' title="bbox 187 1165 1787 1247">
    <p class='ocr_par' dir='ltr' id='par_1_12' title="bbox 187 1165 1787 1247">
     <span class='ocr_line' id='line_1_12' title="bbox 187 1165 1787 1247; baseline 0.008 -25"><span class='ocrx_word' id='word_1_76' title='bbox 187 1179 303 1223; x_wconf 83' lang='lat' dir='ltr'><strong>ante</strong></span> <span class='ocrx_word' id='word_1_77' title='bbox 347 1183 472 1225; x_wconf 88' lang='lat' dir='ltr'><strong>esse</strong></span> <span class='ocrx_word' id='word_1_78' title='bbox 504 1165 755 1238; x_wconf 85' lang='lat' dir='ltr'><strong>Patrem,</strong></span> <span class='ocrx_word' id='word_1_79' title='bbox 791 1187 951 1240; x_wconf 86' lang='lat' dir='ltr'><strong>quam</strong></span> <span class='ocrx_word' id='word_1_80' title='bbox 1001 1169 1170 1229; x_wconf 86' lang='lat' dir='ltr'><strong>Filius</strong></span> <span class='ocrx_word' id='word_1_81' title='bbox 1213 1175 1616 1247; x_wconf 67' lang='lat' dir='ltr'><strong>generareturb</strong></span> <span class='ocrx_word' id='word_1_82' title='bbox 1643 1220 1656 1245; x_wconf 92' lang='lat'><strong>,</strong></span> <span class='ocrx_word' id='word_1_83' title='bbox 1702 1177 1787 1234; x_wconf 88' lang='lat' dir='ltr'><strong>di-</strong></span> 
     </span>
    </p>
   </div>
   <div class='ocr_carea' id='block_1_13' title="bbox 187 1259 1787 1340">
    <p class='ocr_par' dir='ltr' id='par_1_13' title="bbox 187 1259 1787 1340">
     <span class='ocr_line' id='line_1_13' title="bbox 187 1259 1787 1340; baseline 0.005 -21"><span class='ocrx_word' id='word_1_84' title='bbox 187 1277 345 1319; x_wconf 88' lang='lat' dir='ltr'><strong>cens:</strong></span> <span class='ocrx_word' id='word_1_85' title='bbox 382 1259 470 1318; x_wconf 85' lang='lat' dir='ltr'><strong>Ita</strong></span> <span class='ocrx_word' id='word_1_86' title='bbox 513 1261 671 1320; x_wconf 77' lang='lat' dir='ltr'><strong>Pater</strong></span> <span class='ocrx_word' id='word_1_87' title='bbox 707 1265 944 1337; x_wconf 76' lang='lat' dir='ltr'><strong>quidem,</strong></span> <span class='ocrx_word' id='word_1_88' title='bbox 995 1263 1154 1322; x_wconf 79' lang='lat' dir='ltr'><strong>Pater</strong></span> <span class='ocrx_word' id='word_1_89' title='bbox 1183 1275 1227 1324; x_wconf 86' lang='lat' dir='ltr'><strong>et</strong></span> <span class='ocrx_word' id='word_1_90' title='bbox 1269 1283 1373 1323; x_wconf 84' lang='lat' dir='ltr'><strong>non</strong></span> <span class='ocrx_word' id='word_1_91' title='bbox 1419 1265 1634 1340; x_wconf 79' lang='lat' dir='ltr'><strong>Filius;</strong></span> <span class='ocrx_word' id='word_1_92' title='bbox 1683 1287 1787 1327; x_wconf 89' lang='lat' dir='ltr'><strong>non</strong></span> 
     </span>
    </p>
   </div>
   <div class='ocr_carea' id='block_1_14' title="bbox 183 1355 1788 1430">
    <p class='ocr_par' dir='ltr' id='par_1_14' title="bbox 183 1355 1788 1430">
     <span class='ocr_line' id='line_1_14' title="bbox 183 1355 1788 1430; baseline 0.006 -22"><span class='ocrx_word' id='word_1_93' title='bbox 183 1358 292 1424; x_wconf 85' lang='lat' dir='ltr'><strong>quia</strong></span> <span class='ocrx_word' id='word_1_94' title='bbox 322 1355 498 1428; x_wconf 80' lang='lat' dir='ltr'><strong>factus</strong></span> <span class='ocrx_word' id='word_1_95' title='bbox 527 1368 628 1424; x_wconf 82' lang='lat' dir='ltr'><strong>est,</strong></span> <span class='ocrx_word' id='word_1_96' title='bbox 660 1358 752 1414; x_wconf 88' lang='lat' dir='ltr'><strong>sed</strong></span> <span class='ocrx_word' id='word_1_97' title='bbox 780 1360 902 1430; x_wconf 83' lang='lat' dir='ltr'><strong>quia</strong></span> <span class='ocrx_word' id='word_1_98' title='bbox 933 1369 1044 1426; x_wconf 83' lang='lat' dir='ltr'><strong>est;</strong></span> <span class='ocrx_word' id='word_1_99' title='bbox 1086 1377 1189 1415; x_wconf 84' lang='lat' dir='ltr'><strong>non</strong></span> <span class='ocrx_word' id='word_1_100' title='bbox 1222 1377 1284 1416; x_wconf 79' lang='lat' dir='ltr'><strong>ex</strong></span> <span class='ocrx_word' id='word_1_101' title='bbox 1305 1361 1499 1427; x_wconf 70' lang='lat' dir='ltr'><strong>aliqua,</strong></span> <span class='ocrx_word' id='word_1_102' title='bbox 1537 1363 1628 1418; x_wconf 79' lang='lat' dir='ltr'><strong>sed</strong></span> <span class='ocrx_word' id='word_1_103' title='bbox 1653 1364 1706 1417; x_wconf 86' lang='lat' dir='ltr'><strong>in</strong></span> <span class='ocrx_word' id='word_1_104' title='bbox 1735 1381 1788 1418; x_wconf 79' lang='lat' dir='ltr'><strong>se</strong></span> 
     </span>
    </p>
   </div>
   <div class='ocr_carea' id='block_1_15' title="bbox 183 1443 1784 1528">
    <p class='ocr_par' dir='ltr' id='par_1_15' title="bbox 183 1443 1784 1528">
     <span class='ocr_line' id='line_1_15' title="bbox 183 1443 1784 1528; baseline 0.005 -24"><span class='ocrx_word' id='word_1_105' title='bbox 183 1463 490 1521; x_wconf 81' lang='lat' dir='ltr'><strong>permanens</strong></span> <span class='ocrx_word' id='word_1_106' title='bbox 522 1465 540 1506; x_wconf 70' lang='grc' dir='ltr'><em>ε</em></span> <span class='ocrx_word' id='word_1_107' title='bbox 573 1443 749 1507; x_wconf 77' lang='lat' dir='ltr'><strong>Filius</strong></span> <span class='ocrx_word' id='word_1_108' title='bbox 772 1461 944 1508; x_wconf 82' lang='lat' dir='ltr'><strong>autem</strong></span> <span class='ocrx_word' id='word_1_109' title='bbox 973 1463 1147 1509; x_wconf 81' lang='lat' dir='ltr'><strong>etnon</strong></span> <span class='ocrx_word' id='word_1_110' title='bbox 1175 1451 1356 1520; x_wconf 84' lang='lat' dir='ltr'><strong>Pater,</strong></span> <span class='ocrx_word' id='word_1_111' title='bbox 1387 1459 1627 1528; x_wconf 86' lang='lat' dir='ltr'><strong>nonquia</strong></span> <span class='ocrx_word' id='word_1_112' title='bbox 1654 1467 1784 1526; x_wconf 84' lang='lat' dir='ltr'><strong>erat,</strong></span> 
     </span>
    </p>
   </div>
   <div class='ocr_carea' id='block_1_16' title="bbox 186 1541 1788 1621">
    <p class='ocr_par' dir='ltr' id='par_1_16' title="bbox 186 1541 1788 1621">
     <span class='ocr_line' id='line_1_16' title="bbox 186 1541 1788 1621; baseline 0.006 -25"><span class='ocrx_word' id='word_1_113' title='bbox 186 1541 264 1597; x_wconf 83' lang='lat' dir='ltr'><strong>sed</strong></span> <span class='ocrx_word' id='word_1_114' title='bbox 289 1545 418 1614; x_wconf 84' lang='lat' dir='ltr'><strong>quia</strong></span> <span class='ocrx_word' id='word_1_115' title='bbox 449 1543 617 1614; x_wconf 78' lang='lat' dir='ltr'><strong>[actus</strong></span> <span class='ocrx_word' id='word_1_116' title='bbox 660 1555 772 1614; x_wconf 82' lang='lat' dir='ltr'><strong>est;</strong></span> <span class='ocrx_word' id='word_1_117' title='bbox 815 1562 916 1601; x_wconf 88' lang='lat' dir='ltr'><strong>non</strong></span> <span class='ocrx_word' id='word_1_118' title='bbox 938 1547 1001 1602; x_wconf 88' lang='lat' dir='ltr'><strong>de</strong></span> <span class='ocrx_word' id='word_1_119' title='bbox 1028 1563 1100 1613; x_wconf 75' lang='lat' dir='ltr'><strong>se,</strong></span> <span class='ocrx_word' id='word_1_120' title='bbox 1137 1545 1227 1603; x_wconf 81' lang='lat' dir='ltr'><strong>sed</strong></span> <span class='ocrx_word' id='word_1_121' title='bbox 1256 1563 1320 1604; x_wconf 76' lang='lat' dir='ltr'><strong>ex</strong></span> <span class='ocrx_word' id='word_1_122' title='bbox 1351 1565 1431 1617; x_wconf 88' lang='lat' dir='ltr'><strong>eo,</strong></span> <span class='ocrx_word' id='word_1_123' title='bbox 1463 1549 1551 1621; x_wconf 87' lang='lat' dir='ltr'><strong>qui</strong></span> <span class='ocrx_word' id='word_1_124' title='bbox 1574 1567 1688 1606; x_wconf 79' lang='lat' dir='ltr'><strong>eum</strong></span> <span class='ocrx_word' id='word_1_125' title='bbox 1712 1551 1788 1621; x_wconf 79' lang='lat' dir='ltr'><strong>fe-</strong></span> 
     </span>
    </p>
   </div>
   <div class='ocr_carea' id='block_1_17' title="bbox 185 1635 1783 1715">
    <p class='ocr_par' dir='ltr' id='par_1_17' title="bbox 185 1635 1783 1715">
     <span class='ocr_line' id='line_1_17' title="bbox 185 1635 1783 1715; baseline 0.006 -24"><span class='ocrx_word' id='word_1_126' title='bbox 185 1636 247 1691; x_wconf 81' lang='lat' dir='ltr'><strong>cit</strong></span> <span class='ocrx_word' id='word_1_127' title='bbox 268 1679 282 1703; x_wconf 93' lang='lat'><strong>,</strong></span> <span class='ocrx_word' id='word_1_128' title='bbox 315 1635 450 1693; x_wconf 80' lang='lat' dir='ltr'><strong>Fitit</strong></span> <span class='ocrx_word' id='word_1_129' title='bbox 481 1637 780 1711; x_wconf 82' lang='lat' dir='ltr'><strong>dignitatem</strong></span> <span class='ocrx_word' id='word_1_130' title='bbox 809 1641 1022 1696; x_wconf 85' lang='lat' dir='ltr'><strong>sortitus</strong></span> <span class='ocrx_word' id='word_1_131' title='bbox 1057 1649 1131 1696; x_wconf 82' lang='lat' dir='ltr'><strong>est</strong></span> <span class='ocrx_word' id='word_1_132' title='bbox 1153 1643 1201 1696; x_wconf 90' lang='lat'><strong>°.</strong></span> <span class='ocrx_word' id='word_1_133' title='bbox 1236 1639 1437 1699; x_wconf 86' lang='lat' dir='ltr'><strong>Deinde</strong></span> <span class='ocrx_word' id='word_1_134' title='bbox 1474 1643 1588 1715; x_wconf 92' lang='lat' dir='ltr'><strong>ipse</strong></span> <span class='ocrx_word' id='word_1_135' title='bbox 1617 1644 1783 1700; x_wconf 83' lang='lat' dir='ltr'><strong>Atha-</strong></span> 
     </span>
    </p>
   </div>
   <div class='ocr_carea' id='block_1_18' title="bbox 185 1731 1780 1806">
    <p class='ocr_par' dir='ltr' id='par_1_18' title="bbox 185 1731 1780 1806">
     <span class='ocr_line' id='line_1_18' title="bbox 185 1731 1780 1806; baseline 0.006 -21"><span class='ocrx_word' id='word_1_136' title='bbox 185 1731 365 1787; x_wconf 85' lang='lat' dir='ltr'><strong>nasius</strong></span> <span class='ocrx_word' id='word_1_137' title='bbox 397 1749 410 1786; x_wconf 89' lang='lat'><strong>:</strong></span> <span class='ocrx_word' id='word_1_138' title='bbox 449 1752 468 1786; x_wconf 74' lang='grc' dir='ltr'>ί</span> <span class='ocrx_word' id='word_1_139' title='bbox 492 1732 607 1787; x_wconf 87' lang='lat' dir='ltr'><strong>Non</strong></span> <span class='ocrx_word' id='word_1_140' title='bbox 646 1731 787 1790; x_wconf 87' lang='lat' dir='ltr'><strong>enim</strong></span> <span class='ocrx_word' id='word_1_141' title='bbox 823 1749 882 1792; x_wconf 91' lang='lat' dir='ltr'><strong>se</strong></span> <span class='ocrx_word' id='word_1_142' title='bbox 918 1733 1075 1806; x_wconf 78' lang='lat' dir='ltr'><strong>erigit</strong></span> <span class='ocrx_word' id='word_1_143' title='bbox 1117 1731 1284 1791; x_wconf 87' lang='lat' dir='ltr'><strong>Filius</strong></span> <span class='ocrx_word' id='word_1_144' title='bbox 1313 1745 1498 1792; x_wconf 88' lang='lat' dir='ltr'><strong>contra</strong></span> <span class='ocrx_word' id='word_1_145' title='bbox 1540 1737 1780 1801; x_wconf 88' lang='lat' dir='ltr'><strong>Patrem.</strong></span> 
     </span>
    </p>
   </div>
   <div class='ocr_carea' id='block_1_19' title="bbox 1894 519 3491 599">
    <p class='ocr_par' dir='ltr' id='par_1_19' title="bbox 1894 519 3491 599">
     <span class='ocr_line' id='line_1_19' title="bbox 1894 519 3491 599; baseline 0.006 -23"><span class='ocrx_word' id='word_1_146' title='bbox 1894 519 2004 576; x_wconf 93' lang='lat' dir='ltr'><strong>Ium</strong></span> <span class='ocrx_word' id='word_1_147' title='bbox 2057 525 2426 593; x_wconf 85' lang='lat' dir='ltr'><strong>operationem</strong></span> <span class='ocrx_word' id='word_1_148' title='bbox 2459 521 2479 555; x_wconf 81' lang='grc'>⁸</span> <span class='ocrx_word' id='word_1_149' title='bbox 2520 536 2827 592; x_wconf 59' lang='lat' dir='ltr'><strong>creaturae,</strong></span> <span class='ocrx_word' id='word_1_150' title='bbox 2888 527 2984 583; x_wconf 91' lang='lat' dir='ltr'><strong>sed</strong></span> <span class='ocrx_word' id='word_1_151' title='bbox 3035 529 3161 599; x_wconf 85' lang='lat' dir='ltr'><strong>quia</strong></span> <span class='ocrx_word' id='word_1_152' title='bbox 3219 529 3491 599; x_wconf 85' lang='lat' dir='ltr'><strong>ingenitus</strong></span> 
     </span>
    </p>
   </div>
   <div class='ocr_carea' id='block_1_20' title="bbox 1893 617 3489 694">
    <p class='ocr_par' dir='ltr' id='par_1_20' title="bbox 1893 617 3489 694">
     <span class='ocr_line' id='line_1_20' title="bbox 1893 617 3489 694; baseline 0.005 -21"><span class='ocrx_word' id='word_1_153' title='bbox 1893 625 1996 673; x_wconf 84' lang='lat' dir='ltr'><strong>est.</strong></span> <span class='ocrx_word' id='word_1_154' title='bbox 2020 637 2037 670; x_wconf 73' lang='grc' dir='ltr'><strong><em>ι</em></strong></span> <span class='ocrx_word' id='word_1_155' title='bbox 2067 617 2323 674; x_wconf 89' lang='lat' dir='ltr'><strong>Similiter</strong></span> <span class='ocrx_word' id='word_1_156' title='bbox 2364 619 2506 675; x_wconf 87' lang='lat' dir='ltr'><strong>idem</strong></span> <span class='ocrx_word' id='word_1_157' title='bbox 2540 621 2654 692; x_wconf 85' lang='lat' dir='ltr'><strong>ipse</strong></span> <span class='ocrx_word' id='word_1_158' title='bbox 2684 621 2734 676; x_wconf 90' lang='lat' dir='ltr'><strong>in</strong></span> <span class='ocrx_word' id='word_1_159' title='bbox 2765 621 2868 678; x_wconf 86' lang='lat' dir='ltr'><strong>alia</strong></span> <span class='ocrx_word' id='word_1_160' title='bbox 2905 623 3132 694; x_wconf 84' lang='lat' dir='ltr'><strong>epistola</strong></span> <span class='ocrx_word' id='word_1_161' title='bbox 3165 641 3179 680; x_wconf 92' lang='lat'>:</span> <span class='ocrx_word' id='word_1_162' title='bbox 3221 642 3241 676; x_wconf 68' lang='grc' dir='ltr'><strong><em>ε</em></strong></span> <span class='ocrx_word' id='word_1_163' title='bbox 3280 625 3353 680; x_wconf 87' lang='lat' dir='ltr'><strong>De</strong></span> <span class='ocrx_word' id='word_1_164' title='bbox 3386 623 3489 680; x_wconf 88' lang='lat' dir='ltr'><strong>Pa—</strong></span> 
     </span>
    </p>
   </div>
   <div class='ocr_carea' id='block_1_21' title="bbox 1895 711 3490 789">
    <p class='ocr_par' dir='ltr' id='par_1_21' title="bbox 1895 711 3490 789">
     <span class='ocr_line' id='line_1_21' title="bbox 1895 711 3490 789; baseline 0.005 -24"><span class='ocrx_word' id='word_1_165' title='bbox 1895 718 1976 766; x_wconf 88' lang='lat' dir='ltr'><strong>tre</strong></span> <span class='ocrx_word' id='word_1_166' title='bbox 1997 720 2176 767; x_wconf 87' lang='lat' dir='ltr'><strong>autem</strong></span> <span class='ocrx_word' id='word_1_167' title='bbox 2209 719 2264 768; x_wconf 90' lang='lat' dir='ltr'><strong>et</strong></span> <span class='ocrx_word' id='word_1_168' title='bbox 2291 711 2413 769; x_wconf 82' lang='lat' dir='ltr'><strong>Filii</strong></span> <span class='ocrx_word' id='word_1_169' title='bbox 2444 713 2642 770; x_wconf 86' lang='lat' dir='ltr'><strong>diceris</strong></span> <span class='ocrx_word' id='word_1_170' title='bbox 2673 719 2810 771; x_wconf 82' lang='lat' dir='ltr'><strong>sient</strong></span> <span class='ocrx_word' id='word_1_171' title='bbox 2843 713 2952 773; x_wconf 80' lang='lat' dir='ltr'><strong>scis</strong></span> <span class='ocrx_word' id='word_1_172' title='bbox 2982 733 3214 789; x_wconf 87' lang='lat' dir='ltr'><strong>superna</strong></span> <span class='ocrx_word' id='word_1_173' title='bbox 3236 718 3490 774; x_wconf 89' lang='lat' dir='ltr'><strong>baculum</strong></span> 
     </span>
    </p>
   </div>
   <div class='ocr_carea' id='block_1_22' title="bbox 1892 805 3496 882">
    <p class='ocr_par' dir='ltr' id='par_1_22' title="bbox 1892 805 3496 882">
     <span class='ocr_line' id='line_1_22' title="bbox 1892 805 3496 882; baseline 0.007 -25"><span class='ocrx_word' id='word_1_174' title='bbox 1892 813 1974 858; x_wconf 88' lang='lat' dir='ltr'><strong>est</strong></span> <span class='ocrx_word' id='word_1_175' title='bbox 2012 805 2292 861; x_wconf 88' lang='lat' dir='ltr'><strong>ambulare</strong></span> <span class='ocrx_word' id='word_1_176' title='bbox 2314 807 2388 859; x_wconf 78' lang='grc'><strong>⁷.»</strong></span> <span class='ocrx_word' id='word_1_177' title='bbox 2425 807 2564 879; x_wconf 84' lang='lat' dir='ltr'><strong>Etgo</strong></span> <span class='ocrx_word' id='word_1_178' title='bbox 2591 823 2720 864; x_wconf 86' lang='lat' dir='ltr'><strong>vere</strong></span> <span class='ocrx_word' id='word_1_179' title='bbox 2747 811 2974 878; x_wconf 86' lang='lat' dir='ltr'><strong>primum</strong></span> <span class='ocrx_word' id='word_1_180' title='bbox 3009 811 3368 882; x_wconf 82' lang='lat' dir='ltr'><strong>deprecamur</strong></span> <span class='ocrx_word' id='word_1_181' title='bbox 3393 812 3496 868; x_wconf 90' lang='lat' dir='ltr'><strong>Do-</strong></span> 
     </span>
    </p>
   </div>
   <div class='ocr_carea' id='block_1_23' title="bbox 1892 891 3495 977">
    <p class='ocr_par' dir='ltr' id='par_1_23' title="bbox 1892 891 3495 977">
     <span class='ocr_line' id='line_1_23' title="bbox 1892 891 3495 977; baseline 0.007 -25"><span class='ocrx_word' id='word_1_182' title='bbox 1892 891 2132 967; x_wconf 75' lang='lat' dir='ltr'><strong>minum,’</strong></span> <span class='ocrx_word' id='word_1_183' title='bbox 2161 910 2218 954; x_wconf 93' lang='lat' dir='ltr'><strong>ut</strong></span> <span class='ocrx_word' id='word_1_184' title='bbox 2271 901 2483 956; x_wconf 79' lang='lat' dir='ltr'><strong>veniam</strong></span> <span class='ocrx_word' id='word_1_185' title='bbox 2529 902 2659 956; x_wconf 88' lang='lat' dir='ltr'><strong>mibi</strong></span> <span class='ocrx_word' id='word_1_186' title='bbox 2709 904 2908 958; x_wconf 86' lang='lat' dir='ltr'><strong>tribuat</strong></span> <span class='ocrx_word' id='word_1_187' title='bbox 2938 916 3157 977; x_wconf 83' lang='lat' dir='ltr'><strong>propter</strong></span> <span class='ocrx_word' id='word_1_188' title='bbox 3201 908 3495 963; x_wconf 81' lang='lat' dir='ltr'><strong>necessita-</strong></span> 
     </span>
    </p>
   </div>
   <div class='ocr_carea' id='block_1_24' title="bbox 1893 994 3495 1074">
    <p class='ocr_par' dir='ltr' id='par_1_24' title="bbox 1893 994 3495 1074">
     <span class='ocr_line' id='line_1_24' title="bbox 1893 994 3495 1074; baseline 0.006 -26"><span class='ocrx_word' id='word_1_189' title='bbox 1893 999 2038 1059; x_wconf 87' lang='lat' dir='ltr'><strong>tem;</strong></span> <span class='ocrx_word' id='word_1_190' title='bbox 2089 1003 2141 1049; x_wconf 91' lang='lat' dir='ltr'><strong>et</strong></span> <span class='ocrx_word' id='word_1_191' title='bbox 2171 994 2244 1050; x_wconf 87' lang='lat' dir='ltr'><strong>ita</strong></span> <span class='ocrx_word' id='word_1_192' title='bbox 2273 995 2342 1052; x_wconf 91' lang='lat' dir='ltr'><strong>de</strong></span> <span class='ocrx_word' id='word_1_193' title='bbox 2375 996 2456 1051; x_wconf 87' lang='lat' dir='ltr'><strong>his</strong></span> <span class='ocrx_word' id='word_1_194' title='bbox 2487 997 2765 1068; x_wconf 87' lang='lat' dir='ltr'><strong>incipiam,</strong></span> <span class='ocrx_word' id='word_1_195' title='bbox 2798 1013 2905 1054; x_wconf 90' lang='lat' dir='ltr'><strong>non</strong></span> <span class='ocrx_word' id='word_1_196' title='bbox 2938 1002 3004 1056; x_wconf 88' lang='lat' dir='ltr'><strong>de</strong></span> <span class='ocrx_word' id='word_1_197' title='bbox 3039 1003 3284 1070; x_wconf 90' lang='lat' dir='ltr'><strong>plurimis</strong></span> <span class='ocrx_word' id='word_1_198' title='bbox 3317 1017 3495 1074; x_wconf 78' lang='lat' dir='ltr'><strong>quaes—</strong></span> 
     </span>
    </p>
   </div>
   <div class='ocr_carea' id='block_1_25' title="bbox 1895 1083 3493 1166">
    <p class='ocr_par' dir='ltr' id='par_1_25' title="bbox 1895 1083 3493 1166">
     <span class='ocr_line' id='line_1_25' title="bbox 1895 1083 3493 1166; baseline 0.011 -29"><span class='ocrx_word' id='word_1_199' title='bbox 1895 1083 2150 1154; x_wconf 84' lang='lat' dir='ltr'><strong>tionibus,</strong></span> <span class='ocrx_word' id='word_1_200' title='bbox 2206 1101 2380 1159; x_wconf 88' lang='lat' dir='ltr'><strong>nequc</strong></span> <span class='ocrx_word' id='word_1_201' title='bbox 2431 1102 2529 1161; x_wconf 89' lang='lat' dir='ltr'><strong>per</strong></span> <span class='ocrx_word' id='word_1_202' title='bbox 2570 1089 2883 1160; x_wconf 88' lang='lat' dir='ltr'><strong>circuitum,</strong></span> <span class='ocrx_word' id='word_1_203' title='bbox 2938 1091 3034 1148; x_wconf 90' lang='lat' dir='ltr'><strong>sed</strong></span> <span class='ocrx_word' id='word_1_204' title='bbox 3083 1107 3183 1164; x_wconf 89' lang='lat' dir='ltr'><strong>per</strong></span> <span class='ocrx_word' id='word_1_205' title='bbox 3231 1110 3493 1166; x_wconf 85' lang='lat' dir='ltr'><strong>compen-</strong></span> 
     </span>
    </p>
   </div>
   <div class='ocr_carea' id='block_1_26' title="bbox 1891 1175 2814 1234">
    <p class='ocr_par' dir='ltr' id='par_1_26' title="bbox 1891 1175 2814 1234">
     <span class='ocr_line' id='line_1_26' title="bbox 1891 1175 2814 1234; baseline 0.001 -1"><span class='ocrx_word' id='word_1_206' title='bbox 1891 1175 2060 1234; x_wconf 86' lang='lat' dir='ltr'><strong>dium.</strong></span> <span class='ocrx_word' id='word_1_207' title='bbox 2810 1193 2814 1196; x_wconf 82' lang='grc'><em>’</em></span> 
     </span>
    </p>
   </div>
   <div class='ocr_carea' id='block_1_27' title="bbox 2357 1295 3035 1360">
    <p class='ocr_par' dir='ltr' id='par_1_27' title="bbox 2357 1295 3035 1360">
     <span class='ocr_line' id='line_1_27' title="bbox 2357 1295 3035 1360; baseline 0.004 -5"><span class='ocrx_word' id='word_1_208' title='bbox 2357 1295 2830 1359; x_wconf 78' lang='lat' dir='ltr'><strong>FRAGMENTUM</strong></span> <span class='ocrx_word' id='word_1_209' title='bbox 2867 1299 3035 1360; x_wconf 84' lang='lat' dir='ltr'><strong>XVII.</strong></span> 
     </span>
    </p>
   </div>
   <div class='ocr_carea' id='block_1_28' title="bbox 1969 1453 3492 1533">
    <p class='ocr_par' dir='ltr' id='par_1_28' title="bbox 1969 1453 3492 1533">
     <span class='ocr_line' id='line_1_28' title="bbox 1969 1453 3492 1533; baseline 0.012 -31"><span class='ocrx_word' id='word_1_210' title='bbox 1969 1467 1988 1502; x_wconf 84' lang='grc'><em>‹</em></span> <span class='ocrx_word' id='word_1_211' title='bbox 2161 1458 2173 1505; x_wconf 82' lang='lat' dir='ltr'><strong>t</strong></span> <span class='ocrx_word' id='word_1_212' title='bbox 2214 1453 2606 1526; x_wconf 86' lang='lat' dir='ltr'><strong>significatione</strong></span> <span class='ocrx_word' id='word_1_213' title='bbox 2645 1457 2814 1530; x_wconf 76' lang='lat' dir='ltr'><strong>ignis,</strong></span> <span class='ocrx_word' id='word_1_214' title='bbox 2864 1460 2915 1515; x_wconf 93' lang='lat' dir='ltr'><strong>in</strong></span> <span class='ocrx_word' id='word_1_215' title='bbox 2949 1475 3007 1517; x_wconf 89' lang='lat' dir='ltr'><strong>se</strong></span> <span class='ocrx_word' id='word_1_216' title='bbox 3037 1461 3216 1533; x_wconf 82' lang='lat' dir='ltr'><strong>ignem</strong></span> <span class='ocrx_word' id='word_1_217' title='bbox 3261 1461 3492 1533; x_wconf 85' lang='lat' dir='ltr'><strong>habens,</strong></span> 
     </span>
    </p>
   </div>
   <div class='ocr_carea' id='block_1_29' title="bbox 1890 1543 3491 1626">
    <p class='ocr_par' dir='ltr' id='par_1_29' title="bbox 1890 1543 3491 1626">
     <span class='ocr_line' id='line_1_29' title="bbox 1890 1543 3491 1626; baseline 0.009 -29"><span class='ocrx_word' id='word_1_218' title='bbox 1890 1551 1944 1597; x_wconf 89' lang='lat' dir='ltr'><strong>et</strong></span> <span class='ocrx_word' id='word_1_219' title='bbox 1974 1543 2027 1598; x_wconf 91' lang='lat' dir='ltr'><strong>in</strong></span> <span class='ocrx_word' id='word_1_220' title='bbox 2059 1543 2167 1616; x_wconf 92' lang='lat' dir='ltr'><strong>lgnl</strong></span> <span class='ocrx_word' id='word_1_221' title='bbox 2201 1545 2336 1616; x_wconf 87' lang='lat' dir='ltr'><strong>ignis</strong></span> <span class='ocrx_word' id='word_1_222' title='bbox 2369 1561 2613 1605; x_wconf 84' lang='lat' dir='ltr'><strong>manens.</strong></span> <span class='ocrx_word' id='word_1_223' title='bbox 2647 1549 2783 1605; x_wconf 86' lang='lat' dir='ltr'><strong>Nam</strong></span> <span class='ocrx_word' id='word_1_224' title='bbox 2814 1565 2936 1606; x_wconf 90' lang='lat' dir='ltr'><strong>cum</strong></span> <span class='ocrx_word' id='word_1_225' title='bbox 2962 1553 3032 1608; x_wconf 87' lang='lat' dir='ltr'><strong>sit</strong></span> <span class='ocrx_word' id='word_1_226' title='bbox 3058 1553 3112 1608; x_wconf 91' lang='lat' dir='ltr'><strong>iu</strong></span> <span class='ocrx_word' id='word_1_227' title='bbox 3137 1565 3204 1608; x_wconf 88' lang='lat' dir='ltr'><strong>eo</strong></span> <span class='ocrx_word' id='word_1_228' title='bbox 3231 1555 3491 1626; x_wconf 86' lang='lat' dir='ltr'><strong>splendor</strong></span> 
     </span>
    </p>
   </div>
   <div class='ocr_carea' id='block_1_30' title="bbox 1889 1637 3492 1712">
    <p class='ocr_par' dir='ltr' id='par_1_30' title="bbox 1889 1637 3492 1712">
     <span class='ocr_line' id='line_1_30' title="bbox 1889 1637 3492 1712; baseline 0.007 -20"><span class='ocrx_word' id='word_1_229' title='bbox 1889 1637 2134 1694; x_wconf 70' lang='lat' dir='ltr'><strong>lumine&quot;</strong></span> <span class='ocrx_word' id='word_1_230' title='bbox 2164 1653 2393 1709; x_wconf 68' lang='lat' dir='ltr'><strong>naturae,</strong></span> <span class='ocrx_word' id='word_1_231' title='bbox 2446 1644 2596 1699; x_wconf 91' lang='lat' dir='ltr'><strong>calor</strong></span> <span class='ocrx_word' id='word_1_232' title='bbox 2628 1645 2800 1700; x_wconf 90' lang='lat' dir='ltr'><strong>virtus</strong></span> <span class='ocrx_word' id='word_1_233' title='bbox 2827 1647 3041 1712; x_wconf 90' lang='lat' dir='ltr'><strong>urendi,</strong></span> <span class='ocrx_word' id='word_1_234' title='bbox 3084 1647 3362 1703; x_wconf 88' lang='lat' dir='ltr'><strong>mobilitas</strong></span> <span class='ocrx_word' id='word_1_235' title='bbox 3390 1664 3492 1704; x_wconf 71' lang='lat' dir='ltr'><strong>tes-</strong></span> 
     </span>
    </p>
   </div>
   <div class='ocr_carea' id='block_1_31' title="bbox 1891 1733 3495 1808">
    <p class='ocr_par' dir='ltr' id='par_1_31' title="bbox 1891 1733 3495 1808">
     <span class='ocr_line' id='line_1_31' title="bbox 1891 1733 3495 1808; baseline 0.006 -20"><span class='ocrx_word' id='word_1_236' title='bbox 1891 1733 2098 1800; x_wconf 87' lang='lat' dir='ltr'><strong>tuandi,</strong></span> <span class='ocrx_word' id='word_1_237' title='bbox 2152 1741 2322 1791; x_wconf 91' lang='lat' dir='ltr'><strong>totum</strong></span> <span class='ocrx_word' id='word_1_238' title='bbox 2354 1739 2376 1770; x_wconf 80' lang='lat'><strong>’</strong></span> <span class='ocrx_word' id='word_1_239' title='bbox 2408 1746 2586 1793; x_wconf 87' lang='lat' dir='ltr'><strong>tamen</strong></span> <span class='ocrx_word' id='word_1_240' title='bbox 2639 1738 2780 1808; x_wconf 81' lang='lat' dir='ltr'><strong>ignis</strong></span> <span class='ocrx_word' id='word_1_241' title='bbox 2829 1748 2932 1807; x_wconf 87' lang='lat' dir='ltr'><strong>est,</strong></span> <span class='ocrx_word' id='word_1_242' title='bbox 2981 1748 3034 1795; x_wconf 91' lang='lat' dir='ltr'><strong>ct</strong></span> <span class='ocrx_word' id='word_1_243' title='bbox 3080 1741 3196 1796; x_wconf 81' lang='lat' dir='ltr'><strong>bare</strong></span> <span class='ocrx_word' id='word_1_244' title='bbox 3240 1743 3495 1798; x_wconf 86' lang='lat' dir='ltr'><strong>universa</strong></span> 
     </span>
    </p>
   </div>
   <div class='ocr_carea' id='block_1_32' title="bbox 183 1827 3493 1906">
    <p class='ocr_par' dir='ltr' id='par_1_32' title="bbox 183 1827 3493 1906">
     <span class='ocr_line' id='line_1_32' title="bbox 183 1827 3493 1906; baseline 0.004 -30"><span class='ocrx_word' id='word_1_245' title='bbox 183 1841 354 1897; x_wconf 85' lang='lat' dir='ltr'><strong>neque</strong></span> <span class='ocrx_word' id='word_1_246' title='bbox 409 1835 558 1897; x_wconf 82' lang='lat' dir='ltr'><strong>putat</strong></span> <span class='ocrx_word' id='word_1_247' title='bbox 612 1830 755 1898; x_wconf 85' lang='lat' dir='ltr'><strong>paria</strong></span> <span class='ocrx_word' id='word_1_248' title='bbox 809 1843 930 1886; x_wconf 88' lang='lat' dir='ltr'><strong>esse</strong></span> <span class='ocrx_word' id='word_1_249' title='bbox 976 1843 1099 1884; x_wconf 90' lang='lat' dir='ltr'><strong>cum</strong></span> <span class='ocrx_word' id='word_1_250' title='bbox 1147 1830 1255 1885; x_wconf 91' lang='lat' dir='ltr'><strong>Deo</strong></span> <span class='ocrx_word' id='word_1_251' title='bbox 1287 1827 1310 1866; x_wconf 79' lang='grc' dir='ltr'>ἀ</span> <span class='ocrx_word' id='word_1_252' title='bbox 1350 1847 1362 1885; x_wconf 92' lang='lat'>:</span> <span class='ocrx_word' id='word_1_253' title='bbox 1397 1829 1544 1888; x_wconf 82' lang='lat' dir='ltr'><strong>cedit</strong></span> <span class='ocrx_word' id='word_1_254' title='bbox 1598 1842 1777 1888; x_wconf 78' lang='lat' dir='ltr'><strong>autent</strong></span> <span class='ocrx_word' id='word_1_255' title='bbox 1811 1831 1858 1896; x_wconf 92' lang='lat' dir='ltr'><strong>B</strong></span> <span class='ocrx_word' id='word_1_256' title='bbox 1889 1843 1992 1882; x_wconf 88' lang='lat' dir='ltr'><strong>una</strong></span> <span class='ocrx_word' id='word_1_257' title='bbox 2033 1837 2223 1882; x_wconf 85' lang='lat' dir='ltr'><strong>natura</strong></span> <span class='ocrx_word' id='word_1_258' title='bbox 2257 1837 2358 1884; x_wconf 91' lang='lat' dir='ltr'><strong>est.</strong></span> <span class='ocrx_word' id='word_1_259' title='bbox 2394 1847 2412 1882; x_wconf 77' lang='grc' dir='ltr'><strong><em>ι</em></strong></span> <span class='ocrx_word' id='word_1_260' title='bbox 2452 1830 2584 1885; x_wconf 90' lang='lat' dir='ltr'><strong>Item</strong></span> <span class='ocrx_word' id='word_1_261' title='bbox 2619 1829 2827 1886; x_wconf 88' lang='lat' dir='ltr'><strong>llilat-i:</strong></span> <span class='ocrx_word' id='word_1_262' title='bbox 2864 1851 2884 1884; x_wconf 75' lang='grc' dir='ltr'>ι</span> <span class='ocrx_word' id='word_1_263' title='bbox 2916 1832 3166 1888; x_wconf 84' lang='lat' dir='ltr'><strong>Omnium</strong></span> <span class='ocrx_word' id='word_1_264' title='bbox 3202 1849 3334 1906; x_wconf 83' lang='lat' dir='ltr'><strong>ergo</strong></span> <span class='ocrx_word' id='word_1_265' title='bbox 3365 1850 3493 1890; x_wconf 88' lang='lat' dir='ltr'><strong>suo-</strong></span> 
     </span>
    </p>
   </div>
   <div class='ocr_carea' id='block_1_33' title="bbox 182 1913 1781 1996">
    <p class='ocr_par' dir='ltr' id='par_1_33' title="bbox 182 1913 1781 1996">
     <span class='ocr_line' id='line_1_33' title="bbox 182 1913 1781 1996; baseline 0.001 -20"><span class='ocrx_word' id='word_1_266' title='bbox 182 1913 321 1976; x_wconf 85' lang='lat' dir='ltr'><strong>Patri</strong></span> <span class='ocrx_word' id='word_1_267' title='bbox 358 1935 479 1983; x_wconf 92' lang='lat' dir='ltr'><strong>suo,</strong></span> <span class='ocrx_word' id='word_1_268' title='bbox 511 1931 561 1976; x_wconf 91' lang='lat' dir='ltr'><strong>et</strong></span> <span class='ocrx_word' id='word_1_269' title='bbox 597 1921 826 1988; x_wconf 80' lang='lat' dir='ltr'><strong>fatetur;</strong></span> <span class='ocrx_word' id='word_1_270' title='bbox 861 1921 1062 1978; x_wconf 82' lang='lat' dir='ltr'><strong>docens</strong></span> <span class='ocrx_word' id='word_1_271' title='bbox 1092 1937 1280 1980; x_wconf 88' lang='lat' dir='ltr'><strong>omnes</strong></span> <span class='ocrx_word' id='word_1_272' title='bbox 1313 1926 1437 1996; x_wconf 88' lang='lat' dir='ltr'><strong>quia</strong></span> <span class='ocrx_word' id='word_1_273' title='bbox 1477 1925 1639 1981; x_wconf 85' lang='lat' dir='ltr'><strong>Pater</strong></span> <span class='ocrx_word' id='word_1_274' title='bbox 1668 1942 1781 1980; x_wconf 88' lang='lat' dir='ltr'><strong>ma-</strong></span> 
     </span>
    </p>
   </div>
   <div class='ocr_carea' id='block_1_34' title="bbox 181 2011 1782 2090">
    <p class='ocr_par' dir='ltr' id='par_1_34' title="bbox 181 2011 1782 2090">
     <span class='ocr_line' id='line_1_34' title="bbox 181 2011 1782 2090; baseline 0.004 -23"><span class='ocrx_word' id='word_1_275' title='bbox 181 2011 262 2084; x_wconf 86' lang='lat' dir='ltr'><strong>jor</strong></span> <span class='ocrx_word' id='word_1_276' title='bbox 289 2021 314 2050; x_wconf 68' lang='grc' dir='ltr'>ε</span> <span class='ocrx_word' id='word_1_277' title='bbox 352 2031 366 2067; x_wconf 93' lang='lat'><strong>:</strong></span> <span class='ocrx_word' id='word_1_278' title='bbox 403 2017 573 2088; x_wconf 83' lang='lat' dir='ltr'><strong>major</strong></span> <span class='ocrx_word' id='word_1_279' title='bbox 628 2023 808 2070; x_wconf 88' lang='lat' dir='ltr'><strong>autem</strong></span> <span class='ocrx_word' id='word_1_280' title='bbox 838 2029 946 2071; x_wconf 89' lang='lat' dir='ltr'><strong>non</strong></span> <span class='ocrx_word' id='word_1_281' title='bbox 993 2016 1245 2072; x_wconf 86' lang='lat' dir='ltr'><strong>vastitate</strong></span> <span class='ocrx_word' id='word_1_282' title='bbox 1292 2031 1467 2088; x_wconf 89' lang='lat' dir='ltr'><strong>neque</strong></span> <span class='ocrx_word' id='word_1_283' title='bbox 1513 2018 1782 2090; x_wconf 85' lang='lat' dir='ltr'><strong>magnitu-</strong></span> 
     </span>
    </p>
   </div>
   <div class='ocr_carea' id='block_1_35' title="bbox 182 2105 1779 2183">
    <p class='ocr_par' dir='ltr' id='par_1_35' title="bbox 182 2105 1779 2183">
     <span class='ocr_line' id='line_1_35' title="bbox 182 2105 1779 2183; baseline 0.003 -20"><span class='ocrx_word' id='word_1_284' title='bbox 182 2107 298 2164; x_wconf 87' lang='lat' dir='ltr'><strong>dine</strong></span> <span class='ocrx_word' id='word_1_285' title='bbox 331 2109 348 2139; x_wconf 77' lang='lat'>&quot;</span> <span class='ocrx_word' id='word_1_286' title='bbox 383 2105 429 2175; x_wconf 69' lang='grc' dir='ltr'><strong>ί,</strong></span> <span class='ocrx_word' id='word_1_287' title='bbox 478 2123 599 2180; x_wconf 70' lang='lat' dir='ltr'><strong>qure</strong></span> <span class='ocrx_word' id='word_1_288' title='bbox 631 2109 848 2180; x_wconf 85' lang='lat' dir='ltr'><strong>quidem</strong></span> <span class='ocrx_word' id='word_1_289' title='bbox 894 2125 1184 2182; x_wconf 82' lang='lat' dir='ltr'><strong>eurporum</strong></span> <span class='ocrx_word' id='word_1_290' title='bbox 1229 2113 1444 2183; x_wconf 84' lang='lat' dir='ltr'><strong>propria</strong></span> <span class='ocrx_word' id='word_1_291' title='bbox 1487 2122 1633 2179; x_wconf 90' lang='lat' dir='ltr'><strong>sunt,</strong></span> <span class='ocrx_word' id='word_1_292' title='bbox 1685 2113 1779 2169; x_wconf 92' lang='lat' dir='ltr'><strong>sed</strong></span> 
     </span>
    </p>
   </div>
   <div class='ocr_carea' id='block_1_36' title="bbox 181 2204 1777 2278">
    <p class='ocr_par' dir='ltr' id='par_1_36' title="bbox 181 2204 1777 2278">
     <span class='ocr_line' id='line_1_36' title="bbox 181 2204 1777 2278; baseline 0.003 -20"><span class='ocrx_word' id='word_1_293' title='bbox 181 2204 539 2276; x_wconf 86' lang='lat' dir='ltr'><strong>perpetuitate</strong></span> <span class='ocrx_word' id='word_1_294' title='bbox 571 2213 594 2252; x_wconf 71' lang='grc' dir='ltr'>ε</span> <span class='ocrx_word' id='word_1_295' title='bbox 625 2213 676 2258; x_wconf 80' lang='lat' dir='ltr'><strong>et</strong></span> <span class='ocrx_word' id='word_1_296' title='bbox 723 2205 1076 2260; x_wconf 83' lang='lat' dir='ltr'><strong>inenarrabili</strong></span> <span class='ocrx_word' id='word_1_297' title='bbox 1110 2207 1228 2276; x_wconf 87' lang='lat' dir='ltr'><strong>ejus</strong></span> <span class='ocrx_word' id='word_1_298' title='bbox 1260 2215 1483 2277; x_wconf 87' lang='lat' dir='ltr'><strong>paterna</strong></span> <span class='ocrx_word' id='word_1_299' title='bbox 1513 2223 1575 2262; x_wconf 88' lang='lat' dir='ltr'><strong>ac</strong></span> <span class='ocrx_word' id='word_1_300' title='bbox 1609 2219 1777 2278; x_wconf 85' lang='lat' dir='ltr'><strong>gene-</strong></span> 
     </span>
    </p>
   </div>
   <div class='ocr_carea' id='block_1_37' title="bbox 180 2297 1774 2371">
    <p class='ocr_par' dir='ltr' id='par_1_37' title="bbox 180 2297 1774 2371">
     <span class='ocr_line' id='line_1_37' title="bbox 180 2297 1774 2371; baseline 0.003 -19"><span class='ocrx_word' id='word_1_301' title='bbox 180 2297 330 2352; x_wconf 90' lang='lat' dir='ltr'><strong>randi</strong></span> <span class='ocrx_word' id='word_1_302' title='bbox 361 2300 561 2353; x_wconf 85' lang='lat' dir='ltr'><strong>virtute</strong></span> <span class='ocrx_word' id='word_1_303' title='bbox 583 2299 603 2329; x_wconf 79' lang='lat'><strong><em>‘</em></strong></span> <span class='ocrx_word' id='word_1_304' title='bbox 631 2314 642 2351; x_wconf 90' lang='lat'><strong>:</strong></span> <span class='ocrx_word' id='word_1_305' title='bbox 675 2307 726 2352; x_wconf 93' lang='lat' dir='ltr'><strong>ut</strong></span> <span class='ocrx_word' id='word_1_306' title='bbox 752 2299 872 2368; x_wconf 88' lang='lat' dir='ltr'><strong>quia</strong></span> <span class='ocrx_word' id='word_1_307' title='bbox 904 2299 1019 2368; x_wconf 84' lang='lat' dir='ltr'><strong>ipse</strong></span> <span class='ocrx_word' id='word_1_308' title='bbox 1042 2300 1257 2370; x_wconf 87' lang='lat' dir='ltr'><strong>quidem</strong></span> <span class='ocrx_word' id='word_1_309' title='bbox 1283 2305 1648 2371; x_wconf 84' lang='lat' dir='ltr'><strong>sempiternus</strong></span> <span class='ocrx_word' id='word_1_310' title='bbox 1671 2310 1774 2368; x_wconf 86' lang='lat' dir='ltr'><strong>est,</strong></span> 
     </span>
    </p>
   </div>
   <div class='ocr_carea' id='block_1_38' title="bbox 180 2389 1778 2461">
    <p class='ocr_par' dir='ltr' id='par_1_38' title="bbox 180 2389 1778 2461">
     <span class='ocr_line' id='line_1_38' title="bbox 180 2389 1778 2461; baseline 0.003 -18"><span class='ocrx_word' id='word_1_311' title='bbox 180 2397 225 2444; x_wconf 86' lang='lat' dir='ltr'><strong>et</strong></span> <span class='ocrx_word' id='word_1_312' title='bbox 264 2389 319 2445; x_wconf 91' lang='lat' dir='ltr'><strong>in</strong></span> <span class='ocrx_word' id='word_1_313' title='bbox 367 2407 426 2446; x_wconf 88' lang='lat' dir='ltr'><strong>se</strong></span> <span class='ocrx_word' id='word_1_314' title='bbox 458 2390 851 2461; x_wconf 81' lang='lat' dir='ltr'><strong>plenitudinem</strong></span> <span class='ocrx_word' id='word_1_315' title='bbox 891 2391 1120 2459; x_wconf 87' lang='lat' dir='ltr'><strong>habens,</strong></span> <span class='ocrx_word' id='word_1_316' title='bbox 1154 2401 1208 2447; x_wconf 91' lang='lat' dir='ltr'><strong>et</strong></span> <span class='ocrx_word' id='word_1_317' title='bbox 1240 2409 1268 2447; x_wconf 91' lang='lat' dir='ltr'><strong>a</strong></span> <span class='ocrx_word' id='word_1_318' title='bbox 1300 2395 1448 2448; x_wconf 92' lang='lat' dir='ltr'><strong>nullo</strong></span> <span class='ocrx_word' id='word_1_319' title='bbox 1481 2397 1640 2448; x_wconf 87' lang='lat' dir='ltr'><strong>vitam</strong></span> <span class='ocrx_word' id='word_1_320' title='bbox 1681 2397 1778 2448; x_wconf 87' lang='lat' dir='ltr'><strong>ha-</strong></span> 
     </span>
    </p>
   </div>
   <div class='ocr_carea' id='block_1_39' title="bbox 180 2481 1782 2559">
    <p class='ocr_par' dir='ltr' id='par_1_39' title="bbox 180 2481 1782 2559">
     <span class='ocr_line' id='line_1_39' title="bbox 180 2481 1782 2559; baseline 0.003 -21"><span class='ocrx_word' id='word_1_321' title='bbox 180 2481 330 2540; x_wconf 88' lang='lat' dir='ltr'><strong>bens.</strong></span> <span class='ocrx_word' id='word_1_322' title='bbox 372 2503 391 2537; x_wconf 75' lang='grc' dir='ltr'><strong><em>ι</em></strong></span> <span class='ocrx_word' id='word_1_323' title='bbox 462 2484 723 2541; x_wconf 87' lang='lat' dir='ltr'><strong>Similiter</strong></span> <span class='ocrx_word' id='word_1_324' title='bbox 782 2485 944 2540; x_wconf 86' lang='lat' dir='ltr'><strong>etiam</strong></span> <span class='ocrx_word' id='word_1_325' title='bbox 1018 2483 1280 2542; x_wconf 87' lang='lat' dir='ltr'><strong>Bithcnus</strong></span> <span class='ocrx_word' id='word_1_326' title='bbox 1348 2483 1782 2559; x_wconf 65' lang='lat' dir='ltr'><strong>episcopushet</strong></span> 
     </span>
    </p>
   </div>
   <div class='ocr_carea' id='block_1_40' title="bbox 177 2573 1784 2652">
    <p class='ocr_par' dir='ltr' id='par_1_40' title="bbox 177 2573 1784 2652">
     <span class='ocr_line' id='line_1_40' title="bbox 177 2573 1784 2652; baseline 0.001 -20"><span class='ocrx_word' id='word_1_327' title='bbox 177 2581 424 2650; x_wconf 84' lang='lat' dir='ltr'><strong>cognitus</strong></span> <span class='ocrx_word' id='word_1_328' title='bbox 452 2573 472 2610; x_wconf 78' lang='grc'>⁵</span> <span class='ocrx_word' id='word_1_329' title='bbox 501 2577 566 2634; x_wconf 88' lang='lat' dir='ltr'><strong>ad</strong></span> <span class='ocrx_word' id='word_1_330' title='bbox 607 2577 805 2648; x_wconf 79' lang='lat' dir='ltr'><strong>Papam</strong></span> <span class='ocrx_word' id='word_1_331' title='bbox 841 2577 855 2616; x_wconf 71' lang='grc' dir='ltr'><strong>ί</strong></span> <span class='ocrx_word' id='word_1_332' title='bbox 895 2597 908 2634; x_wconf 89' lang='lat'><strong>:</strong></span> <span class='ocrx_word' id='word_1_333' title='bbox 953 2597 971 2631; x_wconf 89' lang='grc'><strong><em>‹</em></strong></span> <span class='ocrx_word' id='word_1_334' title='bbox 1012 2579 1152 2651; x_wconf 80' lang='lat' dir='ltr'><strong>Ergo</strong></span> <span class='ocrx_word' id='word_1_335' title='bbox 1183 2579 1377 2636; x_wconf 88' lang='lat' dir='ltr'><strong>Filiuut</strong></span> <span class='ocrx_word' id='word_1_336' title='bbox 1409 2581 1647 2652; x_wconf 84' lang='lat' dir='ltr'><strong>genitum</strong></span> <span class='ocrx_word' id='word_1_337' title='bbox 1703 2579 1784 2636; x_wconf 81' lang='lat' dir='ltr'><strong>di-</strong></span> 
     </span>
    </p>
   </div>
   <div class='ocr_carea' id='block_1_41' title="bbox 177 2671 1776 2746">
    <p class='ocr_par' dir='ltr' id='par_1_41' title="bbox 177 2671 1776 2746">
     <span class='ocr_line' id='line_1_41' title="bbox 177 2671 1776 2746; baseline 0 -16"><span class='ocrx_word' id='word_1_338' title='bbox 177 2677 347 2730; x_wconf 86' lang='lat' dir='ltr'><strong>cimus</strong></span> <span class='ocrx_word' id='word_1_339' title='bbox 381 2691 396 2728; x_wconf 90' lang='lat'>:</span> <span class='ocrx_word' id='word_1_340' title='bbox 429 2671 598 2730; x_wconf 78' lang='lat' dir='ltr'><strong>Filius</strong></span> <span class='ocrx_word' id='word_1_341' title='bbox 647 2682 827 2729; x_wconf 88' lang='lat' dir='ltr'><strong>autem</strong></span> <span class='ocrx_word' id='word_1_342' title='bbox 861 2674 1132 2745; x_wconf 85' lang='lat' dir='ltr'><strong>ingenitus</strong></span> <span class='ocrx_word' id='word_1_343' title='bbox 1180 2691 1471 2745; x_wconf 85' lang='lat' dir='ltr'><strong>numquam</strong></span> <span class='ocrx_word' id='word_1_344' title='bbox 1517 2675 1633 2730; x_wconf 84' lang='lat' dir='ltr'><strong>fieri</strong></span> <span class='ocrx_word' id='word_1_345' title='bbox 1675 2689 1776 2746; x_wconf 91' lang='lat' dir='ltr'><strong>po-</strong></span> 
     </span>
    </p>
   </div>
   <div class='ocr_carea' id='block_1_42' title="bbox 177 2772 1770 2846">
    <p class='ocr_par' dir='ltr' id='par_1_42' title="bbox 177 2772 1770 2846">
     <span class='ocr_line' id='line_1_42' title="bbox 177 2772 1770 2846; baseline 0.003 -21"><span class='ocrx_word' id='word_1_346' title='bbox 177 2781 300 2828; x_wconf 89' lang='lat' dir='ltr'><strong>test.</strong></span> <span class='ocrx_word' id='word_1_347' title='bbox 350 2772 538 2828; x_wconf 83' lang='lat' dir='ltr'><strong>Solutn</strong></span> <span class='ocrx_word' id='word_1_348' title='bbox 577 2787 758 2831; x_wconf 88' lang='lat' dir='ltr'><strong>autem</strong></span> <span class='ocrx_word' id='word_1_349' title='bbox 805 2775 1018 2831; x_wconf 90' lang='lat' dir='ltr'><strong>Patrem</strong></span> <span class='ocrx_word' id='word_1_350' title='bbox 1064 2775 1306 2832; x_wconf 85' lang='lat' dir='ltr'><strong>scientes</strong></span> <span class='ocrx_word' id='word_1_351' title='bbox 1353 2777 1650 2846; x_wconf 88' lang='lat' dir='ltr'><strong>ingenitum</strong></span> <span class='ocrx_word' id='word_1_352' title='bbox 1703 2775 1770 2830; x_wconf 88' lang='lat' dir='ltr'><strong>de</strong></span> 
     </span>
    </p>
   </div>
   <div class='ocr_carea' id='block_1_43' title="bbox 174 2866 1764 2940">
    <p class='ocr_par' dir='ltr' id='par_1_43' title="bbox 174 2866 1764 2940">
     <span class='ocr_line' id='line_1_43' title="bbox 174 2866 1764 2940; baseline 0.002 -21"><span class='ocrx_word' id='word_1_353' title='bbox 174 2867 374 2922; x_wconf 84' lang='lat' dir='ltr'><strong>sanctis</strong></span> <span class='ocrx_word' id='word_1_354' title='bbox 401 2866 690 2938; x_wconf 88' lang='lat' dir='ltr'><strong>Scripturis</strong></span> <span class='ocrx_word' id='word_1_355' title='bbox 720 2885 734 2924; x_wconf 87' lang='lat'><strong>:</strong></span> <span class='ocrx_word' id='word_1_356' title='bbox 766 2885 1084 2924; x_wconf 86' lang='lat' dir='ltr'><strong>veneramur</strong></span> <span class='ocrx_word' id='word_1_357' title='bbox 1111 2882 1290 2925; x_wconf 87' lang='lat' dir='ltr'><strong>autem</strong></span> <span class='ocrx_word' id='word_1_358' title='bbox 1333 2869 1525 2925; x_wconf 75' lang='lat' dir='ltr'><strong>Filium</strong></span> <span class='ocrx_word' id='word_1_359' title='bbox 1549 2911 1563 2934; x_wconf 89' lang='lat'><strong>,</strong></span> <span class='ocrx_word' id='word_1_360' title='bbox 1595 2868 1719 2940; x_wconf 89' lang='lat' dir='ltr'><strong>quia</strong></span> <span class='ocrx_word' id='word_1_361' title='bbox 1745 2867 1764 2899; x_wconf 70' lang='grc'><strong><em>⁵</em></strong></span> 
     </span>
    </p>
   </div>
   <div class='ocr_carea' id='block_1_44' title="bbox 173 2960 1771 3044">
    <p class='ocr_par' dir='ltr' id='par_1_44' title="bbox 173 2960 1771 3044">
     <span class='ocr_line' id='line_1_44' title="bbox 173 2960 1771 3044; baseline 0.004 -32"><span class='ocrx_word' id='word_1_362' title='bbox 173 2960 308 3029; x_wconf 87' lang='lat' dir='ltr'><strong>apud</strong></span> <span class='ocrx_word' id='word_1_363' title='bbox 341 2976 440 3016; x_wconf 90' lang='lat' dir='ltr'><strong>uos</strong></span> <span class='ocrx_word' id='word_1_364' title='bbox 469 2973 674 3040; x_wconf 87' lang='lat' dir='ltr'><strong>certum</strong></span> <span class='ocrx_word' id='word_1_365' title='bbox 717 2973 801 3018; x_wconf 89' lang='lat' dir='ltr'><strong>est</strong></span> <span class='ocrx_word' id='word_1_366' title='bbox 832 2963 971 3018; x_wconf 89' lang='lat' dir='ltr'><strong>banc</strong></span> <span class='ocrx_word' id='word_1_367' title='bbox 1011 2962 1128 3034; x_wconf 85' lang='lat' dir='ltr'><strong>ejus</strong></span> <span class='ocrx_word' id='word_1_368' title='bbox 1170 2963 1403 3034; x_wconf 76' lang='lat' dir='ltr'><strong>gloriam</strong></span> <span class='ocrx_word' id='word_1_369' title='bbox 1442 2964 1508 3044; x_wconf 86' lang='lat' dir='ltr'><strong>ad</strong></span> <span class='ocrx_word' id='word_1_370' title='bbox 1555 2965 1771 3018; x_wconf 84' lang='lat' dir='ltr'><strong>latrem</strong></span> 
     </span>
    </p>
   </div>
   <div class='ocr_carea' id='block_1_45' title="bbox 174 3054 1763 3128">
    <p class='ocr_par' dir='ltr' id='par_1_45' title="bbox 174 3054 1763 3128">
     <span class='ocr_line' id='line_1_45' title="bbox 174 3054 1763 3128; baseline 0.002 -20"><span class='ocrx_word' id='word_1_371' title='bbox 174 3054 486 3110; x_wconf 89' lang='lat' dir='ltr'><strong>ascendere.</strong></span> <span class='ocrx_word' id='word_1_372' title='bbox 520 3074 539 3108; x_wconf 73' lang='grc' dir='ltr'><strong><em>ι</em></strong></span> <span class='ocrx_word' id='word_1_373' title='bbox 588 3055 649 3110; x_wconf 84' lang='grc' dir='ltr'><strong>Ει</strong></span> <span class='ocrx_word' id='word_1_374' title='bbox 683 3065 806 3126; x_wconf 90' lang='lat' dir='ltr'><strong>post</strong></span> <span class='ocrx_word' id='word_1_375' title='bbox 843 3072 1009 3127; x_wconf 89' lang='lat' dir='ltr'><strong>pauca</strong></span> <span class='ocrx_word' id='word_1_376' title='bbox 1047 3055 1188 3112; x_wconf 91' lang='lat' dir='ltr'><strong>idem</strong></span> <span class='ocrx_word' id='word_1_377' title='bbox 1217 3073 1229 3110; x_wconf 90' lang='lat'>:</span> <span class='ocrx_word' id='word_1_378' title='bbox 1272 3075 1290 3110; x_wconf 84' lang='grc'><em>‹</em></span> <span class='ocrx_word' id='word_1_379' title='bbox 1323 3056 1456 3112; x_wconf 90' lang='lat' dir='ltr'><strong>Cum</strong></span> <span class='ocrx_word' id='word_1_380' title='bbox 1488 3071 1620 3128; x_wconf 88' lang='lat' dir='ltr'><strong>ergo</strong></span> <span class='ocrx_word' id='word_1_381' title='bbox 1649 3071 1763 3111; x_wconf 88' lang='lat' dir='ltr'><strong>ma-</strong></span> 
     </span>
    </p>
   </div>
   <div class='ocr_carea' id='block_1_46' title="bbox 243 3171 884 3244">
    <p class='ocr_par' dir='ltr' id='par_1_46' title="bbox 243 3171 884 3244">
     <span class='ocr_line' id='line_1_46' title="bbox 243 3171 884 3244; baseline 0.005 -18"><span class='ocrx_word' id='word_1_382' title='bbox 243 3171 256 3200; x_wconf 90' lang='grc'>¹</span> <span class='ocrx_word' id='word_1_383' title='bbox 286 3171 422 3226; x_wconf 85' lang='lat' dir='ltr'><strong>Cod.</strong></span> <span class='ocrx_word' id='word_1_384' title='bbox 457 3174 884 3244; x_wconf 84' lang='lat' dir='ltr'><strong>magnitudinem.</strong></span> 
     </span>
    </p>
   </div>
   <div class='ocr_carea' id='block_1_47' title="bbox 239 3244 718 3302">
    <p class='ocr_par' dir='ltr' id='par_1_47' title="bbox 239 3244 718 3302">
     <span class='ocr_line' id='line_1_47' title="bbox 239 3244 718 3302; baseline 0.019 -9"><span class='ocrx_word' id='word_1_385' title='bbox 239 3244 258 3272; x_wconf 78' lang='grc'>³</span> <span class='ocrx_word' id='word_1_386' title='bbox 288 3245 422 3298; x_wconf 72' lang='lat' dir='ltr'><strong>tiod.</strong></span> <span class='ocrx_word' id='word_1_387' title='bbox 455 3246 718 3302; x_wconf 82' lang='lat' dir='ltr'><strong>virtutem.</strong></span> 
     </span>
    </p>
   </div>
   <div class='ocr_carea' id='block_1_48' title="bbox 241 3313 518 3371">
    <p class='ocr_par' dir='ltr' id='par_1_48' title="bbox 241 3313 518 3371">
     <span class='ocr_line' id='line_1_48' title="bbox 241 3313 518 3371; baseline 0.011 -4"><span class='ocrx_word' id='word_1_388' title='bbox 241 3313 260 3344; x_wconf 87' lang='grc'>⁸</span> <span class='ocrx_word' id='word_1_389' title='bbox 289 3315 366 3368; x_wconf 86' lang='lat' dir='ltr'><strong>Ita</strong></span> <span class='ocrx_word' id='word_1_390' title='bbox 393 3315 518 3371; x_wconf 89' lang='lat' dir='ltr'><strong>cod.</strong></span> 
     </span>
    </p>
   </div>
   <div class='ocr_carea' id='block_1_49' title="bbox 241 3385 561 3456">
    <p class='ocr_par' dir='ltr' id='par_1_49' title="bbox 241 3385 561 3456">
     <span class='ocr_line' id='line_1_49' title="bbox 241 3385 561 3456; baseline 0.003 -15"><span class='ocrx_word' id='word_1_391' title='bbox 241 3385 261 3414; x_wconf 68' lang='lat'><strong>‘</strong></span> <span class='ocrx_word' id='word_1_392' title='bbox 286 3385 422 3442; x_wconf 89' lang='lat' dir='ltr'><strong>Cod.</strong></span> <span class='ocrx_word' id='word_1_393' title='bbox 453 3390 561 3456; x_wconf 87' lang='lat' dir='ltr'><strong>qui.</strong></span> 
     </span>
    </p>
   </div>
   <div class='ocr_carea' id='block_1_50' title="bbox 242 3457 641 3515">
    <p class='ocr_par' dir='ltr' id='par_1_50' title="bbox 242 3457 641 3515">
     <span class='ocr_line' id='line_1_50' title="bbox 242 3457 641 3515; baseline 0.003 -1"><span class='ocrx_word' id='word_1_394' title='bbox 242 3459 261 3488; x_wconf 77' lang='grc'>³</span> <span class='ocrx_word' id='word_1_395' title='bbox 289 3457 425 3514; x_wconf 88' lang='lat' dir='ltr'><strong>Cod.</strong></span> <span class='ocrx_word' id='word_1_396' title='bbox 459 3460 641 3515; x_wconf 83' lang='lat' dir='ltr'><strong>Patre.</strong></span> 
     </span>
    </p>
   </div>
   <div class='ocr_carea' id='block_1_51' title="bbox 242 3530 1249 3603">
    <p class='ocr_par' dir='ltr' id='par_1_51' title="bbox 242 3530 1249 3603">
     <span class='ocr_line' id='line_1_51' title="bbox 242 3530 1249 3603; baseline 0.001 -18"><span class='ocrx_word' id='word_1_397' title='bbox 242 3530 261 3560; x_wconf 77' lang='grc'><strong><em>⁵</em></strong></span> <span class='ocrx_word' id='word_1_398' title='bbox 287 3530 422 3603; x_wconf 78' lang='lat' dir='ltr'><strong>Num</strong></span> <span class='ocrx_word' id='word_1_399' title='bbox 453 3531 834 3603; x_wconf 77' lang='lat' dir='ltr'><strong>corrigendum</strong></span> <span class='ocrx_word' id='word_1_400' title='bbox 858 3534 919 3588; x_wconf 89' lang='lat' dir='ltr'><strong>ob</strong></span> <span class='ocrx_word' id='word_1_401' title='bbox 950 3534 1200 3588; x_wconf 84' lang='lat' dir='ltr'><strong>rationem</strong></span> <span class='ocrx_word' id='word_1_402' title='bbox 1225 3533 1249 3586; x_wconf 73' lang='grc' dir='ltr'><strong>Σ)</strong></span> 
     </span>
    </p>
   </div>
   <div class='ocr_carea' id='block_1_52' title="bbox 240 3602 1764 3675">
    <p class='ocr_par' dir='ltr' id='par_1_52' title="bbox 240 3602 1764 3675">
     <span class='ocr_line' id='line_1_52' title="bbox 240 3602 1764 3675; baseline 0.002 -19"><span class='ocrx_word' id='word_1_403' title='bbox 240 3603 257 3632; x_wconf 86' lang='grc'>⁷</span> <span class='ocrx_word' id='word_1_404' title='bbox 293 3602 362 3658; x_wconf 86' lang='lat' dir='ltr'><strong>Ita</strong></span> <span class='ocrx_word' id='word_1_405' title='bbox 385 3602 690 3660; x_wconf 26' lang='lat' dir='ltr'><strong>omniuo’se</strong></span> <span class='ocrx_word' id='word_1_406' title='bbox 714 3604 876 3660; x_wconf 87' lang='lat' dir='ltr'><strong>liabet</strong></span> <span class='ocrx_word' id='word_1_407' title='bbox 898 3606 948 3660; x_wconf 91' lang='lat' dir='ltr'><strong>in</strong></span> <span class='ocrx_word' id='word_1_408' title='bbox 971 3605 1160 3661; x_wconf 89' lang='lat' dir='ltr'><strong>codice</strong></span> <span class='ocrx_word' id='word_1_409' title='bbox 1184 3604 1269 3659; x_wconf 90' lang='lat' dir='ltr'><strong>hic</strong></span> <span class='ocrx_word' id='word_1_410' title='bbox 1297 3604 1447 3660; x_wconf 92' lang='lat' dir='ltr'><strong>locus</strong></span> <span class='ocrx_word' id='word_1_411' title='bbox 1471 3605 1560 3675; x_wconf 92' lang='lat' dir='ltr'><strong>qui</strong></span> <span class='ocrx_word' id='word_1_412' title='bbox 1591 3603 1764 3660; x_wconf 82' lang='lat' dir='ltr'><strong>OEtii-</strong></span> 
     </span>
    </p>
   </div>
   <div class='ocr_carea' id='block_1_53' title="bbox 238 3740 1759 3813">
    <p class='ocr_par' dir='ltr' id='par_1_53' title="bbox 238 3740 1759 3813">
     <span class='ocr_line' id='line_1_53' title="bbox 238 3740 1759 3813; baseline 0.002 -16"><span class='ocrx_word' id='word_1_413' title='bbox 238 3746 264 3780; x_wconf 68' lang='grc'><strong>⁸</strong></span> <span class='ocrx_word' id='word_1_414' title='bbox 292 3740 604 3799; x_wconf 83' lang='lat' dir='ltr'><strong>Creatorem</strong></span> <span class='ocrx_word' id='word_1_415' title='bbox 653 3744 994 3798; x_wconf 87' lang='lat' dir='ltr'><strong>demonstrat</strong></span> <span class='ocrx_word' id='word_1_416' title='bbox 1041 3741 1302 3813; x_wconf 86' lang='lat' dir='ltr'><strong>Spiritum</strong></span> <span class='ocrx_word' id='word_1_417' title='bbox 1350 3751 1596 3797; x_wconf 87' lang='lat' dir='ltr'><strong>sanctum</strong></span> <span class='ocrx_word' id='word_1_418' title='bbox 1649 3760 1759 3800; x_wconf 87' lang='lat' dir='ltr'><strong>ma-</strong></span> 
     </span>
    </p>
   </div>
   <div class='ocr_carea' id='block_1_54' title="bbox 168 3815 1764 3886">
    <p class='ocr_par' dir='ltr' id='par_1_54' title="bbox 168 3815 1764 3886">
     <span class='ocr_line' id='line_1_54' title="bbox 168 3815 1764 3886; baseline 0.002 -17"><span class='ocrx_word' id='word_1_419' title='bbox 168 3828 299 3884; x_wconf 80' lang='lat' dir='ltr'><strong>gnus</strong></span> <span class='ocrx_word' id='word_1_420' title='bbox 326 3815 818 3886; x_wconf 61' lang='lat' dir='ltr'><strong>Basilius,cap.16.</strong></span> <span class='ocrx_word' id='word_1_421' title='bbox 846 3816 976 3871; x_wconf 88' lang='lat' dir='ltr'><strong>Item</strong></span> <span class='ocrx_word' id='word_1_422' title='bbox 1005 3817 1560 3885; x_wconf 75' lang='lat' dir='ltr'><strong>Augustinus,cuntra</strong></span> <span class='ocrx_word' id='word_1_423' title='bbox 1593 3816 1764 3872; x_wconf 80' lang='lat' dir='ltr'><strong>Maxi-</strong></span> 
     </span>
    </p>
   </div>
   <div class='ocr_carea' id='block_1_55' title="bbox 172 3887 1758 3955">
    <p class='ocr_par' dir='ltr' id='par_1_55' title="bbox 172 3887 1758 3955">
     <span class='ocr_line' id='line_1_55' title="bbox 172 3887 1758 3955; baseline 0.003 -15"><span class='ocrx_word' id='word_1_424' title='bbox 172 3888 297 3940; x_wconf 91' lang='lat' dir='ltr'><strong>miu.</strong></span> <span class='ocrx_word' id='word_1_425' title='bbox 334 3903 388 3952; x_wconf 85' lang='lat' dir='ltr'><strong>Il,</strong></span> <span class='ocrx_word' id='word_1_426' title='bbox 425 3889 514 3953; x_wconf 77' lang='grc' dir='ltr'><strong>Π,</strong></span> <span class='ocrx_word' id='word_1_427' title='bbox 547 3890 744 3955; x_wconf 78' lang='lat' dir='ltr'><strong>aliique</strong></span> <span class='ocrx_word' id='word_1_428' title='bbox 769 3887 876 3943; x_wconf 75' lang='lat' dir='ltr'><strong>PP.</strong></span> <span class='ocrx_word' id='word_1_429' title='bbox 907 3929 922 3952; x_wconf 93' lang='lat'><strong>,</strong></span> <span class='ocrx_word' id='word_1_430' title='bbox 970 3901 1105 3955; x_wconf 85' lang='lat' dir='ltr'><strong>quos</strong></span> <span class='ocrx_word' id='word_1_431' title='bbox 1133 3887 1276 3941; x_wconf 88' lang='lat' dir='ltr'><strong>inter</strong></span> <span class='ocrx_word' id='word_1_432' title='bbox 1315 3887 1658 3953; x_wconf 83' lang='lat' dir='ltr'><strong>Ambrosius,</strong></span> <span class='ocrx_word' id='word_1_433' title='bbox 1689 3890 1758 3944; x_wconf 88' lang='lat' dir='ltr'><strong>de</strong></span> 
     </span>
    </p>
   </div>
   <div class='ocr_carea' id='block_1_56' title="bbox 168 3957 1759 4030">
    <p class='ocr_par' dir='ltr' id='par_1_56' title="bbox 168 3957 1759 4030">
     <span class='ocr_line' id='line_1_56' title="bbox 168 3957 1759 4030; baseline 0.002 -18"><span class='ocrx_word' id='word_1_434' title='bbox 168 3957 261 4027; x_wconf 86' lang='lat' dir='ltr'><strong>Sp.</strong></span> <span class='ocrx_word' id='word_1_435' title='bbox 295 3960 373 4016; x_wconf 87' lang='lat' dir='ltr'><strong>S..</strong></span> <span class='ocrx_word' id='word_1_436' title='bbox 404 3974 462 4024; x_wconf 84' lang='lat' dir='ltr'><strong>ll,</strong></span> <span class='ocrx_word' id='word_1_437' title='bbox 496 3961 528 4013; x_wconf 88' lang='lat'><strong>5</strong></span> <span class='ocrx_word' id='word_1_438' title='bbox 563 3976 577 4013; x_wconf 90' lang='lat'>:</span> <span class='ocrx_word' id='word_1_439' title='bbox 612 3960 740 4027; x_wconf 84' lang='lat' dir='ltr'><strong>Quis</strong></span> <span class='ocrx_word' id='word_1_440' title='bbox 779 3977 896 4014; x_wconf 76' lang='lat' dir='ltr'><strong>vero</strong></span> <span class='ocrx_word' id='word_1_441' title='bbox 919 3960 1152 4014; x_wconf 79' lang='lat' dir='ltr'><strong>dubitare</strong></span> <span class='ocrx_word' id='word_1_442' title='bbox 1191 3967 1355 4026; x_wconf 79' lang='lat' dir='ltr'><strong>potest</strong></span> <span class='ocrx_word' id='word_1_443' title='bbox 1393 3961 1512 4026; x_wconf 83' lang='lat' dir='ltr'><strong>quia</strong></span> <span class='ocrx_word' id='word_1_444' title='bbox 1543 3961 1759 4030; x_wconf 77' lang='lat' dir='ltr'><strong>viviﬁcet</strong></span> 
     </span>
    </p>
   </div>
   <div class='ocr_carea' id='block_1_57' title="bbox 170 4030 1756 4102">
    <p class='ocr_par' dir='ltr' id='par_1_57' title="bbox 170 4030 1756 4102">
     <span class='ocr_line' id='line_1_57' title="bbox 170 4030 1756 4102; baseline 0.003 -19"><span class='ocrx_word' id='word_1_445' title='bbox 170 4033 336 4102; x_wconf 59' lang='lat' dir='ltr'><strong>opirna</strong></span> <span class='ocrx_word' id='word_1_446' title='bbox 374 4032 606 4099; x_wconf 76' lang='lat' dir='ltr'><strong>Spiritus</strong></span> <span class='ocrx_word' id='word_1_447' title='bbox 633 4042 865 4100; x_wconf 82' lang='lat' dir='ltr'><strong>sanctus,</strong></span> <span class='ocrx_word' id='word_1_448' title='bbox 907 4031 1116 4101; x_wconf 83' lang='lat' dir='ltr'><strong>quando</strong></span> <span class='ocrx_word' id='word_1_449' title='bbox 1145 4041 1190 4085; x_wconf 88' lang='lat' dir='ltr'><strong>et</strong></span> <span class='ocrx_word' id='word_1_450' title='bbox 1218 4033 1324 4099; x_wconf 73' lang='lat' dir='ltr'><strong>ipse</strong></span> <span class='ocrx_word' id='word_1_451' title='bbox 1359 4032 1490 4084; x_wconf 82' lang='lat' dir='ltr'><strong>sicut</strong></span> <span class='ocrx_word' id='word_1_452' title='bbox 1520 4030 1680 4086; x_wconf 84' lang='lat' dir='ltr'><strong>Pater</strong></span> <span class='ocrx_word' id='word_1_453' title='bbox 1707 4044 1756 4102; x_wconf 73' lang='lat' dir='ltr'><strong>et</strong></span> 
     </span>
    </p>
   </div>
   <div class='ocr_carea' id='block_1_58' title="bbox 171 4100 1754 4174">
    <p class='ocr_par' dir='ltr' id='par_1_58' title="bbox 171 4100 1754 4174">
     <span class='ocr_line' id='line_1_58' title="bbox 171 4100 1754 4174; baseline 0.001 -19"><span class='ocrx_word' id='word_1_454' title='bbox 171 4100 356 4162; x_wconf 76' lang='lat' dir='ltr'><strong>Fitius,</strong></span> <span class='ocrx_word' id='word_1_455' title='bbox 388 4115 590 4160; x_wconf 68' lang='lat' dir='ltr'><strong>creator</strong></span> <span class='ocrx_word' id='word_1_456' title='bbox 627 4114 702 4157; x_wconf 82' lang='lat' dir='ltr'><strong>est</strong></span> <span class='ocrx_word' id='word_1_457' title='bbox 745 4100 973 4158; x_wconf 77' lang='lat' dir='ltr'><strong>omnium</strong></span> <span class='ocrx_word' id='word_1_458' title='bbox 995 4120 1014 4170; x_wconf 90' lang='lat'><em>;</em></span> <span class='ocrx_word' id='word_1_459' title='bbox 1055 4120 1143 4156; x_wconf 86' lang='lat' dir='ltr'><strong>nec</strong></span> <span class='ocrx_word' id='word_1_460' title='bbox 1187 4103 1459 4174; x_wconf 84' lang='lat' dir='ltr'><strong>quicquam</strong></span> <span class='ocrx_word' id='word_1_461' title='bbox 1502 4103 1600 4156; x_wconf 79' lang='lat' dir='ltr'><strong>nisi</strong></span> <span class='ocrx_word' id='word_1_462' title='bbox 1638 4100 1754 4157; x_wconf 76' lang='lat' dir='ltr'><strong>cuin</strong></span> 
     </span>
    </p>
   </div>
   <div class='ocr_carea' id='block_1_59' title="bbox 169 4173 1750 4244">
    <p class='ocr_par' dir='ltr' id='par_1_59' title="bbox 169 4173 1750 4244">
     <span class='ocr_line' id='line_1_59' title="bbox 169 4173 1750 4244; baseline 0.001 -16"><span class='ocrx_word' id='word_1_463' title='bbox 169 4173 364 4239; x_wconf 77' lang='lat' dir='ltr'><strong>Spiritu</strong></span> <span class='ocrx_word' id='word_1_464' title='bbox 390 4186 568 4230; x_wconf 79' lang='lat' dir='ltr'><strong>sancto</strong></span> <span class='ocrx_word' id='word_1_465' title='bbox 587 4175 724 4230; x_wconf 82' lang='lat' dir='ltr'><strong>Deus</strong></span> <span class='ocrx_word' id='word_1_466' title='bbox 751 4181 1070 4244; x_wconf 80' lang='lat' dir='ltr'><strong>omnipotens</strong></span> <span class='ocrx_word' id='word_1_467' title='bbox 1104 4173 1258 4229; x_wconf 83' lang='lat' dir='ltr'><strong>Pater</strong></span> <span class='ocrx_word' id='word_1_468' title='bbox 1284 4175 1606 4241; x_wconf 65' lang='lat' dir='ltr'><strong>intelligatur</strong></span> <span class='ocrx_word' id='word_1_469' title='bbox 1627 4192 1750 4243; x_wconf 86' lang='lat' dir='ltr'><strong>ape-</strong></span> 
     </span>
    </p>
   </div>
   <div class='ocr_carea' id='block_1_60' title="bbox 167 4247 1754 4318">
    <p class='ocr_par' dir='ltr' id='par_1_60' title="bbox 167 4247 1754 4318">
     <span class='ocr_line' id='line_1_60' title="bbox 167 4247 1754 4318; baseline 0.001 -20"><span class='ocrx_word' id='word_1_470' title='bbox 167 4259 306 4300; x_wconf 76' lang='lat' dir='ltr'><strong>ratus</strong></span> <span class='ocrx_word' id='word_1_471' title='bbox 335 4261 352 4301; x_wconf 90' lang='lat'><strong><em>:</em></strong></span> <span class='ocrx_word' id='word_1_472' title='bbox 381 4249 794 4318; x_wconf 72' lang='lat' dir='ltr'><strong>quandoquidem</strong></span> <span class='ocrx_word' id='word_1_473' title='bbox 822 4258 868 4302; x_wconf 83' lang='lat' dir='ltr'><strong>et</strong></span> <span class='ocrx_word' id='word_1_474' title='bbox 901 4250 956 4301; x_wconf 84' lang='lat' dir='ltr'><strong>in</strong></span> <span class='ocrx_word' id='word_1_475' title='bbox 981 4247 1238 4315; x_wconf 76' lang='lat' dir='ltr'><strong>principio</strong></span> <span class='ocrx_word' id='word_1_476' title='bbox 1268 4255 1519 4299; x_wconf 72' lang='lat' dir='ltr'><strong>creatura:</strong></span> <span class='ocrx_word' id='word_1_477' title='bbox 1543 4248 1754 4312; x_wconf 81' lang='lat' dir='ltr'><strong>spiritus</strong></span> 
     </span>
    </p>
   </div>
   <div class='ocr_carea' id='block_1_61' title="bbox 167 4318 1753 4391">
    <p class='ocr_par' dir='ltr' id='par_1_61' title="bbox 167 4318 1753 4391">
     <span class='ocr_line' id='line_1_61' title="bbox 167 4318 1753 4391; baseline 0.002 -21"><span class='ocrx_word' id='word_1_478' title='bbox 167 4321 567 4391; x_wconf 54' lang='lat' dir='ltr'><strong>spperferebatur</strong></span> <span class='ocrx_word' id='word_1_479' title='bbox 591 4335 745 4391; x_wconf 77' lang='lat' dir='ltr'><strong>super</strong></span> <span class='ocrx_word' id='word_1_480' title='bbox 772 4320 1000 4390; x_wconf 77' lang='lat' dir='ltr'><strong>aquam?</strong></span> <span class='ocrx_word' id='word_1_481' title='bbox 1028 4322 1231 4372; x_wconf 69' lang='lat' dir='ltr'><strong>limtera</strong></span> <span class='ocrx_word' id='word_1_482' title='bbox 1263 4318 1628 4391; x_wconf 79' lang='lat' dir='ltr'><strong>quteeopiose</strong></span> <span class='ocrx_word' id='word_1_483' title='bbox 1657 4319 1753 4372; x_wconf 89' lang='lat' dir='ltr'><strong>ad-</strong></span> 
     </span>
    </p>
   </div>
   <div class='ocr_carea' id='block_1_62' title="bbox 168 4388 1748 4458">
    <p class='ocr_par' dir='ltr' id='par_1_62' title="bbox 168 4388 1748 4458">
     <span class='ocr_line' id='line_1_62' title="bbox 168 4388 1748 4458; baseline 0.003 -16"><span class='ocrx_word' id='word_1_484' title='bbox 168 4388 245 4443; x_wconf 85' lang='lat' dir='ltr'><strong>dit</strong></span> <span class='ocrx_word' id='word_1_485' title='bbox 282 4388 617 4453; x_wconf 70' lang='lat' dir='ltr'><strong>Anibrosius,</strong></span> <span class='ocrx_word' id='word_1_486' title='bbox 657 4388 735 4446; x_wconf 53' lang='lat' dir='ltr'><strong>&#39;ex</strong></span> <span class='ocrx_word' id='word_1_487' title='bbox 789 4388 904 4458; x_wconf 74' lang='lat' dir='ltr'><strong>ipso</strong></span> <span class='ocrx_word' id='word_1_488' title='bbox 947 4391 1096 4444; x_wconf 85' lang='lat' dir='ltr'><strong>fonte</strong></span> <span class='ocrx_word' id='word_1_489' title='bbox 1140 4407 1166 4444; x_wconf 88' lang='lat' dir='ltr'><strong>a</strong></span> <span class='ocrx_word' id='word_1_490' title='bbox 1207 4390 1436 4442; x_wconf 80' lang='lat' dir='ltr'><strong>ein-iesis</strong></span> <span class='ocrx_word' id='word_1_491' title='bbox 1480 4399 1748 4455; x_wconf 82' lang='lat' dir='ltr'><strong>petantur.</strong></span> 
     </span>
    </p>
   </div>
   <div class='ocr_carea' id='block_1_63' title="bbox 170 4459 1757 4534">
    <p class='ocr_par' dir='ltr' id='par_1_63' title="bbox 170 4459 1757 4534">
     <span class='ocr_line' id='line_1_63' title="bbox 170 4459 1757 4534; baseline 0.001 -20"><span class='ocrx_word' id='word_1_492' title='bbox 170 4459 293 4534; x_wconf 65' lang='lat' dir='ltr'><strong>Tum</strong></span> <span class='ocrx_word' id='word_1_493' title='bbox 320 4464 595 4534; x_wconf 78' lang='lat' dir='ltr'><strong>Didymus,</strong></span> <span class='ocrx_word' id='word_1_494' title='bbox 626 4463 694 4516; x_wconf 88' lang='lat' dir='ltr'><strong>de</strong></span> <span class='ocrx_word' id='word_1_495' title='bbox 722 4463 896 4532; x_wconf 87' lang='lat' dir='ltr'><strong>Trin.,</strong></span> <span class='ocrx_word' id='word_1_496' title='bbox 929 4479 978 4523; x_wconf 85' lang='lat' dir='ltr'><strong>t.</strong></span> <span class='ocrx_word' id='word_1_497' title='bbox 1009 4459 1079 4518; x_wconf 82' lang='grc'><strong>56</strong></span> <span class='ocrx_word' id='word_1_498' title='bbox 1109 4479 1122 4514; x_wconf 89' lang='lat'><strong>:</strong></span> <span class='ocrx_word' id='word_1_499' title='bbox 1151 4461 1396 4521; x_wconf 77' lang='grc' dir='ltr'><strong>Ἐκάστης</strong></span> <span class='ocrx_word' id='word_1_500' title='bbox 1413 4462 1757 4534; x_wconf 59' lang='grc' dir='ltr'><strong>ὑποστάσεως</strong></span> 
     </span>
    </p>
   </div>
   <div class='ocr_carea' id='block_1_64' title="bbox 170 4530 1750 4624">
    <p class='ocr_par' dir='ltr' id='par_1_64' title="bbox 170 4530 1750 4624">
     <span class='ocr_line' id='line_1_64' title="bbox 170 4530 1750 4624; baseline 0.001 -37"><span class='ocrx_word' id='word_1_501' title='bbox 170 4530 436 4624; x_wconf 56' lang='grc' dir='ltr'><strong>ξωαξιὲνηξ</strong></span> <span class='ocrx_word' id='word_1_502' title='bbox 466 4534 867 4624; x_wconf 51' lang='grc' dir='ltr'><strong>δημιουρζγῆσαι..</strong></span> <span class='ocrx_word' id='word_1_503' title='bbox 885 4530 985 4590; x_wconf 41' lang='grc' dir='ltr'><strong>’καὶ</strong></span> <span class='ocrx_word' id='word_1_504' title='bbox 1013 4535 1184 4624; x_wconf 59' lang='grc' dir='ltr'><strong>πάξ-ιτα</strong></span> <span class='ocrx_word' id='word_1_505' title='bbox 1213 4549 1450 4624; x_wconf 55' lang='lat' dir='ltr'><strong>apidani.</strong></span> <span class='ocrx_word' id='word_1_506' title='bbox 1475 4532 1750 4620; x_wconf 38' lang='grc' dir='ltr'><strong>,εὐδόκησεν</strong></span> 
     </span>
    </p>
   </div>
   <div class='ocr_carea' id='block_1_65' title="bbox 171 4603 1750 4684">
    <p class='ocr_par' dir='ltr' id='par_1_65' title="bbox 171 4603 1750 4684">
     <span class='ocr_line' id='line_1_65' title="bbox 171 4603 1750 4684; baseline 0.003 -26"><span class='ocrx_word' id='word_1_507' title='bbox 171 4603 200 4658; x_wconf 80' lang='grc' dir='ltr'><strong>ὁ</strong></span> <span class='ocrx_word' id='word_1_508' title='bbox 221 4603 334 4684; x_wconf 68' lang='grc' dir='ltr'><strong>βιὸς</strong></span> <span class='ocrx_word' id='word_1_509' title='bbox 360 4603 634 4684; x_wconf 47' lang='lat' dir='ltr'><strong>sigillati)!»</strong></span> <span class='ocrx_word' id='word_1_510' title='bbox 653 4603 756 4684; x_wconf 66' lang='grc' dir='ltr'><strong>’8ψὶ</strong></span> <span class='ocrx_word' id='word_1_511' title='bbox 780 4610 878 4684; x_wconf 69' lang='grc' dir='ltr'><strong>μὲν</strong></span> <span class='ocrx_word' id='word_1_512' title='bbox 914 4614 1008 4684; x_wconf 59' lang='grc' dir='ltr'><strong>τοῦ</strong></span> <span class='ocrx_word' id='word_1_513' title='bbox 1035 4607 1151 4661; x_wconf 78' lang='grc' dir='ltr'><strong>ἰ’ἱοῦ</strong></span> <span class='ocrx_word' id='word_1_514' title='bbox 1181 4610 1263 4684; x_wconf 64' lang='lat' dir='ltr'><strong>iisti</strong></span> <span class='ocrx_word' id='word_1_515' title='bbox 1294 4611 1430 4684; x_wconf 62' lang='lat' dir='ltr'><strong>erat&quot;;</strong></span> <span class='ocrx_word' id='word_1_516' title='bbox 1461 4605 1750 4684; x_wconf 56' lang='lat' dir='ltr'><strong>umerum:</strong></span> 
     </span>
    </p>
   </div>
   <div class='ocr_carea' id='block_1_66' title="bbox 171 4677 1749 4753">
    <p class='ocr_par' dir='ltr' id='par_1_66' title="bbox 171 4677 1749 4753">
     <span class='ocr_line' id='line_1_66' title="bbox 171 4677 1749 4753; baseline -0.001 -18"><span class='ocrx_word' id='word_1_517' title='bbox 171 4678 356 4753; x_wconf 53' lang='grc' dir='ltr'><strong><em>πᾷντας</em></strong></span> <span class='ocrx_word' id='word_1_518' title='bbox 384 4679 467 4734; x_wconf 83' lang='grc' dir='ltr'><strong>διὰ</strong></span> <span class='ocrx_word' id='word_1_519' title='bbox 495 4679 548 4735; x_wconf 84' lang='grc' dir='ltr'><strong>δὲ</strong></span> <span class='ocrx_word' id='word_1_520' title='bbox 579 4677 672 4734; x_wconf 75' lang='grc' dir='ltr'><strong>τ’οῦ</strong></span> <span class='ocrx_word' id='word_1_521' title='bbox 703 4677 848 4753; x_wconf 72' lang='grc' dir='ltr'><strong>ἁγίὸν</strong></span> <span class='ocrx_word' id='word_1_522' title='bbox 889 4680 1180 4752; x_wconf 76' lang='grc' dir='ltr'><strong>Πνεὺματος</strong></span> <span class='ocrx_word' id='word_1_523' title='bbox 1211 4678 1554 4753; x_wconf 52' lang='lat' dir='ltr'><strong>tie/tueamur...</strong></span> <span class='ocrx_word' id='word_1_524' title='bbox 1575 4677 1749 4753; x_wconf 72' lang='lat' dir='ltr'><strong>_Qtttn</strong></span> 
     </span>
    </p>
   </div>
   <div class='ocr_carea' id='block_1_67' title="bbox 169 4749 1750 4820">
    <p class='ocr_par' dir='ltr' id='par_1_67' title="bbox 169 4749 1750 4820">
     <span class='ocr_line' id='line_1_67' title="bbox 169 4749 1750 4820; baseline -0.001 -17"><span class='ocrx_word' id='word_1_525' title='bbox 169 4751 293 4803; x_wconf 77' lang='lat' dir='ltr'><strong>adeo</strong></span> <span class='ocrx_word' id='word_1_526' title='bbox 327 4751 584 4820; x_wconf 85' lang='lat' dir='ltr'><strong>Spiritum</strong></span> <span class='ocrx_word' id='word_1_527' title='bbox 617 4749 864 4806; x_wconf 74' lang='lat' dir='ltr'><strong>sanctum</strong></span> <span class='ocrx_word' id='word_1_528' title='bbox 907 4749 1207 4805; x_wconf 79' lang='lat' dir='ltr'><strong>creatorem</strong></span> <span class='ocrx_word' id='word_1_529' title='bbox 1253 4749 1532 4805; x_wconf 71' lang='lat' dir='ltr'><strong>declarant</strong></span> <span class='ocrx_word' id='word_1_530' title='bbox 1572 4749 1750 4806; x_wconf 85' lang='lat' dir='ltr'><strong>Plato-</strong></span> 
     </span>
    </p>
   </div>
   <div class='ocr_carea' id='block_1_68' title="bbox 173 4821 1743 4894">
    <p class='ocr_par' dir='ltr' id='par_1_68' title="bbox 173 4821 1743 4894">
     <span class='ocr_line' id='line_1_68' title="bbox 173 4821 1743 4894; baseline 0.003 -23"><span class='ocrx_word' id='word_1_531' title='bbox 173 4821 453 4894; x_wconf 72' lang='lat' dir='ltr'><strong>niscttmiei</strong></span> <span class='ocrx_word' id='word_1_532' title='bbox 475 4839 664 4876; x_wconf 83' lang='lat' dir='ltr'><strong>versus</strong></span> <span class='ocrx_word' id='word_1_533' title='bbox 692 4825 758 4894; x_wconf 67' lang='lat' dir='ltr'><strong>ab</strong></span> <span class='ocrx_word' id='word_1_534' title='bbox 782 4822 971 4876; x_wconf 81' lang='lat' dir='ltr'><strong>eodem</strong></span> <span class='ocrx_word' id='word_1_535' title='bbox 1004 4822 1235 4894; x_wconf 85' lang='lat' dir='ltr'><strong>Didymu</strong></span> <span class='ocrx_word' id='word_1_536' title='bbox 1265 4824 1604 4886; x_wconf 85' lang='lat' dir='ltr'><strong>recitati,0p.</strong></span> <span class='ocrx_word' id='word_1_537' title='bbox 1624 4824 1743 4890; x_wconf 91' lang='lat' dir='ltr'><strong>cit.,</strong></span> 
     </span>
    </p>
   </div>
   <div class='ocr_carea' id='block_1_69' title="bbox 169 4891 1632 4964">
    <p class='ocr_par' dir='ltr' id='par_1_69' title="bbox 169 4891 1632 4964">
     <span class='ocr_line' id='line_1_69' title="bbox 169 4891 1632 4964; baseline 0.003 -20"><span class='ocrx_word' id='word_1_538' title='bbox 169 4893 467 4964; x_wconf 63' lang='lat' dir='ltr'><strong>it,37.Vide</strong></span> <span class='ocrx_word' id='word_1_539' title='bbox 489 4895 654 4950; x_wconf 86' lang='lat' dir='ltr'><strong>etiam</strong></span> <span class='ocrx_word' id='word_1_540' title='bbox 683 4891 1019 4955; x_wconf 71' lang='lat' dir='ltr'><strong>Fattstinum,</strong></span> <span class='ocrx_word' id='word_1_541' title='bbox 1059 4891 1245 4949; x_wconf 84' lang='lat' dir='ltr'><strong>contra</strong></span> <span class='ocrx_word' id='word_1_542' title='bbox 1284 4900 1400 4964; x_wconf 63' lang='grc' dir='ltr'><strong>ΑΓ..</strong></span> <span class='ocrx_word' id='word_1_543' title='bbox 1430 4908 1550 4964; x_wconf 87' lang='lat' dir='ltr'><strong>cap.</strong></span> <span class='ocrx_word' id='word_1_544' title='bbox 1584 4894 1632 4948; x_wconf 93' lang='lat'><strong>7.</strong></span> 
     </span>
    </p>
   </div>
   <div class='ocr_carea' id='block_1_70' title="bbox 234 4963 1748 5038">
    <p class='ocr_par' dir='ltr' id='par_1_70' title="bbox 234 4963 1748 5038">
     <span class='ocr_line' id='line_1_70' title="bbox 234 4963 1748 5038; baseline 0 -18"><span class='ocrx_word' id='word_1_545' title='bbox 234 4963 258 5002; x_wconf 70' lang='grc' dir='ltr'>δ</span> <span class='ocrx_word' id='word_1_546' title='bbox 283 4965 579 5038; x_wconf 83' lang='lat' dir='ltr'><strong>Capitalem</strong></span> <span class='ocrx_word' id='word_1_547' title='bbox 623 4967 765 5020; x_wconf 89' lang='lat' dir='ltr'><strong>bunc</strong></span> <span class='ocrx_word' id='word_1_548' title='bbox 805 4981 1046 5022; x_wconf 89' lang='lat' dir='ltr'><strong>errorem</strong></span> <span class='ocrx_word' id='word_1_549' title='bbox 1079 4967 1219 5034; x_wconf 92' lang='lat' dir='ltr'><strong>quod</strong></span> <span class='ocrx_word' id='word_1_550' title='bbox 1251 4963 1430 5038; x_wconf 73' lang='lat' dir='ltr'><strong>Filius</strong></span> <span class='ocrx_word' id='word_1_551' title='bbox 1455 4963 1580 5018; x_wconf 84' lang='lat' dir='ltr'><strong>ante</strong></span> <span class='ocrx_word' id='word_1_552' title='bbox 1613 4976 1748 5038; x_wconf 84' lang='lat' dir='ltr'><strong>tem-</strong></span> 
     </span>
    </p>
   </div>
   <div class='ocr_carea' id='block_1_71' title="bbox 173 5035 1738 5108">
    <p class='ocr_par' dir='ltr' id='par_1_71' title="bbox 173 5035 1738 5108">
     <span class='ocr_line' id='line_1_71' title="bbox 173 5035 1738 5108; baseline 0.001 -18"><span class='ocrx_word' id='word_1_553' title='bbox 173 5047 286 5103; x_wconf 83' lang='lat' dir='ltr'><strong>pora</strong></span> <span class='ocrx_word' id='word_1_554' title='bbox 311 5035 526 5107; x_wconf 86' lang='lat' dir='ltr'><strong>quidem</strong></span> <span class='ocrx_word' id='word_1_555' title='bbox 574 5039 593 5108; x_wconf 86' lang='lat'><strong>(</strong></span> <span class='ocrx_word' id='word_1_556' title='bbox 624 5039 674 5092; x_wconf 88' lang='lat' dir='ltr'><strong>id</strong></span> <span class='ocrx_word' id='word_1_557' title='bbox 701 5047 783 5092; x_wconf 89' lang='lat' dir='ltr'><strong>est</strong></span> <span class='ocrx_word' id='word_1_558' title='bbox 813 5047 938 5092; x_wconf 85' lang='lat' dir='ltr'><strong>ante</strong></span> <span class='ocrx_word' id='word_1_559' title='bbox 967 5053 1052 5092; x_wconf 87' lang='lat' dir='ltr'><strong>res</strong></span> <span class='ocrx_word' id='word_1_560' title='bbox 1081 5048 1293 5092; x_wconf 88' lang='lat' dir='ltr'><strong>creatas</strong></span> <span class='ocrx_word' id='word_1_561' title='bbox 1324 5035 1344 5107; x_wconf 93' lang='lat'><strong>)</strong></span> <span class='ocrx_word' id='word_1_562' title='bbox 1393 5037 1463 5090; x_wconf 74' lang='lat' dir='ltr'><strong>sit</strong></span> <span class='ocrx_word' id='word_1_563' title='bbox 1505 5036 1738 5108; x_wconf 83' lang='lat' dir='ltr'><strong>genitus,</strong></span> 
     </span>
    </p>
   </div>
   <div class='ocr_carea' id='block_1_72' title="bbox 173 5107 1739 5178">
    <p class='ocr_par' dir='ltr' id='par_1_72' title="bbox 173 5107 1739 5178">
     <span class='ocr_line' id='line_1_72' title="bbox 173 5107 1739 5178; baseline -0.001 -17"><span class='ocrx_word' id='word_1_564' title='bbox 173 5108 276 5178; x_wconf 38' lang='grc' dir='ltr'><strong>ξω,</strong></span> <span class='ocrx_word' id='word_1_565' title='bbox 294 5123 394 5165; x_wconf 89' lang='lat' dir='ltr'><strong>non</strong></span> <span class='ocrx_word' id='word_1_566' title='bbox 421 5112 488 5164; x_wconf 86' lang='lat' dir='ltr'><strong>ab</strong></span> <span class='ocrx_word' id='word_1_567' title='bbox 511 5107 739 5172; x_wconf 68' lang='lat' dir='ltr'><strong>interno,</strong></span> <span class='ocrx_word' id='word_1_568' title='bbox 775 5115 879 5165; x_wconf 82' lang='lat' dir='ltr'><strong>late</strong></span> <span class='ocrx_word' id='word_1_569' title='bbox 907 5111 1209 5178; x_wconf 86' lang='lat' dir='ltr'><strong>invicleque</strong></span> <span class='ocrx_word' id='word_1_570' title='bbox 1241 5109 1439 5162; x_wconf 75' lang='lat' dir='ltr'><strong>refellit</strong></span> <span class='ocrx_word' id='word_1_571' title='bbox 1482 5107 1739 5175; x_wconf 74' lang='lat' dir='ltr'><strong>Hilarius,</strong></span> 
     </span>
    </p>
   </div>
   <div class='ocr_carea' id='block_1_73' title="bbox 173 5175 1739 5251">
    <p class='ocr_par' dir='ltr' id='par_1_73' title="bbox 173 5175 1739 5251">
     <span class='ocr_line' id='line_1_73' title="bbox 173 5175 1739 5251; baseline 0.003 -20"><span class='ocrx_word' id='word_1_572' title='bbox 173 5175 231 5233; x_wconf 90' lang='lat' dir='ltr'><strong>de</strong></span> <span class='ocrx_word' id='word_1_573' title='bbox 252 5175 416 5251; x_wconf 79' lang='lat' dir='ltr'><strong>&#39;I‘rin.,</strong></span> <span class='ocrx_word' id='word_1_574' title='bbox 439 5195 479 5247; x_wconf 79' lang='grc' dir='ltr'><strong>ι,</strong></span> <span class='ocrx_word' id='word_1_575' title='bbox 505 5181 608 5243; x_wconf 70' lang='lat'><strong>54;</strong></span> <span class='ocrx_word' id='word_1_576' title='bbox 642 5195 698 5243; x_wconf 87' lang='lat' dir='ltr'><strong>it.</strong></span> <span class='ocrx_word' id='word_1_577' title='bbox 727 5181 937 5248; x_wconf 74' lang='lat'><strong>20;&quot;1,</strong></span> <span class='ocrx_word' id='word_1_578' title='bbox 962 5179 1026 5246; x_wconf 70' lang='grc' dir='ltr'>ὃς</span> <span class='ocrx_word' id='word_1_579' title='bbox 1062 5175 1135 5247; x_wconf 79' lang='lat' dir='ltr'><strong>iv,</strong></span> <span class='ocrx_word' id='word_1_580' title='bbox 1165 5181 1340 5246; x_wconf 80' lang='lat' dir='ltr'><strong>6;xn,</strong></span> <span class='ocrx_word' id='word_1_581' title='bbox 1371 5180 1464 5234; x_wconf 77' lang='grc'><strong>21.</strong></span> <span class='ocrx_word' id='word_1_582' title='bbox 1494 5195 1615 5251; x_wconf 87' lang='lat' dir='ltr'><strong>sqq.</strong></span> <span class='ocrx_word' id='word_1_583' title='bbox 1637 5182 1698 5235; x_wconf 82' lang='lat'><strong>5|</strong></span> <span class='ocrx_word' id='word_1_584' title='bbox 1726 5197 1739 5243; x_wconf 87' lang='lat'><strong>;</strong></span> 
     </span>
    </p>
   </div>
   <div class='ocr_carea' id='block_1_74' title="bbox 172 5250 1742 5326">
    <p class='ocr_par' dir='ltr' id='par_1_74' title="bbox 172 5250 1742 5326">
     <span class='ocr_line' id='line_1_74' title="bbox 172 5250 1742 5326; baseline 0.004 -23"><span class='ocrx_word' id='word_1_585' title='bbox 172 5257 220 5303; x_wconf 86' lang='lat' dir='ltr'><strong>et</strong></span> <span class='ocrx_word' id='word_1_586' title='bbox 240 5250 301 5306; x_wconf 80' lang='lat' dir='ltr'><strong>de</strong></span> <span class='ocrx_word' id='word_1_587' title='bbox 342 5251 570 5326; x_wconf 53' lang='lat' dir='ltr'><strong>Synod,</strong></span> <span class='ocrx_word' id='word_1_588' title='bbox 601 5253 654 5308; x_wconf 77' lang='grc' dir='ltr'><strong>ιτ.</strong></span> <span class='ocrx_word' id='word_1_589' title='bbox 678 5253 769 5309; x_wconf 72' lang='grc'><strong>25.</strong></span> <span class='ocrx_word' id='word_1_590' title='bbox 797 5254 928 5308; x_wconf 87' lang='lat' dir='ltr'><strong>Item</strong></span> <span class='ocrx_word' id='word_1_591' title='bbox 959 5254 1300 5320; x_wconf 78' lang='lat' dir='ltr'><strong>Ambrosius,</strong></span> <span class='ocrx_word' id='word_1_592' title='bbox 1330 5251 1396 5306; x_wconf 85' lang='lat' dir='ltr'><strong>de</strong></span> <span class='ocrx_word' id='word_1_593' title='bbox 1427 5250 1588 5320; x_wconf 86' lang='lat' dir='ltr'><strong>Fide,</strong></span> <span class='ocrx_word' id='word_1_594' title='bbox 1627 5269 1665 5319; x_wconf 92' lang='lat' dir='ltr'><strong>t,</strong></span> <span class='ocrx_word' id='word_1_595' title='bbox 1709 5255 1742 5309; x_wconf 89' lang='grc'><strong>8</strong></span> 
     </span>
    </p>
   </div>
   <div class='ocr_carea' id='block_1_75' title="bbox 171 5327 504 5394">
    <p class='ocr_par' dir='ltr' id='par_1_75' title="bbox 171 5327 504 5394">
     <span class='ocr_line' id='line_1_75' title="bbox 171 5327 504 5394; baseline 0.012 -17"><span class='ocrx_word' id='word_1_596' title='bbox 171 5333 308 5394; x_wconf 83' lang='lat' dir='ltr'><strong>sqq.;</strong></span> <span class='ocrx_word' id='word_1_597' title='bbox 339 5341 415 5388; x_wconf 87' lang='lat' dir='ltr'><strong>Ill,</strong></span> <span class='ocrx_word' id='word_1_598' title='bbox 447 5327 504 5381; x_wconf 68' lang='grc'><strong>4.</strong></span> 
     </span>
    </p>
   </div>
   <div class='ocr_carea' id='block_1_76' title="bbox 232 5395 1742 5468">
    <p class='ocr_par' dir='ltr' id='par_1_76' title="bbox 232 5395 1742 5468">
     <span class='ocr_line' id='line_1_76' title="bbox 232 5395 1742 5468; baseline -0.001 -15"><span class='ocrx_word' id='word_1_599' title='bbox 232 5406 252 5435; x_wconf 74' lang='grc' dir='ltr'><strong>ο</strong></span> <span class='ocrx_word' id='word_1_600' title='bbox 281 5397 334 5453; x_wconf 85' lang='lat' dir='ltr'><strong>In</strong></span> <span class='ocrx_word' id='word_1_601' title='bbox 363 5398 644 5452; x_wconf 80' lang='lat' dir='ltr'><strong>Athanasii</strong></span> <span class='ocrx_word' id='word_1_602' title='bbox 672 5407 824 5454; x_wconf 88' lang='lat' dir='ltr'><strong>certe</strong></span> <span class='ocrx_word' id='word_1_603' title='bbox 849 5397 1076 5468; x_wconf 87' lang='lat' dir='ltr'><strong>epistola</strong></span> <span class='ocrx_word' id='word_1_604' title='bbox 1103 5396 1174 5453; x_wconf 90' lang='lat' dir='ltr'><strong>de</strong></span> <span class='ocrx_word' id='word_1_605' title='bbox 1203 5396 1471 5453; x_wconf 85' lang='lat' dir='ltr'><strong>sententia</strong></span> <span class='ocrx_word' id='word_1_606' title='bbox 1503 5395 1742 5468; x_wconf 80' lang='lat' dir='ltr'><strong>Dionysii</strong></span> 
     </span>
    </p>
   </div>
   <div class='ocr_carea' id='block_1_77' title="bbox 173 5465 1192 5525">
    <p class='ocr_par' dir='ltr' id='par_1_77' title="bbox 173 5465 1192 5525">
     <span class='ocr_line' id='line_1_77' title="bbox 173 5465 1192 5525; baseline 0.006 -8"><span class='ocrx_word' id='word_1_607' title='bbox 173 5465 247 5521; x_wconf 77' lang='lat' dir='ltr'><strong>vix</strong></span> <span class='ocrx_word' id='word_1_608' title='bbox 267 5468 346 5523; x_wconf 66' lang='lat' dir='ltr'><strong>lite</strong></span> <span class='ocrx_word' id='word_1_609' title='bbox 367 5473 650 5525; x_wconf 76' lang='lat' dir='ltr'><strong>sententiae</strong></span> <span class='ocrx_word' id='word_1_610' title='bbox 675 5465 1031 5524; x_wconf 83' lang='lat' dir='ltr'><strong>invenientur.</strong></span> <span class='ocrx_word' id='word_1_611' title='bbox 1187 5495 1192 5498; x_wconf 95' lang='lat'><em>-</em></span> 
     </span>
    </p>
   </div>
   <div class='ocr_carea' id='block_1_78' title="bbox 228 5537 1739 5613">
    <p class='ocr_par' dir='ltr' id='par_1_78' title="bbox 228 5537 1739 5613">
     <span class='ocr_line' id='line_1_78' title="bbox 228 5537 1739 5613; baseline -0.001 -18"><span class='ocrx_word' id='word_1_612' title='bbox 228 5537 252 5575; x_wconf 69' lang='grc' dir='ltr'><strong><em>ἀ</em></strong></span> <span class='ocrx_word' id='word_1_613' title='bbox 283 5540 470 5597; x_wconf 86' lang='lat' dir='ltr'><strong>Filium</strong></span> <span class='ocrx_word' id='word_1_614' title='bbox 501 5545 712 5613; x_wconf 85' lang='lat' dir='ltr'><strong>nonnisi</strong></span> <span class='ocrx_word' id='word_1_615' title='bbox 741 5543 1035 5597; x_wconf 88' lang='lat' dir='ltr'><strong>secundum</strong></span> <span class='ocrx_word' id='word_1_616' title='bbox 1063 5555 1281 5597; x_wconf 87' lang='lat' dir='ltr'><strong>carnem</strong></span> <span class='ocrx_word' id='word_1_617' title='bbox 1311 5540 1613 5613; x_wconf 88' lang='lat' dir='ltr'><strong>subjectum</strong></span> <span class='ocrx_word' id='word_1_618' title='bbox 1639 5540 1739 5594; x_wconf 85' lang='lat' dir='ltr'><strong>Pa-</strong></span> 
     </span>
    </p>
   </div>
   <div class='ocr_carea' id='block_1_79' title="bbox 171 5607 1737 5682">
    <p class='ocr_par' dir='ltr' id='par_1_79' title="bbox 171 5607 1737 5682">
     <span class='ocr_line' id='line_1_79' title="bbox 171 5607 1737 5682; baseline 0.001 -17"><span class='ocrx_word' id='word_1_619' title='bbox 171 5607 227 5682; x_wconf 62' lang='lat' dir='ltr'><strong>tri</strong></span> <span class='ocrx_word' id='word_1_620' title='bbox 251 5607 582 5668; x_wconf 81' lang='lat' dir='ltr'><strong>demonstrat</strong></span> <span class='ocrx_word' id='word_1_621' title='bbox 627 5615 961 5678; x_wconf 60' lang='lat' dir='ltr'><strong>Ai‘iibrosius,</strong></span> <span class='ocrx_word' id='word_1_622' title='bbox 989 5617 1054 5669; x_wconf 88' lang='lat' dir='ltr'><strong>de</strong></span> <span class='ocrx_word' id='word_1_623' title='bbox 1083 5613 1239 5677; x_wconf 79' lang='lat' dir='ltr'><strong>Fide,</strong></span> <span class='ocrx_word' id='word_1_624' title='bbox 1270 5627 1322 5679; x_wconf 80' lang='grc' dir='ltr'><strong>ν,</strong></span> <span class='ocrx_word' id='word_1_625' title='bbox 1359 5607 1443 5667; x_wconf 59' lang='lat' dir='ltr'><strong>Ii.</strong></span> <span class='ocrx_word' id='word_1_626' title='bbox 1491 5612 1737 5682; x_wconf 80' lang='lat' dir='ltr'><strong>Alioquin</strong></span> 
     </span>
    </p>
   </div>
   <div class='ocr_carea' id='block_1_80' title="bbox 171 5678 1742 5756">
    <p class='ocr_par' dir='ltr' id='par_1_80' title="bbox 171 5678 1742 5756">
     <span class='ocr_line' id='line_1_80' title="bbox 171 5678 1742 5756; baseline 0.002 -21"><span class='ocrx_word' id='word_1_627' title='bbox 171 5678 282 5736; x_wconf 85' lang='lat' dir='ltr'><strong>dicit</strong></span> <span class='ocrx_word' id='word_1_628' title='bbox 319 5684 612 5752; x_wconf 79' lang='lat' dir='ltr'><strong>Apostolus</strong></span> <span class='ocrx_word' id='word_1_629' title='bbox 641 5702 655 5738; x_wconf 92' lang='lat'><strong>:</strong></span> <span class='ocrx_word' id='word_1_630' title='bbox 688 5685 809 5739; x_wconf 87' lang='lat' dir='ltr'><strong>Non</strong></span> <span class='ocrx_word' id='word_1_631' title='bbox 848 5687 1088 5756; x_wconf 73' lang='lat' dir='ltr'><strong>rapinam</strong></span> <span class='ocrx_word' id='word_1_632' title='bbox 1117 5678 1394 5740; x_wconf 72' lang='lat' dir='ltr'><strong>arbitratus</strong></span> <span class='ocrx_word' id='word_1_633' title='bbox 1420 5693 1496 5738; x_wconf 78' lang='lat' dir='ltr'><strong>est</strong></span> <span class='ocrx_word' id='word_1_634' title='bbox 1542 5678 1648 5739; x_wconf 71' lang='lat' dir='ltr'><strong>esse</strong></span> <span class='ocrx_word' id='word_1_635' title='bbox 1688 5699 1742 5738; x_wconf 84' lang='lat' dir='ltr'><strong>se</strong></span> 
     </span>
    </p>
   </div>
   <div class='ocr_carea' id='block_1_81' title="bbox 170 5756 1738 5828">
    <p class='ocr_par' dir='ltr' id='par_1_81' title="bbox 170 5756 1738 5828">
     <span class='ocr_line' id='line_1_81' title="bbox 170 5756 1738 5828; baseline 0.001 -20"><span class='ocrx_word' id='word_1_636' title='bbox 170 5757 396 5828; x_wconf 49' lang='lat' dir='ltr'><strong>aqualem</strong></span> <span class='ocrx_word' id='word_1_637' title='bbox 411 5757 541 5812; x_wconf 81' lang='lat' dir='ltr'><strong>Deo.</strong></span> <span class='ocrx_word' id='word_1_638' title='bbox 561 5757 780 5828; x_wconf 86' lang='lat' dir='ltr'><strong>Legesis</strong></span> <span class='ocrx_word' id='word_1_639' title='bbox 802 5767 1057 5828; x_wconf 72' lang='lat' dir='ltr'><strong>praeterea</strong></span> <span class='ocrx_word' id='word_1_640' title='bbox 1072 5757 1354 5816; x_wconf 82' lang='lat' dir='ltr'><strong>Hilarium.</strong></span> <span class='ocrx_word' id='word_1_641' title='bbox 1375 5756 1442 5828; x_wconf 86' lang='lat' dir='ltr'><strong>de</strong></span> <span class='ocrx_word' id='word_1_642' title='bbox 1459 5756 1608 5810; x_wconf 87' lang='lat' dir='ltr'><strong>Trin.</strong></span> <span class='ocrx_word' id='word_1_643' title='bbox 1623 5797 1645 5828; x_wconf 22' lang='grc' dir='ltr'><em>,Δ</em></span> <span class='ocrx_word' id='word_1_644' title='bbox 1661 5771 1738 5823; x_wconf 79' lang='lat' dir='ltr'><strong>x1,</strong></span> 
     </span>
    </p>
   </div>
   <div class='ocr_carea' id='block_1_82' title="bbox 170 5820 1739 5902">
    <p class='ocr_par' dir='ltr' id='par_1_82' title="bbox 170 5820 1739 5902">
     <span class='ocr_line' id='line_1_82' title="bbox 170 5820 1739 5902; baseline -0.001 -17"><span class='ocrx_word' id='word_1_645' title='bbox 170 5820 249 5892; x_wconf 78' lang='lat'><strong>30,</strong></span> <span class='ocrx_word' id='word_1_646' title='bbox 277 5829 344 5884; x_wconf 68' lang='lat'><strong>43</strong></span> <span class='ocrx_word' id='word_1_647' title='bbox 367 5841 484 5902; x_wconf 74' lang='lat' dir='ltr'><strong>sqq.</strong></span> <span class='ocrx_word' id='word_1_648' title='bbox 515 5867 530 5898; x_wconf 90' lang='lat'><strong>,</strong></span> <span class='ocrx_word' id='word_1_649' title='bbox 561 5838 618 5888; x_wconf 80' lang='lat' dir='ltr'><strong>et</strong></span> <span class='ocrx_word' id='word_1_650' title='bbox 638 5820 878 5889; x_wconf 66' lang='lat' dir='ltr'><strong>[nonem</strong></span> <span class='ocrx_word' id='word_1_651' title='bbox 905 5829 1176 5902; x_wconf 72' lang='lat' dir='ltr'><strong>Magnam,</strong></span> <span class='ocrx_word' id='word_1_652' title='bbox 1206 5839 1371 5884; x_wconf 79' lang='lat' dir='ltr'><strong>sei-tn.</strong></span> <span class='ocrx_word' id='word_1_653' title='bbox 1403 5827 1495 5896; x_wconf 70' lang='lat'><strong>25,</strong></span> <span class='ocrx_word' id='word_1_654' title='bbox 1531 5829 1586 5883; x_wconf 72' lang='lat'><strong>2.</strong></span> <span class='ocrx_word' id='word_1_655' title='bbox 1625 5820 1739 5884; x_wconf 80' lang='lat' dir='ltr'><strong>lino</strong></span> 
     </span>
    </p>
   </div>
   <div class='ocr_carea' id='block_1_83' title="bbox 1785 4497 1838 4558">
    <p class='ocr_par' dir='ltr' id='par_1_83' title="bbox 1785 4497 1838 4558">
     <span class='ocr_line' id='line_1_83' title="bbox 1785 4497 1838 4558; baseline 0 0"><span class='ocrx_word' id='word_1_656' title='bbox 1785 4497 1838 4558; x_wconf 89' lang='lat' dir='ltr'><strong>D</strong></span> 
     </span>
    </p>
   </div>
   <div class='ocr_carea' id='block_1_84' title="bbox 1887 1921 3488 1996">
    <p class='ocr_par' dir='ltr' id='par_1_84' title="bbox 1887 1921 3488 1996">
     <span class='ocr_line' id='line_1_84' title="bbox 1887 1921 3488 1996; baseline 0.002 -19"><span class='ocrx_word' id='word_1_657' title='bbox 1887 1937 2007 1977; x_wconf 91' lang='lat' dir='ltr'><strong>rum</strong></span> <span class='ocrx_word' id='word_1_658' title='bbox 2059 1921 2180 1992; x_wconf 90' lang='lat' dir='ltr'><strong>quis</strong></span> <span class='ocrx_word' id='word_1_659' title='bbox 2209 1921 2254 1952; x_wconf 79' lang='grc'><strong>¹⁰</strong></span> <span class='ocrx_word' id='word_1_660' title='bbox 2283 1923 2444 1978; x_wconf 82' lang='lat' dir='ltr'><strong>Pater</strong></span> <span class='ocrx_word' id='word_1_661' title='bbox 2495 1935 2635 1978; x_wconf 74' lang='lat' dir='ltr'><strong>esto.</strong></span> <span class='ocrx_word' id='word_1_662' title='bbox 2689 1941 2707 1975; x_wconf 72' lang='grc' dir='ltr'><strong><em>ι</em></strong></span> <span class='ocrx_word' id='word_1_663' title='bbox 2745 1921 2877 1979; x_wconf 91' lang='lat' dir='ltr'><strong>Item</strong></span> <span class='ocrx_word' id='word_1_664' title='bbox 2929 1923 3091 1979; x_wconf 85' lang='lat' dir='ltr'><strong>Hilari</strong></span> <span class='ocrx_word' id='word_1_665' title='bbox 3122 1923 3148 1962; x_wconf 73' lang='grc' dir='ltr'>ι</span> <span class='ocrx_word' id='word_1_666' title='bbox 3183 1944 3196 1980; x_wconf 91' lang='lat'><strong>:</strong></span> <span class='ocrx_word' id='word_1_667' title='bbox 3230 1945 3250 1980; x_wconf 78' lang='lat' dir='ltr'><strong>r</strong></span> <span class='ocrx_word' id='word_1_668' title='bbox 3286 1927 3488 1996; x_wconf 85' lang='lat' dir='ltr'><strong>Quaero</strong></span> 
     </span>
    </p>
   </div>
   <div class='ocr_carea' id='block_1_85' title="bbox 1887 2017 3492 2091">
    <p class='ocr_par' dir='ltr' id='par_1_85' title="bbox 1887 2017 3492 2091">
     <span class='ocr_line' id='line_1_85' title="bbox 1887 2017 3492 2091; baseline 0.004 -20"><span class='ocrx_word' id='word_1_669' title='bbox 1887 2026 2066 2071; x_wconf 91' lang='lat' dir='ltr'><strong>utrum</strong></span> <span class='ocrx_word' id='word_1_670' title='bbox 2109 2017 2332 2072; x_wconf 89' lang='lat' dir='ltr'><strong>alterius</strong></span> <span class='ocrx_word' id='word_1_671' title='bbox 2367 2017 2585 2090; x_wconf 81' lang='lat' dir='ltr'><strong>generis</strong></span> <span class='ocrx_word' id='word_1_672' title='bbox 2627 2017 2770 2073; x_wconf 89' lang='lat' dir='ltr'><strong>Deus</strong></span> <span class='ocrx_word' id='word_1_673' title='bbox 2809 2019 2898 2087; x_wconf 86' lang='lat' dir='ltr'><strong>sit,</strong></span> <span class='ocrx_word' id='word_1_674' title='bbox 2931 2021 3024 2091; x_wconf 86' lang='lat' dir='ltr'><strong>qui</strong></span> <span class='ocrx_word' id='word_1_675' title='bbox 3073 2020 3125 2075; x_wconf 90' lang='lat' dir='ltr'><strong>in</strong></span> <span class='ocrx_word' id='word_1_676' title='bbox 3174 2023 3346 2077; x_wconf 81' lang='lat' dir='ltr'><strong>forma</strong></span> <span class='ocrx_word' id='word_1_677' title='bbox 3398 2021 3492 2078; x_wconf 89' lang='lat' dir='ltr'><strong>Dei</strong></span> 
     </span>
    </p>
   </div>
   <div class='ocr_carea' id='block_1_86' title="bbox 1885 2108 3488 2186">
    <p class='ocr_par' dir='ltr' id='par_1_86' title="bbox 1885 2108 3488 2186">
     <span class='ocr_line' id='line_1_86' title="bbox 1885 2108 3488 2186; baseline 0.005 -22"><span class='ocrx_word' id='word_1_678' title='bbox 1885 2108 2028 2165; x_wconf 91' lang='lat' dir='ltr'><strong>Deus</strong></span> <span class='ocrx_word' id='word_1_679' title='bbox 2066 2121 2300 2175; x_wconf 84' lang='lat' dir='ltr'><strong>maneat,</strong></span> <span class='ocrx_word' id='word_1_680' title='bbox 2347 2118 2402 2166; x_wconf 90' lang='lat' dir='ltr'><strong>et</strong></span> <span class='ocrx_word' id='word_1_681' title='bbox 2438 2111 2734 2167; x_wconf 88' lang='lat' dir='ltr'><strong>secundum</strong></span> <span class='ocrx_word' id='word_1_682' title='bbox 2775 2113 3125 2182; x_wconf 74' lang='lat' dir='ltr'><strong>etinsignatas</strong></span> <span class='ocrx_word' id='word_1_683' title='bbox 3163 2115 3488 2186; x_wconf 82' lang='lat' dir='ltr'><strong>cotisignan-</strong></span> 
     </span>
    </p>
   </div>
   <div class='ocr_carea' id='block_1_87' title="bbox 1885 2203 3486 2279">
    <p class='ocr_par' dir='ltr' id='par_1_87' title="bbox 1885 2203 3486 2279">
     <span class='ocr_line' id='line_1_87' title="bbox 1885 2203 3486 2279; baseline 0.004 -22"><span class='ocrx_word' id='word_1_684' title='bbox 1885 2211 2072 2274; x_wconf 79' lang='lat' dir='ltr'><strong>teSque</strong></span> <span class='ocrx_word' id='word_1_685' title='bbox 2104 2204 2314 2274; x_wconf 79' lang='lat' dir='ltr'><strong>species</strong></span> <span class='ocrx_word' id='word_1_686' title='bbox 2345 2203 2395 2259; x_wconf 90' lang='lat' dir='ltr'><strong>in</strong></span> <span class='ocrx_word' id='word_1_687' title='bbox 2432 2205 2725 2274; x_wconf 88' lang='lat' dir='ltr'><strong>signaculis</strong></span> <span class='ocrx_word' id='word_1_688' title='bbox 2755 2205 3033 2262; x_wconf 88' lang='lat' dir='ltr'><strong>cernimus</strong></span> <span class='ocrx_word' id='word_1_689' title='bbox 3060 2223 3182 2262; x_wconf 91' lang='lat' dir='ltr'><strong>cum</strong></span> <span class='ocrx_word' id='word_1_690' title='bbox 3218 2208 3486 2279; x_wconf 86' lang='lat' dir='ltr'><strong>impresso</strong></span> 
     </span>
    </p>
   </div>
   <div class='ocr_carea' id='block_1_88' title="bbox 1887 2297 3483 2373">
    <p class='ocr_par' dir='ltr' id='par_1_88' title="bbox 1887 2297 3483 2373">
     <span class='ocr_line' id='line_1_88' title="bbox 1887 2297 3483 2373; baseline 0.001 -20"><span class='ocrx_word' id='word_1_691' title='bbox 1887 2297 2103 2368; x_wconf 85' lang='lat' dir='ltr'><strong>plumbo</strong></span> <span class='ocrx_word' id='word_1_692' title='bbox 2135 2302 2332 2354; x_wconf 89' lang='lat' dir='ltr'><strong>ferrum</strong></span> <span class='ocrx_word' id='word_1_693' title='bbox 2361 2307 2414 2354; x_wconf 89' lang='lat' dir='ltr'><strong>et</strong></span> <span class='ocrx_word' id='word_1_694' title='bbox 2440 2311 2654 2370; x_wconf 84' lang='lat' dir='ltr'><strong>gemina</strong></span> <span class='ocrx_word' id='word_1_695' title='bbox 2685 2315 2826 2356; x_wconf 75' lang='lat' dir='ltr'><strong>cera:</strong></span> <span class='ocrx_word' id='word_1_696' title='bbox 2849 2301 3030 2373; x_wconf 88' lang='lat' dir='ltr'><strong>specie</strong></span> <span class='ocrx_word' id='word_1_697' title='bbox 3059 2301 3144 2356; x_wconf 89' lang='lat' dir='ltr'><strong>vel</strong></span> <span class='ocrx_word' id='word_1_698' title='bbox 3163 2315 3417 2355; x_wconf 64' lang='lat' dir='ltr'><strong>concavae</strong></span> <span class='ocrx_word' id='word_1_699' title='bbox 3443 2302 3483 2332; x_wconf 76' lang='grc' dir='ltr'>’ί</span> 
     </span>
    </p>
   </div>
   <div class='ocr_carea' id='block_1_89' title="bbox 1884 2390 3482 2464">
    <p class='ocr_par' dir='ltr' id='par_1_89' title="bbox 1884 2390 3482 2464">
     <span class='ocr_line' id='line_1_89' title="bbox 1884 2390 3482 2464; baseline 0.001 -18"><span class='ocrx_word' id='word_1_700' title='bbox 1884 2391 1935 2446; x_wconf 89' lang='lat' dir='ltr'><strong>in</strong></span> <span class='ocrx_word' id='word_1_701' title='bbox 1980 2407 2037 2447; x_wconf 89' lang='lat' dir='ltr'><strong>se</strong></span> <span class='ocrx_word' id='word_1_702' title='bbox 2077 2392 2255 2464; x_wconf 83' lang='lat' dir='ltr'><strong>imago</strong></span> <span class='ocrx_word' id='word_1_703' title='bbox 2297 2392 2527 2462; x_wconf 82' lang='lat' dir='ltr'><strong>signata.</strong></span> <span class='ocrx_word' id='word_1_704' title='bbox 2561 2409 2579 2444; x_wconf 83' lang='grc'><strong>›</strong></span> <span class='ocrx_word' id='word_1_705' title='bbox 2616 2391 2748 2448; x_wconf 86' lang='lat' dir='ltr'><strong>Item</strong></span> <span class='ocrx_word' id='word_1_706' title='bbox 2796 2390 3010 2450; x_wconf 83' lang='lat' dir='ltr'><strong>IIilari1</strong></span> <span class='ocrx_word' id='word_1_707' title='bbox 3047 2410 3060 2447; x_wconf 90' lang='lat'><strong>:</strong></span> <span class='ocrx_word' id='word_1_708' title='bbox 3098 2412 3116 2445; x_wconf 84' lang='grc'><strong><em>‹</em></strong></span> <span class='ocrx_word' id='word_1_709' title='bbox 3147 2396 3345 2460; x_wconf 72' lang='lat' dir='ltr'><strong>Qutero</strong></span> <span class='ocrx_word' id='word_1_710' title='bbox 3377 2394 3482 2447; x_wconf 85' lang='lat' dir='ltr'><strong>ita-</strong></span> 
     </span>
    </p>
   </div>
   <div class='ocr_carea' id='block_1_90' title="bbox 1882 2483 3480 2558">
    <p class='ocr_par' dir='ltr' id='par_1_90' title="bbox 1882 2483 3480 2558">
     <span class='ocr_line' id='line_1_90' title="bbox 1882 2483 3480 2558; baseline -0.001 -16"><span class='ocrx_word' id='word_1_711' title='bbox 1882 2500 1986 2558; x_wconf 87' lang='lat' dir='ltr'><strong>que</strong></span> <span class='ocrx_word' id='word_1_712' title='bbox 2015 2501 2186 2554; x_wconf 90' lang='lat' dir='ltr'><strong>nunc,</strong></span> <span class='ocrx_word' id='word_1_713' title='bbox 2229 2493 2406 2540; x_wconf 89' lang='lat' dir='ltr'><strong>utrum</strong></span> <span class='ocrx_word' id='word_1_714' title='bbox 2435 2483 2632 2540; x_wconf 89' lang='lat' dir='ltr'><strong>divisio</strong></span> <span class='ocrx_word' id='word_1_715' title='bbox 2659 2499 2722 2539; x_wconf 93' lang='lat' dir='ltr'><strong>ac</strong></span> <span class='ocrx_word' id='word_1_716' title='bbox 2750 2487 3023 2553; x_wconf 89' lang='lat' dir='ltr'><strong>separatio</strong></span> <span class='ocrx_word' id='word_1_717' title='bbox 3052 2487 3154 2553; x_wconf 87' lang='lat' dir='ltr'><strong>sit,</strong></span> <span class='ocrx_word' id='word_1_718' title='bbox 3186 2501 3310 2540; x_wconf 86' lang='lat' dir='ltr'><strong>eum</strong></span> <span class='ocrx_word' id='word_1_719' title='bbox 3341 2486 3480 2556; x_wconf 85' lang='lat' dir='ltr'><strong>ignis</strong></span> 
     </span>
    </p>
   </div>
   <div class='ocr_carea' id='block_1_91' title="bbox 1883 2578 3486 2652">
    <p class='ocr_par' dir='ltr' id='par_1_91' title="bbox 1883 2578 3486 2652">
     <span class='ocr_line' id='line_1_91' title="bbox 1883 2578 3486 2652; baseline -0.002 -15"><span class='ocrx_word' id='word_1_720' title='bbox 1883 2596 1950 2637; x_wconf 84' lang='lat' dir='ltr'><strong>ex</strong></span> <span class='ocrx_word' id='word_1_721' title='bbox 1978 2579 2098 2652; x_wconf 83' lang='lat' dir='ltr'><strong>igne</strong></span> <span class='ocrx_word' id='word_1_722' title='bbox 2128 2589 2240 2647; x_wconf 87' lang='lat' dir='ltr'><strong>est;</strong></span> <span class='ocrx_word' id='word_1_723' title='bbox 2269 2580 2531 2651; x_wconf 91' lang='lat' dir='ltr'><strong>numquid</strong></span> <span class='ocrx_word' id='word_1_724' title='bbox 2561 2578 2858 2634; x_wconf 88' lang='lat' dir='ltr'><strong>absciditur</strong></span> <span class='ocrx_word' id='word_1_725' title='bbox 2888 2578 3122 2635; x_wconf 74' lang='lat' dir='ltr'><strong>natura?</strong></span> <span class='ocrx_word' id='word_1_726' title='bbox 3153 2589 3243 2634; x_wconf 88' lang='lat' dir='ltr'><strong>attt</strong></span> <span class='ocrx_word' id='word_1_727' title='bbox 3271 2595 3377 2634; x_wconf 90' lang='lat' dir='ltr'><strong>non</strong></span> <span class='ocrx_word' id='word_1_728' title='bbox 3401 2593 3486 2635; x_wconf 86' lang='lat' dir='ltr'><strong>se-</strong></span> 
     </span>
    </p>
   </div>
   <div class='ocr_carea' id='block_1_92' title="bbox 1884 2675 3489 2748">
    <p class='ocr_par' dir='ltr' id='par_1_92' title="bbox 1884 2675 3489 2748">
     <span class='ocr_line' id='line_1_92' title="bbox 1884 2675 3489 2748; baseline -0.001 -18"><span class='ocrx_word' id='word_1_729' title='bbox 1884 2677 2067 2748; x_wconf 90' lang='lat' dir='ltr'><strong>quitur</strong></span> <span class='ocrx_word' id='word_1_730' title='bbox 2111 2683 2323 2740; x_wconf 87' lang='lat' dir='ltr'><strong>uatura,</strong></span> <span class='ocrx_word' id='word_1_731' title='bbox 2375 2687 2442 2730; x_wconf 90' lang='lat' dir='ltr'><strong>ne</strong></span> <span class='ocrx_word' id='word_1_732' title='bbox 2489 2675 2558 2729; x_wconf 85' lang='lat' dir='ltr'><strong>sit</strong></span> <span class='ocrx_word' id='word_1_733' title='bbox 2603 2687 2725 2730; x_wconf 91' lang='lat' dir='ltr'><strong>cum</strong></span> <span class='ocrx_word' id='word_1_734' title='bbox 2775 2687 3006 2730; x_wconf 88' lang='lat' dir='ltr'><strong>accenso</strong></span> <span class='ocrx_word' id='word_1_735' title='bbox 3046 2675 3250 2730; x_wconf 88' lang='lat' dir='ltr'><strong>lumine</strong></span> <span class='ocrx_word' id='word_1_736' title='bbox 3289 2689 3358 2730; x_wconf 83' lang='lat' dir='ltr'><strong>ex</strong></span> <span class='ocrx_word' id='word_1_737' title='bbox 3401 2675 3489 2729; x_wconf 91' lang='lat' dir='ltr'><strong>Iu-</strong></span> 
     </span>
    </p>
   </div>
   <div class='ocr_carea' id='block_1_93' title="bbox 1883 2769 3489 2840">
    <p class='ocr_par' dir='ltr' id='par_1_93' title="bbox 1883 2769 3489 2840">
     <span class='ocr_line' id='line_1_93' title="bbox 1883 2769 3489 2840; baseline -0.002 -13"><span class='ocrx_word' id='word_1_738' title='bbox 1883 2775 2066 2827; x_wconf 80' lang='lat' dir='ltr'><strong>mine‘t</strong></span> <span class='ocrx_word' id='word_1_739' title='bbox 2095 2792 2114 2826; x_wconf 69' lang='grc' dir='ltr'><strong><em>ο</em></strong></span> <span class='ocrx_word' id='word_1_740' title='bbox 2149 2772 2290 2828; x_wconf 88' lang='lat' dir='ltr'><strong>Utile</strong></span> <span class='ocrx_word' id='word_1_741' title='bbox 2317 2771 2748 2827; x_wconf 74' lang='lat' dir='ltr'><strong>existimavimus</strong></span> <span class='ocrx_word' id='word_1_742' title='bbox 2791 2770 2907 2824; x_wconf 73' lang='lat' dir='ltr'><strong>haec</strong></span> <span class='ocrx_word' id='word_1_743' title='bbox 2935 2785 3032 2840; x_wconf 92' lang='lat' dir='ltr'><strong>pro</strong></span> <span class='ocrx_word' id='word_1_744' title='bbox 3068 2769 3229 2825; x_wconf 87' lang='lat' dir='ltr'><strong>Patre</strong></span> <span class='ocrx_word' id='word_1_745' title='bbox 3255 2784 3489 2825; x_wconf 73' lang='lat' dir='ltr'><strong>exerere</strong></span> 
     </span>
    </p>
   </div>
   <div class='ocr_carea' id='block_1_94' title="bbox 1881 2864 3482 2940">
    <p class='ocr_par' dir='ltr' id='par_1_94' title="bbox 1881 2864 3482 2940">
     <span class='ocr_line' id='line_1_94' title="bbox 1881 2864 3482 2940; baseline -0.002 -16"><span class='ocrx_word' id='word_1_746' title='bbox 1881 2867 2303 2940; x_wconf 87' lang='lat' dir='ltr'><strong>comparationis</strong></span> <span class='ocrx_word' id='word_1_747' title='bbox 2352 2867 2598 2935; x_wconf 78' lang='lat' dir='ltr'><strong>exempla</strong></span> <span class='ocrx_word' id='word_1_748' title='bbox 2643 2882 2658 2920; x_wconf 87' lang='lat'><strong>:</strong></span> <span class='ocrx_word' id='word_1_749' title='bbox 2705 2881 2804 2920; x_wconf 89' lang='lat' dir='ltr'><strong>nec</strong></span> <span class='ocrx_word' id='word_1_750' title='bbox 2854 2864 3072 2920; x_wconf 69' lang='lat' dir='ltr'><strong>mentiri</strong></span> <span class='ocrx_word' id='word_1_751' title='bbox 3103 2865 3146 2896; x_wconf 81' lang='lat'>“</span> <span class='ocrx_word' id='word_1_752' title='bbox 3177 2864 3482 2935; x_wconf 80' lang='lat' dir='ltr'><strong>deprofes-</strong></span> 
     </span>
    </p>
   </div>
   <div class='ocr_carea' id='block_1_95' title="bbox 1881 2957 3482 3029">
    <p class='ocr_par' dir='ltr' id='par_1_95' title="bbox 1881 2957 3482 3029">
     <span class='ocr_line' id='line_1_95' title="bbox 1881 2957 3482 3029; baseline -0.001 -13"><span class='ocrx_word' id='word_1_753' title='bbox 1881 2963 2033 3016; x_wconf 91' lang='lat' dir='ltr'><strong>sione</strong></span> <span class='ocrx_word' id='word_1_754' title='bbox 2063 2975 2156 3015; x_wconf 85' lang='lat' dir='ltr'><strong>sua</strong></span> <span class='ocrx_word' id='word_1_755' title='bbox 2186 2957 2608 3025; x_wconf 74' lang='lat' dir='ltr'><strong>exisdmaretur,</strong></span> <span class='ocrx_word' id='word_1_756' title='bbox 2637 2973 2759 3014; x_wconf 90' lang='lat' dir='ltr'><strong>cum</strong></span> <span class='ocrx_word' id='word_1_757' title='bbox 2793 2957 2990 3014; x_wconf 75' lang='lat' dir='ltr'><strong>divina:</strong></span> <span class='ocrx_word' id='word_1_758' title='bbox 3015 2959 3372 3029; x_wconf 77' lang='lat' dir='ltr'><strong>professionis</strong></span> <span class='ocrx_word' id='word_1_759' title='bbox 3398 2960 3482 3014; x_wconf 91' lang='lat' dir='ltr'><strong>in-</strong></span> 
     </span>
    </p>
   </div>
   <div class='ocr_carea' id='block_1_96' title="bbox 1874 3053 3485 3126">
    <p class='ocr_par' dir='ltr' id='par_1_96' title="bbox 1874 3053 3485 3126">
     <span class='ocr_line' id='line_1_96' title="bbox 1874 3053 3485 3126; baseline -0.001 -16"><span class='ocrx_word' id='word_1_760' title='bbox 1874 3055 2226 3126; x_wconf 78' lang='lat' dir='ltr'><strong>telligentiam</strong></span> <span class='ocrx_word' id='word_1_761' title='bbox 2250 3064 2303 3109; x_wconf 89' lang='lat' dir='ltr'><strong>et</strong></span> <span class='ocrx_word' id='word_1_762' title='bbox 2330 3054 2374 3084; x_wconf 76' lang='grc'><strong>⁸³</strong></span> <span class='ocrx_word' id='word_1_763' title='bbox 2391 3053 2576 3123; x_wconf 87' lang='lat' dir='ltr'><strong>aliqua</strong></span> <span class='ocrx_word' id='word_1_764' title='bbox 2605 3053 2870 3108; x_wconf 82' lang='lat' dir='ltr'><strong>naturalia</strong></span> <span class='ocrx_word' id='word_1_765' title='bbox 2899 3065 3272 3109; x_wconf 86' lang='lat' dir='ltr'><strong>creaturarum</strong></span> <span class='ocrx_word' id='word_1_766' title='bbox 3295 3069 3485 3109; x_wconf 83' lang='lat' dir='ltr'><strong>exem-</strong></span> 
     </span>
    </p>
   </div>
   <div class='ocr_carea' id='block_1_97' title="bbox 1801 3170 3391 3245">
    <p class='ocr_par' dir='ltr' id='par_1_97' title="bbox 1801 3170 3391 3245">
     <span class='ocr_line' id='line_1_97' title="bbox 1801 3170 3391 3245; baseline -0.001 -19"><span class='ocrx_word' id='word_1_767' title='bbox 1801 3172 1846 3236; x_wconf 90' lang='lat' dir='ltr'><strong>C</strong></span> <span class='ocrx_word' id='word_1_768' title='bbox 1879 3188 2005 3243; x_wconf 89' lang='lat' dir='ltr'><strong>pum</strong></span> <span class='ocrx_word' id='word_1_769' title='bbox 2025 3181 2326 3245; x_wconf 83' lang='lat' dir='ltr'><strong>exspectat.</strong></span> <span class='ocrx_word' id='word_1_770' title='bbox 2358 3171 2497 3226; x_wconf 89' lang='lat' dir='ltr'><strong>Num</strong></span> <span class='ocrx_word' id='word_1_771' title='bbox 2529 3171 2911 3227; x_wconf 80' lang='lat' dir='ltr'><strong>tabernaculum</strong></span> <span class='ocrx_word' id='word_1_772' title='bbox 2933 3173 3046 3245; x_wconf 79' lang='lat' dir='ltr'><strong>ejus</strong></span> <span class='ocrx_word' id='word_1_773' title='bbox 3073 3171 3343 3229; x_wconf 80' lang='lat' dir='ltr'><strong>ambulare</strong></span> <span class='ocrx_word' id='word_1_774' title='bbox 3364 3170 3391 3225; x_wconf 82' lang='lat'><strong><em>?</em></strong></span> 
     </span>
    </p>
   </div>
   <div class='ocr_carea' id='block_1_98' title="bbox 1951 3244 2402 3299">
    <p class='ocr_par' dir='ltr' id='par_1_98' title="bbox 1951 3244 2402 3299">
     <span class='ocr_line' id='line_1_98' title="bbox 1951 3244 2402 3299; baseline 0 -1"><span class='ocrx_word' id='word_1_775' title='bbox 1951 3246 1972 3276; x_wconf 84' lang='grc'>⁸</span> <span class='ocrx_word' id='word_1_776' title='bbox 2000 3244 2137 3299; x_wconf 87' lang='lat' dir='ltr'><strong>Cod.</strong></span> <span class='ocrx_word' id='word_1_777' title='bbox 2171 3244 2402 3298; x_wconf 70' lang='lat' dir='ltr'><strong>luminw.</strong></span> 
     </span>
    </p>
   </div>
   <div class='ocr_carea' id='block_1_99' title="bbox 1948 3315 2210 3380">
    <p class='ocr_par' dir='ltr' id='par_1_99' title="bbox 1948 3315 2210 3380">
     <span class='ocr_line' id='line_1_99' title="bbox 1948 3315 2210 3380; baseline -0.004 -10"><span class='ocrx_word' id='word_1_778' title='bbox 1948 3320 1968 3350; x_wconf 71' lang='grc'><strong><em>⁸</em></strong></span> <span class='ocrx_word' id='word_1_779' title='bbox 1991 3315 2064 3370; x_wconf 92' lang='lat' dir='ltr'><strong>Ita</strong></span> <span class='ocrx_word' id='word_1_780' title='bbox 2089 3315 2210 3380; x_wconf 87' lang='lat' dir='ltr'><strong>cod.</strong></span> 
     </span>
    </p>
   </div>
   <div class='ocr_carea' id='block_1_100' title="bbox 1951 3386 2238 3443">
    <p class='ocr_par' dir='ltr' id='par_1_100' title="bbox 1951 3386 2238 3443">
     <span class='ocr_line' id='line_1_100' title="bbox 1951 3386 2238 3443; baseline 0.003 -2"><span class='ocrx_word' id='word_1_781' title='bbox 1951 3388 1993 3419; x_wconf 85' lang='grc'><strong>¹⁰</strong></span> <span class='ocrx_word' id='word_1_782' title='bbox 2013 3386 2086 3443; x_wconf 84' lang='lat' dir='ltr'><strong>Ita</strong></span> <span class='ocrx_word' id='word_1_783' title='bbox 2116 3387 2238 3442; x_wconf 90' lang='lat' dir='ltr'><strong>cod.</strong></span> 
     </span>
    </p>
   </div>
   <div class='ocr_carea' id='block_1_101' title="bbox 1951 3459 2393 3516">
    <p class='ocr_par' dir='ltr' id='par_1_101' title="bbox 1951 3459 2393 3516">
     <span class='ocr_line' id='line_1_101' title="bbox 1951 3459 2393 3516; baseline -0.002 -2"><span class='ocrx_word' id='word_1_784' title='bbox 1951 3463 1990 3493; x_wconf 83' lang='lat'>“</span> <span class='ocrx_word' id='word_1_785' title='bbox 2014 3459 2126 3514; x_wconf 87' lang='lat' dir='ltr'><strong>Cod</strong></span> <span class='ocrx_word' id='word_1_786' title='bbox 2157 3475 2393 3516; x_wconf 85' lang='lat' dir='ltr'><strong>concave.</strong></span> 
     </span>
    </p>
   </div>
   <div class='ocr_carea' id='block_1_102' title="bbox 1947 3532 2239 3588">
    <p class='ocr_par' dir='ltr' id='par_1_102' title="bbox 1947 3532 2239 3588">
     <span class='ocr_line' id='line_1_102' title="bbox 1947 3532 2239 3588; baseline 0 -2"><span class='ocrx_word' id='word_1_787' title='bbox 1947 3532 2089 3586; x_wconf 82' lang='lat' dir='ltr'><strong>&quot;Ita</strong></span> <span class='ocrx_word' id='word_1_788' title='bbox 2118 3533 2239 3588; x_wconf 87' lang='lat' dir='ltr'><strong>cod.</strong></span> 
     </span>
    </p>
   </div>
   <div class='ocr_carea' id='block_1_103' title="bbox 1947 3603 2260 3660">
    <p class='ocr_par' dir='ltr' id='par_1_103' title="bbox 1947 3603 2260 3660">
     <span class='ocr_line' id='line_1_103' title="bbox 1947 3603 2260 3660; baseline -0.003 -1"><span class='ocrx_word' id='word_1_789' title='bbox 1947 3604 1991 3635; x_wconf 83' lang='grc'>¹³</span> <span class='ocrx_word' id='word_1_790' title='bbox 2012 3603 2147 3659; x_wconf 88' lang='lat' dir='ltr'><strong>Cod.</strong></span> <span class='ocrx_word' id='word_1_791' title='bbox 2178 3621 2260 3660; x_wconf 76' lang='lat' dir='ltr'><strong>ex.</strong></span> 
     </span>
    </p>
   </div>
   <div class='ocr_carea' id='block_1_104' title="bbox 1866 3739 3004 3812">
    <p class='ocr_par' dir='ltr' id='par_1_104' title="bbox 1866 3739 3004 3812">
     <span class='ocr_line' id='line_1_104' title="bbox 1866 3739 3004 3812; baseline 0.004 -17"><span class='ocrx_word' id='word_1_792' title='bbox 1866 3739 2057 3795; x_wconf 75' lang='lat' dir='ltr'><strong>Patres</strong></span> <span class='ocrx_word' id='word_1_793' title='bbox 2079 3739 2130 3795; x_wconf 92' lang='lat' dir='ltr'><strong>id</strong></span> <span class='ocrx_word' id='word_1_794' title='bbox 2160 3739 2360 3812; x_wconf 87' lang='lat' dir='ltr'><strong>passim</strong></span> <span class='ocrx_word' id='word_1_795' title='bbox 2383 3740 2682 3812; x_wconf 85' lang='lat' dir='ltr'><strong>c0ncordes</strong></span> <span class='ocrx_word' id='word_1_796' title='bbox 2710 3739 3004 3799; x_wconf 82' lang='lat' dir='ltr'><strong>afﬁrmant.</strong></span> 
     </span>
    </p>
   </div>
   <div class='ocr_carea' id='block_1_105' title="bbox 1944 3811 3470 3887">
    <p class='ocr_par' dir='ltr' id='par_1_105' title="bbox 1944 3811 3470 3887">
     <span class='ocr_line' id='line_1_105' title="bbox 1944 3811 3470 3887; baseline 0.008 -21"><span class='ocrx_word' id='word_1_797' title='bbox 1944 3822 1966 3848; x_wconf 68' lang='grc' dir='ltr'><strong><em>ε</em></strong></span> <span class='ocrx_word' id='word_1_798' title='bbox 1990 3811 2407 3887; x_wconf 70' lang='lat' dir='ltr'><strong>Fatnusissimns</strong></span> <span class='ocrx_word' id='word_1_799' title='bbox 2437 3814 2488 3868; x_wconf 91' lang='lat' dir='ltr'><strong>in</strong></span> <span class='ocrx_word' id='word_1_800' title='bbox 2521 3811 2787 3887; x_wconf 81' lang='lat' dir='ltr'><strong>theologia</strong></span> <span class='ocrx_word' id='word_1_801' title='bbox 2824 3815 2972 3871; x_wconf 83' lang='lat' dir='ltr'><strong>locus</strong></span> <span class='ocrx_word' id='word_1_802' title='bbox 2993 3859 3008 3880; x_wconf 89' lang='lat'><strong>,</strong></span> <span class='ocrx_word' id='word_1_803' title='bbox 3059 3830 3223 3887; x_wconf 82' lang='lat' dir='ltr'><strong>super</strong></span> <span class='ocrx_word' id='word_1_804' title='bbox 3248 3835 3354 3887; x_wconf 93' lang='lat' dir='ltr'><strong>quo</strong></span> <span class='ocrx_word' id='word_1_805' title='bbox 3381 3817 3470 3877; x_wconf 86' lang='lat' dir='ltr'><strong>vi-</strong></span> 
     </span>
    </p>
   </div>
   <div class='ocr_carea' id='block_1_106' title="bbox 1863 3883 3467 3962">
    <p class='ocr_par' dir='ltr' id='par_1_106' title="bbox 1863 3883 3467 3962">
     <span class='ocr_line' id='line_1_106' title="bbox 1863 3883 3467 3962; baseline 0.009 -26"><span class='ocrx_word' id='word_1_806' title='bbox 1863 3883 2044 3962; x_wconf 62' lang='lat' dir='ltr'><strong>dendi</strong></span> <span class='ocrx_word' id='word_1_807' title='bbox 2065 3885 2253 3962; x_wconf 86' lang='lat' dir='ltr'><strong>saltem</strong></span> <span class='ocrx_word' id='word_1_808' title='bbox 2270 3885 2538 3962; x_wconf 47' lang='lat' dir='ltr'><strong>fidamus,</strong></span> <span class='ocrx_word' id='word_1_809' title='bbox 2569 3885 2637 3940; x_wconf 89' lang='lat' dir='ltr'><strong>de</strong></span> <span class='ocrx_word' id='word_1_810' title='bbox 2665 3883 2950 3962; x_wconf 67' lang='lat' dir='ltr'><strong>Trin.,ix,</strong></span> <span class='ocrx_word' id='word_1_811' title='bbox 2983 3889 3084 3962; x_wconf 81' lang='lat'><strong>56;</strong></span> <span class='ocrx_word' id='word_1_812' title='bbox 3129 3883 3467 3962; x_wconf 56' lang='lat' dir='ltr'><strong>nugusnuus</strong></span> 
     </span>
    </p>
   </div>
   <div class='ocr_carea' id='block_1_107' title="bbox 1863 3956 3463 4030">
    <p class='ocr_par' dir='ltr' id='par_1_107' title="bbox 1863 3956 3463 4030">
     <span class='ocr_line' id='line_1_107' title="bbox 1863 3956 3463 4030; baseline 0.008 -21"><span class='ocrx_word' id='word_1_813' title='bbox 1863 3956 1929 4010; x_wconf 86' lang='lat' dir='ltr'><strong>de</strong></span> <span class='ocrx_word' id='word_1_814' title='bbox 1955 3956 2130 4030; x_wconf 62' lang='lat' dir='ltr'><strong>Tritt.,</strong></span> <span class='ocrx_word' id='word_1_815' title='bbox 2167 3974 2204 4019; x_wconf 84' lang='grc' dir='ltr'><strong>ι,</strong></span> <span class='ocrx_word' id='word_1_816' title='bbox 2233 3957 2320 4022; x_wconf 72' lang='lat' dir='ltr'><strong>iii,</strong></span> <span class='ocrx_word' id='word_1_817' title='bbox 2349 3957 2441 4022; x_wconf 58' lang='grc' dir='ltr'><strong>ἓξ,</strong></span> <span class='ocrx_word' id='word_1_818' title='bbox 2472 3958 2634 4030; x_wconf 14' lang='grc' dir='ltr'><strong>25,γοι</strong></span> <span class='ocrx_word' id='word_1_819' title='bbox 2664 3973 2828 4013; x_wconf 89' lang='lat' dir='ltr'><strong>serm.</strong></span> <span class='ocrx_word' id='word_1_820' title='bbox 2855 3960 2982 4024; x_wconf 77' lang='lat' dir='ltr'><strong>5H,</strong></span> <span class='ocrx_word' id='word_1_821' title='bbox 3012 3961 3081 4023; x_wconf 85' lang='lat'><strong>6;</strong></span> <span class='ocrx_word' id='word_1_822' title='bbox 3115 3956 3463 4030; x_wconf 77' lang='lat' dir='ltr'><strong>Ambrosius,</strong></span> 
     </span>
    </p>
   </div>
   <div class='ocr_carea' id='block_1_108' title="bbox 1861 4029 3464 4098">
    <p class='ocr_par' dir='ltr' id='par_1_108' title="bbox 1861 4029 3464 4098">
     <span class='ocr_line' id='line_1_108' title="bbox 1861 4029 3464 4098; baseline 0.007 -18"><span class='ocrx_word' id='word_1_823' title='bbox 1861 4031 1928 4080; x_wconf 81' lang='lat' dir='ltr'><strong>tle</strong></span> <span class='ocrx_word' id='word_1_824' title='bbox 1951 4029 2101 4091; x_wconf 83' lang='lat' dir='ltr'><strong>Fide,</strong></span> <span class='ocrx_word' id='word_1_825' title='bbox 2130 4045 2186 4094; x_wconf 91' lang='lat' dir='ltr'><strong>Il,</strong></span> <span class='ocrx_word' id='word_1_826' title='bbox 2217 4030 2272 4092; x_wconf 89' lang='lat'><strong>8,</strong></span> <span class='ocrx_word' id='word_1_827' title='bbox 2301 4040 2355 4083; x_wconf 90' lang='lat' dir='ltr'><strong>et</strong></span> <span class='ocrx_word' id='word_1_828' title='bbox 2396 4045 2480 4088; x_wconf 83' lang='lat' dir='ltr'><strong>eu.</strong></span> <span class='ocrx_word' id='word_1_829' title='bbox 2516 4029 2613 4093; x_wconf 70' lang='lat'><strong>10,</strong></span> <span class='ocrx_word' id='word_1_830' title='bbox 2646 4033 2807 4084; x_wconf 78' lang='lat' dir='ltr'><strong>class.</strong></span> <span class='ocrx_word' id='word_1_831' title='bbox 2844 4049 2891 4097; x_wconf 89' lang='lat' dir='ltr'><strong>i;</strong></span> <span class='ocrx_word' id='word_1_832' title='bbox 2925 4033 3319 4098; x_wconf 78' lang='lat' dir='ltr'><strong>Theotloretus,</strong></span> <span class='ocrx_word' id='word_1_833' title='bbox 3345 4029 3464 4091; x_wconf 47' lang='lat' dir='ltr'><strong>dia;</strong></span> 
     </span>
    </p>
   </div>
   <div class='ocr_carea' id='block_1_109' title="bbox 1858 4099 3456 4176">
    <p class='ocr_par' dir='ltr' id='par_1_109' title="bbox 1858 4099 3456 4176">
     <span class='ocr_line' id='line_1_109' title="bbox 1858 4099 3456 4176; baseline 0.002 -18"><span class='ocrx_word' id='word_1_834' title='bbox 1858 4099 1963 4176; x_wconf 61' lang='grc' dir='ltr'><strong>[οε.</strong></span> <span class='ocrx_word' id='word_1_835' title='bbox 1991 4103 2058 4156; x_wconf 82' lang='lat' dir='ltr'><strong>de</strong></span> <span class='ocrx_word' id='word_1_836' title='bbox 2077 4101 2398 4176; x_wconf 73' lang='lat' dir='ltr'><strong>Sp._S._rap.</strong></span> <span class='ocrx_word' id='word_1_837' title='bbox 2431 4102 2862 4176; x_wconf 73' lang='lat' dir='ltr'><strong>iit:_I_=‘austiuus,</strong></span> <span class='ocrx_word' id='word_1_838' title='bbox 2892 4105 2986 4176; x_wconf 82' lang='lat' dir='ltr'><strong>lib.</strong></span> <span class='ocrx_word' id='word_1_839' title='bbox 3001 4105 3065 4159; x_wconf 85' lang='lat' dir='ltr'><strong>de</strong></span> <span class='ocrx_word' id='word_1_840' title='bbox 3085 4105 3236 4170; x_wconf 84' lang='lat' dir='ltr'><strong>Fide,</strong></span> <span class='ocrx_word' id='word_1_841' title='bbox 3255 4123 3374 4176; x_wconf 85' lang='lat' dir='ltr'><strong>cap.</strong></span> <span class='ocrx_word' id='word_1_842' title='bbox 3401 4107 3456 4172; x_wconf 67' lang='lat'><strong>4;</strong></span> 
     </span>
    </p>
   </div>
   <div class='ocr_carea' id='block_1_110' title="bbox 1860 4171 3458 4247">
    <p class='ocr_par' dir='ltr' id='par_1_110' title="bbox 1860 4171 3458 4247">
     <span class='ocr_line' id='line_1_110' title="bbox 1860 4171 3458 4247; baseline 0.004 -23"><span class='ocrx_word' id='word_1_843' title='bbox 1860 4171 2140 4247; x_wconf 64' lang='lat' dir='ltr'><strong>Ditly&#39;tttus,</strong></span> <span class='ocrx_word' id='word_1_844' title='bbox 2166 4173 2432 4247; x_wconf 76' lang='lat' dir='ltr'><strong>de_&#39;l‘riti.,</strong></span> <span class='ocrx_word' id='word_1_845' title='bbox 2453 4189 2489 4236; x_wconf 82' lang='grc' dir='ltr'><strong>ι,</strong></span> <span class='ocrx_word' id='word_1_846' title='bbox 2511 4172 2599 4236; x_wconf 79' lang='grc'><strong>56,</strong></span> <span class='ocrx_word' id='word_1_847' title='bbox 2624 4183 2780 4247; x_wconf 72' lang='lat' dir='ltr'><strong>etitt,</strong></span> <span class='ocrx_word' id='word_1_848' title='bbox 2815 4175 2913 4239; x_wconf 81' lang='lat' dir='ltr'><strong>I8;</strong></span> <span class='ocrx_word' id='word_1_849' title='bbox 2943 4175 3214 4247; x_wconf 80' lang='lat' dir='ltr'><strong>Anonymi</strong></span> <span class='ocrx_word' id='word_1_850' title='bbox 3243 4171 3458 4233; x_wconf 48' lang='lat' dir='ltr'><strong>brevia;</strong></span> 
     </span>
    </p>
   </div>
   <div class='ocr_carea' id='block_1_111' title="bbox 1861 4243 3448 4314">
    <p class='ocr_par' dir='ltr' id='par_1_111' title="bbox 1861 4243 3448 4314">
     <span class='ocr_line' id='line_1_111' title="bbox 1861 4243 3448 4314; baseline 0.004 -18"><span class='ocrx_word' id='word_1_851' title='bbox 1861 4243 1995 4296; x_wconf 86' lang='lat' dir='ltr'><strong>rium</strong></span> <span class='ocrx_word' id='word_1_852' title='bbox 2031 4243 2187 4310; x_wconf 76' lang='lat' dir='ltr'><strong>fidei;</strong></span> <span class='ocrx_word' id='word_1_853' title='bbox 2217 4243 2543 4308; x_wconf 80' lang='lat' dir='ltr'><strong>Ferraiulus,</strong></span> <span class='ocrx_word' id='word_1_854' title='bbox 2573 4259 2658 4313; x_wconf 86' lang='lat' dir='ltr'><strong>ep.</strong></span> <span class='ocrx_word' id='word_1_855' title='bbox 2689 4245 2750 4310; x_wconf 78' lang='grc'><strong>5,</strong></span> <span class='ocrx_word' id='word_1_856' title='bbox 2781 4255 2836 4300; x_wconf 87' lang='lat' dir='ltr'><strong>et</strong></span> <span class='ocrx_word' id='word_1_857' title='bbox 2863 4249 3022 4313; x_wconf 82' lang='lat' dir='ltr'><strong>epist.</strong></span> <span class='ocrx_word' id='word_1_858' title='bbox 3058 4243 3237 4301; x_wconf 66' lang='lat' dir='ltr'><strong>csa...</strong></span> <span class='ocrx_word' id='word_1_859' title='bbox 3261 4292 3274 4311; x_wconf 87' lang='lat'><strong>,</strong></span> <span class='ocrx_word' id='word_1_860' title='bbox 3305 4249 3361 4303; x_wconf 79' lang='lat' dir='ltr'><strong>ﬂ.</strong></span> <span class='ocrx_word' id='word_1_861' title='bbox 3393 4250 3448 4314; x_wconf 70' lang='lat'><strong>2,</strong></span> 
     </span>
    </p>
   </div>
   <div class='ocr_carea' id='block_1_112' title="bbox 1857 4314 3454 4387">
    <p class='ocr_par' dir='ltr' id='par_1_112' title="bbox 1857 4314 3454 4387">
     <span class='ocr_line' id='line_1_112' title="bbox 1857 4314 3454 4387; baseline 0.006 -19"><span class='ocrx_word' id='word_1_862' title='bbox 1857 4314 1916 4379; x_wconf 93' lang='lat'><strong>7;</strong></span> <span class='ocrx_word' id='word_1_863' title='bbox 1940 4315 2253 4385; x_wconf 83' lang='lat' dir='ltr'><strong>Fulgentius</strong></span> <span class='ocrx_word' id='word_1_864' title='bbox 2275 4321 2341 4372; x_wconf 87' lang='lat' dir='ltr'><strong>de</strong></span> <span class='ocrx_word' id='word_1_865' title='bbox 2369 4317 2546 4377; x_wconf 83' lang='lat' dir='ltr'><strong>Trin.,</strong></span> <span class='ocrx_word' id='word_1_866' title='bbox 2577 4331 2612 4376; x_wconf 83' lang='grc' dir='ltr'><strong>ι,</strong></span> <span class='ocrx_word' id='word_1_867' title='bbox 2645 4318 2708 4381; x_wconf 71' lang='grc'><strong>4;</strong></span> <span class='ocrx_word' id='word_1_868' title='bbox 2744 4319 3080 4387; x_wconf 72' lang='lat' dir='ltr'><strong>prrannius</strong></span> <span class='ocrx_word' id='word_1_869' title='bbox 3106 4322 3398 4376; x_wconf 86' lang='lat' dir='ltr'><strong>elironicus</strong></span> <span class='ocrx_word' id='word_1_870' title='bbox 3421 4337 3454 4377; x_wconf 87' lang='lat' dir='ltr'><strong>a</strong></span> 
     </span>
    </p>
   </div>
   <div class='ocr_carea' id='block_1_113' title="bbox 1859 4387 3450 4514">
    <p class='ocr_par' dir='ltr' id='par_1_113' title="bbox 1859 4387 3450 4514">
     <span class='ocr_line' id='line_1_113' title="bbox 1859 4387 3450 4514; baseline 0.004 -74"><span class='ocrx_word' id='word_1_871' title='bbox 1859 4402 1946 4442; x_wconf 87' lang='lat' dir='ltr'><strong>me</strong></span> <span class='ocrx_word' id='word_1_872' title='bbox 1989 4404 2159 4514; x_wconf 60' lang='grc' dir='ltr'><strong>ιέυνθι·</strong></span> <span class='ocrx_word' id='word_1_873' title='bbox 2193 4389 2389 4456; x_wconf 87' lang='lat' dir='ltr'><strong>editus,</strong></span> <span class='ocrx_word' id='word_1_874' title='bbox 2424 4403 2476 4456; x_wconf 91' lang='lat' dir='ltr'><strong>v,</strong></span> <span class='ocrx_word' id='word_1_875' title='bbox 2501 4387 2672 4452; x_wconf 68' lang='lat'><strong>4768;</strong></span> <span class='ocrx_word' id='word_1_876' title='bbox 2721 4387 2940 4444; x_wconf 83' lang='lat' dir='ltr'><strong>Nicetas</strong></span> <span class='ocrx_word' id='word_1_877' title='bbox 2963 4391 3276 4457; x_wconf 77' lang='lat' dir='ltr'><strong>Choniates,</strong></span> <span class='ocrx_word' id='word_1_878' title='bbox 3304 4392 3450 4449; x_wconf 83' lang='lat' dir='ltr'><strong>Ilist.</strong></span> 
     </span>
     <span class='ocr_line' id='line_1_114' title="bbox 1863 4473 3002 4514; baseline 0.008 -4"><span class='ocrx_word' id='word_1_879' title='bbox 1863 4473 1954 4514; x_wconf 79' lang='lat' dir='ltr'><strong>vn.</strong></span> <span class='ocrx_word' id='word_1_880' title='bbox 2037 4499 2050 4514; x_wconf 96' lang='lat'><strong>.</strong></span> <span class='ocrx_word' id='word_1_881' title='bbox 2987 4484 3002 4491; x_wconf 67' lang='grc'><strong>’</strong></span> 
     </span>
    </p>
   </div>
   <div class='ocr_carea' id='block_1_114' title="bbox 1863 4473 3478 4534">
    <p class='ocr_par' dir='ltr' id='par_1_114' title="bbox 1863 4473 3478 4534">
     <span class='ocr_line' id='line_1_115' title="bbox 1863 4473 3478 4534; baseline 0.005 -24"><span class='ocrx_word' id='word_1_882' title='bbox 1863 4473 1958 4534; x_wconf 57' lang='lat' dir='ltr'><strong>VII!</strong></span> <span class='ocrx_word' id='word_1_883' title='bbox 1996 4473 2050 4534; x_wconf 54' lang='grc' dir='ltr'><strong>ξ.</strong></span> <span class='ocrx_word' id='word_1_884' title='bbox 2363 4531 2371 4534; x_wconf 34' lang='grc'><strong><em>“</em></strong></span> <span class='ocrx_word' id='word_1_885' title='bbox 2579 4531 2588 4534; x_wconf 28' lang='grc' dir='ltr'><strong>Α</strong></span> <span class='ocrx_word' id='word_1_886' title='bbox 2690 4532 2697 4534; x_wconf 84' lang='lat'>_</span> <span class='ocrx_word' id='word_1_887' title='bbox 2746 4531 2758 4534; x_wconf 87' lang='lat'><em>_</em></span> <span class='ocrx_word' id='word_1_888' title='bbox 2943 4533 2948 4534; x_wconf 15' lang='grc' dir='ltr'><em>γ</em></span> <span class='ocrx_word' id='word_1_889' title='bbox 2987 4484 3002 4491; x_wconf 82' lang='lat'><em>‘</em></span> <span class='ocrx_word' id='word_1_890' title='bbox 3469 4527 3478 4534; x_wconf 44' lang='lat'><strong>&#39;</strong></span> 
     </span>
    </p>
   </div>
   <div class='ocr_carea' id='block_1_115' title="bbox 1939 4530 3454 4592">
    <p class='ocr_par' dir='ltr' id='par_1_115' title="bbox 1939 4530 3454 4592">
     <span class='ocr_line' id='line_1_116' title="bbox 1939 4530 3454 4592; baseline 0.005 -8"><span class='ocrx_word' id='word_1_891' title='bbox 1939 4530 1958 4569; x_wconf 67' lang='grc' dir='ltr'><strong>ί</strong></span> <span class='ocrx_word' id='word_1_892' title='bbox 1992 4531 2095 4586; x_wconf 88' lang='lat' dir='ltr'><strong>Par</strong></span> <span class='ocrx_word' id='word_1_893' title='bbox 2140 4531 2406 4587; x_wconf 86' lang='lat' dir='ltr'><strong>sententia</strong></span> <span class='ocrx_word' id='word_1_894' title='bbox 2451 4541 2534 4586; x_wconf 84' lang='lat' dir='ltr'><strong>est</strong></span> <span class='ocrx_word' id='word_1_895' title='bbox 2576 4531 2628 4585; x_wconf 90' lang='lat' dir='ltr'><strong>in</strong></span> <span class='ocrx_word' id='word_1_896' title='bbox 2673 4531 2954 4588; x_wconf 77' lang='lat' dir='ltr'><strong>Athanasii</strong></span> <span class='ocrx_word' id='word_1_897' title='bbox 2995 4535 3243 4590; x_wconf 86' lang='lat' dir='ltr'><strong>oratione</strong></span> <span class='ocrx_word' id='word_1_898' title='bbox 3281 4536 3454 4592; x_wconf 85' lang='lat' dir='ltr'><strong>iadv.</strong></span> 
     </span>
    </p>
   </div>
   <div class='ocr_carea' id='block_1_116' title="bbox 1853 4602 2306 4666">
    <p class='ocr_par' dir='ltr' id='par_1_116' title="bbox 1853 4602 2306 4666">
     <span class='ocr_line' id='line_1_117' title="bbox 1853 4602 2306 4666; baseline 0.007 -11"><span class='ocrx_word' id='word_1_899' title='bbox 1853 4602 1948 4657; x_wconf 82' lang='lat' dir='ltr'><strong>Ari</strong></span> <span class='ocrx_word' id='word_1_900' title='bbox 1968 4619 2106 4666; x_wconf 87' lang='lat' dir='ltr'><strong>tnos,</strong></span> <span class='ocrx_word' id='word_1_901' title='bbox 2129 4603 2184 4658; x_wconf 74' lang='grc' dir='ltr'><strong>σ.</strong></span> <span class='ocrx_word' id='word_1_902' title='bbox 2215 4604 2306 4658; x_wconf 86' lang='grc'><strong>58.</strong></span> 
     </span>
    </p>
   </div>
   <div class='ocr_carea' id='block_1_117' title="bbox 1925 4674 3452 4747">
    <p class='ocr_par' dir='ltr' id='par_1_117' title="bbox 1925 4674 3452 4747">
     <span class='ocr_line' id='line_1_118' title="bbox 1925 4674 3452 4747; baseline 0.007 -24"><span class='ocrx_word' id='word_1_903' title='bbox 1925 4685 1950 4723; x_wconf 82' lang='lat' dir='ltr'><strong>s</strong></span> <span class='ocrx_word' id='word_1_904' title='bbox 1983 4676 2091 4731; x_wconf 89' lang='lat' dir='ltr'><strong>lloc</strong></span> <span class='ocrx_word' id='word_1_905' title='bbox 2141 4674 2498 4747; x_wconf 83' lang='lat' dir='ltr'><strong>refutavimus</strong></span> <span class='ocrx_word' id='word_1_906' title='bbox 2540 4677 2591 4728; x_wconf 92' lang='lat' dir='ltr'><strong>in</strong></span> <span class='ocrx_word' id='word_1_907' title='bbox 2643 4676 3033 4747; x_wconf 87' lang='lat' dir='ltr'><strong>superioribus,</strong></span> <span class='ocrx_word' id='word_1_908' title='bbox 3087 4679 3171 4733; x_wconf 89' lang='lat' dir='ltr'><strong>ubi</strong></span> <span class='ocrx_word' id='word_1_909' title='bbox 3219 4677 3285 4734; x_wconf 86' lang='lat' dir='ltr'><strong>de</strong></span> <span class='ocrx_word' id='word_1_910' title='bbox 3325 4679 3452 4734; x_wconf 88' lang='lat' dir='ltr'><strong>Filii</strong></span> 
     </span>
    </p>
   </div>
   <div class='ocr_carea' id='block_1_118' title="bbox 1851 4746 3444 4806">
    <p class='ocr_par' dir='ltr' id='par_1_118' title="bbox 1851 4746 3444 4806">
     <span class='ocr_line' id='line_1_119' title="bbox 1851 4746 3444 4806; baseline 0.003 -5"><span class='ocrx_word' id='word_1_911' title='bbox 1851 4749 2155 4803; x_wconf 61' lang='lat' dir='ltr'><strong>aeternitate</strong></span> <span class='ocrx_word' id='word_1_912' title='bbox 2204 4746 2509 4802; x_wconf 80' lang='lat' dir='ltr'><strong>testimonia</strong></span> <span class='ocrx_word' id='word_1_913' title='bbox 2561 4746 2841 4804; x_wconf 76' lang='lat' dir='ltr'><strong>ductorum</strong></span> <span class='ocrx_word' id='word_1_914' title='bbox 2891 4749 3152 4804; x_wconf 67' lang='lat' dir='ltr'><strong>Ecclesiae</strong></span> <span class='ocrx_word' id='word_1_915' title='bbox 3202 4751 3444 4806; x_wconf 77' lang='lat' dir='ltr'><strong>laudavi—</strong></span> 
     </span>
    </p>
   </div>
   <div class='ocr_carea' id='block_1_119' title="bbox 1851 4817 3446 4890">
    <p class='ocr_par' dir='ltr' id='par_1_119' title="bbox 1851 4817 3446 4890">
     <span class='ocr_line' id='line_1_120' title="bbox 1851 4817 3446 4890; baseline 0.003 -18"><span class='ocrx_word' id='word_1_916' title='bbox 1851 4834 1990 4874; x_wconf 90' lang='lat' dir='ltr'><strong>mus.</strong></span> <span class='ocrx_word' id='word_1_917' title='bbox 2016 4817 2201 4888; x_wconf 80' lang='lat' dir='ltr'><strong>Neque</strong></span> <span class='ocrx_word' id='word_1_918' title='bbox 2229 4821 2357 4875; x_wconf 86' lang='lat' dir='ltr'><strong>item</strong></span> <span class='ocrx_word' id='word_1_919' title='bbox 2399 4818 2570 4889; x_wconf 84' lang='lat' dir='ltr'><strong>major</strong></span> <span class='ocrx_word' id='word_1_920' title='bbox 2601 4819 2758 4874; x_wconf 89' lang='lat' dir='ltr'><strong>Pater</strong></span> <span class='ocrx_word' id='word_1_921' title='bbox 2787 4831 2872 4874; x_wconf 89' lang='lat' dir='ltr'><strong>est</strong></span> <span class='ocrx_word' id='word_1_922' title='bbox 2899 4823 3194 4890; x_wconf 87' lang='lat' dir='ltr'><strong>generandi</strong></span> <span class='ocrx_word' id='word_1_923' title='bbox 3229 4825 3446 4890; x_wconf 76' lang='lat' dir='ltr'><strong>virtute,</strong></span> 
     </span>
    </p>
   </div>
   <div class='ocr_carea' id='block_1_120' title="bbox 1758 4890 3442 4964">
    <p class='ocr_par' dir='ltr' id='par_1_120' title="bbox 1758 4890 3442 4964">
     <span class='ocr_line' id='line_1_121' title="bbox 1758 4890 3442 4964; baseline 0.004 -23"><span class='ocrx_word' id='word_1_924' title='bbox 1758 4919 1764 4924; x_wconf 95' lang='lat'><strong><em>-</em></strong></span> <span class='ocrx_word' id='word_1_925' title='bbox 1819 4892 2112 4964; x_wconf 82' lang='lat' dir='ltr'><strong>-qui.t_latn</strong></span> <span class='ocrx_word' id='word_1_926' title='bbox 2148 4893 2350 4948; x_wconf 68' lang='lat' dir='ltr'><strong>bonum</strong></span> <span class='ocrx_word' id='word_1_927' title='bbox 2380 4898 2464 4946; x_wconf 58' lang='lat' dir='ltr'><strong>est</strong></span> <span class='ocrx_word' id='word_1_928' title='bbox 2510 4890 2680 4958; x_wconf 86' lang='lat' dir='ltr'><strong>Filio,</strong></span> <span class='ocrx_word' id='word_1_929' title='bbox 2736 4892 2879 4963; x_wconf 89' lang='lat' dir='ltr'><strong>quod</strong></span> <span class='ocrx_word' id='word_1_930' title='bbox 2918 4893 3234 4963; x_wconf 70' lang='lat' dir='ltr'><strong>FIiIlIS_.eSl,</strong></span> <span class='ocrx_word' id='word_1_931' title='bbox 3283 4909 3442 4964; x_wconf 88' lang='lat' dir='ltr'><strong>quam</strong></span> 
     </span>
    </p>
   </div>
   <div class='ocr_carea' id='block_1_121' title="bbox 1850 4961 2505 5032">
    <p class='ocr_par' dir='ltr' id='par_1_121' title="bbox 1850 4961 2505 5032">
     <span class='ocr_line' id='line_1_122' title="bbox 1850 4961 2505 5032; baseline -0.002 -16"><span class='ocrx_word' id='word_1_932' title='bbox 1850 4961 2017 5028; x_wconf 83' lang='lat' dir='ltr'><strong>Patri,</strong></span> <span class='ocrx_word' id='word_1_933' title='bbox 2047 4965 2187 5032; x_wconf 88' lang='lat' dir='ltr'><strong>quod</strong></span> <span class='ocrx_word' id='word_1_934' title='bbox 2217 4964 2376 5018; x_wconf 80' lang='lat' dir='ltr'><strong>Pater</strong></span> <span class='ocrx_word' id='word_1_935' title='bbox 2404 4970 2505 5018; x_wconf 88' lang='lat' dir='ltr'><strong>est.</strong></span> 
     </span>
    </p>
   </div>
   <div class='ocr_carea' id='block_1_122' title="bbox 1920 5032 3444 5107">
    <p class='ocr_par' dir='ltr' id='par_1_122' title="bbox 1920 5032 3444 5107">
     <span class='ocr_line' id='line_1_123' title="bbox 1920 5032 3444 5107; baseline 0.002 -19"><span class='ocrx_word' id='word_1_936' title='bbox 1920 5032 1948 5107; x_wconf 49' lang='grc' dir='ltr'><strong>ξι</strong></span> <span class='ocrx_word' id='word_1_937' title='bbox 1981 5036 2197 5104; x_wconf 85' lang='lat' dir='ltr'><strong>Ignotus</strong></span> <span class='ocrx_word' id='word_1_938' title='bbox 2256 5035 2385 5090; x_wconf 89' lang='lat' dir='ltr'><strong>mibi</strong></span> <span class='ocrx_word' id='word_1_939' title='bbox 2424 5035 2512 5090; x_wconf 88' lang='lat' dir='ltr'><strong>hic</strong></span> <span class='ocrx_word' id='word_1_940' title='bbox 2543 5034 2792 5089; x_wconf 75' lang='lat' dir='ltr'><strong>Billienus</strong></span> <span class='ocrx_word' id='word_1_941' title='bbox 2838 5037 3146 5107; x_wconf 87' lang='lat' dir='ltr'><strong>episeopus.</strong></span> <span class='ocrx_word' id='word_1_942' title='bbox 3187 5035 3444 5091; x_wconf 78' lang='lat' dir='ltr'><strong>Bilinic&#39;us</strong></span> 
     </span>
    </p>
   </div>
   <div class='ocr_carea' id='block_1_123' title="bbox 1849 5106 3441 5178">
    <p class='ocr_par' dir='ltr' id='par_1_123' title="bbox 1849 5106 3441 5178">
     <span class='ocr_line' id='line_1_124' title="bbox 1849 5106 3441 5178; baseline 0.001 -16"><span class='ocrx_word' id='word_1_943' title='bbox 1849 5106 2134 5178; x_wconf 78' lang='lat' dir='ltr'><strong>episcopus</strong></span> <span class='ocrx_word' id='word_1_944' title='bbox 2163 5109 2402 5164; x_wconf 81' lang='lat' dir='ltr'><strong>Arianus</strong></span> <span class='ocrx_word' id='word_1_945' title='bbox 2429 5109 2666 5178; x_wconf 78' lang='lat' dir='ltr'><strong>uectirrit</strong></span> <span class='ocrx_word' id='word_1_946' title='bbox 2695 5111 2744 5161; x_wconf 90' lang='lat' dir='ltr'><strong>in</strong></span> <span class='ocrx_word' id='word_1_947' title='bbox 2781 5106 3269 5178; x_wconf 81' lang='lat' dir='ltr'><strong>subscriptimiibus</strong></span> <span class='ocrx_word' id='word_1_948' title='bbox 3309 5123 3441 5164; x_wconf 85' lang='lat' dir='ltr'><strong>con-</strong></span> 
     </span>
    </p>
   </div>
   <div class='ocr_carea' id='block_1_124' title="bbox 1847 5177 3441 5250">
    <p class='ocr_par' dir='ltr' id='par_1_124' title="bbox 1847 5177 3441 5250">
     <span class='ocr_line' id='line_1_125' title="bbox 1847 5177 3441 5250; baseline 0.002 -19"><span class='ocrx_word' id='word_1_949' title='bbox 1847 5177 2308 5235; x_wconf 86' lang='lat' dir='ltr'><strong>cihiSardicensis</strong></span> <span class='ocrx_word' id='word_1_950' title='bbox 2336 5177 2474 5249; x_wconf 80' lang='lat' dir='ltr'><strong>apud</strong></span> <span class='ocrx_word' id='word_1_951' title='bbox 2498 5179 2689 5244; x_wconf 81' lang='lat' dir='ltr'><strong>llilar.,</strong></span> <span class='ocrx_word' id='word_1_952' title='bbox 2721 5179 2820 5248; x_wconf 88' lang='lat' dir='ltr'><strong>0p.</strong></span> <span class='ocrx_word' id='word_1_953' title='bbox 2860 5177 3206 5250; x_wconf 29' lang='lat' dir='ltr'><strong>ltist.’fragm.</strong></span> <span class='ocrx_word' id='word_1_954' title='bbox 3241 5187 3317 5234; x_wconf 74' lang='lat' dir='ltr'><strong>mi</strong></span> <span class='ocrx_word' id='word_1_955' title='bbox 3351 5179 3441 5234; x_wconf 87' lang='lat' dir='ltr'><strong>Bi-</strong></span> 
     </span>
    </p>
   </div>
   <div class='ocr_carea' id='block_1_125' title="bbox 1847 5250 3440 5322">
    <p class='ocr_par' dir='ltr' id='par_1_125' title="bbox 1847 5250 3440 5322">
     <span class='ocr_line' id='line_1_126' title="bbox 1847 5250 3440 5322; baseline 0.003 -19"><span class='ocrx_word' id='word_1_956' title='bbox 1847 5250 2086 5320; x_wconf 79' lang='lat' dir='ltr'><strong>thynicus</strong></span> <span class='ocrx_word' id='word_1_957' title='bbox 2144 5253 2426 5306; x_wconf 79' lang='lat' dir='ltr'><strong>lia-relictis</strong></span> <span class='ocrx_word' id='word_1_958' title='bbox 2483 5253 2582 5306; x_wconf 89' lang='lat' dir='ltr'><strong>sub</strong></span> <span class='ocrx_word' id='word_1_959' title='bbox 2637 5251 2955 5306; x_wconf 88' lang='lat' dir='ltr'><strong>Coostautiu</strong></span> <span class='ocrx_word' id='word_1_960' title='bbox 3013 5253 3140 5322; x_wconf 88' lang='lat' dir='ltr'><strong>imp.</strong></span> <span class='ocrx_word' id='word_1_961' title='bbox 3200 5255 3440 5308; x_wconf 85' lang='lat' dir='ltr'><strong>occurrit</strong></span> 
     </span>
    </p>
   </div>
   <div class='ocr_carea' id='block_1_126' title="bbox 1844 5322 3242 5393">
    <p class='ocr_par' dir='ltr' id='par_1_126' title="bbox 1844 5322 3242 5393">
     <span class='ocr_line' id='line_1_127' title="bbox 1844 5322 3242 5393; baseline 0.003 -18"><span class='ocrx_word' id='word_1_962' title='bbox 1844 5326 1983 5392; x_wconf 83' lang='lat' dir='ltr'><strong>apud</strong></span> <span class='ocrx_word' id='word_1_963' title='bbox 2007 5322 2064 5378; x_wconf 92' lang='lat' dir='ltr'><strong>S.</strong></span> <span class='ocrx_word' id='word_1_964' title='bbox 2098 5325 2381 5386; x_wconf 65' lang='lat' dir='ltr'><strong>Albanas,</strong></span> <span class='ocrx_word' id='word_1_965' title='bbox 2410 5324 2573 5392; x_wconf 84' lang='lat' dir='ltr'><strong>0pp.,</strong></span> <span class='ocrx_word' id='word_1_966' title='bbox 2603 5332 2640 5376; x_wconf 92' lang='lat' dir='ltr'><strong>t.</strong></span> <span class='ocrx_word' id='word_1_967' title='bbox 2675 5325 2716 5387; x_wconf 91' lang='lat' dir='ltr'><strong>I,</strong></span> <span class='ocrx_word' id='word_1_968' title='bbox 2752 5339 2802 5393; x_wconf 83' lang='grc' dir='ltr'><strong>ι).</strong></span> <span class='ocrx_word' id='word_1_969' title='bbox 2827 5322 2960 5378; x_wconf 80' lang='grc'><strong>577.’</strong></span> <span class='ocrx_word' id='word_1_970' title='bbox 3235 5341 3242 5348; x_wconf 83' lang='lat'><strong>‘</strong></span> 
     </span>
    </p>
   </div>
   <div class='ocr_carea' id='block_1_127' title="bbox 1923 5393 3440 5466">
    <p class='ocr_par' dir='ltr' id='par_1_127' title="bbox 1923 5393 3440 5466">
     <span class='ocr_line' id='line_1_128' title="bbox 1923 5393 3440 5466; baseline 0.002 -18"><span class='ocrx_word' id='word_1_971' title='bbox 1923 5393 1936 5430; x_wconf 75' lang='grc' dir='ltr'><strong>ί</strong></span> <span class='ocrx_word' id='word_1_972' title='bbox 1972 5393 2226 5451; x_wconf 84' lang='lat' dir='ltr'><strong>Fortasse</strong></span> <span class='ocrx_word' id='word_1_973' title='bbox 2268 5397 2650 5464; x_wconf 85' lang='lat' dir='ltr'><strong>intelligendus</strong></span> <span class='ocrx_word' id='word_1_974' title='bbox 2678 5396 2855 5450; x_wconf 78' lang='lat' dir='ltr'><strong>Julius</strong></span> <span class='ocrx_word' id='word_1_975' title='bbox 2895 5409 3027 5464; x_wconf 87' lang='lat' dir='ltr'><strong>papa</strong></span> <span class='ocrx_word' id='word_1_976' title='bbox 3060 5394 3124 5448; x_wconf 88' lang='lat' dir='ltr'><strong>ad</strong></span> <span class='ocrx_word' id='word_1_977' title='bbox 3152 5410 3313 5466; x_wconf 79' lang='lat' dir='ltr'><strong>quem</strong></span> <span class='ocrx_word' id='word_1_978' title='bbox 3341 5397 3440 5451; x_wconf 84' lang='lat' dir='ltr'><strong>fuit</strong></span> 
     </span>
    </p>
   </div>
   <div class='ocr_carea' id='block_1_128' title="bbox 1844 5464 3436 5537">
    <p class='ocr_par' dir='ltr' id='par_1_128' title="bbox 1844 5464 3436 5537">
     <span class='ocr_line' id='line_1_129' title="bbox 1844 5464 3436 5537; baseline 0 -15"><span class='ocrx_word' id='word_1_979' title='bbox 1844 5464 2181 5522; x_wconf 84' lang='lat' dir='ltr'><strong>Sardieeusis</strong></span> <span class='ocrx_word' id='word_1_980' title='bbox 2201 5467 2430 5537; x_wconf 84' lang='lat' dir='ltr'><strong>epistola</strong></span> <span class='ocrx_word' id='word_1_981' title='bbox 2452 5470 2672 5536; x_wconf 84' lang='lat' dir='ltr'><strong>scripta.</strong></span> <span class='ocrx_word' id='word_1_982' title='bbox 2697 5467 2887 5530; x_wconf 77' lang='lat' dir='ltr'><strong>Ililzir.,</strong></span> <span class='ocrx_word' id='word_1_983' title='bbox 2911 5467 3012 5533; x_wconf 81' lang='lat' dir='ltr'><strong>Op.</strong></span> <span class='ocrx_word' id='word_1_984' title='bbox 3041 5464 3190 5532; x_wconf 68' lang='lat' dir='ltr'><strong>ltist.,</strong></span> <span class='ocrx_word' id='word_1_985' title='bbox 3217 5467 3350 5536; x_wconf 75' lang='lat' dir='ltr'><strong>frag.</strong></span> <span class='ocrx_word' id='word_1_986' title='bbox 3377 5483 3436 5522; x_wconf 84' lang='lat' dir='ltr'><strong>it.</strong></span> 
     </span>
    </p>
   </div>
   <div class='ocr_carea' id='block_1_129' title="bbox 1920 5537 3436 5608">
    <p class='ocr_par' dir='ltr' id='par_1_129' title="bbox 1920 5537 3436 5608">
     <span class='ocr_line' id='line_1_130' title="bbox 1920 5537 3436 5608; baseline 0.004 -20"><span class='ocrx_word' id='word_1_987' title='bbox 1920 5537 1934 5588; x_wconf 85' lang='lat' dir='ltr'><strong>i</strong></span> <span class='ocrx_word' id='word_1_988' title='bbox 1974 5539 2265 5608; x_wconf 84' lang='lat' dir='ltr'><strong>Sequentia</strong></span> <span class='ocrx_word' id='word_1_989' title='bbox 2295 5543 2454 5594; x_wconf 84' lang='lat' dir='ltr'><strong>verba</strong></span> <span class='ocrx_word' id='word_1_990' title='bbox 2479 5539 2538 5595; x_wconf 90' lang='lat' dir='ltr'><strong>S.</strong></span> <span class='ocrx_word' id='word_1_991' title='bbox 2570 5539 2758 5594; x_wconf 86' lang='lat' dir='ltr'><strong>Ililarii</strong></span> <span class='ocrx_word' id='word_1_992' title='bbox 2781 5547 2907 5594; x_wconf 85' lang='lat' dir='ltr'><strong>sunt</strong></span> <span class='ocrx_word' id='word_1_993' title='bbox 2933 5553 2998 5593; x_wconf 82' lang='lat' dir='ltr'><strong>ex</strong></span> <span class='ocrx_word' id='word_1_994' title='bbox 3029 5553 3194 5608; x_wconf 88' lang='lat' dir='ltr'><strong>opere</strong></span> <span class='ocrx_word' id='word_1_995' title='bbox 3220 5539 3291 5594; x_wconf 89' lang='lat' dir='ltr'><strong>de</strong></span> <span class='ocrx_word' id='word_1_996' title='bbox 3315 5540 3436 5595; x_wconf 88' lang='lat' dir='ltr'><strong>Tri-</strong></span> 
     </span>
    </p>
   </div>
   <div class='ocr_carea' id='block_1_130' title="bbox 1843 5610 2401 5676">
    <p class='ocr_par' dir='ltr' id='par_1_130' title="bbox 1843 5610 2401 5676">
     <span class='ocr_line' id='line_1_131' title="bbox 1843 5610 2401 5676; baseline 0.002 -11"><span class='ocrx_word' id='word_1_997' title='bbox 1843 5610 2032 5673; x_wconf 85' lang='lat' dir='ltr'><strong>nitaie,</strong></span> <span class='ocrx_word' id='word_1_998' title='bbox 2067 5614 2160 5666; x_wconf 85' lang='lat' dir='ltr'><strong>lib.</strong></span> <span class='ocrx_word' id='word_1_999' title='bbox 2187 5629 2277 5676; x_wconf 89' lang='lat' dir='ltr'><strong>vn,</strong></span> <span class='ocrx_word' id='word_1_1000' title='bbox 2308 5613 2401 5666; x_wconf 74' lang='grc'><strong>29.</strong></span> 
     </span>
    </p>
   </div>
   <div class='ocr_carea' id='block_1_131' title="bbox 1915 5680 2358 5748">
    <p class='ocr_par' dir='ltr' id='par_1_131' title="bbox 1915 5680 2358 5748">
     <span class='ocr_line' id='line_1_132' title="bbox 1915 5680 2358 5748; baseline 0 -12"><span class='ocrx_word' id='word_1_1001' title='bbox 1915 5680 1942 5719; x_wconf 67' lang='grc' dir='ltr'>ι</span> <span class='ocrx_word' id='word_1_1002' title='bbox 1967 5683 2084 5738; x_wconf 85' lang='lat' dir='ltr'><strong>Lib.</strong></span> <span class='ocrx_word' id='word_1_1003' title='bbox 2120 5699 2234 5748; x_wconf 85' lang='lat' dir='ltr'><strong>Vttt,</strong></span> <span class='ocrx_word' id='word_1_1004' title='bbox 2265 5685 2358 5738; x_wconf 68' lang='grc'><strong>46.</strong></span> 
     </span>
    </p>
   </div>
   <div class='ocr_carea' id='block_1_132' title="bbox 1919 5751 3439 5828">
    <p class='ocr_par' dir='ltr' id='par_1_132' title="bbox 1919 5751 3439 5828">
     <span class='ocr_line' id='line_1_133' title="bbox 1919 5751 3439 5828; baseline 0.001 -18"><span class='ocrx_word' id='word_1_1005' title='bbox 1919 5752 2088 5810; x_wconf 73' lang='lat' dir='ltr'><strong>1Lib.</strong></span> <span class='ocrx_word' id='word_1_1006' title='bbox 2135 5767 2228 5828; x_wconf 86' lang='lat' dir='ltr'><strong>vn,</strong></span> <span class='ocrx_word' id='word_1_1007' title='bbox 2275 5751 2436 5828; x_wconf 71' lang='lat' dir='ltr'><strong>29st</strong></span> <span class='ocrx_word' id='word_1_1008' title='bbox 2485 5755 2576 5811; x_wconf 76' lang='grc'><strong>50.</strong></span> <span class='ocrx_word' id='word_1_1009' title='bbox 2617 5754 2957 5828; x_wconf 80' lang='lat' dir='ltr'><strong>Quamquam</strong></span> <span class='ocrx_word' id='word_1_1010' title='bbox 3007 5754 3060 5812; x_wconf 90' lang='lat' dir='ltr'><strong>in</strong></span> <span class='ocrx_word' id='word_1_1011' title='bbox 3109 5754 3439 5814; x_wconf 86' lang='lat' dir='ltr'><strong>editionibus</strong></span> 
     </span>
    </p>
   </div>
   <div class='ocr_carea' id='block_1_133' title="bbox 1841 5825 2530 5885">
    <p class='ocr_par' dir='ltr' id='par_1_133' title="bbox 1841 5825 2530 5885">
     <span class='ocr_line' id='line_1_134' title="bbox 1841 5825 2530 5885; baseline -0.001 -3"><span class='ocrx_word' id='word_1_1012' title='bbox 1841 5825 1985 5885; x_wconf 79' lang='lat' dir='ltr'><strong>alius</strong></span> <span class='ocrx_word' id='word_1_1013' title='bbox 2011 5827 2252 5885; x_wconf 77' lang='lat' dir='ltr'><strong>materia:</strong></span> <span class='ocrx_word' id='word_1_1014' title='bbox 2279 5827 2414 5884; x_wconf 88' lang='lat' dir='ltr'><strong>ordo</strong></span> <span class='ocrx_word' id='word_1_1015' title='bbox 2428 5835 2530 5884; x_wconf 87' lang='lat' dir='ltr'><strong>est.</strong></span> 
     </span>
    </p>
   </div>
  </div>
