3972 6352
561 281 669 341 6ξό

1066 278 1496 342 MONUMENTA
1532 277 1812 340 VETERA
1854 281 1947 338 AD
1977 278 2386 340 ARIANORUM
2425 279 2830 342 DOCTRINAM
2868 261 3348 344 PER’I‘INENTIA.

3693 292 3774 351 θει

565 403 649 472 pla
696 405 1017 471 praestarent
1049 400 1065 431 ¹
1098 415 1112 454 :
1150 417 1168 450 ι
1206 399 1313 456 Sed
1349 400 1475 472 quia
1521 399 1916 471 simpliciorum
1950 397 2110 453 fidem
2145 399 2165 428 ²
2196 400 2246 464 Α
2273 398 2468 454 Filium
2496 399 2833 470 unigenitum
2865 399 3034 455 Deum
3064 399 3320 470 Spiritum
3347 406 3594 468 sanctum,
3622 413 3773 460 cetera

565 495 722 550 furor
774 494 1059 550 hmreticus
1113 493 1380 560 turbaret,
1423 502 1484 549 ut
1527 494 1580 550 id
1622 493 1690 550 de
1723 494 1833 549 Deo
1878 492 2028 549 credi
2060 507 2166 548 non

565 595 846 658 oporteret
865 585 886 616 ³
910 627 926 654 ,
957 581 1102 657 quod
1128 584 1376 652 difficile,
1421 587 1524 641 nisi
1553 601 1649 656 per
1669 601 1989 655 corpoream
2017 599 2168 640 com-

567 679 901 749 parationem
930 678 974 744 ⁸,
1027 679 1201 748 possit
1248 677 1510 746 intelligi;
1575 677 1781 733 idcirco
1828 676 2167 732 secundum"

567 771 700 829 illud
724 771 941 827 Domini
978 771 1206 837 dictum,
1239 771 1396 838 Quod
1424 770 1494 826 de
1519 785 1686 827 carne
1729 772 1988 834 nascitur,
2040 784 2169 825 caro

565 878 676 932 est;
721 867 864 936 quod
890 874 1070 920 autem
1101 865 1169 922 de
1199 864 1425 936 Spiritu,
1456 864 1682 934 Spiritus
1712 872 1827 930 est;
1862 865 1986 934 quia
2019 863 2165 919 Deus

568 959 792 1031 spiritus
815 969 900 1015 est
927 970 977 1028 ⁸,
1005 967 1060 1015 et
1086 959 1154 1016 de
1185 959 1299 1016 Deo
1325 968 1485 1014 natus
1514 969 1617 1014 est.
1658 978 1676 1012 ›
1706 957 2045 1013 Vanissimus
2068 957 2167 1013 Hi-

571 1055 739 1112 larius
765 1053 1122 1112 circumvenit
1145 1063 1356 1110 mentes
1384 1053 1786 1118 innocentium;
1812 1062 1867 1109 et
1891 1052 2038 1124 quod
2062 1052 2169 1107 Do-

566 1152 748 1208 minus
791 1150 858 1207 de
888 1151 1174 1223 baptizatis
1203 1158 1259 1206 et
1288 1149 1355 1204 de
1395 1148 1480 1204 his
1522 1148 1615 1220 qui
1660 1147 2015 1218 spiritualiter
2044 1163 2170 1201 nas-

564 1256 762 1302 cuntur
791 1245 1040 1310 dixerat,
1087 1245 1179 1300 ille.
1224 1244 1292 1300 de
1335 1245 1619 1299 nativitate
1660 1242 1782 1297 Filii
1809 1242 1904 1298 Dei
1935 1242 2169 1298 asseruit

560 1340 825 1410 scriptum
855 1352 977 1393 esse
1005 1337 1055 1391 ι’.
1099 1337 1205 1393 Sed
1238 1338 1352 1407 ipsa
1383 1338 1544 1394 lectio
1571 1345 1728 1392 necat
1759 1335 2019 1390 Hilarium
2043 1376 2057 1400 ,
2088 1333 2170 1389 di-

560 1442 717 1489 cente
739 1433 1022 1502 Scriptura
1052 1430 1237 1487 divina
1265 1447 1279 1484 :
1317 1449 1336 1482 (
1373 1429 1494 1485 Noli
1518 1429 1726 1496 mirari,
1753 1427 1878 1499 quia
1903 1428 2012 1483 dixi
2048 1427 2165 1493 tibi,

564 1525 796 1596 Oportet
824 1538 920 1579 vos
957 1522 1109 1579 nasci
1150 1521 1350 1578 denuo.
1392 1542 1412 1575 ι
1448 1520 1678 1576 Videant
1705 1535 1836 1592 ergo
1867 1527 1922 1575 et
1965 1519 2168 1576 intelli-

563 1627 712 1690 gant.

595 1708 853 1766 PRIMUS
879 1706 1288 1764 .CAPITULUS
1329 1707 1348 1737 ⁸
1391 1705 1573 1762 FIDEI
1620 1703 2038 1762 CATHOLICIE
2082 1715 2126 1758 ε.

2273 493 2450 547 omnia
2503 493 2750 548 coelestia
2777 505 2830 548 et
2861 494 3170 559 terrestria,
3214 493 3430 549 visibilia
3455 502 3506 549 et
3528 494 3777 561 invisibilia,

2271 597 2473 651 creata,
2501 588 2662 652 facta,
2698 597 2842 655 nata,
2868 589 3112 652 fundata,
3137 588 3438 656 constituta,
3460 590 3598 644 tincta
3621 594 3658 657 ’,
3682 606 3779 647 con-

2271 681 2405 746 dita,
2460 681 2839 737 substiterunt.
2890 680 2959 735 Et
3001 680 3145 750 quod
3177 680 3314 736 filius
3357 681 3408 736 in
3461 683 3782 752 principio,et

2271 784 2397 832 ante
2446 792 2608 848 quam
2650 775 3009 832 descenderet
3035 776 3089 832 in
3122 777 3286 832 Maria
3322 775 3514 848 virgine
3550 778 3586 810 “
3616 795 3783 850 semper

2269 869 2529 925 obediens
2552 869 2653 925 fuit
2685 871 2795 926 Deo
2817 879 2872 926 et
2921 870 3068 926 Patri
3096 885 3196 926 suo
3226 879 3277 920 ε.
3309 869 3372 925 Ει
3393 871 3508 941 quia
3529 871 3785 942 disponente

2271 973 2326 1019 et
2364 963 2658 1020 deliniente
2711 964 2820 1019 Deo
2845 963 3010 1020 Patre
3035 963 3074 996 ¹¹
3104 963 3482 1035 omnipotente,
3528 979 3610 1034 per
3631 964 3782 1021 Filium

2270 1071 2464 1112 omnes
2489 1057 2770 1129 propheta:
2793 1057 3053 1112 dixerunt
3071 1057 3315 1128 aspirati,
3341 1058 3478 1130 quod
3523 1058 3624 1127 ipse
3658 1057 3787 1114 Filius

2274 1159 2539 1206 venturus
2567 1159 2715 1207 esset
2745 1149 3039 1206 mittendus
3067 1166 3097 1205 a
3123 1151 3231 1206 Deo
3257 1149 3416 1207 Patre
3445 1151 3732 1208 illuminator
3751 1161 3790 1207 et

2272 1243 2521 1300 Salvator
2549 1243 2766 1315 generis
2791 1243 3042 1298 humanis
3072 1259 3086 1296 :
3118 1250 3173 1298 et
3192 1241 3334 1313 quod
3360 1257 3426 1298 ex
3450 1241 3649 1314 Virgine
3680 1252 3791 1300 esset

2272 1347 2614 1409 sumpturum
2646 1337 2931 1407 templum,
2979 1335 3031 1390 id
3059 1345 3143 1390 est
3191 1349 3432 1400 carnem,
3462 1347 3514 1390 ut
3542 1333 3686 1390 Filius
3720 1335 3790 1392 Dei

2272 1430 2661 1501 omnipotentis
2705 1430 2746 1460 "
2778 1437 3002 1500 propter
3043 1427 3225 1484 carnis
3249 1427 3646 1499 assumptionem
3663 1427 3794 1485 Filius

2274 1522 2512 1578 hominis
2538 1531 2592 1577 et
2621 1521 2782 1577 homo
2807 1520 3241 1592 pronuntiandus
3270 1531 3443 1586 esset,
3471 1520 3520 1576 id
3548 1531 3622 1576 est
3667 1521 3794 1577 Filius

2276 1613 2462 1680 David,
2486 1613 2609 1684 quia
2636 1628 2702 1667 ex
2727 1613 2936 1669 semine
2967 1612 3088 1683 ejus
3113 1627 3338 1667 carnem
3360 1612 3575 1683 accepit.
3609 1611 3667 1668 Et
3699 1612 3793 1684 quia

2273 1705 2524 1761 mittente
2555 1705 2663 1759 Deo
2690 1704 2850 1760 Patre
2874 1703 3118 1760 Filiusin
3153 1703 3261 1761 hoc
3302 1704 3495 1760 mundo
3516 1703 3557 1736 ¹³
3580 1706 3720 1768 venit,
3754 1714 3796 1760 ut

627 1801 988 1869 Confitemur,
1005 1801 1300 1866 credimus,
1323 1809 1591 1864 tenemus,
1616 1799 1788 1854 Dettm
1814 1797 2028 1853 Patrem
2051 1812 2169 1852 om-
2198 1806 2246 1868 Β
2273 1815 2370 1871 per
2391 1813 2544 1854 suam
2572 1799 2874 1854 doctrinam
2905 1808 2960 1855 et
2989 1800 3297 1870 passionem
3325 1798 3370 1831 “
3395 1807 3451 1854 et
3480 1808 3681 1855 mortem
3706 1813 3798 1854 cru-

559 1901 903 1971 nipotentem
929 1897 1049 1952 sine
1077 1895 1234 1951 initio
1265 1895 1286 1926 ⁷
1315 1909 1438 1950 esse
1467 1890 1495 1930 ἀ
1524 1891 1902 1948 innascibilem
1923 1933 1938 1958 ,
1963 1891 2164 1962 impar-

559 1995 792 2059 tibilem,
821 1990 1220 2057 invertibilem,
1265 1998 1322 2045 et
1361 1987 1755 2046 immutabilem
1809 2000 1970 2052 esse,
2019 2001 2165 2041 sum-

558 2103 746 2152 mum.
809 2086 1181 2151 altissimum,
1255 2079 1738 2153 incomparabilem
1804 2090 1859 2135 et
1920 2081 2162 2136 omnium

563 2185 767 2247 Deum;
801 2190 859 2237 et
882 2177 1026 2252 quod
1055 2180 1251 2244 sciens,
1283 2186 1497 2247 potens,
1541 2175 1755 2237 volens,
1801 2181 1930 2228 ante
1981 2171 2164 2227 omnia

561 2275 760 2332 stecula
789 2281 844 2329 et
869 2283 1112 2343 tempora
1139 2311 1155 2338 ,
1196 2277 1251 2326 et
1289 2278 1415 2323 ante
1455 2267 1637 2322 omnia
1691 2267 1914 2321 omnino
1964 2265 2160 2321 Filium

561 2368 668 2424 sibi
695 2366 902 2422 creavit
929 2376 978 2432 ε,
1007 2360 1253 2418 fundavit
1287 2360 1332 2424 ί,
1360 2360 1587 2432 genuit,
1651 2358 1817 2414 fecit:
1873 2367 1929 2414 et
1980 2366 2165 2415 manet

559 2463 678 2532 ipse
708 2461 879 2516 Filius
905 2454 1278 2528 impartibilis,
1308 2452 1686 2516 immutabilis,
1713 2468 1838 2507 cum
1865 2452 1974 2507 Deo
2003 2452 2163 2507 Patre

555 2559 610 2613 in
639 2553 990 2626 sempiternis
1017 2549 1234 2606 sarculis
1264 2547 1386 2602 sine
1414 2546 1521 2601 fine
1555 2546 1595 2598 ⁸.
1647 2545 1715 2601 Et
1768 2545 1894 2616 quia
1945 2544 2162 2602 volente

487 2659 498 2670 ‘
555 2657 614 2707 et
642 2637 957 2713 definiente,
1003 2643 1230 2714 jubente
1259 2642 1372 2696 Deo
1401 2640 1562 2696 Patre
1605 2640 2012 2710 omnipotente,
2067 2656 2162 2712 per

648 2791 663 2822 ¹
693 2789 830 2846 Cod.
863 2794 1167 2871 praestarent.
1191 2783 1363 2838 lmmo
1384 2790 1441 2838 ct
1469 2780 1522 2837 in
1553 2779 1893 2853 prteced.dic
1920 2797 1983 2837 ne
2010 2799 2150 2838 men-

555 2862 663 2928 tiri,
695 2871 750 2917 et
771 2876 833 2915 ea:
859 2860 1052 2929 aliqua.

651 2935 673 2965 ²
708 2932 868 2988 Deest
893 2931 1048 3000 ﬁdem
1077 2929 1131 2984 in
1152 2925 1277 2984 cod.
1304 2926 1437 2984 Item
1465 2939 1592 2982 mox
1619 2924 1778 2981 credi.

654 3004 677 3036 ³
707 3004 842 3059 Cod.
873 3013 1126 3074 aportere.

649 3075 671 3107 ⁵
696 3074 833 3132 Cod.
858 3072 1105 3146 corporea
1120 3072 1528 3145 comparatione.

648 3149 670 3179 ⁵
699 3146 837 3204 Cod.
857 3164 1082 3204 sensum.

648 3221 670 3252 ⁸
697 3219 962 3276 Notemus
987 3218 1243 3288 capitatas
1270 3230 1370 3289 pro
1394 3216 1704 3288 capitulum.

647 3294 668 3324 ’¹
697 3291 830 3348 Cod.
856 3293 968 3348 sine
986 3291 1212 3346 initium.

651 3367 674 3397 ⁸
699 3363 834 3420 Cod.
867 3365 977 3418 sine
997 3363 1174 3433 ﬁnem.

651 3440 673 3470 '
705 3436 781 3491 lta
811 3436 934 3492 cod.

633 3508 676 3540 ¹⁰
703 3507 784 3562 lta
810 3506 934 3563 cod.

629 3581 669 3612 “
699 3577 833 3634 Cod.
858 3577 1028 3631 Patri.

624 3683 651 3712 η
676 3671 790 3727 Hoc
813 3670 935 3726 loco
957 3669 1124 3724 utitur
1150 3667 1487 3734 Ambrosius,
1512 3666 1580 3722 de
1604 3665 1699 3735 Sp.
1735 3666 1821 3732 S.,
1857 3682 1935 3727 nt.
1965 3665 2053 3734 10,
2077 3665 2143 3720 ad

551 3741 1036 3803 demonstrandam
1086 3739 1320 3809 Spiritus
1347 3738 1520 3794 sancti
1563 3737 1903 3809 divinitatem
1943 3755 1957 3792 :
2023 3754 2147 3808 qua:

551 3817 715 3873 verba
743 3813 880 3868 adeo
910 3808 1142 3867 Arianos
1164 3809 1499 3865 intellexisse
1528 3812 1604 3862 ait
1630 3808 1697 3863 de
1728 3809 1930 3879 Spiritu
1951 3851 1964 3875 ,
2000 3819 2055 3864 ut
2082 3826 2142 3865 ea

552 3891 623 3946 de
648 3886 762 3942 suis
787 3884 1064 3940 codicibus
1088 3881 1456 3936 fraudulenter
1482 3881 1829 3936 abstulerint.

627 3960 653 3999 ι’
687 3959 862 4014 Locus
887 3955 1114 4011 Joannis
1140 3968 1218 4014 tu.
1245 3951 1300 4011 6.
1335 3953 1532 4006 citatur
1560 3950 1775 4021 quidem
1823 3951 1892 4006 ab
1935 3952 2143 4009 Hilario

553 4050 649 4096 νη,
675 4030 779 4095 50;
808 4027 901 4085 sed
920 4035 1098 4080 tamen
1125 4024 1192 4078 de
1216 4022 1336 4078 Filii
1359 4022 1836 4096 divinanativitate
1857 4040 1963 4078 non
1985 4042 2142 4080 usur-

554 4093 714 4176 patur
742 4093 840 4156 nisi
857 4115 962 4176 ‘vu,
989 4099 1084 4176 ⁸14.
1115 4096 1180 4176 lit
1201 4094 1580 4176 revera.apud_
1601 4093 1862 4176 Joannem
1893 4095 2141 4176 Christus

553 4166 816 4233 Dominus
857 4169 1096 4238 loquitur
1123 4167 1190 4222 de
1234 4166 1438 4238 renatis
1481 4176 1536 4220 et
1564 4167 1929 4237 baptismate;
1966 4168 2144 4238 idque

554 4237 980 4320 «suoscttetiam
1009 4240 1348 4320 Ambrosius.
1374 4237 1444 4320 tte
1470 4239 1672 4320 Snus-9
1703 4237 2094 4320 "5.10.1593
2127 4257 2142 4304 ς

554 4309 731 4374 tamen
761 4316 1000 4371 Hilarius
1025 4313 1156 4367 satis
1181 4319 1304 4381 apte
1334 4313 1502 4363 utitur
1539 4309 1620 4363 his
1661 4311 1839 4366 verbis
1859 4319 1918 4365 ut
1950 4309 2146 4366 Filium

553 4392 886 4447 demonstret
921 4382 1277 4441 substantiam
1326 4382 1528 4453 habere
1581 4389 1861 4450 paternam
1891 4422 1906 4444 ,
1955 4399 2148 4453 nempe

540 4476 680 4527 ,esse
710 4462 874 4514 Deum
901 4457 1025 4526 quia
1045 4455 1258 4523 genitus
1282 4468 1349 4527 es
1380 4451 1490 4522 Deo
1515 4468 1666 4527 ;_non
1694 4460 1874 4527 autem
1905 4451 2146 4527 creatum

559 4531 727 4586 fuisse
768 4538 828 4582 ut
871 4523 1006 4581 alias
1051 4541 1140 4581 res
1177 4524 1497 4580 mundanas.
1527 4523 1670 4580 Sane
1697 4525 1742 4580 si
1773 4526 1945 4580 renati
1972 4527 2150 4595 bapti-

559 4612 755 4662 smate,
787 4597 1012 4665 spiritus
1045 4605 1190 4660 sunt,
1215 4597 1466 4664 quoniam
1499 4595 1690 4664 spiritu
1723 4597 1936 4662 renati;
1978 4599 2149 4653 multo

560 4673 730 4742 magis
755 4669 1023 4742 Filiusex
1058 4668 1171 4722 Deo
1200 4666 1391 4736 spiritu
1441 4668 1762 4742 naturaliter
1789 4677 1949 4742 natus
1973 4670 2148 4742 ,__spi-

561 4738 693 4798 rittis
717 4739 820 4796 erit
849 4757 860 4791 :
895 4738 1055 4809 idque
1080 4752 1419 4809 consequens
1441 4738 1670 4809 fortasse
1695 4739 1961 4809 spectavit
1997 4738 2148 4794 Hila-

556 4816 690 4877 rius,
722 4827 842 4868 cum
873 4807 1206 4881 Tertulliani)
1232 4809 1336 4863 loc.
1354 4808 1446 4864 cit.
1472 4808 1613 4879 apud
1634 4807 1754 4878 nos,
1779 4825 1833 4881 p.
1857 4810 1985 4880 210,
2010 4827 2066 4867 n.
2092 4813 2142 4879 i,

555 4897 612 4942 et
637 4881 953 4942 Plitebadio,
977 4895 1096 4950 cap.
1122 4879 1212 4934 11.

634 4969 656 4996 ε
687 4955 866 5012 Mirari
899 4952 1022 5007 licet
1052 4951 1415 5025 impudentem
1446 4952 1728 5019 Arianum,
1761 4953 1850 5025 qui
1879 4970 2030 5010 suam
2055 4971 2141 5011 ec-

555 5029 776 5109 clesiam
806 5026 937 5080 dicit
964 5023 1320 5109 εηιιμριίρειῐηρ
1365 5040 1580 5109 nempe“.
1629 5033 1687 5107 ut
1726 5023 1989 5109 suspicor,
2021 5037 2145 5109 post,

554 5100 895 5157 Ariminense
923 5095 1235 5160 concilium,
1276 5093 1344 5148 de
1377 5111 1484 5164 quo
1521 5098 1780 5165 gloriatur
1820 5093 2144 5152 Maximinus

550 5170 805 5235 Arianus,
834 5166 974 5236 apud
988 5166 1442 5235 S.Augustiuum,
1474 5168 1602 5222 coll.
1631 5184 1751 5221 cum
1782 5169 1944 5234 Mam,
1973 5169 2028 5224 ll'.
2060 5169 2095 5223 2
2124 5186 2139 5236 ;

551 5237 1560 5312 queritttrqueAmtuinimiaverborum
1599 5238 1841 5312 emphasi
1873 5240 2138 5312 llierony.

551 5306 694 5374 nius,
736 5306 859 5366 adv.
908 5308 1103 5373 Lucif.,
1137 5307 1192 5362 π.
1237 5309 1340 5363 l9:
1397 5306 1653 5380 Ingemuit
1697 5306 1832 5364 totus
1876 5311 2050 5376 orbis,
2077 5306 2140 5364 'et

549 5385 804 5440 Arianum
822 5399 876 5437 se
897 5397 1006 5436 esse
1033 5380 1246 5433 miratus
1267 5389 1360 5433 est.
1386 5379 1526 5449 (Non
1551 5382 1671 5448 quia
1695 5381 1901 5436 scilicet
1928 5383 2140 5437 defece-

550 5457 619 5512 rit
652 5469 777 5510 tunc
806 5463 952 5509 recta
983 5453 1152 5508 ﬁdes:
1183 5451 1276 5506 Sed
1308 5454 1456 5522 quia.
1498 5460 1555 5505 ιιι
1585 5453 1660 5504 ait
1710 5452 1906 5507 ibidem
1940 5453 2136 5508 Hiero-

548 5543 764 5600 nymus.
787 5525 1000 5600 decepti
1028 5534 1154 5600 sunt
1181 5522 1468 5600 or_t_l_iodoxi
1513 5524 1756 5600 episcopi
1802 5524 1871 5600 ab
1915 5523 2136 5600 Arianis

543 5593 775 5654 subdola
806 5593 939 5651 fidei
953 5595 1182 5666 formula
1205 5594 1432 5664 aliisque
1458 5593 1753 5666 artificiis.)
1801 5596 1864 5648 Et
1913 5597 2133 5665 quidem

541 5669 706 5724 etiam
726 5668 784 5726 S.
809 5667 1060 5734 llilarius,
1084 5665 1374 5722 initiolibri
1398 5681 1470 5728 v1,
1488 5664 1960 5735 deploratinlausti
1979 5667 2134 5723 Aria-

546 5741 705 5795 nismi
747 5739 996 5810 morbum
1045 5738 1098 5792 in
1152 5737 1404 5810 omnibus
1443 5735 1617 5794 ferme
1661 5736 1889 5810 Romani
1920 5737 2132 5810 imperii

543 5808 1180 5886 provinciisintlcientem
1205 5809 1508 5872 ecclesias;
1551 5810 1624 5866 ita
1676 5817 1735 5866 ut
1793 5808 2019 5868 haeresis
2063 5826 2127 5869 es

2177 4497 2228 4558 D

2267 1894 2365 1956 cis,
2391 1901 2446 1948 et
2473 1894 2628 1948 tertia
2670 1893 2759 1949 die
2784 1895 3243 1951 resurrectionem
3288 1895 3356 1960 η,
3384 1902 3437 1950 et
3483 1895 3796 1951 ascensionem

2265 1985 2321 2041 in
2347 1987 2500 2042 coelis
2525 1987 2569 2017 ¹⁸
2605 2001 2727 2042 cum
2782 2001 2949 2043 carne
2978 1988 3018 2018 "
3048 1988 3196 2052 illuc,
3256 1987 3400 2043 unde
3453 1989 3493 2018 “
3533 1989 3638 2044 sine
3675 2001 3799 2043 carne

2268 2077 2672 2160 descenderat:
2727 2088 2786 2134 ut
2836 2094 2934 2149 per
2983 2078 3186 2134 bonum
3237 2081 3279 2111 ¹⁹
3311 2079 3555 2151 baptismi
3598 2094 3731 2135 omne
3765 2080 3799 2110 ¹⁹

2267 2186 2441 2244 genus
2477 2171 2760 2227 hominum
2807 2172 2860 2227 in
2902 2186 2963 2228 se
3015 2172 3222 2242 integra
3251 2173 3358 2228 tide
3388 2171 3690 2228 credentium
3721 2170 3800 2225 sal-

2271 2272 2442 2330 varet,
2477 2279 2614 2334 quos
2642 2265 2805 2320 etiam
2837 2265 3077 2320 Ecclesia
3106 2267 3151 2296 ¹¹
3199 2248 3616 2335 cognominavit.
3638 2265 3693 2320 Et
3725 2265 3800 2319 hoc

2271 2357 2523 2414 docuisse
2550 2357 2839 2412 Dominum
2870 2365 2925 2413 et
2964 2357 3134 2414 Deum
3186 2367 3434 2412 nostrum
3477 2357 3643 2414 Jesum
3682 2354 3802 2411 Chri-

2272 2467 2414 2511 stum
2466 2455 2519 2508 in
2570 2455 2731 2511 terris
2756 2496 2770 2521 ,
2803 2453 3105 2510 secundum
3159 2454 3307 2526 quod
3363 2453 3434 2509 illi
3466 2455 3508 2486 “
3536 2452 3660 2508 Deus
3684 2451 3803 2507 Pater

2265 2547 2428 2620 jussit
2459 2547 2511 2602 in
2539 2547 2718 2605 caelis.
2752 2547 2820 2602 Et
2841 2563 3115 2603 summum
3144 2546 3486 2604 sacerdotem
3521 2561 3630 2603 esse
3649 2545 3802 2604 Filium

2271 2641 2384 2697 Deo
2414 2640 2559 2695 Patri
2591 2637 2642 2706 ιι,
2667 2648 2721 2695 et
2745 2639 3102 2705 mediatorem
3130 2653 3255 2696 esse
3293 2639 3434 2696 inter
3457 2638 3612 2695 Deum
3637 2637 3802 2694 Patrem

2334 2782 2375 2812 ¹¹
2409 2781 2542 2852 Cod.
2575 2780 2974 2852 omnipotentes.

2333 2853 2376 2884 ¹³
2408 2851 2482 2906 lta
2510 2851 2634 2908 cod.

2335 2923 2378 2955 ³⁸
2404 2923 2538 2996 Cod.
2568 2926 2828 2996 passione.

2335 2996 2378 3027 ¹⁵
2406 2995 2541 3051 Cod.
2572 2995 2977 3052 resurrectionis.

2334 3067 2379 3098 ¹⁶
2406 3068 2480 3124 Ita
2506 3067 2627 3125 cod.

2338 3141 2379 3172 ‘7
2410 3139 2544 3195 Cod.
2578 3156 2694 3194 cum
2711 3158 2938 3197 carnem.

2339 3211 2385 3244 ¹⁸
2413 3210 2550 3267 Cod.
2582 3212 2719 3267 inde.

2343 3285 2384 3317 ¹⁹
2412 3284 2592 3338 Malim
2621 3285 2832 3339 donum.

2337 3355 2382 3387 ²⁰
2410 3352 2544 3410 Cod.
2575 3372 2798 3410 omnem.

2337 3428 2382 3460 ’ί
2412 3426 2592 3483 Malim
2629 3426 2927 3484 Ecclesium.

2336 3501 2384 3531 "
2413 3499 2547 3555 Cod.
2577 3499 2701 3555 illis.

2252 3667 2454 3736 ingenti
2485 3666 2821 3745 asseclarum
2853 3673 3500 3745 numero-auctoritatem
3531 3674 3624 3729 sibi
3651 3685 3808 3745 praesu-

2250 3750 2448 3794 meret.
2485 3739 2655 3794 Porro
2681 3739 2750 3793 ab
2780 3740 2881 3796 hac
2905 3740 3139 3798 diversa:
3170 3756 3302 3800 sunt
3339 3747 3554 3802 Ariana:
3579 3739 3688 3802 fidei
3727 3743 3810 3798 for-

2250 3811 2434 3884 mula),
2465 3827 2599 3880 quas
2628 3811 2818 3884 recitat
2845 3811 2905 3868 S.
2933 3813 3168 3884 Hilarius
3221 3815 3294 3874 de
3339 3818 3520 3884 Trin.,
3547 3833 3597 3874 tv
3617 3860 3630 3883 ,
3661 3816 3734 3878 i2,
3769 3822 3808 3868 et

2249 3897 2322 3962 vt,
2358 3881 2715 3962 Quone-(intra
2743 3881 3007 3962 iuuarent”
3035 3883 3091 3939 π.
3124 3887 3224 3951 15ς
3261 3897 3318 3944 et
3343 3889 3414 3945 de
3457 3881 3672 3962 anoda
3714 3900 3805 3962 cap.

2249 3955 2340 4018 11,
2370 3953 2463 4020 28,
2498 3954 2589 4019 '55,
2618 3955 2706 4010 58.
2743 3956 2817 4009 De
2850 3958 3039 4010 harum
3069 3965 3252 4013 autem
3293 3953 3640 4016 formularum
3661 3953 3807 4013 multi-

2247 4024 2434 4080 tudine
2455 4027 2802 4101 conqueritur
2839 4026 2982 4083 idem
3010 4028 3069 4084 S.
3104 4029 3368 4101 Hilarius,
3396 4033 3491 4089 lib.
3520 4049 3555 4088 ιι
3578 4031 3638 4086 ad
3659 4032 3805 4086 Const.

2247 4106 2303 4154 et
2325 4107 2515 4151 contra
2552 4097 2745 4152 Const.

2320 4165 2346 4205 ἀ
2363 4169 2828 4247 dtquiDidvmus,
2849 4170 2919 4247 de
2939 4171 3118 4247 'l‘__rin.,
3136 4188 3174 4236 l,
3195 4174 3292 4237 33,
3313 4175 3510 4232 Filium
3540 4189 3730 4247 quoque
3747 4170 3807 4226 di-

2248 4239 2724 4320 εἰι-ἀληθινόνΔΘέῥγ
2855 4246 2950 4320 οὐκ.
2966 4242 3163 4316 ἔχοντα
3177 4249 3283 4320 πρὸ
3305 4251 3468 4306 αὐτοῦ
3496 4239 3627 4305 est».
3655 4239 3809 4320 Immo.

2253 4328 2292 4376 l,
2323 4313 2376 4376 7,
2399 4323 2450 4368 et
2476 4329 2553 4374 nt.
2579 4312 2635 4373 2,
2669 4314 2726 4368 ﬂ'.
2762 4313 2827 4368 14
2857 4355 2872 4377 ,
2918 4312 3253 4372 deinoustra't
3299 4335 3429 4376 cum
3470 4321 3626 4376 Paulo
3662 4316 3804 4372 albeo:

2255 4383 2427 4458 fuisse
2455 4385 2546 4455 qui
2574 4385 2771 4440 Filium
2801 4386 2970 4458 Deum
2995 4402 3102 4443 non
3133 4393 3483 4458 agnoverint.

2329 4465 2352 4491 ε
2381 4455 2459 4510 En
2492 4472 2756 4532 summam
2789 4455 3225 4532 ArianierrorE,
3254 4462 3404 4532 quod
3439 4463 3604 4519 Filius
3650 4471 3805 4532 nempe

2253 4525 2326 4582 sit
2351 4537 2622 4606 creatura.
2643 4529 2810 4584 Porro
2837 4528 2894 4584 S.
2930 4525 3448 4606 llilarius,d_e'Syn.,
3477 4549 3625 4606 capp.
3650 4525 3810 4606 17Ᾱᾷ

2253 4599 2526 4674 sapienter
2553 4600 2712 4655 docet
2739 4615 2925 4656 vocem
2957 4602 3194 4657 condidit
3222 4599 3359 4674 (seu
3396 4599 3619 4674 creavit)
3647 4601 3810 4660 intelli-

2251 4669 2481 4740 gendam
2513 4686 2634 4727 esse
2663 4686 2730 4727 ex
2759 4684 3025 4742 sequente
3051 4669 3251 4744 genuit.
3602 4669 3611 4674 ⁷

2385 4741 2558 4825 Etiam
2584 4743 2723 4825 apud
2757 4743 3042 4825 Hilarium,
3062 4761 3139 4813 vr,
3166 4746 3224 4814 4,
3253 4745 3486 4806 haeresis
3509 4749 3690 4804 Ariana
3709 4743 3813 4800 dicit

2250 4811 2444 4885 Filium
2472 4811 2699 4868 creatum
2728 4823 2775 4868 et
2805 4815 3102 4885 fundatum.

2253 4921 2280 4960 ~_
2323 4894 2347 4928 κ
2363 4884 2560 4960 Recole
2577 4886 2780 4960 dictum
2801 4884 3174 4960 S._Ambrosii,
3202 4907 3253 4960 p.
3279 4891 3411 4956 222,
3435 4909 3492 4946 ιι,
3518 4893 3565 4946 ί,
3585 4892 3812 4948 praeterea

2247 4953 2317 5010 dc
2340 4957 2595 5012 missione
2622 4957 2766 5021 Filii,
2789 4958 3006 5014 volente
3049 4953 3232 5028 Patre,
3279 4965 3336 5018 in
3395 4953 3542 5019 hunc
3568 4961 3805 5028 mundum.

2247 5037 2433 5104 repete
2459 5029 2554 5104 sis,
2583 5029 2797 5104 p.225,
2831 5046 2885 5084 n.
2929 5030 2983 5084 5.
3026 5030 3252 5104 Insuper
3281 5036 3364 5090 sic
3403 5033 3728 5100 Ambrosius,
3756 5027 3810 5084 de

2247 5096 2376 5175 ﬁde,
2404 5115 2455 5161 ν,
2481 5101 2510 5152 7
2663 5102 2907 5175 minorem
2930 5112 3082 5172 putas
3099 5096 3216 5158 etim
3237 5107 3327 5175 qui
3350 5111 3588 5170 mittitur,
3615 5123 3668 5160 eo
3685 5096 3808 5175 ιξφιο

2244 5171 2461 5249 mittitur
2491 5189 2509 5236 ;
2541 5172 2682 5249 disce
2707 5174 2844 5249 quod
2897 5171 2944 5226 et
2981 5175 3166 5249 ηιὶηοιοΔ
3199 5171 3455 5249 majorem
3507 5178 3671 5249 misit.
3696 5172 3806 5228 Nat!

2244 5239 2515 5316 c‘tTobias
2533 5239 2848 5316 Iiapliaelent
2886 5246 3255 5316 archangelum
3273 5239 3468 5314 'misit,
3491 5260 3594 5305 etc.
3629 5247 3749 5302 Num
3771 5251 3806 5316 ei

2244 5309 2422 5386 I_’_ilata_
2449 5315 2616 5386 minor
2642 5313 2898 5383 Christus,
2929 5309 3175 5386 quoniam
3206 5318 3415 5375 Pilatus
3447 5309 3583 5374 misit
3619 5335 3720 5373 eum
3750 5311 3806 5367 σά

2249 5381 2502 5462 Herodem
2525 5386 2551 5438 .9
2583 5385 2764 5462 Sermo
2787 5381 3222 5462 nanjrwjudicat
3248 5395 3528 5461 potestati:
3572 5391 3804 5462 Scriptura

2240 5470 2392 5532 quem
2416 5459 2625 5532 missum
2663 5458 2786 5512 dicit
2807 5475 2836 5532 ᾳ
2884 5457 3074 5524 Patre,
3097 5457 3307 5517 missum
3349 5464 3474 5518 dicit
3523 5481 3556 5518 a
3600 5457 3801 5532 ρηέιὶόι-

2239 5525 2415 5605 Pergit
2462 5527 2659 5605 deinde
2719 5530 3039 5605 ditibrosius
3085 5535 3362 5605 explicare
3392 5535 3521 5605 quid
3568 5525 3617 5590 iu
3665 5543 3800 5605 ωας

2237 5595 2368 5680 bolo
2414 5599 2704 5680 missionis
2726 5595 3278 5680 intelligendum'sit.
3313 5595 3507 5680 Eidem
3547 5597 3801 5680 objectipni

2235 5668 2560 5799 ﬁgia'iliogum
2584 5672 2792 5731 naviter
2812 5668 3052 5731 occurrit
3073 5675 3214 5733 idem
3242 5677 3582 5747 Ambrosius,
3595 5668 3678 5749 op.
3702 5673 3798 5734 cita

2260 5756 2330 5795 ιι).
2359 5757 2420 5806 tt,
2443 5756 2498 5799 9.

2307 5809 2336 5848 ¹ι
2362 5813 2631 5875 Sacerdos
2664 5827 2750 5876 est
2791 5818 3042 5879 Christus
3076 5821 3374 5882 secundum
3421 5822 3794 5884 humanitatem:
