3972 6352
203 247 303 303 6Ξῖ

704 246 1139 306 MONUMENTA
1183 247 1462 305 VETERA
1505 248 1598 306 AD
1638 246 2046 306 ARIANORUM
2089 246 2490 305 DOC'I‘RINAM
2533 246 3019 306 PEHTINENTIA.

3406 251 3511 308 626

203 368 632 439 omnipotentem
651 378 708 424 et
735 383 954 424 omnem
982 378 1290 425 creaturam
1324 387 1336 423 :
1370 378 1426 426 et
1450 370 1627 442 ipsum
1656 386 1802 438 esse,
1832 381 1883 439 Α
1911 385 1992 436 es,
2022 371 2319 443 gratiarum
2346 372 2590 445 actiones
2612 371 2859 443 largitori
2886 381 2978 426 tuo
3010 367 3237 437 reddas,
3270 369 3361 441 qui
3414 384 3508 425 so-

202 476 295 532 per
343 476 506 532 quem
560 460 898 516 reconciliati
943 474 1134 517 sumus
1181 460 1295 517 Deo
1319 462 1488 518 Patri.
1520 462 1804 519 Credimus

200 554 361 610 etiam
390 552 532 626 quod
562 554 733 610 Filius
773 555 1061 626 postulata
1096 554 1258 611 Patre
1287 571 1387 611 suo
1417 573 1429 610 :
1465 555 1598 627 petit
1635 556 1802 613 etiam

200 660 253 705 et
279 661 433 721 rogat
462 666 562 721 pro
591 649 847 705 omnibus
896 652 1102 706 sanctis
1159 660 1214 707 et
1255 653 1648 724 pmnitentibus
1682 670 1696 707 :
1747 661 1803 709 et

197 742 342 814 quod
375 743 580 813 gratias
606 743 715 814 egit
750 742 900 815 agit‘
928 742 1100 799 Filius
1158 745 1269 800 Deo
1297 757 1351 800 et
1375 745 1518 801 Patri
1562 762 1699 803 suo:
1746 756 1803 803 et

197 836 341 908 quod
368 838 609 893 omnium
633 838 910 895 orationes
938 839 1053 894 sive
1076 840 1374 910 gratiarum
1406 841 1651 897 actiones
1688 842 1801 899 Deo

194 942 250 987 et
301 929 446 985 Patri
489 945 589 1001 per
632 930 830 986 Filium
886 930 1187 986 offeruntur
1222 949 1234 985 :
1286 944 1341 987 et
1387 934 1532 1004 quod
1567 934 1800 1004 jubente

197 1022 310 1077 Deo
337 1023 521 1089 Patre,
547 1022 717 1078 Filius
745 1022 868 1095 ejus
912 1024 981 1080 ad
1017 1023 1300 1081 dexteram
1343 1041 1496 1081 suam
1532 1027 1719 1083 sedeat
1749 1036 1799 1095 ει,

194 1128 251 1174 et
282 1118 595 1189 interpellat
620 1118 836 1175 Patrem
860 1134 1016 1175 suum
1044 1135 1142 1191 pro
1167 1120 1359 1176 nobis:
1393 1129 1448 1176 et
1480 1122 1661 1176 omnia
1688 1136 1800 1177 om-

192 1216 326 1270 nino
385 1214 558 1270 Deum
610 1212 825 1271 Patrem
898 1212 1038 1269 Filio
1121 1214 1424 1286 subjecisse
1498 1215 1795 1272 credimus.

190 1308 260 1364 Et
289 1308 335 1364 si
373 1308 556 1363 omnia
578 1308 724 1363 Deus
768 1307 933 1364 Pater
956 1307 1098 1364 Filio
1145 1308 1417 1380 subjecit,
1453 1320 1506 1366 et
1538 1310 1796 1381 Spiritum

187 1411 441 1458 sanctum
466 1400 772 1473 subjecitb.
805 1402 865 1460 Si
894 1410 1075 1459 autem
1110 1404 1344 1473 Spiritus
1400 1416 1622 1461 sanctus
1654 1404 1797 1461 Filio

188 1509 303 1551 non
329 1506 416 1551 est
439 1495 739 1567 subjectus,
788 1511 897 1552 non
924 1498 1108 1552 omnia
1151 1497 1293 1553 Deus
1348 1498 1512 1554 Pater
1549 1499 1801 1569 omnipo-

188 1601 315 1648 tens
345 1590 487 1647 Filio
510 1605 610 1647 suo
637 1590 894 1661 subjecit.
927 1590 1036 1649 Sed
1066 1602 1121 1648 et
1148 1592 1283 1648 illud
1328 1593 1470 1663 quod
1528 1592 1794 1664 scriptum

184 1693 273 1741 est
289 1703 307 1740 :
323 1683 484 1739 Pater
510 1682 651 1738 Filio
672 1684 921 1755 subjecit;
956 1684 1124 1757 diligit
1150 1683 1367 1754 Filium,
1395 1699 1443 1740 et
1465 1687 1637 1742 omnia
1656 1686 1796 1741 dedit

1913 465 2019 522 lem
2054 476 2275 537 propter
2297 475 2447 521 tuum
2480 466 2820 522 constituens
2856 462 3178 520 beneﬁcium
3227 461 3409 534 posuit
3454 463 3510 518 in

1908 560 2071 626 caelo,
2103 560 2175 615 ita
2208 559 2461 634 ut.luccat
2488 574 2651 631 super
2683 570 2847 615 terra.
2888 558 2962 612 Ita
2996 570 3079 613 est
3127 557 3309 626 itaque
3362 554 3511 627 quod

1907 652 2114 708 dictum
2139 663 2222 708 est
2257 668 2273 707 :
2304 651 2430 708 Sole
2452 652 2472 682 ³
2503 653 2672 724 posuit
2694 650 3083 705 tabernaculum
3109 664 3301 715 suum;
3326 657 3374 703 et
3400 647 3512 715 ipse

1908 757 2164 817 tamquam
2187 762 2406 815 sponsus
2435 743 2715 815 procedens
2747 743 2810 798 de
2832 742 3059 798 thalamo
3103 758 3218 806 suo,
3262 740 3508 796 exultavit

1905 850 1961 894 ut
1986 842 2130 913 gigas
2167 841 2234 895 ad
2264 840 2727 895 currendamviam
2756 856 2775 893 :
2800 857 2832 894 a
2874 856 3073 893 summa
3113 838 3240 893 caelo
3281 838 3506 909 egressio

1906 936 2058 1004 eius;
2085 946 2130 989 et
2153 952 2398 991 occursus
2434 936 2548 1006 ejus
2597 952 2755 1007 usque
2784 936 2805 966 ⁸
2837 936 2905 989 ad
2950 949 3208 989 summum
3258 935 3415 1007 ejus;
3459 942 3508 987 et

1905 1047 2007 1085 non
2030 1032 2214 1102 estqui
2257 1048 2311 1086 se
2349 1030 2628 1086 abscondat
2675 1047 2708 1084 a
2757 1029 2927 1085 calore
2951 1029 3083 1099 ejus.
3133 1027 3215 1085 Tu
3260 1029 3441 1099 itaque
3464 1026 3510 1082 si

1905 1139 2230 1195 permanens
2253 1125 2306 1179 in
2329 1124 2535 1180 erroris
2580 1122 3037 1205 tui’ignorantia
3069 1164 3083 1189 ,
3134 1136 3301 1193 negas
3348 1120 3510 1176 unius

1905 1219 2000 1275 Dei
2023 1214 2145 1274 esse
2171 1219 2468 1289 opiﬁcium,
2492 1218 2631 1274 hanc
2654 1233 2774 1290 qua:
2799 1216 3011 1274 videtur
3035 1228 3344 1273 creaturam
3378 1218 3424 1284 ⁸,
3452 1226 3509 1273 et

1901 1312 2203 1367 secundum
2228 1298 2556 1384 insipientim
2582 1322 2688 1368 tua:
2711 1312 3047 1382 impietatem
3077 1311 3311 1382 plurium
3328 1313 3348 1343 θ
3371 1310 3508 1366 dco-

1903 1422 2021 1461 rum
2059 1415 2105 1473 θ,
2149 1407 2236 1478 qui
2273 1423 2379 1461 non
2407 1416 2557 1474 sunt,
2599 1420 2723 1461 esse
2773 1404 3013 1459 afﬁrmas
3053 1419 3232 1474 Optls;
3284 1396 3506 1459 eviden-

1903 1498 2113 1555 tissime
2136 1500 2250 1569 ipsa
2278 1510 2550 1567 creatura,
2582 1510 2807 1570 aspectu
2831 1498 2874 1529 ¹⁰
2900 1507 3112 1553 naturae
3141 1511 3277 1565 suae,
3299 1496 3508 1552 erroris

1901 1594 2079 1663 arguit
2106 1590 2519 1663 insipientiam;
2570 1606 2692 1647 cum
2742 1590 2975 1645 invicem
3022 1589 3270 1644 ordinem
3319 1601 3506 1643 custo-

1900 1683 2077 1753 diens,
2110 1694 2163 1739 et
2196 1692 2499 1754 temporum
2531 1684 2751 1755 pmpria
2780 1682 3102 1749 observans,
3136 1690 3190 1736 et
3235 1695 3295 1736 se
3342 1681 3382 1711 “
3424 1680 3508 1735 iu-

181 1781 234 1834 in
249 1796 440 1835 manus
462 1784 616 1853 ejus;
643 1786 699 1834 et.
724 1781 898 1834 omnia
914 1780 1037 1834 mihi
1065 1780 1259 1836 tradita
1280 1779 1621 1836 suntaPatre
1636 1797 1749 1836 meo
1774 1799 1795 1848 ;
1826 1787 1874 1848 Β
1899 1778 2074 1834 vicem
2105 1777 2425 1845 succedens,
2451 1788 2503 1832 et
2537 1785 2810 1847 tamquam
2859 1790 2925 1831 ex
2976 1773 3333 1830 unanimitate
3357 1818 3371 1841 ,
3420 1787 3507 1829 se-

104 1917 113 1923 .
182 1877 263 1930 sic
295 1874 573 1931 credimus
593 1889 718 1931 esse
743 1892 757 1930 :
790 1875 844 1931 in
867 1891 976 1947 quo
1003 1876 1164 1932 Pater
1185 1877 1374 1945 genuit
1400 1876 1617 1942 Filium,
1652 1876 1795 1932 dixit

180 1971 257 2035 ei,
287 1969 431 2025 scito
459 1977 511 2022 te
532 1977 845 2025 creaturum
884 1970 1090 2035 omnia,
1141 1978 1439 2035 recturum,
1468 1980 1523 2025 et
1544 1970 1794 2027 omnibus

178 2063 615 2129 dominaturum,
667 2071 726 2117 ut
769 2077 872 2133 ego
922 2062 1166 2130 voluero,
1216 2063 1536 2129 deﬁnivero,
1572 2063 1792 2133 jussero

180 2155 305 2210 tibi.
332 2154 445 2211 Sed
471 2164 527 2212 et
546 2154 717 2211 Filius
744 2155 1108 2212 libentissime
1153 2155 1258 2213 hoc
1299 2156 1455 2226 ipsud
1498 2156 1644 2228 quod
1674 2172 1703 2210 a
1732 2172 1794 2213 se

178 2261 367 2319 neque
394 2256 479 2302 est
503 2262 681 2318 neque
704 2247 907 2318 aliquid
939 2247 1059 2303 facit
1095 2259 1142 2314 ε,
1176 2248 1272 2304 sed
1302 2249 1395 2304 Dei
1425 2248 1704 2318 Opiﬁcium
1738 2248 1792 2304 in

175 2355 279 2397 sua
305 2352 501 2397 natura
527 2342 790 2399 claritatis
812 2344 931 2400 sine
955 2343 1121 2400 dubio
1148 2345 1408 2412 ostendit,
1427 2345 1791 2401 ministerium

173 2450 345 2490 suum
373 2449 497 2490 cum
526 2436 743 2492 caeteris
773 2436 972 2499 creatis
1000 2435 1288 2503 exhibens,
1324 2437 1417 2493 Dei
1452 2436 1792 2508 providentia

174 2527 506 2584 hominibus
522 2528 860 2596 deserviens,
882 2529 1030 2585 velut
1043 2531 1233 2601 gigans
1249 2531 1550 2598 exsultans,
1566 2546 1793 2587 currens

172 2621 324 2676 viam
357 2622 430 2676 ab
450 2620 675 2679 Oriente
704 2636 874 2695 usque
917 2624 984 2678 ad
1029 2623 1408 2690 Occidentem,
1441 2635 1649 2681 natura:
1678 2640 1790 2682 suae

169 2713 454 2771 claritatis
482 2714 737 2771 omnibus
777 2725 1000 2786 portans
1030 2717 1250 2783 lumen;
1298 2727 1355 2772 ut
1394 2718 1696 2789 respiciens
1723 2719 1788 2774 ad

169 2824 303 2865 eum
332 2809 516 2865 omnis
550 2811 713 2865 homo
748 2810 1128 2867 rationabilem
1171 2810 1379 2867 habens
1426 2812 1787 2881 intellectum,

168 2902 390 2973 gratias
418 2912 543 2974 agat
565 2904 695 2970 Deo,
725 2902 820 2974 qui
843 2904 1165 2975 praeparavit
1193 2904 1354 2975 hujus
1383 2905 1686 2961 claritatem
1719 2906 1788 2962 ad

169 2995 363 3050 lucem
392 2996 516 3050 vitae
542 2994 815 3051 humanae.
850 2996 1061 3052 Etenim
1093 3013 1216 3052 cum
1250 2997 1526 3055 hominem
1553 2999 1787 3071 aliquem

168 3089 390 3145 videris
436 3099 829 3160 prmparantem
879 3090 1063 3147 lumen
1109 3102 1268 3147 nocte
1307 3107 1470 3162 sera,
1523 3092 1787 3163 numquid

1899 1873 2138 1928 cundum
2165 1876 2323 1930 unius
2350 1874 2446 1929 Dei
2478 1872 2873 1943 providentiam
2908 1872 2974 1935 l',
3008 1886 3169 1927 usum
3212 1870 3503 1926 ministerii

1899 1967 1981 2022 sui
2009 1966 2318 2022 hominibus
2340 1965 2636 2022 exhibens.
2663 1965 3006 2020 Manifestum
3036 1974 3121 2019 est
3152 1963 3334 2034 itaque
3374 1962 3500 2034 quia

1898 2060 1991 2131 qui
2019 2060 2227 2116 creavit
2255 2059 2475 2127 coelum,
2506 2059 2621 2130 ipse
2641 2059 2843 2115 creavit
2866 2068 2920 2113 et
2950 2057 3245 2113 luminaria
3262 2058 3314 2112 in
3330 2056 3501 2123 cado;

1899 2151 2015 2221 ipse
2044 2166 2259 2222 quoque
2285 2162 2339 2208 et
2372 2162 2570 2206 terram
2596 2150 2833 2214 creavit,
2858 2161 2914 2205 et
2941 2150 3195 2205 universa
3224 2164 3347 2220 qua:
3372 2159 3501 2205 sunt

1897 2259 2063 2314 super
2085 2253 2307 2299 terram.
2336 2243 2511 2315 Hujus
2540 2252 2721 2299 autem
2745 2242 3005 2299 indicium
3026 2241 3499 2299 evidentissimum

1899 2337 2002 2394 hoc
2025 2346 2130 2407 est,
2162 2337 2306 2409 quod
2333 2353 2396 2394 ea
2426 2354 2666 2408 quat"...

2346 2430 2831 2488 FRAGMENTUM
2872 2430 3061 2487 XVIII.

1975 2544 1994 2577 ι
2038 2565 2052 2579 .
2098 2562 2114 2579 .
2158 2566 2174 2582 .
2217 2523 2484 2581 Nativitas
2519 2529 2632 2598 ejus
2675 2533 2793 2579 ante
2819 2533 3014 2579 (eterna
3054 2535 3283 2595 tempora
3309 2532 3404 2579 est.
3438 2522 3503 2579 Si

1895 2618 2097 2690 aliquid
2134 2619 2188 2672 in
2232 2618 2382 2673 rebus
2411 2628 2485 2673 est
2509 2660 2524 2686 ,
2552 2619 2693 2689 quod
2728 2619 2986 2673 antevenit
3010 2619 3377 2682 aeternitatem,
3406 2620 3502 2673 erit

1896 2713 2096 2785 aliquid
2122 2716 2355 2785 profecto
2386 2713 2524 2786 quod
2554 2730 2760 2769 sensum
2789 2714 3090 2769 teteruitatis
3120 2714 3353 2769 excedat.
3382 2711 3499 2767 Tua

1895 2811 2031 2864 enim
2064 2826 2146 2864 res
2175 2819 2284 2874 est,
2314 2820 2361 2864 et
2395 2810 2688 2881 unigenitus
2725 2819 2847 2864 tuus
2881 2821 2954 2864 est
2988 2828 3003 2864 :
3030 2826 3134 2864 non
3164 2810 3331 2881 portio
3352 2851 3367 2875 ,
3397 2826 3500 2864 non

1896 2905 2187 2976 protensio,
2240 2920 2345 2958 non
2409 2902 2693 2958 secundum
2759 2904 3145 2975 eﬁ'icientiaruut
3208 2904 3500 2976 Opinionem

1895 3016 2081 3053 nomen
2118 2998 2333 3068 aliquod
2374 2999 2561 3064 inane;
2593 2998 2683 3052 sed
2730 2996 2942 3064 Filius,
2970 2996 3143 3053 Filius
3182 3013 3246 3052 ea:
3294 3008 3343 3052 te
3388 2997 3500 3052 Deo

1900 3090 2096 3160 Patre,
2132 3090 2271 3146 Deus
2296 3106 2474 3157 uerus,
2512 3100 2557 3145 et
2589 3108 2619 3144 a
2664 3101 2711 3145 te
2750 3092 2803 3144 in
2830 3100 3032 3145 natura:
3065 3101 3168 3146 tua:
3197 3092 3392 3145 unitate
3412 3108 3501 3161 ge-

168 3185 266 3239 illo
298 3186 325 3215 ³
352 3183 542 3239 lumini
566 3184 770 3255 gratias
821 3184 936 3256 agis
989 3185 1287 3241 secundum
1337 3188 1601 3244 rationem
1626 3188 1787 3259 justi-
1814 3190 1862 3254 C
1891 3187 2069 3251 nitus;
2097 3195 2211 3256 post
2242 3195 2290 3239 te
2317 3186 2391 3241 ita
2416 3185 2771 3255 conﬁtendus,
2798 3194 2855 3239 ut
2895 3194 3059 3239 tecum
3087 3201 3105 3238 :
3136 3185 3256 3254 quia
3292 3193 3500 3240 wlerna:

168 3280 261 3334 tia:
292 3280 323 3333 ἲ
357 3276 503 3345 Νοη,
526 3278 619 3334 sed
643 3279 692 3334 ei
715 3279 806 3349 qui
840 3280 1166 3350 prmparavit
1186 3280 1367 3335 lumen
1392 3277 1439 3333 ἀ.
1473 3276 1783 3338 Secundum

167 3372 329 3428 hanc
360 3371 542 3441 itaque
578 3370 801 3441 justitia:
829 3372 1093 3426 rationem
1121 3413 1135 3435 ,
1170 3373 1255 3427 vel
1287 3374 1593 3429 naturalem
1627 3383 1787 3431 utens

170 3462 524 3519 intellectum
553 3461 597 3529 ³,
633 3462 809 3518 solum
828 3463 1080 3533 opiﬁcem
1110 3463 1269 3534 hujus
1282 3464 1659 3535 etlargitorem
1677 3483 1793 3522 ma-

166 3561 454 3631 gniﬁCare
482 3558 680 3625 debes;
708 3558 863 3624 etei,
896 3558 987 3627 qui
1021 3559 1116 3614 tibi
1146 3560 1475 3616 condonavit
1513 3561 1671 3631 hujus
1705 3564 1790 3619 lu-

167 3652 349 3707 minis
372 3651 570 3719 visum,
595 3652 799 3723 gratias
823 3667 988 3723 agere
1013 3651 1237 3709 debebis
1267 3670 1282 3719 ;
1333 3662 1392 3709 ut
1417 3664 1473 3711 et
1527 3666 1579 3711 tu
1603 3672 1791 3726 quem-

164 3743 479 3801 admodum
532 3745 612 3799 snl
671 3744 895 3801 exhibet
947 3745 1043 3803 tibi
1088 3747 1468 3803 descrvitionis
1543 3750 1789 3807 ministe-

166 3839 347 3903 rium,
373 3836 675 3893 secundum
700 3837 795 3894 Dei
830 3837 1246 3908 providentiam,
1275 3856 1505 3911 quorum
1527 3841 1546 3873 ⁸
1569 3842 1786 3899 debitor

243 3956 263 4035 ξ
303 3950 385 4035 ἔξει
418 3951 543 4035 0°51-
566 3952 675 4035 ἐξίει
701 3955 827 4035 ea?

242 4026 264 4057 ³
302 4023 386 4079 Ita
418 4024 537 4079 sclt.
565 4023 655 4081 Sic
681 4023 808 4079 alibi
856 4033 1045 4080 auctor
1093 4033 1278 4081 noster
1328 4026 1380 4081 in
1412 4026 1603 4084 dativo
1656 4044 1785 4085 casu

165 4107 580 4297 :Ifgftoreum
605 4176 797 4239 quarto
828 4184 985 4237 casu,
1019 4168 1071 4224 id
1102 4170 1246 4239 quod
1278 4170 1393 4241 ipse
1419 4169 1610 4226 Cicero
1633 4171 1784 4239 facit,

204 4258 238 4297 e
328 4257 422 4297 eo.

272 4257 363 4296 ne
408 4282 422 4295 .

204 4258 263 4344 e‘
296 4257 400 4367 It:
427 4311 545 4387 sclt.
580 4328 687 4387 pro
714 4329 930 4381 quarunt
979 4330 1171 4369 rerum.
1202 4313 1298 4369 Vel
1346 4314 1523 4371 scribe
1568 4333 1785 4387 quarunt

164 4386 432 4456 referens
457 4385 523 4438 ad
556 4386 863 4456 gratiarum.

241 4460 265 4489 ³
294 4455 378 4510 Ita
432 4455 687 4511 s<h.non
730 4457 783 4510 in
828 4457 956 4511 sole.
988 4457 1042 4513 Si
1094 4457 1301 4512 scribes
1347 4458 1478 4523 soli,
1510 4473 1631 4512 cum
1680 4458 1785 4515 He-

164 4527 655 4669 braicasle)c’tinne
702 4530 1033 4585 consentics.
1086 4528 1217 4599 (Ps.
1271 4528 1434 4585 Hebr.
1482 4545 1612 4597 xnt,
1660 4530 1781 4586 Lat.

163 4617 345 4665 xvtn,
420 4641 433 4653 .

328 4642 345 4665 ’
378 4641 433 4655 νο

161 4735 223 4779 ιιι
256 4720 495 4792 pulchre
518 4719 736 4775 disserit
755 4719 1087 4792 Ecrrandns.
1102 4719 1261 4792 epist.
1278 4719 1481 4785 Casin.,
1506 4719 1563 4784 ﬂ",
1590 4719 1679 4785 l4,
1701 4718 1789 4792 l5.

241 4790 271 4830 Α
297 4794 637 4848 Ambrosius-
654 4792 723 4847 de
752 4790 904 4857 Fide,
934 4808 991 4857 ιι,
1017 4790 1110 4845 12ε
1141 4791 1295 4846 Sedet
1316 4792 1384 4845 ad
1403 4792 1667 4846 dexteram
1686 4791 1793 4845 Pa-

162 4869 262 4935 tris
296 4864 476 4920 Filius
505 4880 523 4918 :
556 4881 680 4917 num
702 4863 793 4917 tibi
814 4862 1051 4935 uideatur
1076 4864 1311 4935 inferior,
1335 4864 1423 4933 qui
1440 4865 1507 4916 ad
1527 4862 1791 4918 dexteram

162 4934 318 4993 sedet
349 4936 386 5008 7r
415 4953 536 4989 nunt
574 4934 1019 5008 injuriarPatris,
1069 4937 1157 5005 qui
1203 4934 1271 5008 ad
1305 4936 1578 5008 sinistram
1601 4936 1791 5008 sedet?

164 5009 345 5065 Pater
367 5005 681 5073 honorat,'et
707 5018 761 5061 tu
779 5007 1027 5080 injuriam
1050 5016 1200 5076 putas
1226 5006 1251 5059 ?
1293 5005 1455 5059 Pater
1488 5007 1701 5080 mavult
1735 5006 1789 5059 id

162 5100 281 5137 esse
329 5081 537 5150 pietatis
578 5078 891 5150 exemplum,
933 5090 979 5133 et
1008 5089 1062 5133 tu
1085 5087 1239 5149 putas
1289 5078 1647 5148 prteceptionis
1686 5079 1788 5131 int-

272 5156 385 5189 ἱυηι
411 5152 432 5189 9

203 5170 432 5207 artum!
1490 5192 1499 5197 .

162 5174 201 5226 Ρ
243 5225 275 5263 δ
330 5224 448 5279 lmo
488 5232 788 5284 creaturas,
845 5238 949 5276 non
987 5221 1170 5277 Deum
1202 5221 1463 5291 Spiritum
1514 5230 1786 5287 sanctum,

160 5297 345 5353 Pater
372 5295 508 5350 Filio
531 5293 782 5363 subjecit.
798 5292 940 5363 Lege
952 5294 1312 5362 Augustinum
1336 5293 1404 5347 de
1427 5292 1578 5348 Trin.
1599 5335 1613 5359 ,
1638 5309 1711 5356 vr,
1734 5293 1789 5357 7,

164 5370 263 5424 η.
306 5367 568 5422 Errorent
624 5366 951 5420 Arianorum
1008 5366 1095 5431 qui
1149 5365 1250 5419 sub
1300 5367 1563 5419 vocabulo
1617 5365 1793 5419 omnia

165 5441 334 5513 (eum
366 5440 436 5494 de
455 5437 657 5493 creatis
679 5452 860 5491 sermo
891 5435 1598 5513 erat)_eomprehendebant
1624 5441 1789 5513 etiam

161 5507 448 5581 Spiritum
477 5519 746 5572 sanctum,
771 5508 1000 5581 castigat
1022 5507 1292 5581 Didymus
1334 5523 1366 5561 a
1413 5524 1500 5563 me
1534 5508 1789 5581 jam_lau-

164 5578 382 5650 datus,
414 5598 467 5655 p.
496 5581 635 5649 2l3,
664 5594 722 5634 ιι.
753 5579 806 5635 5.
848 5578 979 5633 Item
1019 5578 1365 5652 Fulgentius,
1397 5588 1584 5635 contra
1620 5578 1793 5648 ’Fab.,

169 5656 392 5728 fragm.
420 5669 605 5728 xxxtv.

263 5723 301 5767 ε
330 5726 500 5799 Hujus
543 5725 644 5799 loci
672 5724 989 5799 fevangelici
1022 5723 1424 5799 elegantissima
1466 5733 1544 5799 est
1592 5724 1804 5796 Didymi

176 5800 257 5859 de
311 5794 532 5874 Sp.'S.,
566 5797 622 5855 σε
670 5798 761 5867 57,
811 5794 1188 5869 interpretatio
1249 5794 1377 5853 dum
1426 5794 1803 5869 probatunatn

1810 4594 1863 4655 D

1895 3281 2111 3351 originis
2145 3296 2254 3337 suae
2281 3291 2465 3334 auctor
2507 3290 2730 3335 internus
2766 3295 2840 3333 es.
2874 3277 3016 3333 Nam
3053 3279 3178 3332 dum
3215 3295 3280 3333 ea:
3316 3288 3363 3334 te
3385 3289 3459 3334 est
3481 3321 3496 3344 ,

1893 3375 2154 3429 secundus
2184 3391 2216 3428 a
2244 3383 2290 3429 te
2320 3382 2426 3439 est,
2460 3374 2583 3428 dum
2608 3388 2725 3427 vero
2767 3384 2885 3427 tuus
2927 3383 3036 3436 est,
3068 3389 3171 3427 non
3206 3370 3225 3410 ί
3253 3386 3315 3428 es
3338 3388 3499 3442 sepa-

1894 3466 2097 3522 randus
2142 3466 2210 3521 ab
2255 3482 2318 3521 eo
2350 3484 2362 3520 :
2395 3466 2518 3537 quia
2570 3481 2671 3521 nec
2718 3466 2839 3521 sine
2888 3475 2980 3521 tuo
3005 3465 3049 3497 "
3077 3464 3418 3521 eonﬁtendus
3437 3479 3498 3521 es

1893 3559 2218 3631 aliquando;
2253 3575 2322 3615 ne
2348 3568 2441 3614 aut
2463 3555 2814 3628 imperfectus
2834 3559 2952 3614 sine
2981 3559 3336 3629 generatione
3358 3601 3371 3622 ,
3403 3566 3496 3612 aut

1893 3651 2201 3725 superﬂuus
2274 3662 2394 3723 post
2443 3653 2848 3723 generationem
2895 3652 2940 3683 ’⁸
2984 3652 3229 3724 arguaris
3261 3671 3310 3707 ι.
3360 3652 3492 3707 Item

1893 3746 2155 3803 thbadi
2192 3748 2444 3818 aquitane
2485 3746 2635 3802 socio
2663 3746 2707 3776 ¹⁵
2740 3744 2926 3801 Hilari.
2956 3764 2974 3797 ι
3012 3754 3036 3792 8
3068 3746 3171 3814 Qui
3199 3760 3329 3815 ergo
3366 3760 3494 3816 pro-

1895 3842 2104 3898 baverit
2155 3842 2275 3898 sine
2318 3840 2487 3897 verbo
2514 3882 2528 3906 ,
2576 3841 2697 3896 sine
2745 3839 2953 3896 ratione
2980 3881 2995 3905 ,
3026 3839 3146 3896 sine
3191 3834 3491 3912 sapientia,

1970 3960 1990 3991 °
2016 3958 2142 4013 Sclt.
2175 3957 2358 4028 adque.

1965 4032 1986 4062 ⁷
2015 4030 2147 4087 Sch.
2180 4040 2302 4084 tute.

1966 4104 1988 4133 ⁸
2019 4102 2146 4159 Sch.
2176 4103 2285 4156 haec
2313 4111 2572 4156 creatura.
2627 4126 2635 4132 -

1963 4175 1984 4207 ⁹
2013 4176 2142 4230 Sch.
2174 4174 2472 4243 plurimum.

1964 4247 2009 4278 ¹⁰
2037 4246 2166 4302 Sch.
2188 4245 2599 4301 wridentissimte
2625 4244 2737 4309 ipse
2765 4251 3002 4299 creatura
3029 4250 3256 4314 aspecto.

1964 4320 2004 4350 ι¹
2040 4317 2113 4373 Ita
2141 4317 2264 4373 cod.

1964 4392 2006 4422 ¹²
2039 4389 2167 4461 Sch.
2199 4388 2551 4461 progidentiw.

1964 4461 2007 4493 ’³
2037 4458 2242 4531 Nempe
2274 4458 2437 4515 Filio.

1962 4532 2007 4564 “
2036 4530 2259 4605 Schede
2285 4530 2629 4605 generatione.

1965 4605 2008 4635 ¹⁵
2040 4603 2114 4658 Ita
2144 4604 2259 4659 sch.

1897 4736 2017 4776 esse
2047 4720 2328 4775 Trinitatis
2362 4719 2732 4789 operationem
2769 4737 2781 4773 :
2813 4717 2988 4774 Filius
3016 4736 3118 4774 non
3155 4730 3318 4790 potest
3349 4740 3381 4775 α
3414 4738 3494 4776 se-

1896 4794 2110 4864 metipso
2138 4794 2410 4863 quicquam
2438 4794 2605 4863 facere
2626 4793 2793 4864 ,Aquia
2830 4809 2861 4845 a
2896 4790 3055 4864 Patre
3083 4809 3183 4864 non
3216 4802 3377 4860 potest
3407 4809 3489 4844 se-

1897 4861 2094 4935 parari.
2124 4861 2527 4929 ltethilarius,
2547 4864 2616 4917 de
2636 4861 2813 4929 Trin.,
2852 4878 2925 4923 ιχ.
2955 4861 3047 4929 47,
3076 4862 3169 4925 48,
3203 4873 3257 4917 et
3290 4879 3364 4929 st,
3396 4866 3488 4935 12,

1895 4933 2086 4991 cadem
2148 4938 2312 4990 utitur
2374 4951 2477 5006 qua
2529 4935 2793 5006 Didymus
2832 4936 3338 5005 argumentatione,
3394 4933 3491 5006 sed

1919 5007 2142 5062 duribus
2198 5004 2672 5061 verbis'dtlatata.
2729 5006 2863 5059 Tum
2906 5004 3057 5061 idem
3111 5007 3390 5073 Didymus,
3422 5004 3493 5059 de

1946 5079 2076 5143 rin.,
2110 5095 2160 5144 ι,
2194 5077 2285 5143 56,
2320 5081 2372 5132 in
2421 5077 2727 5147 hujusmodi
2775 5077 3137 5131 locutiouibus
3168 5078 3299 5131 nihil
3347 5077 3493 5131 aliud

1896 5152 2141 5220 agnoscit
2170 5150 2273 5204 nisi
2298 5150 2601 5205 divinarmn
2633 5164 2982 5220 persOnarum
3011 5148 3383 5220 Concordiam.

1969 5219 1997 5257 ἀ
2028 5221 2223 5291 Papae!
2257 5240 2361 5276 non
2393 5231 2477 5277 est
2506 5218 2777 5290 tamquam
2804 5221 3027 5275 lucerna
3048 5219 3293 5291 qua-dam
3323 5218 3497 5275 Filius

1898 5291 2015 5348 Dei.
2049 5290 2215 5348 Porro
2250 5293 2500 5348 Christus
2528 5293 2662 5349 dixit
2694 5292 3038 5347 ltonorilicari
3084 5290 3301 5346 Patrem
3333 5290 3402 5346 ab
3428 5306 3496 5347 eo

1897 5365 1987 5435 qni
2015 5364 2207 5419 Filium
2243 5364 2582 5420 honoriﬁeat.

1974 5437 2103 5491 eEx
2154 5437 2309 5491 initio
2356 5447 2503 5493 certe
2549 5435 2795 5507 opusculi
2847 5434 3005 5507 primi
3042 5443 3303 5507 constat,
3350 5434 3497 5504 loqui

1898 5517 2177 5564 auctorem
2207 5517 2448 5563 nostrum
2482 5505 2641 5563 etiam
2670 5516 2859 5561 contra
2892 5505 3225 5560 idololatras.

1978 5579 1997 5617 ί
2030 5580 2300 5635 Hactenus
2351 5579 2594 5635 lacunam
2626 5576 2831 5634 codicis
2877 5576 3125 5648 supplevi
3170 5592 3239 5632 ex
3268 5576 3497 5647 Hilario,

1902 5653 1972 5710 de
2001 5652 2178 5714 Trin.,
2201 5668 2293 5715 xu,
2320 5650 2411 5707 54.
2886 5682 2893 5683 κ

1978 5736 2003 5772 8
2036 5724 2112 5780 Ex
2150 5724 2450 5781 Pltmhadio
2475 5732 2661 5779 contra
2691 5722 2925 5777 Arianos
2957 5734 3046 5793 op.
3081 5737 3117 5789 ι,
3150 5735 3268 5794 cap.
3300 5720 3391 5776 16.
