3972 6352
529 277 631 331 tu"

1035 268 1470 327 MONliMENTA
1515 267 1795 326 VETERA
1840 269 1934 326 AD
1974 267 2149 326 ARIA‘I

2257 268 2392 324 liUM
2425 263 2824 324 DOCTRINAM
2859 265 3334 325 PERTINENTIA.

3683 279 3768 336 6:8

527 396 647 450 sine
679 393 873 448 virtute
899 432 914 455 ,
943 390 1060 445 sine
1089 388 1314 460 spiritu,
1343 387 1635 457 aliquando
1663 386 1878 442 Patrem
1921 385 2124 451 fuisse,
2156 386 2208 448 Α
2235 384 2713 440 Dcuteronomium
2759 384 2799 414 ιο
2850 402 2863 438 :
2908 382 3168 438 Describet
3237 382 3328 435 sibi
3380 380 3772 448 Denterononn'm

531 487 616 540 his
645 483 890 555 probavit
911 480 1108 536 Filium
1125 496 1250 535 cum
1281 479 1440 535 Patre
1463 489 1516 533 et
1548 480 1599 534 in
1631 477 1793 534 Putre
1817 491 1945 534 ante
1975 495 2136 535 clune

535 576 860 650 principium
895 592 1000 629 non
1041 575 1225 629 fuisse.
1258 573 1325 628 Et
1354 585 1532 628 tamen
1576 571 1760 627 nescio
1785 615 1797 637 ,
1831 573 1874 626 si
1905 571 1988 627 his
2029 573 2139 627 vir-

535 671 741 728 tutibus
789 683 1017 734 carens,
1051 667 1223 738 possit
1269 667 1412 723 Deus
1461 667 1588 722 dici.
1619 666 1737 721 Non
1786 666 1946 721 modo
1989 666 2138 722 enim

537 766 683 822 Deus
709 807 723 830 ,
755 764 852 833 qui
881 764 937 819 in
982 780 1075 818 sua
1123 763 1553 833 sempiternitate
1585 762 1862 834 perfectus
1893 769 2010 824 est,
2041 759 2140 815 sed

533 873 606 915 ne
645 867 900 914 creatura
943 857 1163 927 quidem
1198 856 1291 910 illa
1338 855 1634 910 secundum
1660 870 1834 926 genus
1872 870 2028 909 suum
2058 854 2142 908 in-

534 963 909 1010 consummata
954 950 1284 1005 constavit‘.
1316 949 1435 1006 Non
1489 958 1668 1019 potest
1712 947 1843 1014 quid
1893 963 2044 1012 esse,
2093 945 2142 1001 si

535 1061 645 1102 non
677 1045 781 1110 sit;
819 1061 925 1098 non
977 1055 1158 1100 autem
1191 1044 1324 1111 erit,
1356 1042 1402 1097 si
1454 1042 1529 1096 illi
1561 1042 1796 1097 defuerit
1845 1040 1989 1111 quod
2017 1055 2142 1097 esse

538 1138 778 1194 debebit.
812 1137 1006 1193 Totum
1043 1137 1203 1208 igitur
1232 1135 1403 1192 defuit
1436 1134 1612 1199 Patri,
1645 1135 1690 1190 si
1713 1135 1917 1204 aliquid
1947 1133 2138 1189 defuit.

539 1232 735 1288 Totum
778 1231 949 1286 defuit
992 1240 1203 1295 autem,
1237 1230 1282 1284 si
1324 1229 1495 1284 Filius
1531 1244 1660 1284 suus
1684 1271 1698 1296 ,
1731 1229 1834 1284 hoc
1860 1237 1945 1284 est
1973 1229 2148 1284 virtu-

541 1333 652 1380 tum
696 1339 915 1378 suarmn
964 1321 1274 1394 plenitudo,
1305 1323 1518 1377 initium
1566 1339 1674 1378 non
1705 1332 1856 1378 caret
1881 1325 1924 1378 ⁸.
1956 1322 2023 1377 Et
2050 1339 2148 1378 ne-

540 1431 694 1473 cesse
723 1425 808 1472 est
837 1417 978 1472 hanc
1002 1416 1315 1486 opinionem
1353 1415 1405 1470 in
1435 1415 1751 1472 alterutram
1797 1416 2148 1487 blasphemia:

541 1522 751 1583 partem
799 1508 1023 1579 profane
1051 1510 1071 1542 ³
1094 1508 1359 1578 sacrilega
1405 1509 1723 1564 definitione
1756 1510 2008 1564 transire.
2041 1511 2148 1565 Aut

540 1608 686 1662 enim
732 1605 894 1659 Pater
941 1603 1246 1659 credendus
1297 1613 1382 1659 est
1428 1618 1550 1658 cum
1602 1603 1740 1658 Filio
1785 1617 1886 1658 suo
1935 1602 2148 1660 initium

538 1700 710 1754 fuisse
755 1698 1038 1763 sortitum,
1079 1700 1204 1766 quia
1251 1697 1368 1753 sine
1417 1696 1553 1752 Filio
1577 1712 1715 1762 suo,
1747 1697 1852 1752 hoc
1900 1707 1983 1752 est
2028 1702 2150 1754 sine

2242 480 2396 535 istum
2419 480 2458 512 “
2483 481 2535 533 in
2567 479 2694 533 libro
2717 479 2877 533 lenitis
2900 480 2944 512 ¹³
2972 488 3018 533 et
3045 477 3405 544 sacerdotibus,
3435 488 3486 534 ut
3505 480 3562 534 sit
3585 498 3682 536 cum
3704 503 3771 553 eo;

2243 585 2292 626 et
2340 573 2470 640 leget
2515 589 2628 625 eum
2674 589 2846 626 ontnes
2895 570 3003 625 dies
3030 572 3145 625 vitas
3184 587 3306 639 sum,
3337 580 3390 624 ut
3413 571 3564 627 discat
3590 586 3774 634 metum

2247 663 2532 718 Dominum
2566 662 2734 719 Deum
2763 682 2913 720 suum
2943 707 2957 727 ,
2988 674 3036 718 et
3075 665 3337 719 observare
3374 667 3535 720 omnia
3569 681 3775 738 precepts

2247 763 2380 832 ejus,
2413 768 2458 813 et
2476 762 2712 832 justitias
2740 761 2832 814 leas
2869 762 3058 831 frigere,
3089 769 3144 812 ut
3170 776 3271 814 non
3300 759 3539 814 excitetur
3571 778 3647 816 cor
3688 768 3776 837 ejus

2249 869 2281 906 α
2310 852 2559 922 fratribus
2596 853 2738 919 suis;
2789 853 2878 908 sed
2924 871 3026 908 non
3069 853 3460 924 transgredietur
3487 871 3516 908 α
3563 859 3777 927 praeceptis

2249 946 2429 1002 dextra
2451 950 2523 1000 vel
2545 948 2837 1012 sinistra,ut
2855 950 2919 1002 sit
2944 950 3206 1018 tangamus
3234 949 3288 1001 in
3314 948 3587 1020 principatu
3614 968 3691 1005 suo
3712 955 3774 1022 ip-

2250 1059 2305 1098 se
2325 1053 2369 1096 et
2401 1041 2573 1096 Filius
2605 1043 2666 1096 ¹³.
2688 1043 2818 1098 Item
2850 1043 2902 1097 in
2928 1043 3403 1102 Deuteronnmium
3437 1061 3450 1097 :
3482 1043 3546 1100 Et
3569 1062 3657 1099 non
3683 1048 3777 1103 solis

2251 1136 2390 1190 vobis
2418 1153 2511 1208 ego
2533 1136 2750 1205 dispono
2783 1134 3163 1190 Testamentum
3206 1137 3301 1190 hoc
3328 1147 3374 1190 et
3406 1136 3651 1192 ntaiedicta
3674 1181 3686 1204 ,
3709 1141 3777 1194 sed

2252 1240 2300 1284 et
2327 1231 2407 1284 his
2435 1231 2520 1300 qui
2551 1230 2864 1284 comitantur
2891 1230 3151 1284 uobiscum
3179 1230 3331 1284 hodie
3355 1231 3406 1284 in
3433 1241 3676 1298 conspectu
3696 1231 3776 1288 Da-

2253 1324 2380 1378 mini
2405 1322 2499 1376 Dei
2519 1323 2692 1388 vestri,
2715 1333 2770 1377 ut
2796 1323 2876 1378 his
2903 1324 2993 1390 qui
3019 1339 3119 1377 non
3141 1322 3398 1377 vobiscum
3419 1323 3580 1377 hodie.
3611 1323 3718 1379 Item
3739 1324 3780 1382 in

2256 1417 2736 1472 Deuteronomium
2775 1435 2788 1472 :
2815 1416 2884 1471 Et
2911 1415 3081 1472 dicent
3107 1433 3281 1472 omnes
3301 1425 3466 1488 gentes
3493 1426 3643 1481 terra,
3663 1434 3784 1489 qum

2254 1510 2375 1580 fecit
2407 1509 2655 1566 Dominus
2679 1511 2753 1564 sic
2774 1520 2922 1564 terra
2962 1509 3084 1564 huic
3111 1511 3136 1565 .7
3159 1526 3272 1580 qua:
3301 1518 3374 1564 est
3415 1509 3518 1570 [iter
3541 1511 3609 1564 irs
3637 1511 3784 1579 furoris

2254 1603 2482 1673 ingens?
2513 1602 2576 1656 Et
2599 1604 2788 1668 dicent,
2820 1613 3030 1673 propter
3071 1601 3208 1673 quod
3252 1601 3610 1669 dereliquerunt
3649 1600 3786 1660 Testa-

2255 1705 2480 1751 mentum
2510 1695 2720 1750 Domini
2759 1679 2858 1751 Dei
2883 1706 3088 1766 patrum
3121 1710 3340 1750 suorum
3367 1736 3382 1761 ,
3413 1695 3540 1766 quod
3585 1696 3785 1764 disposuit

541 1793 828 1849 virtutibus
876 1792 1043 1847 fuisse
1090 1809 1196 1847 non
1225 1793 1439 1862 potuit;
1470 1792 1668 1848 ctenim
1701 1792 1723 1824 ⁸
1751 1792 1877 1848 huic
1927 1792 2145 1847 illorum
2177 1791 2226 1856 B
2256 1789 2486 1858 patribus
2515 1790 2760 1860 ipsorum,
2794 1805 2911 1846 cum
2955 1790 3131 1844 eduxit
3159 1789 3278 1845 illos
3330 1789 3392 1845 de
3419 1798 3547 1844 terra
3591 1788 3784 1860 [Εςνριί.

547 1888 702 1942 initio
730 1889 913 1941 nescio
960 1888 1080 1958 quis
1129 1889 1323 1942 tertius
1371 1887 1516 1942 Deus
1550 1906 1560 1940 :
1596 1897 1687 1941 aut
1715 1888 1760 1941 si
1795 1888 1943 1942 solus
1989 1887 2148 1942 Pater

543 1982 663 2036 sine
689 1981 844 2035 initio
869 1981 1087 2048 dicitur,
1118 1983 1302 2051 utique
1324 1982 1344 2012 '
1366 1983 1434 2036 ad
1465 1981 1583 2036 Filii
1613 1985 2018 2052 generationem
2050 1984 2150 2039 im-

547 2074 822 2146 perfectus
869 2073 1038 2130 fuisse
1095 2074 1358 2130 dicendus
1387 2087 1487 2130 est.
1517 2074 1871 2146 Imperfectus
1900 2077 2068 2144 enim,
2102 2078 2149 2134 si

460 2213 468 2223 .
545 2171 776 2239 carperit
824 2168 1025 2223 habere
1073 2169 1217 2237 quod
1261 2177 1390 2224 ante
1433 2186 1538 2223 non
1571 2169 1834 2236 habebat,
1867 2182 1919 2226 et
1949 2171 2151 2228 habere

543 2270 725 2315 tamen
754 2260 962 2315 debuit.
996 2260 1241 2330 Denique
1280 2259 1481 2316 habere
1519 2262 1689 2316 voluit
1718 2261 1738 2292 °
1773 2277 2023 2331 semper,
2059 2263 2151 2332 qui

548 2369 763 2423 semper
787 2355 971 2408 debuit
997 2369 1121 2410 esse
1163 2354 1465 2424 perfectus;
1490 2357 1612 2425 quia
1642 2371 1750 2410 non
1791 2355 1986 2426 accipit
2018 2371 2152 2427 aug-

543 2459 788 2504 mentum
817 2448 1078 2519 quidquid
1123 2449 1406 2516 occupavit
1449 2458 1642 2503 totum.
1675 2467 1695 2501 1
1753 2449 1881 2504 Item
1918 2449 2153 2504 Ambro-

545 2541 658 2596 sius
678 2552 702 2580 οι
727 2540 1184 2610 quemadmodum
1213 2539 1560 2596 confirmavit
1591 2543 1962 2612 suprascripta
1982 2541 2151 2595 Hilari

549 2646 604 2691 et
636 2635 916 2691 Phathadi.
949 2653 969 2687 ι
1008 2635 1151 2690 Dicit
1182 2633 1379 2704 aliquis
1405 2677 1419 2701 ,
1446 2637 1724 2705 quomodo
1751 2643 2040 2706 generatus
2068 2645 2154 2689 est

544 2728 762 2784 Filius?
788 2728 944 2798 quasi
968 2727 1336 2797 sempiternus
1355 2769 1369 2790 ,
1403 2727 1555 2796 quasi
1585 2729 1806 2783 verbum
1829 2770 1845 2795 ,
1879 2728 2032 2798 quasi
2067 2743 2156 2782 sa—

548 2827 771 2898 pientia,
793 2825 944 2896 quasi
970 2825 1230 2897 splendor
1255 2823 1392 2879 lucis
1419 2834 1639 2878 internas
1661 2822 1688 2862 δ
1720 2825 1872 2894 :quia
1896 2824 2155 2893 splendor

546 2934 839 2992 operatur,
869 2931 926 2976 ut
955 2921 1219 2975 nascitur.
1255 2919 1502 2987 Apostoli
1531 2918 1672 2974 istud
1705 2918 2015 2988 exemplum
2046 2925 2154 2985 est,

547 3032 656 3072 non
685 3017 704 3047 ⁷
736 3031 934 3070 meum.
967 3013 1084 3068 Noli
1116 3027 1247 3082 ergo
1275 3010 1500 3066 credere
1553 3010 1695 3081 quod
1730 3011 1890 3065 iverit
1915 3011 2002 3065 vel
2040 3027 2157 3065 mo-

548 3119 789 3166 mentum
834 3107 1049 3179 aliquod
1099 3105 1243 3176 qnod
1295 3103 1461 3159 fuerit
1497 3104 1616 3159 sine
1654 3104 1920 3173 sapientia
1976 3104 2150 3169 Deus,

2257 1882 2326 1938 Et
2356 1892 2528 1938 euntes
2558 1885 2842 1940 servierunt
2879 1884 2979 1939 diis
3030 1884 3232 1949 alienis,
3287 1894 3335 1938 et
3380 1884 3686 1940 «duraverunt
3724 1900 3786 1938 eos

2255 1995 2384 2048 quos
2405 1996 2510 2034 non
2539 1993 2801 2046 nouerant,
2832 1991 2880 2036 et
2925 1998 3026 2038 non
3065 1991 3456 2051 permanserunt
3477 1982 3540 2038 ad
3563 1980 3788 2038 Dominum

2256 2072 2425 2128 Deum
2447 2093 2622 2130 suum.
2646 2074 2714 2130 Et
2745 2078 2908 2132 iratus
2929 2079 3156 2147 furorem
3187 2076 3232 2110 “
3257 2075 3511 2134 Dominus
3551 2095 3682 2147 super
3716 2087 3789 2132 ter-

2256 2182 2369 2220 ram
2401 2166 2564 2229 illum,
2591 2167 2794 2224 induxit
2815 2185 2970 2238 super
3011 2185 3121 2224 eam
3150 2173 3435 2224 secundum
3483 2171 3638 2225 omnis
3667 2169 3789 2223 male-

2256 2259 2394 2313 dicta
2417 2257 2744 2328 Testamenti,
2771 2277 2884 2330 qua
2913 2262 3108 2332 scripta
3130 2273 3248 2316 sunt
3270 2264 3329 2318 in
3350 2265 3444 2318 hoc
3471 2264 3607 2318 libro.
3632 2263 3790 2316 Etobs-

2259 2352 2375 2408 tulit
2405 2368 2490 2406 eos
2518 2351 2770 2408 Dominus
2799 2372 2832 2409 a
2865 2367 3002 2409 terra
3021 2373 3195 2412 eorum
3220 2358 3276 2412 in
3303 2357 3476 2427 furore
3491 2367 3538 2413 et
3559 2358 3628 2411 ira
3645 2366 3685 2412 et
3699 2372 3788 2410 ess-

2257 2445 2546 2500 cerbatione
2567 2463 2752 2515 magna
2770 2449 2921 2504 nimis
2937 2459 3025 2503 :.et
3043 2451 3262 2524 projecit
3281 2467 3370 2506 eos
3387 2451 3440 2505 in
3460 2461 3628 2506 terram
3643 2450 3790 2514 etiam;

2257 2548 2312 2594 et
2332 2547 2550 2594 caetera.
2585 2540 2698 2596 Hoc
2723 2540 2811 2609 jus
2839 2542 3114 2610 divinum,
3152 2543 3251 2598 bas
3281 2544 3582 2614 Scripturas
3624 2553 3793 2599 sanctas

2258 2634 2498 2690 defendit
2527 2622 2918 2692 Constantinus
2967 2639 3151 2694 senior
3197 2638 3392 2695 dicens
3423 2649 3445 2678 ο
3479 2658 3492 2693 :
3525 2659 3542 2693 ι
3583 2639 3710 2694 Licet
3728 2653 3792 2694 me

2259 2728 2709 2784 suhliinissimum
2725 2741 2885 2802 atque
2913 2734 3155 2787 omnium
3178 2732 3463 2788 dominum
3491 2749 3568 2788 me
3591 2732 3789 2796 sentiam,

2260 2824 2548 2879 mortalem
2580 2841 2665 2880 me
2695 2841 2816 2882 esse
2843 2841 3136 2897 cognosco,
3167 2837 3221 2881 et
3241 2827 3564 2898 quandoque
3590 2823 3795 2893 111111ιέ19-

2258 2918 2346 2989 gni
2373 2917 2598 2987 gloriam
2636 2919 2946 2974 relicturum
2975 2921 3018 2952 “
3041 2919 3317 2990 intelligo.
3369 2939 3390 2976 s
3419 2919 3686 2986 Quarenda
3721 2917 3794 2985 igi-

2261 3020 2346 3065 tur
2374 3009 2511 3066 fama
2537 3020 2758 3075 :rtcrua,
2792 3027 2854 3065 ac
2878 3012 2922 3043 ¹⁶
2951 3012 3207 3067 sublimia
3233 3011 3327 3068 illa
3371 3028 3492 3086 qua:
3529 3012 3592 3065 ab
3635 3019 3797 3066 esterno

2261 3103 2489 3159 Domino
2512 3115 2565 3160 et
2605 3120 2634 3159 a
2661 3105 2876 3160 sublimi
2907 3107 3016 3161 Deo
3038 3106 3388 3161 "descendunt
3414 3107 3616 3177 *ξι-(111111
3640 3103 3793 3158 divinat

545 3219 638 3264 aut
665 3208 780 3262 siue
807 3205 1098 3277 splendore
1129 3203 1238 3257 lux.
1265 3201 1432 3256 sltem
1466 3199 1821 3256 Ambrosiusc
1853 3218 1865 3253 :
1900 3217 1918 3252 ι
1947 3199 2148 3268 Accipe
2173 3191 2219 3258 C
2255 3197 2386 3268 legis
2411 3199 2452 3230 “‘
2481 3199 2829 3268 promittunt:
2853 3199 2997 3269 quod
3031 3213 3183 3254 Sacra
3216 3199 3344 3255 Filii
3380 3199 3471 3255 Dei
3498 3199 3794 3269 pollicentur;

546 3304 679 3357 aliut
725 3299 870 3372 quod
917 3294 1370 3360 clareat;Filium
1411 3292 1808 3363 setnpiternum
1858 3294 2151 3362 Apostolus

546 3395 713 3459 dixit,
748 3392 892 3462 quod
931 3390 1263 3458 sempiterna
1302 3387 1420 3454 ejus
1463 3390 1637 3442 virtus
1659 3386 1730 3442 sit
1759 3397 1919 3457 atque
1945 3385 2150 3442 divini-

547 3499 651 3544 tas.
691 3506 711 3538 s
743 3485 876 3539 ltem
913 3481 1236 3537 l'htebadius
1266 3476 1334 3532 (ιε
1371 3498 1390 3532 e
1424 3479 1523 3535 Hic
1576 3480 1926 3550 blasphemiae
1951 3491 2147 3547 :rstns,

551 3582 637 3646 hic
667 3581 688 3612 ⁸
721 3590 864 3633 totus
889 3580 908 3610 θ
936 3575 1230 3644 sacrilegus
1278 3573 1460 3637 dolor,
1508 3573 1652 3642 quod
1696 3577 1747 3627 in
1779 3573 1941 3628 Patre
1969 3585 2022 3628 et
2063 3574 2152 3628 Fi-

463 3731 466 3734 .
548 3675 623 3730 lio
651 3671 912 3740 recipitur
943 3668 1084 3722 Deus
1112 3680 1273 3720 unus.
1313 3683 1333 3718 ι
1371 3665 1500 3718 item
1527 3665 1852 3720 Phtcbadius
1887 3682 1900 3720 :
1937 3684 1955 3718 ι
1994 3666 2153 3720 Pater

551 3766 698 3822 Deus
724 3773 780 3817 et
807 3760 976 3818 Filius
1006 3758 1149 3813 Deus
1169 3797 1185 3823 ,
1220 3756 1455 3826 Spiritus
1501 3765 1723 3812 sanctus
1753 3757 1927 3823 Deus,
1953 3766 2010 3813 et
2038 3756 2154 3814 ltu'c

466 3885 472 3892 -
548 3856 729 3914 omnia
756 3869 895 3910 unus
926 3853 1084 3907 Deus.
1128 3869 1148 3903 ι

1024 3939 1508 3998 FRAGMENTUM
1555 3939 1695 3998 XIX.

557 4049 830 4099 ........tre
857 4046 914 4096 et
932 4036 1383 4094 exterminabitur
1413 4035 1613 4091 malum
1643 4052 1674 4090 a
1701 4037 1877 4094 vobis.
1918 4038 2052 4098 Item
2098 4039 2153 4097 in

626 4183 644 4213 ί
680 4179 751 4236 Ita
781 4177 898 4234 sch.
931 4190 1030 4248 pro
1050 4173 1322 4230 constabit.

625 4254 646 4284 ’
666 4251 827 4309 Careo
847 4244 969 4306 cum
984 4259 1178 4319 quarto
1198 4262 1328 4302 casu
1347 4254 1430 4304 est
1450 4244 1615 4306 etiam
1636 4246 1774 4318 apud
1797 4246 2149 4308 Frontonem.

625 4323 648 4355 ³
677 4325 772 4379 Et].
806 4325 1047 4394 profana.

627 4395 651 4425 ⁸
680 4395 781 4450 Ed.
807 4389 914 4463 pro
939 4393 1120 4446 etenim
1148 4389 1310 4445 habet
1339 4401 1385 4446 et
1412 4390 1506 4446 erit
1535 4400 1738 4448 auctor.

627 4466 651 4497 ⁵
679 4466 808 4520 Sch.
838 4464 1139 4530 dictumque
1165 4477 1261 4532 pro
1293 4463 1485 4534 utique.

625 4538 647 4567 ⁸
679 4535 779 4590 Ed.
810 4541 1002 4589 melius
1030 4534 1223 4589 debuit.

619 4612 640 4642 τ
667 4607 792 4662 Sch.
824 4623 1005 4659 nomen
1035 4621 1132 4676 pro
1163 4622 1282 4660 non.

629 4683 651 4714 ⁸
679 4676 806 4732 Sch.
839 4679 992 4730 hunc.

625 4757 648 4787 θ
675 4749 811 4803 Male
841 4749 892 4802 in
918 4748 1040 4803 cod.
1071 4749 1238 4804 dictus
1262 4763 1363 4821 pro
1394 4747 1552 4806 totus.

633 4824 694 4882 “3.,
707 4821 783 4876 Ita
813 4821 930 4874 sch.

627 4897 667 4931 ιι
699 4894 776 4948 ita
799 4892 918 4947 sch.

633 5021 659 5050 ι
691 5010 767 5066 De
796 5005 950 5072 Fide,
978 5020 1029 5070 ι,
1058 5006 1148 5064 15.

633 5083 660 5122 b
691 5077 892 5136 Confer
945 5076 1309 5149 Fulgentium,
1341 5088 1528 5138 contra
1582 5081 1739 5150 Fab.,
1771 5083 1966 5154 fragm.
2018 5099 2161 5153 nu,

535 5170 724 5213 eXXIII.
807 5169 810 5172 ’

637 5240 659 5268 ε
695 5225 769 5282 De
796 5220 962 5287 Fide.
990 5237 1030 5285 ι,
1065 5222 1151 5280 10.

636 5298 664 5338 d
691 5299 790 5364 0p.
822 5309 840 5348 1
865 5302 1040 5366 contr.
1072 5292 1322 5360 Arianos,
1351 5308 1474 5366 cap.
1497 5294 1588 5352 22.

637 5381 661 5408 ε
691 5369 934 5434 Quonam
963 5365 1013 5416 in
1056 5367 1256 5434 scripto
1281 5366 1304 5418 ?

637 5440 657 5480 ί
692 5435 904 5509 deicis
930 5435 1105 5492 hiatus
1128 5436 1378 5509 prohibet
1409 5453 1507 5496 nos
1538 5442 1826 5509 quominus
1849 5441 1916 5499 de
1952 5444 2151 5501 11111Ιί1-

565 5508 1009 5568 1θτίεϐοηδιθη111
1041 5506 1347 5584 accuratius
1374 5506 1782 5584 cognoscamus.
1809 5515 2152 5584 Czuteroquin

561 5589 906 5657 compertum
931 5585 1016 5632 cst
1043 5577 1182 5636 hunc
1204 5577 1463 5657 cursorem
1503 5583 1571 5636 ab
1623 5583 1841 5642 Arionis
1883 5577 2153 5657 episcopis

565 5664 619 5709 ei
646 5654 835 5724 lia-rest
863 5654 1485 5724 circumventummulta
1528 5667 1809 5723 perperam
1857 5654 2100 5714 sanxisse
2133 5699 2150 5724 ,

562 5720 901 5801 ortbodpxos
917 5721 1202 5801 episcOpos
1251 5723 1443 5780 edicus
1472 5720 1828 5801 da'iunavisse.
1866 5720 2154 5801 (Vetuisse

569 5807 689 5852 eum
711 5788 890 5848 edicto
910 5788 1228 5848 vecabulum
1250 5811 1463 5878 quoque
1489 5795 1794 5872 bomousion
1808 5788 2149 5870 notissimum

2213 3337 2227 3352 .
2259 3307 2378 3360 quzc
2413 3301 2534 3362 post
2587 3291 2744 3362 hujus
2793 3293 2916 3346 vitae
2970 3291 3260 3348 decursum
3327 3296 3397 3348 ab
3426 3294 3536 3364 ipso
3577 3291 3692 3348 Filio
3729 3288 3796 3343 [lci

2261 3401 2525 3456 sponsore
2556 3384 2898 3440 exhibentur.
2934 3385 3124 3441 Brevis
3177 3386 3348 3458 igitur
3399 3387 3550 3456 huius
3594 3382 3798 3452 temporis

2259 3479 2426 3549 gloria
2457 3478 2774 3546 deponatur,
2809 3486 2868 3532 ut
2898 3495 2992 3548 per
3016 3478 3175 3533 fidem
3207 3480 3333 3535 sine
3365 3480 3470 3535 fide
3500 3477 3794 3545 possideatur,

2261 3585 2369 3640 quo
2411 3571 2452 3618 i9
2478 3570 2594 3638 ipse
2623 3570 2917 3625 secundum
2947 3586 3155 3628 sacram
3189 3572 3282 3630 Dei
3324 3574 3500 3645 legem
3523 3568 3799 3643 postvinculi

2262 3672 2491 3720 mortem
2518 3663 2821 3720 daturam”
2850 3665 3310 3722 immortalitatem
3341 3678 3462 3738 post
3483 3665 3796 3722 brevissimus

2263 3761 2429 3816 vitam
2458 3760 2573 3815 sine
2602 3759 2707 3814 fine
2741 3759 2982 3830 polliceri
3014 3761 3091 3825 “;
3125 3771 3178 3815 et
3208 3769 3436 3820 cmtcra.
3467 3763 3572 3818 lloc
3587 3762 3663 3833 jus
3698 3757 3800 3814 divi-

2264 3868 2415 3918 muu,
2450 3853 2544 3906 has
2595 3852 2904 3923 Scripturas
2946 3864 3160 3910 sanctas
3208 3854 3460 3912 defendit
3506 3852 3797 3912 Constantius

2264 3944 2813 4001 scribeusadsancf
2861 3986 2874 3999 .
2921 3985 2937 4001 .
2983 3986 2996 4000 .
3039 3986 3054 4004 .
3102 3989 3114 4002 .
3163 3989 3174 4001 .
3223 3991 3233 4003 .
3282 3987 3297 4004 .
3346 3986 3360 4002 .
3407 3989 3423 4006 .

2333 4181 2376 4214 ⁸⁸
2395 4180 2473 4236 lla
2505 4180 2622 4236 sch.

2300 4251 2374 4376 ς
2400 4253 2539 4378 5611ὶ
2563 4253 2698 4322 fitiu.
2733 4251 2988 4326 Sequitur
3014 4263 3191 4312 autem
3223 4254 3485 4314 mendose
3519 4254 3567 4310 in
3612 4249 3714 4308 cod.
3749 4247 3802 4300 si-

2300 4343 2335 4378 18
2359 4341 2418 4378 ra
2459 4340 2516 4378 ue
2546 4367 2559 4378 .

2255 4340 2418 4382 πιδινα
2459 4340 2559 4380 uet.

2330 4394 2372 4427 ¹⁵⁶
2400 4395 2473 4450 lla
2503 4395 2621 4452 sch.

2329 4467 2376 4500 "
2403 4467 2531 4524 Sch.
2556 4467 2818 4526 reiectura.

2327 4538 2372 4572 ¹⁶
2396 4540 2523 4596 Sch.
2552 4537 2642 4594 ad.

2329 4610 2479 4683 "ita
2504 4613 2620 4683 sch.
2676 4620 2736 4665 ut
2764 4627 2951 4683 supra.

2331 4683 2374 4756 f8
2395 4682 2471 4756 I_ta
2497 4682 2615 4738 sch.
2640 4697 2738 4754 pro
2763 4682 2916 4756 leges.

2332 4754 2374 4786 ¹⁹
2403 4753 2480 4809 Ita
2503 4757 2621 4810 sch.

2330 4826 2375 4857 ²⁰
2399 4826 2472 4880 Ita
2503 4825 2620 4881 sch.

2331 4898 2374 4929 ⁸³
2405 4897 2480 4952 lta
2509 4897 2626 4952 sch.

2268 5014 2792 5088 est.)gLitterarum
2855 5015 3164 5083 huiusmodi
3191 5021 3469 5077 -meminit
3512 5019 3568 5077 S.
3599 5015 3801 5079 Hilarius,

2269 5089 2306 5142 Ι.
2341 5101 2402 5150 11,
2426 5087 2483 5154 2,
2509 5087 2575 5142 ad
2601 5087 2814 5152 Const.,
2841 5098 2896 5144 et
2914 5089 3131 5146 Lucifer
3155 5092 3513 5154 Calaritanus,
3537 5091 3618 5147 ed.
3646 5090 3803 5148 Colet.

2270 5175 2321 5230 p.
2350 5161 2436 5214 17.
2463 5159 2606 5231 Quin
2637 5159 2771 5213 adeo
2799 5160 3070 5230 Sulpicius
3090 5163 3241 5231 Sev.,
3269 5165 3431 5230 ΗΜ..
3459 5165 3548 5219 lib.
3578 5160 3806 5231 u,diserte

2269 5240 2460 5303 narrat
2502 5229 2810 5303 luereticam
2871 5229 3158 5303 epistolam
3211 5229 3278 5291 ab
3323 5237 3540 5291 Arianis
3587 5230 3808 5303 episcopis

2268 5301 2558 5375 Mediolani
2587 5301 2868 5375 fuissesub
2895 5301 3196 5362 Constantii
3241 5311 3458 5366 nomine
3503 5301 3806 5375 compositam

2267 5382 2324 5428 et
2367 5373 2714 5443 divulgatam.
2751 5374 2902 5431 Fidei
2929 5377 3187 5433 formulas
3222 5395 3250 5432 a
3302 5373 3807 5434 Constantio—Ariano

2260 5445 2507 5509 conditas
2537 5455 2805 5517 metitorat
2824 5446 2881 5517 S.
2908 5449 3162 5517 Hilarius,
3190 5451 3241 5506 in
3268 5452 3406 5506 libro
3429 5450 3673 5506 adversus
3699 5445 3809 5517 hunc

2261 5531 2541 5580 ca-sarem,
2576 5516 2632 5588 ti.
2667 5517 2720 5580 '7,
2748 5527 2800 5572 et
2822 5515 2888 5573 de
2918 5515 3173 5588 Synodis.
3213 5523 3269 5578 ﬁ‘.
3305 5523 3396 5577 78.
3432 5523 3659 5586 Denique
3680 5515 3808 5588 Libe-

2261 5587 2372 5644 rius
2396 5602 2528 5656 pupa
2549 5587 2640 5667 tiu
2663 5588 2894 5667 Opp.__S.
2927 5583 3136 5658 Hilarii,
3171 5594 3300 5667 frag.
3331 5597 3386 5664 v)
3415 5583 3736 5663 conqueritur
3755 5583 3810 5640 de

2260 5672 2511 5738 sermone
2541 5661 2841 5738 Constantii
2868 5667 3094 5738 ign-saris
3119 5665 3185 5720 ad
3228 5661 3481 5737 populum
3506 5661 3692 5728 Isiisso,
3723 5668 3808 5738 qua

2260 5730 2379 5801 ipse
2407 5730 2658 5789 Liberius
2687 5732 3044 5811 lacerabatur.
