3972 6352
215 281 308 342 629

652 392 1136 452 FRAGMENTUM
1192 392 1312 448 XX.

218 493 336 556 ...
380 531 394 546 .
435 529 451 547 .
492 531 505 546 .
550 531 566 546 .
611 532 624 545 .
669 529 682 544 .
727 530 742 545 .
788 529 804 546 .
849 529 865 545 .
903 488 1381 560 ﬂprophetasDei.
1413 487 1484 544 Et
1522 505 1644 546 cum
1676 506 1775 546 au-

215 588 399 643 dissent
421 581 916 656 pseudoprophetas
943 583 1035 655 qui
1064 589 1219 638 erant
1247 598 1368 638 cum
1403 582 1636 652 Ochusia
1670 586 1685 614 ¹
1717 585 1776 638 li-

215 681 324 737 lium
352 678 550 743 Achab,
583 677 672 747 qui
702 677 880 733 fuerat
907 676 1098 733 doctor
1129 691 1319 733 eorum
1350 677 1633 734 Gamarias
1661 681 1681 710 ³
1709 678 1777 736 de

215 782 374 830 monte
401 772 652 842 Ephrem,
682 780 733 827 et
764 771 884 841 ipse
923 770 1020 826 fuit
1073 769 1242 826 frater
1286 769 1527 828 Sedcciae
1559 814 1574 840 ,
1607 772 1779 828 suasit

213 866 478 926 Oeliodiam
501 881 681 938 regem
703 864 986 921 Gomorrae
1016 875 1068 919 et
1095 865 1292 921 occidit
1343 865 1648 922 Michaeam.
1712 868 1778 923 Et

211 961 432 1032 cognovit
462 951 705 1027 Bechira,
733 968 787 1014 et
815 958 948 1014 vidit
977 959 1155 1014 locum
1187 959 1361 1014 Esaia:
1395 966 1450 1014 et
1480 960 1772 1031 propheta-

211 1073 310 1113 rum
337 1056 421 1126 qui
450 1070 568 1109 cum
593 1055 684 1110 illo
709 1061 902 1118 erant;
950 1053 1064 1123 ipse
1103 1055 1246 1108 enim
1277 1053 1556 1108 habitabat
1605 1055 1656 1108 in
1687 1053 1778 1110 Be-

210 1149 357 1213 clem;
389 1157 439 1202 et
471 1147 600 1200 abiit
632 1147 1085 1218 Hierosolymam,
1111 1156 1164 1200 et
1218 1147 1491 1216 conjuncti
1541 1157 1668 1202 sunt
1724 1157 1780 1204 et

209 1244 294 1314 ipsi
323 1249 553 1297 Asamar.
587 1243 654 1298 Et
681 1240 880 1298 factum
913 1252 997 1298 est
1021 1258 1142 1298 cum
1175 1243 1415 1298 venisset
1462 1242 1778 1301 Salmanas-

209 1352 283 1391 sar
302 1352 382 1392 rex
404 1336 766 1408 Assyriorum,
792 1345 848 1392 et
881 1335 1182 1406 accepis~et
1217 1337 1542 1402 Samariam,
1574 1345 1627 1391 et
1681 1336 1778 1391 ab-

634 267 636 269 ’
678 273 1115 338 MONUMENTA
1155 274 1437 334 VETEBA
1474 272 1567 336 AD
1609 274 2014 337 ARIANORUM
2057 271 2452 332 DOCTRINAM
2494 271 2979 334 PERTINENTIA.

1675 447 1677 450 .
1756 403 1759 406 ‘
1807 394 1862 464 Α
1886 391 2160 460 hominis,
2186 400 2241 448 et
2295 391 2730 461 persecutionem
2773 407 2931 463 quam
2985 405 3244 462 passurus
3273 401 3354 450 est
3386 435 3402 462 ,
3431 403 3486 452 et

3385 277 3488 335 630

1881 484 2264 540 contumeliam
2296 498 2481 554 quam.
2515 525 2528 538 .
2560 526 2573 540 .
2612 524 2625 539 .
2654 523 2667 538 .
2699 524 2713 540 .
2742 524 2756 540 .
2784 526 2797 539 .
2829 525 2841 538 .
2875 525 2887 539 .

2353 638 2834 696 FRAGMENTUM
2868 639 3013 698 XXI.

2336 815 2348 827 .
2377 816 2390 830 .
2427 812 2442 828 .
2479 816 2492 828 .
2532 816 2545 829 .
2579 812 2591 826 .
2620 774 2761 830 ﬁlios
2791 776 2911 831 voci
2940 775 3160 833 Micheie
3187 786 3241 836 et
3261 780 3485 854 reliquis

1884 867 2186 938 prophetis,
2210 867 2393 923 dicens
2417 867 2469 922 in
2489 883 2574 937 eo,
2611 868 2662 922 in
2691 885 2798 940 quo
2827 869 3162 940 pr0phetiam
3188 889 3360 930 meam
3391 891 3486 931 au-

1881 963 2037 1017 distis
2067 981 2080 1017 :
2107 962 2213 1016 vidi
2235 963 2476 1034 angelum
2507 963 2792 1036 gloriosum
2819 981 2922 1020 non
2951 967 3231 1022 secundum
3260 969 3482 1039 gloriam

1881 1057 2203 1130 angelorum,
2229 1074 2357 1126 quos
2383 1074 2476 1128 ego
2526 1073 2724 1128 semper
2745 1059 2975 1113 videbam
3002 1103 3016 1127 ,
3052 1062 3144 1115 sed
3196 1063 3483 1119 claritatem

1880 1165 2119 1222 magnam
2142 1161 2186 1203 et
2207 1160 2439 1202 sanctam
2466 1150 2754 1214 habentem,
2789 1167 2942 1219 quant
2971 1169 3062 1222 ego
3089 1154 3376 1211 claritatem
3397 1173 3486 1212 ex-

1881 1259 2068 1311 ponere
2099 1258 2198 1295 nou
2222 1258 2449 1310 possunt.
2487 1239 2558 1295 Et
2583 1244 2794 1297 accessit
2818 1253 2864 1297 et
2888 1246 3046 1298 tenuit
3069 1243 3275 1302 manum
3295 1266 3481 1316 meam,

1881 1347 1927 1391 et
1957 1335 2131 1390 dixit:
2160 1333 2230 1389 Et
2268 1335 2380 1406 quis
2403 1353 2452 1389 es
2475 1345 2550 1401 tu,
2595 1346 2640 1388 et
2663 1337 2799 1406 quod
2829 1336 2917 1390 tibi
2943 1354 3126 1393 nomen
3153 1351 3249 1409 est,
3280 1353 3327 1396 ct
3383 1360 3483 1414 quo

208 1429 424 1485 duxisset
445 1445 660 1485 nomen.
697 1470 710 1484 .
748 1470 762 1484 .
797 1468 811 1484 .
850 1472 865 1486 .
902 1469 914 1482 .
941 1469 954 1483 .
993 1470 1005 1483 .
1039 1469 1052 1482 .
1090 1469 1103 1482 .
1139 1467 1153 1483 .
1184 1468 1195 1480 .
1233 1471 1245 1482 .
1276 1469 1288 1482 .
1321 1429 1455 1482 dixit
1486 1469 1498 1482 .
1532 1467 1545 1483 .
1585 1468 1598 1484 .
1636 1465 1648 1482 .
1674 1469 1687 1482 .
1716 1469 1730 1484 .
1759 1468 1772 1483 .
1878 1448 1960 1486 me
2002 1431 2196 1485 tolles?
2239 1430 2415 1500 accepi
2458 1431 2596 1484 enim
2629 1431 2761 1484 vires
2816 1431 3058 1501 loquendi
3099 1450 3215 1487 cum
3276 1451 3352 1490 eo.
3415 1435 3483 1490 Et

210 1522 294 1578 bus
341 1524 389 1578 in
418 1537 711 1590 carcerem,
745 1531 800 1577 et
825 1521 1170 1592 perduxisset.
1198 1537 1292 1577 eos
1324 1523 1376 1576 in
1409 1530 1648 1576 utentem
1677 1520 1778 1578 Me-
1880 1523 2010 1578 dixit
2042 1524 2170 1577 milii
2201 1540 2218 1576 :
2247 1521 2375 1576 Cum
2401 1531 2446 1576 te
2471 1523 2764 1590 imposuere
2797 1533 2842 1576 et
2883 1523 3151 1578 ostendero
3197 1526 3287 1580 tibi
3330 1528 3484 1581 visio-

207 1620 305 1675 dor.
340 1658 352 1673 .
380 1656 395 1672 .
430 1659 443 1672 .
476 1659 490 1673 .
529 1659 543 1673 .
575 1658 587 1670 .
619 1659 632 1672 .
663 1657 676 1671 .
707 1660 720 1673 .
755 1659 770 1672 .
805 1658 816 1670 .
854 1659 867 1672 .
901 1658 912 1672 .
943 1658 956 1672 .
991 1617 1057 1674 ad
1089 1616 1288 1676 Hnnien
1313 1617 1517 1685 Gozau,
1539 1618 1777 1683 Bechira
1879 1633 2015 1681 nem,
2049 1626 2261 1686 propter
2284 1614 2420 1684 quod
2447 1615 2468 1646 ⁸
2509 1614 2578 1668 ad
2599 1623 2646 1668 te
2680 1616 2865 1669 missus
2892 1632 3027 1679 sum,
3063 1603 3200 1671 tunc.
3231 1619 3484 1692 intelliges

205 1713 288 1768 fuit
307 1712 565 1782 juvenior,
591 1719 648 1766 et
671 1709 808 1782 fugit
835 1720 890 1766 et
946 1711 1190 1781 pervenit
1232 1709 1670 1782 Hierosolymam
1719 1713 1773 1766 in
1879 1714 1966 1781 qui
1997 1711 2114 1775 sim,
2141 1725 2324 1762 nomen
2348 1718 2516 1762 autem
2538 1723 2705 1761 meum
2734 1724 2835 1762 non
2879 1707 3051 1761 dicam
3073 1711 3161 1763 tibi
3185 1752 3201 1778 ,
3237 1727 3292 1764 eo
3340 1712 3481 1783 quod

205 1804 370 1861 diebus
393 1805 595 1859 Ezecite
627 1805 767 1874 regis
795 1801 949 1858 Judae
976 1821 988 1856 :
1012 1820 1118 1859 non
1147 1803 1459 1858 ambulabat
1487 1805 1558 1858 in.
1601 1847 1610 1857 .
1649 1845 1661 1858 .
1697 1845 1709 1857 .
1748 1847 1760 1859 .
1793 1803 1844 1865 B
1875 1804 2140 1857 revertaris
2167 1803 2218 1856 in
2249 1817 2473 1856 carnem.
2510 1800 2637 1855 Cum
2665 1801 2796 1853 enim
2849 1801 3120 1856 sustuleris
3147 1811 3214 1870 te,
3245 1812 3367 1857 tunc
3408 1805 3483 1857 vi-

206 1940 250 1953 ..
279 1941 290 1954 .
315 1940 328 1953 .
352 1941 365 1954 .
396 1896 656 1954 Samaria:
683 1898 851 1968 patris
896 1897 1014 1965 sui,
1047 1899 1302 1968 quoniam
1358 1896 1577 1952 timebat
1631 1898 1770 1954 Ezc-
1875 1898 2036 1954 debis.
2073 1897 2297 1967 Propter
2323 1896 2418 1950 hoc
2448 1898 2582 1950 enim
2613 1895 2797 1952 missus
2825 1912 2940 1949 sum
2988 1906 3042 1949 ut
3074 1896 3293 1952 veniam.
3336 1897 3478 1953 Sim-

202 1994 336 2049 ciam.
366 1993 428 2048 Et
451 1994 701 2046 inventus
755 1999 840 2046 est
889 1991 940 2045 in
1001 1999 1249 2062 tempore
1294 1991 1500 2047 Ezecize
1542 1991 1772 2063 loquens

203 2089 340 2143 verba
362 2086 638 2157 injustitize
691 2085 744 2140 in
778 2084 1138 2150 Hierusalem,
1169 2093 1224 2139 et
1267 2100 1314 2139 s.
1347 2125 1358 2137 .
1391 2127 1405 2140 .
1444 2125 1457 2140 .
1502 2125 1514 2138 .
1545 2127 1559 2140 .
1591 2125 1604 2140 .
1644 2126 1658 2139 .
1695 2125 1708 2140 .
1755 2125 1769 2139 .

509 2177 1774 2250 apucris............inregioneBe-

202 2275 337 2330 clem.
365 2274 427 2329 Et
453 2274 787 2344 contempsit
833 2272 1061 2329 Bechira
1113 2271 1330 2328 Esaiam
1374 2281 1430 2327 et
1481 2273 1773 2343 prophetas

203 2367 275 2440 qui
303 2383 412 2422 cum
443 2383 508 2423 eo
537 2377 697 2423 erant
719 2368 928 2433 dicens,
951 2368 1204 2438 quoniam
1249 2365 1435 2421 Esaias
1457 2378 1510 2422 et
1539 2368 1772 2439 prophe-

201 2472 278 2528 tte,
303 2462 382 2532 Qui
413 2479 529 2517 cum
549 2463 650 2516 illo
681 2471 825 2529 sunt,
860 2462 1252 2533 prophetahant
1277 2464 1327 2516 in
1364 2462 1724 2517 Hierusalem.
1752 2500 1768 2518 .

203 2597 213 2608 .
241 2594 252 2607 .
283 2596 295 2608 .
322 2569 353 2608 a.
376 2555 613 2610 civitatis
639 2554 848 2623 Judeae,
874 2557 1126 2626 quoniam
1157 2555 1503 2621 deseruntur,
1537 2563 1594 2610 et
1625 2555 1677 2609 in
1708 2555 1772 2610 li-

201 2647 285 2702 lios
309 2647 482 2704 Judete
501 2661 550 2703 et
571 2649 706 2704 bon.
735 2689 749 2703 .
787 2688 800 2702 .
836 2691 848 2703 .
888 2689 899 2701 .
930 2688 942 2701 .
972 2689 984 2702 .
1021 2641 1070 2702 ..
1119 2648 1374 2720 quoniam
1431 2648 1628 2718 captivi
1671 2648 1770 2703 du-

199 2753 381 2798 cuntur.
417 2744 476 2798 Et
502 2744 655 2809 inde,
680 2743 899 2798 domine
930 2759 1022 2799 rex
1052 2743 1304 2814 quoniam
1337 2744 1487 2816 galea
1519 2758 1665 2814 grec.
1705 2785 1718 2797 .
1751 2786 1764 2800 .

317 2879 327 2890 .
360 2854 449 2907 per
472 2838 672 2892 ferrum
707 2837 992 2892 deduceris
1031 2854 1043 2889 :
1079 2837 1176 2906 ipsi
1227 2837 1684 2907 prephetaverunt
1713 2837 1767 2892 in

199 2928 373 2984 Israhel
400 2939 451 2985 et
479 2931 530 2985 in
556 2929 700 2986 Juda
728 2939 781 2984 et
811 2930 865 2984 in
909 2929 1243 2984 Hierusalem
1271 2946 1286 2984 :
1311 2939 1364 2984 et
1411 2930 1526 2996 ipse
1581 2931 1768 2986 Esaias

196 3021 309 3077 dixit
335 3038 389 3080 se
418 3025 534 3096 plus
573 3040 740 3095 quam
793 3024 1013 3096 Moysen
1047 3026 1392 3094 prophetare.
1441 3024 1578 3080 Dixit
1622 3023 1764 3078 eiiitn

196 3116 376 3190 Moyses
410 3119 665 3188 quioniam
716 3119 880 3173 homo
937 3135 1041 3174 non
1096 3125 1280 3190 potest
1323 3118 1507 3173 videre
1563 3118 1726 3172 Deum
1747 3131 1768 3184 ;'

1876 1992 2078 2061 pliciter
2097 1991 2222 2044 mihi
2245 1989 2516 2062 respondet
2542 1997 2590 2042 et
2606 1989 2678 2042 ait
2725 1989 2852 2041 mihi
2875 2004 2892 2040 :
2922 1985 2992 2043 Et
3022 1992 3194 2060 majus
3228 2007 3308 2044 me
3339 1991 3482 2045 vide-

1876 2087 1971 2140 bis.
2007 2085 2265 2139 Hilariter
2282 2084 2586 2154 simpliciter
2637 2083 2865 2152 loquitur
2886 2092 2962 2138 tu.
2994 2125 3006 2137 .
3047 2129 3060 2140 .
3091 2082 3178 2156 [et
3221 2086 3480 2159 eminent]

1872 2179 2042 2234 iorum
2064 2179 2225 2250 ipsius
2246 2177 2501 2244 maiorum
2531 2176 2740 2231 videbis.
2768 2175 2990 2248 Propter
3020 2177 3115 2232 hoc
3131 2179 3266 2232 enim
3292 2181 3482 2234 missus

1873 2291 1986 2328 sum
2011 2291 2040 2327 a
2068 2273 2281 2344 septimo
2323 2271 2467 2337 aulo,
2497 2281 2553 2325 ut
2584 2271 2604 2303 ⁸
2636 2273 2809 2325 omnia
2835 2271 2926 2325 tibi
2968 2271 3251 2329 ostendam.
3276 2269 3345 2327 Et
3363 2291 3480 2328 sus-

1875 2368 1993 2422 tulit
2031 2383 2142 2434 me,
2174 2374 2219 2419 et
2241 2365 2452 2419 ascendi
2473 2381 2566 2438 ego
2596 2367 2706 2436 ipse
2732 2366 2784 2418 in
2810 2365 3032 2434 primunt
3058 2366 3476 2432 solidamentum,

1874 2471 1919 2516 et
1973 2461 2041 2514 ibi
2071 2459 2175 2512 vidi
2213 2458 2423 2513 Samuel
2454 2445 2526 2512 let
2557 2458 2916 2528 fortitudinem
2961 2458 3118 2529 ejus:
3147 2470 3196 2513 et
3224 2460 3388 2530 fuitin
3418 2479 3477 2516 eo

1873 2558 2061 2612 bellant
2091 2554 2303 2629 grande,
2335 2565 2382 2608 et
2409 2553 2580 2626 angeli
2612 2555 2823 2609 Satanae
2839 2554 2990 2608 simul
3013 2554 3480 2620 invidentes;sicut

1873 2651 2009 2705 enim
2033 2665 2180 2703 susus
2202 2649 2221 2678 ⁷
2253 2647 2327 2700 sic
2353 2647 2468 2700 etin
2497 2657 2651 2700 terra.
2672 2644 2739 2700 Et
2758 2646 2865 2700 dixi
2895 2646 3098 2718 angelo,
3123 2647 3210 2717 qui
3241 2648 3341 2719 fuit
3364 2663 3474 2702 ine-

1873 2765 1986 2801 cum
2008 2764 2025 2801 :
2047 2746 2182 2814 Quid
2210 2755 2284 2800 est
2314 2744 2500 2798 bellum
2532 2741 2649 2810 hoc,
2682 2753 2726 2797 et
2756 2741 3208 2810 quwinvidialiazc
3233 2742 3256 2796 ?
3277 2753 3323 2797 et
3346 2743 3482 2797 dixit

1873 2839 2044 2894 mihi:
2085 2839 2178 2895 Sic
2223 2848 2293 2892 est
2333 2853 2396 2891 ea:
2441 2854 2542 2908 qua
2569 2837 2590 2868 ⁸
2624 2837 2828 2890 oculum
2895 2839 3090 2913 factum
3115 2836 3136 2868 ’
3163 2843 3238 2890 est
3264 2877 3278 2902 ,
3317 2851 3478 2906 usque

1872 2949 2008 2986 nunc
2035 2939 2125 2996 est,
2153 2931 2225 2983 sic
2248 2931 2340 2984 erit
2362 2929 2548 2984 bellum
2577 2927 2746 2999 quoad
2768 2944 2930 2997 usque.
2959 2927 3126 2981 veniat
3153 2943 3300 3000 quem
3340 2931 3477 2982 visu-

1871 3044 1958 3080 rus
1979 3036 2072 3092 est,
2108 3035 2153 3078 et
2185 3021 2483 3078 emundabit
2519 3038 2653 3076 eum.
2695 3019 2759 3075 Et
2802 3032 2975 3094 postea
3009 3023 3184 3090 posuit
3213 3037 3294 3075 me
3323 3038 3478 3093 super

1870 3119 2302 3182 solidamentum;
2329 3126 2375 3169 et
2396 3116 2494 3184 fuit
2525 3115 2728 3177 caelum,
2763 3125 2806 3168 et
2834 3113 2939 3168 vidi
2980 3114 3052 3167 ibi
3083 3112 3254 3167 sedem
3287 3115 3341 3167 in
3369 3129 3474 3167 me-

195 3210 306 3265 dixit
330 3223 498 3268 autem
525 3211 720 3267 Esaias
751 3213 857 3266 vidi
885 3197 1072 3276 chm,
1098 3221 1150 3266 et
1173 3227 1298 3266 ecce
1343 3209 1482 3265 vivo.
1513 3210 1617 3276 Tu,
1643 3227 1758 3280 rex,
1792 3207 1838 3270 C
1870 3211 1976 3273 dio,
2012 3218 2060 3263 et
2082 3206 2150 3261 ad
2181 3207 2445 3262 dexteram
2469 3210 2578 3280 ejus
2606 3215 2654 3260 et
2674 3206 2741 3259 ad
2777 3207 3039 3260 sinistram
3081 3205 3253 3280 angeli
3287 3217 3472 3274 erant;

196 3303 402 3376 intellige
431 3306 687 3378 quoniam
719 3305 950 3360 mendax
982 3314 1063 3360 est
1109 3322 1120 3357 :
1161 3317 1207 3359 et
1245 3319 1375 3360 ecce
1421 3304 1759 3360 Hierusalem

197 3395 455 3453 Sodomam
480 3399 639 3463 dixit,
671 3408 723 3454 et
747 3399 1020 3470 principr
1048 3397 1164 3468 ejus
1196 3410 1244 3452 el
1271 3395 1455 3452 Judea:
1481 3405 1535 3452 et
1564 3396 1760 3452 Hieru-

197 3494 337 3549 salem
377 3496 633 3566 populum
680 3493 958 3551 Gomorrte
1008 3491 1310 3547 nominabit
1339 3492 1379 3545 ³.
1423 3492 1488 3545 Ει
1537 3508 1658 3546 cum
1709 3493 1760 3546 in

194 3587 347 3640 multis
367 3587 600 3642 detraxit
630 3587 802 3642 Esaia:
829 3596 881 3642 et
913 3570 1212 3656 prophetis,
1238 3593 1294 3639 et
1318 3585 1625 3655 supersedit
1655 3584 1760 3639 Be-

195 3676 344 3732 liacin
371 3680 528 3738 corde
576 3679 852 3744 Mauasse,
885 3686 938 3733 et
961 3679 1121 3733 corda
1177 3678 1475 3748 principum
1515 3677 1667 3732 .Iudaa
1709 3687 1765 3733 et

195 3769 440 3840 Benjamin
471 3784 522 3828 et
558 3771 863 3843 spadonum
889 3781 941 3824 et
980 3771 1417 3825 consiliariorum
1443 3769 1464 3800 ⁸
1496 3769 1660 3840 regis.
1697 3771 1763 3826 Et

193 3864 475 3932 placuerunt
501 3865 580 3921 eis
606 3880 886 3920 sermones
909 3863 1161 3929 Bechire,
1187 3872 1242 3918 et
1273 3863 1545 3917 mandavit
1570 3878 1689 3929 rex,
1709 3870 1766 3918 et

191 3959 638 4029 apprehenderunt
663 3959 898 4018 Esaiam.
934 3957 1220 4013 Fuitenim
1263 3957 1443 4012 Beliac
1476 3959 1637 4013 bilem
1667 3957 1763 4011 ha-
1804 4008 1812 4017 ,

192 4047 305 4105 beus
330 4054 377 4106 in
404 4051 621 4108 Esaiam
653 4061 874 4124 propter
924 4051 1066 4122 quod
1111 4053 1164 4106 in
1215 4065 1275 4104 se
1318 4050 1620 4105 aStenderit
1664 4051 1762 4106 Sa-

193 4145 677 4216 mael,etquoniam
719 4147 835 4214 ipse
868 4142 1134 4200 nuntiavit
1184 4144 1474 4198 adventum
1515 4143 1760 4198 Dilectis-

191 4235 291 4290 simi
312 4235 374 4292 de
401 4240 632 4310 septimo
659 4238 800 4293 coelo
821 4247 874 4291 et
898 4237 1321 4308 'l‘rausligurati;
1354 4254 1515 4308 quem
1563 4238 1681 4308 ejus
1709 4247 1763 4295 et

191 4330 463 4390 discessum
487 4347 540 4392 et
582 4335 812 4392 formam
860 4334 912 4390 in
961 4351 1064 4408 qua
1120 4338 1593 4410 transliguraretur
1642 4355 1764 4396 esse

249 4471 405 4548 fQod.
462 4475 766 4548 Ochusiam:
1048 4547 1056 4548 ί
1127 4546 1138 4548 _
1788 4487 1841 4548 D

247 4543 408 4671 :gpd.
459 4547 674 4671 nidetur
721 4545 1004 4606 Carnarius.
1036 4546 1143 4605 Sed
1170 4556 1315 4604 recte
1356 4548 1516 4610 infra.

342 4634 369 4671 2
396 4635 458 4671 CO
503 4662 516 4671 .

248 4621 266 4644 ³
297 4621 369 4674 lla
396 4621 516 4675 cod.

244 4683 264 4715 ‘
293 4689 416 4745 Cod.
446 4691 766 4747 consiltario.

246 4758 266 4790 ⁵
301 4759 375 4816 Ita
398 4764 520 4819 cod.

247 4830 265 4860 ⁸
304 4830 431 4891 Cod.
477 4845 546 4890 et.

246 4901 352 4959 illa
413 4907 535 4964 cod.
577 4908 798 4980 antiqua
844 4905 1224 4981 orthographia
1287 4917 1346 4966 ut
1402 4927 1554 4967 rusus
1619 4912 1759 4984 apud

189 4969 510 5034 Frontonem.

247 5104 270 5132 ⁸
296 5099 418 5167 Quae
445 5109 748 5171 sequuntur
771 5141 786 5166 ,
815 5099 1111 5172 fragmenta
1137 5097 1244 5172 duo
1273 5139 1290 5166 ,
1320 5115 1514 5172 nempe
1566 5117 1661 5158 xu
1710 5109 1764 5157 et

191 5181 271 5235 xx,
295 5174 448 5242 petita
467 5167 720 5228 videnlur
742 5188 811 5228 ex
831 5167 1156 5242 apocryphis
1177 5167 1390 5232 Veteris
1411 5167 1766 5243 quodammo-

251 5311 393 5386 Hota.
407 5347 474 5386 e-
489 5315 746 5381 Quoniam
761 5315 812 5367 in
830 5314 953 5367 meis
966 5312 1032 5367 ad
1048 5312 1239 5367 Ariana
1254 5317 1542 5386 fragmenta
1557 5312 1768 5368 scholiis

199 5379 379 5439 Hilario
425 5379 735 5441 Pir'taviensi
769 5387 1050 5455 plurimum
1080 5402 1203 5439 usus
1229 5379 1360 5449 sum:
1393 5385 1530 5440 venit
1562 5386 1687 5438 mihi
1717 5386 1771 5438 in

198 5468 391 5530 mentem
427 5458 618 5513 Hilarii
661 5457 877 5511 alterius
908 5458 1258 5530 Arelatensis,
1305 5461 1456 5530 cujus
1484 5458 1773 5525 deperditos

203 5526 256 5579 de
279 5533 406 5597 [ante
445 5533 655 5584 ardente
679 5547 854 5584 versus
884 5539 1127 5601 memorat
1159 5526 1473 5601 biograplius
1501 5532 1613 5597 eius
1641 5530 1775 5582 anti-

207 5613 316 5666 quus
343 5603 515 5670 (apud
561 5602 798 5668 Queiiiel.
831 5617 917 5672 ορ.
947 5600 1013 5672 ᾗ.
1050 5599 1308 5668 Leon.,‘t.
1335 5599 1384 5666 l,
1413 5619 1466 5672 p.
1497 5602 1653 5668 507),
1687 5617 1778 5670 ego

215 5683 362 5748 autem
391 5690 550 5748 ﬂitj‘Bi'
595 5676 827 5748 legebam,
848 5677 901 5726 in
946 5671 1200 5748 Vaticano
1231 5671 1422 5748 codice
1443 5673 1566 5748 satis
1594 5683 1775 5748 vetere,

224 5739 294 5816 tibi
321 5739 613 5812 Opusculuni
641 5739 912 5816 "quoddam
938 5747 1174 5800 scribitur
1207 5747 1266 5800 de
1296 5743 1472 5798 mundi
1499 5744 1780 5816 miraculis.

232 5809 382 5876 Immo
428 5827 543 5870 ante
586 5809 779 5889 Hilarii
835 5832 1051 5886 versus,
1102 5819 1440 5890 fragmentum
1495 5815 1676 5892 legitur
1723 5831 1789 5874 ea:

1869 3303 2038 3376 angeli
2062 3301 2130 3355 ad
2175 3302 2436 3356 sinistram
2459 3299 2522 3365 1°,
2552 3299 2720 3369 qualis
2744 3299 2784 3329 “
2808 3297 2876 3350 ad
2900 3297 3131 3352 dextram
3152 3299 3195 3328 ¹²
3221 3297 3325 3351 :ad
3347 3298 3470 3352 dea:-

1870 3404 2000 3448 tram
2025 3394 2158 3447 enim
2189 3394 2473 3447 claritatem
2509 3409 2748 3464 magnam
2778 3389 2822 3421 ¹³
2847 3388 3134 3444 habuerunt
3158 3405 3176 3443 :
3202 3398 3250 3444 et
3279 3389 3468 3444 lauda-

1870 3488 1992 3542 bant
2013 3503 2187 3542 omnes
2216 3504 2320 3542 una
2341 3503 2460 3540 voce
2483 3501 2501 3541 :
2533 3495 2578 3540 et
2624 3484 2768 3539 sedes
2793 3493 2904 3538 erat
2948 3485 3002 3536 in
3053 3482 3246 3550 medio,
3267 3494 3314 3537 et
3341 3501 3373 3537 a
3398 3484 3471 3537 si-

1870 3584 2030 3636 nistra
2053 3591 2231 3652 postea
2256 3579 2632 3636 benediccbant.
2677 3575 2805 3634 Fuit
2831 3588 2999 3632 autem
3036 3593 3135 3632 vox
3176 3595 3207 3631 a
3235 3578 3465 3644 sinistro,

1873 3695 1974 3733 non
1995 3680 2123 3734 sicut
2152 3696 2243 3734 nec
2269 3681 2438 3734 minus
2479 3688 2585 3734 erat
2615 3679 2723 3734 illis
2745 3679 2962 3745 similis;
2990 3689 3034 3736 et
3081 3681 3259 3754 rogavi
3307 3697 3468 3754 ange-

1872 3773 1976 3827 lum
2002 3773 2088 3840 qni
2119 3789 2198 3827 me
2228 3772 2474 3838 ducebat,
2525 3783 2571 3826 et
2613 3773 2724 3827 dixi
2768 3773 2814 3826 ei
2840 3789 2857 3826 :
2883 3773 2982 3826 Cui
3046 3773 3252 3828 mittunt
3300 3775 3474 3847 angeli

1871 3867 2086 3939 hymnos
2111 3866 2188 3921 "‘?
2216 3876 2264 3922 et
2293 3867 2420 3920 dixit
2440 3865 2564 3920 mihi
2592 3883 2609 3920 :
2641 3865 2835 3921 Gloriae
2863 3867 3085 3922 sedentis
3107 3868 3310 3937 septimi
3335 3867 3470 3934 coeli,

1871 3962 1957 4033 qui
1983 3969 2056 4015 est
2083 3961 2314 4033 perpetui
2369 3959 2569 4026 saeculi,
2593 3969 2640 4015 et
2680 3959 2867 4016 dilecto
2917 3962 3030 4032 ejus
3065 3979 3096 4014 a
3142 3979 3243 4035 quo
3285 3963 3470 4018 missus

1871 4073 1982 4112 sum
2009 4057 2076 4110 ad
2096 4069 2162 4110 te.
2196 4056 2263 4110 Et
2283 4058 2506 4128 imposui
2539 4074 2620 4111 me
2635 4058 2920 4112 secundum
2950 4059 3153 4127 caelum,
3189 4071 3235 4114 et
3268 4063 3374 4132 fuit
3391 4063 3470 4114 αι.

1869 4150 2032 4204 titudo
2058 4151 2170 4205 caeli
2194 4150 2363 4220 quatis
2389 4169 2421 4206 a
2449 4151 2574 4206 catlo
2610 4168 2770 4223 usque
2811 4153 2880 4204 ad
2918 4162 3108 4208 terram
3129 4163 3177 4208 et
3192 4155 3260 4207 ad
3288 4155 3469 4224 ﬁrma-

1871 4256 2097 4300 mentum
2122 4261 2138 4299 :
2167 4244 2237 4299 Et
2265 4245 2369 4299 vidi
2397 4243 2467 4298 ibi
2495 4245 2749 4315 quomodo
2779 4245 3006 4299 videram
3031 4247 3084 4298 in
3128 4248 3292 4316 primo
3341 4249 3465 4304 caelo

1871 4337 2079 4412 angelos
2100 4337 2307 4394 dextros
2338 4347 2384 4392 et
2414 4337 2652 4394 sinistros
2679 4347 2726 4392 et
2746 4337 2892 4393 sedes
2945 4337 3163 4396 medias.
3193 4381 3206 4395 .
3234 4381 3249 4396 .
3279 4380 3292 4394 .
3312 4381 3326 4396 .
3361 4380 3375 4396 .
3401 4382 3414 4398 .
3450 4382 3466 4398 .

1937 4482 1960 4514 ⁸
1990 4479 2064 4534 Ita
2095 4476 2216 4532 cod.

1937 4556 1956 4587 ⁸
1984 4551 2061 4606 Ita
2079 4549 2199 4605 cod.

1937 4625 1978 4655 ¹⁰
1999 4621 2111 4678 Cod
2156 4619 2223 4674 ad
2247 4618 2474 4674 sinistra.

1939 4697 1978 4728 ¹¹
2011 4695 2085 4749 lta
2107 4691 2230 4747 cod.

1938 4768 1980 4799 ¹¹
2011 4764 2145 4819 Cod.
2196 4763 2263 4816 ad
2292 4761 2489 4817 dextra.

1939 4838 1983 4871 “
2005 4835 2138 4908 Cod.
2179 4850 2388 4908 magna.

1944 4910 1988 4942 “
2013 4907 2147 4966 Cod.
2176 4905 2410 4978 hymnus.

1874 5100 1944 5156 do
1976 5095 2306 5154 Testamenti
2332 5093 2505 5150 libris.

1874 5311 2140 5381 deperdita
2168 5310 2285 5382 item
2309 5305 2442 5362 Julii
2483 5305 2676 5382 Titiani
2708 5306 2848 5382 (qui,
2877 5308 2968 5364 sub
3009 5308 3289 5382 Commodo
3315 5309 3476 5382 vixit)

1881 5377 2258 5456 chorographia
2281 5422 2295 5446 ,
2343 5377 2849 5456 quanLServiu‘s’ad
2892 5396 3108 5456 wn._lv,
3143 5379 3246 5456 45,
3273 5377 3472 5438 laudat;

1885 5455 1949 5509 In
1981 5449 2157 5508 eodem
2190 5453 2437 5523 apus_culo
2473 5449 2936 5523 Pliwnim__quoque
2977 5450 3236 5523 Lactantii
3266 5457 3474 5523 citatur,

1885 5538 1930 5582 et
1963 5526 2183 5581 Berosus
2224 5525 2278 5577 in
2305 5521 2653 5592 Babylonicis.
2693 5521 2878 5575 Verum
2908 5523 2986 5577 his
3008 5522 3230 5591 omissis,
3255 5521 3478 5580 tractum

1887 5601 2038 5654 illum
2074 5595 2326 5660 recitabo,
2369 5596 2458 5669 qui
2495 5593 2548 5648 J.
2596 5593 2790 5669 Tt'tlani
2841 5593 3144 5669 Htlllriique
3188 5599 3482 5669 fragmmta

1891 5672 2034 5726 nobis
2080 5669 2294 5723 exhibit.
2356 5667 2619 5734 Quartum
2664 5667 2980 5720 miraculum
3033 5666 3233 5722 Ailhna
3261 5666 3289 5732 ,’
3325 5671 3482 5734 cujus

1897 5743 2096 5798 momis
2143 5739 2390 5794 meminit
2434 5749 2488 5792 ct
2535 5737 2621 5789 ille
2667 5735 2842 5792 Julius
2885 5735 3130 5794 Titianus
3183 5739 3266 5794 his
3303 5741 3485 5797 verbis

1897 5815 2125 5871 dicens;
2174 5829 2191 5864 t
2226 5809 2440 5866 Montes
2467 5807 2693 5866 maximi
2719 5807 2772 5866 in
2797 5807 2982 5866 Sicilia
3009 5827 3096 5881 tv,
3127 5811 3357 5884 Erycus,
3386 5811 3493 5872 Ne—
