3972 6352
440 193 536 246 651

936 191 1364 251 ΜΟΝυΜΕΝΤΑ
1411 193 1686 250 VETERA
1732 197 1825 251 AD
1863 195 2276 254 ABIANORUM
2320 195 2721 256 DOCTRINAM
2762 199 3250 262 PER'I'INEN'I’IA.

3615 211 3700 268 63‘!

441 308 676 393 brodes,
709 309 1024 393 Neptunus,
1058 318 1114 393 et
1143 283 1344 364 Ethna
1379 328 1392 362 :
1419 324 1585 393 quem
1612 309 1807 393 videns
1843 311 2044 393 sasinus
2071 313 2125 374 Α
2149 314 2742 393 comprehenduntur.”
2765 315 2975 393 Manum
3005 335 3240 393 quoque
3291 322 3334 378 si
3367 323 3571 393 mittas,
3615 344 3702 383 non

441 379 690 435 flammas
717 397 748 437 e
784 379 988 436 vertice
1029 383 1278 446 volvere,
1313 379 1522 436 sentire
1546 381 1693 436 orbis
1739 397 1906 451 prope
1925 379 2042 438 fide

439 453 818 508 credentium‘
853 469 868 506 :
900 467 1226 521 quamquam
1253 451 1302 506 id
1327 466 1448 508 cum
1480 453 1654 522 primo
1682 453 1873 508 Bonna:
1903 470 2042 509 nun-

445 524 633 578 tiatum
666 537 748 579 est
779 523 980 579 arsis~e
1000 565 1015 589 ,
1047 524 1232 578 ethoc
1258 524 1368 592 jam
1399 525 1449 578 in
1483 525 1742 579 menstris
1785 540 2042 592 procura-

445 605 556 649 tum
589 605 690 648 est.
728 615 747 648 »
791 596 1051 663 Quintum
1083 605 1169 650 est
1208 595 1277 651 de
1317 595 1465 650 fonte
1508 596 2039 666 Gratianopolitano,

444 666 513 720 de
545 682 652 737 quo
683 668 842 722 simul
886 678 941 720 et
973 668 1113 721 latex
1149 677 1330 722 manat
1367 678 1420 722 et
1452 668 1607 737 ignis.
1655 668 1786 723 Nam
1819 667 1972 724 vides
2010 687 2042 724 υ

445 736 698 810 nymphis
746 739 1436 810 flammassupervolarc,
1475 736 1674 795 hauris
1721 755 1916 810 aquam
1972 740 2040 796 de

448 808 628 863 niediu
656 808 834 876 fonte;
883 809 1096 876 curris,
1129 809 1302 876 bibis,
1341 824 1442 865 nec
1473 808 1810 874 incenderis;
1844 820 2052 878 portas,

451 895 552 956 nec
590 879 659 934 ab
702 883 824 952 igne
869 881 1370 956 comprehenderis.
1416 880 1568 956 Quod
1623 883 1667 938 si
1709 897 1925 956 cereum
1971 884 2055 938 vel

448 952 616 1008 tardas
661 953 986 1019 admoveas,
1039 953 1286 1023 pretinus
1334 965 1391 1008 ut
1436 955 1680 1010 flammas
1730 955 2048 1025 attigerunt,

514 1073 527 1088 ‘
565 1069 724 1120 Locus
745 1075 1022 1133 corruptus.

2151 396 2452 441 crematur.
2487 385 2620 442 Hinc
2659 387 2898 443 Hilarius
2927 385 3284 459 quitl'em'ait:

2273 505 2324 573 Si
2347 521 2470 556 vere
2496 518 2713 560 exurunt
2735 511 2898 573 ignes.
2925 523 3012 561 cur
3037 513 3214 572 vivitis,
3231 515 3410 568 undae?

2273 570 2325 639 Si
2349 583 2470 639 vero
2490 570 2945 639 extingunt'undaz,
2965 588 3052 623 cur
3076 570 3258 634 vivitis,
3281 580 3456 639 ignes?

2273 631 2594 706 Lympharum
2623 631 2670 684 in
2691 637 2896 699 gremiis
2919 631 3142 706 inimicus
3163 631 3390 706 conditur
3413 644 3561 706 ignis:

2335 695 2730 761 Communcsque
2753 707 2892 749 ortus
2924 700 3134 763 imperat
3157 702 3254 752 alta
3279 695 3474 766 manus,
3504 714 3590 758 etc.

2234 807 2354 895 Non
2397 811 2573 895 retulit
2602 812 2833 895 reliquos
2863 831 3038 895 uersus
3064 828 3248 870 auctor
3281 819 3514 885 apusculi
3534 864 3547 886 ,
3591 827 3711 895 cujus

2159 882 2568 958 artas_(stcc._w)
2595 882 2726 958 inde
2742 887 2892 957 argui
2913 898 3099 958 potest,
3123 890 3262 956 quod
3286 882 3340 944 in
3363 907 3419 944 co
3447 882 3711 947 metueretur

2158 950 2414 1022 Sigeberti
2463 951 2482 1006 Ι
2537 950 2673 1027 regis
2699 950 2866 1012 obitas
2892 950 3047 1013 ueluti
3075 950 3190 1033 ejus
3215 964 3460 1034 temporis
3485 976 3682 1020 eventus.

988 1357 1680 1444 SERMONUM
1737 1357 2561 1468 ANTIQUORUM
2612 1351 3235 1468 RELIQUI/E

1231 1539 1316 1582 EX
1360 1538 1507 1583 ALIO
1551 1536 1983 1584 PALIMPSESTO
2016 1537 2461 1584 BIBLIOTIIECB
2507 1509 2952 1585 AMBROSIA‘NE.

979 1850 1465 1909 FRAGMENTUM
1504 1852 1544 1906 I.

978 1961 1172 2004 INCIPIT
1211 1961 1387 2002 SEMO
1426 1962 1484 2001 III
1519 1956 1566 1999 θ.

539 2066 798 2122 Dominus
826 2073 1011 2120 noster
1029 2061 1192 2119 Jesus
1211 2058 1464 2116 Christus
1491 2059 1610 2130 ipse
1634 2065 1718 2115 est
1748 2057 2066 2113 fundamen-

465 2171 577 2215 tum
597 2203 612 2229 ,
645 2160 761 2232 ipse
792 2157 1086 2230 perfectio,
1116 2156 1232 2226 ipse
1261 2154 1557 2226 angularis.
1591 2154 1638 2209 Α
1666 2163 1811 2209 terra
1839 2160 1925 2208 est
1953 2159 2010 2206 et
2037 2165 2066 2205 a

462 2255 600 2309 caelo
625 2269 639 2306 :
668 2251 735 2307 de
775 2250 918 2308 caelo
955 2249 1102 2305 enim
1161 2247 1447 2304 descendit
1492 2247 1664 2314 Deus,
1698 2255 1752 2301 et
1791 2245 2066 2301 hominem

460 2344 755 2413 assumpsit
781 2342 850 2397 de
889 2351 1064 2407 terra,
1098 2349 1155 2396 et
1185 2340 1424 2396 sociatus
1463 2348 1547 2395 est
1578 2337 1804 2395 homini.
1832 2337 1974 2394 Ecce
1999 2335 2069 2394 de

462 2436 626 2502 cmlo,
655 2451 783 2491 ecce
813 2433 1249 2501 fundamentum,
1276 2449 1408 2489 ecce
1437 2433 1771 2504 angularem.
1805 2431 1906 2488 Hic
1932 2432 2070 2487 bene

463 2527 793 2596 complacuit
820 2527 873 2581 in
918 2526 1230 2581 hominibus
1261 2544 1273 2578 ε
1309 2535 1364 2580 et
1393 2525 1508 2590 his,
1538 2525 1628 2594 qui
1654 2523 1723 2579 de
1749 2535 1894 2579 terra
1918 2533 2067 2590 sunt,

379 2671 383 2674 .
462 2621 616 2677 dedit
643 2620 908 2691 Spiritum
939 2627 1187 2674 sanctum
1215 2618 1284 2674 de
1312 2619 1490 2684 cmlo;
1521 2626 1578 2672 ut
1599 2625 1656 2673 et
1679 2617 1991 2687 superiores
2018 2624 2074 2672 et

468 2711 758 2768 inferiores
785 2727 948 2767 unam
995 2714 1200 2767 faceret
1231 2710 1569 2775 Ecclesium;
1606 2709 1708 2764 hoc
1751 2718 1834 2764 est
1875 2707 2073 2764 divini-

469 2808 565 2862 tati
617 2807 1050 2874 humanitatem,
1100 2805 1439 2864 divinitatem
1487 2804 1810 2860 humanitati
1868 2803 2070 2874 permi-

469 2917 634 2961 scens
660 2901 713 2956 ι’.
745 2901 881 2958 Cum
913 2913 1099 2958 autem
1133 2899 1548 2956 fundamentum
1590 2897 1856 2964 audieris,
1893 2897 2075 2952 Domi—

474 3014 602 3053 num
629 2997 903 3067 intellige:
931 2996 1104 3067 ipsum
1131 2997 1148 3028 ¹
1179 2996 1322 3052 enim
1343 2993 1756 3050 fundamentum
1783 2991 2075 3050 demensus

468 3105 574 3150 e5t.
619 3092 859 3163 Lapides
889 3092 979 3163 qui
1021 3107 1186 3162 super
1233 3090 1607 3156 aedificantur,
1653 3105 1840 3160 parem
1881 3087 2074 3144 funda-

471 3197 658 3246 mento
706 3186 909 3242 debent
951 3186 1157 3242 habere
1205 3199 1557 3248 mensuram,
1605 3193 1666 3238 ut
1715 3181 2020 3239 mdifiraudi
2050 3185 2071 3215 ³

475 3281 661 3338 usibus
697 3280 1039 3336 conveniens
1069 3277 1164 3332 fiat
1197 3319 1209 3331 .
1245 3319 1261 3334 .
1301 3319 1314 3332 .
1352 3315 1367 3329 .
1401 3313 1418 3331 .

977 3391 1463 3450 FRAGMENTUM
1509 3391 1571 3447 Il.

1053 3524 1119 3564 EX
1162 3521 1406 3563 SEBIONE
1446 3522 1502 3560 ν.

550 3669 562 3682 .
593 3667 606 3680 .
643 3667 656 3681 .
691 3666 704 3680 .
739 3667 754 3681 .
797 3639 958 3696 quam
984 3638 1080 3694 per
1105 3623 1385 3693 speculum
1413 3623 1710 3688 intuemur,
1743 3623 1796 3677 in
1827 3620 2075 3678 eamdem

479 3719 769 3790 imaginem
801 3716 1173 3773 reformatide
1197 3716 1369 3786 gloria
1395 3715 1449 3770 in
1477 3715 1726 3786 gloriam.
1757 3715 1906 3772 Sicut
1931 3719 2076 3770 enim

476 3811 676 3884 aliquis
717 3811 917 3882 regalia
944 3809 1292 3877 vestimenta,
1327 3825 1621 3880 purpuram
1653 3819 1708 3865 et
1734 3809 1981 3865 diadema
2022 3818 2080 3866 et

477 3915 676 3960 caetera
706 3903 906 3959 similia
928 3901 1168 3972 inspicit,
1201 3909 1256 3957 et
1277 3903 1592 3957 varietatem
1618 3901 1868 3966 miratur,
1901 3901 2077 3957 subti-

477 3998 709 4064 litatem,
735 3997 986 4067 gratiam,
1020 3993 1477 4064 pulchritudinem
1511 3994 1870 4062 pretiosorum
1896 3994 1916 4026 ³
1947 3995 2080 4064 lapi-

477 4095 626 4161 dum,
642 4105 697 4148 et
726 4090 1106 4148 insatiabiliter
1126 4089 1396 4159 aspiciens
1417 4087 1752 4151 deleCtatur;
1785 4090 1872 4143 vel
1891 4105 2080 4158 quem-

476 4188 767 4245 admodum
811 4187 834 4217 ⁸
879 4227 890 4240 .
927 4228 939 4240 .
970 4227 983 4239 .
1013 4228 1026 4240 .
1076 4187 1096 4215 ⁸
1125 4184 1315 4252 aspicit
1366 4225 1380 4240 .
1413 4222 1428 4236 .
1458 4224 1471 4237 .
1505 4225 1517 4237 .
1555 4223 1566 4236 .
1609 4197 1676 4238 uo
1725 4181 1745 4212 ⁸
1771 4193 1978 4238 remota
2025 4191 2082 4238 et

477 4284 756 4340 cmlestem
786 4281 1074 4352 imaginem
1098 4276 1302 4333 Christi
1327 4276 1622 4332 ferventem
1652 4275 1943 4331 habentem
1975 4276 1994 4306 ⁷
2023 4275 2078 4330 in

478 4376 636 4432 nobis
656 4384 711 4429 et
731 4371 1097 4442 intelligentes
1122 4367 1580 4441 pulchritudinem
1604 4367 1896 4424 ineﬂ'abilis
1921 4366 2081 4424 lumi-

479 4467 564 4522 nis
585 4467 898 4520 intuentur:
929 4462 1384 4534 quemadmodum
1409 4459 1780 4516 reformantur
1809 4460 1878 4516 de
1903 4460 2079 4530 gloria

482 4561 538 4616 in
567 4559 821 4631 gloriam,
869 4557 1186 4614 varietatem
1229 4566 1284 4610 et
1327 4554 1757 4624 pulchritudines
1805 4555 2075 4621 diversas,

482 4667 605 4726 quae
657 4651 837 4722 lingua
895 4649 1097 4705 carnali
1126 4648 1335 4705 narrari
1381 4663 1488 4703 non
1532 4658 1789 4718 possunt,
1837 4649 1947 4703 imo
1983 4663 2084 4703 nec

484 4745 764 4806 intellectu
809 4743 1367 4811 comprehenduntur,
1417 4751 1616 4814 quanta
1649 4743 1759 4799 sint
1786 4758 1907 4813 quae
1951 4742 2086 4798 fiunt

483 4843 536 4896 in
561 4839 665 4895 hoc
693 4836 895 4893 mundo
915 4851 1041 4892 cum
1069 4837 1289 4890 sanctis.
1312 4836 1447 4907 Ipsa:
1471 4835 1616 4892 enim
1649 4835 1920 4907 parabolae
1954 4837 2082 4892 ima-

544 4955 560 4982 ι
604 4951 781 5006 Malim
809 4951 947 5018 ipse.
978 4959 1034 5003 ut
1061 4948 1328 5006 referatur
1350 4950 1417 5005 ad
1444 4951 1716 5010 demensus
1741 4964 1832 5008 est.

550 5028 572 5058 ³
598 5022 734 5079 Cod.
766 5021 1065 5092 aediﬁcanti.

551 5097 572 5128 ³
600 5094 675 5150 Ita
723 5093 847 5150 cod.

552 5167 574 5198 ὀ
599 5166 731 5239 Cod.
782 5165 1247 5239 quemammodum.
1285 5163 1426 5221 Alibi
1467 5181 1596 5222 vero
1639 5165 1908 5223 interdum
1949 5183 2074 5239 que-

477 5238 739 5310 madmod.
789 5237 958 5310 Immo
1005 5247 1059 5291 et
1098 5251 1474 5310 qutemamm.;
1525 5252 1746 5310 prorsus
1768 5248 1827 5295 ut
1862 5239 1912 5293 in
1948 5237 2071 5295 cod.

479 5309 830 5367 Verrinarum
861 5309 1160 5366 Ciceronis.

551 5382 574 5413 ⁵
597 5381 840 5452 Spatium
865 5381 1137 5438 vocabuli.

552 5525 579 5554 ει
619 5515 694 5570 Ita
734 5514 977 5585 legebam
1023 5517 1074 5570 in
1106 5516 1326 5582 codice;
1361 5515 1462 5572 nisi
1495 5515 1637 5572 forte
1662 5527 1790 5574 ante
1818 5516 1914 5572 111
1948 5529 2068 5575 erat

477 5588 539 5655 C,
567 5589 635 5642 ita
666 5595 725 5641 ut
749 5602 929 5641 sermo
950 5588 1020 5641 sit
1041 5585 1204 5655 CIII,
1235 5587 1378 5655 quod
1403 5589 1491 5643 vix
1513 5588 1860 5645 crediderim.
1893 5589 2064 5646 Porro

427 5720 437 5729 _
479 5670 605 5734 ante
649 5659 789 5734 hunc
817 5673 1126 5734 sermonem
1155 5659 1374 5734 explicit
1401 5659 1461 5734 in
1486 5659 1681 5734 eadem,
1706 5661 1901 5734 pagina
1927 5663 2066 5719 alter

479 5728 569 5783 his
599 5729 814 5785 verbis:
861 5728 983 5798 Ipsa
1011 5740 1083 5784 est
1121 5728 1251 5785 enim
1277 5747 1395 5786 vera
1425 5731 1520 5786 Dei
1562 5728 1803 5802 agnitio:
1833 5737 2063 5806 operatio

2097 1857 2144 1917 Β
2170 1849 2325 1920 gines
2350 1853 2600 1922 quaedam
2631 1865 2758 1912 sunt
2782 1873 2795 1912 :
2831 1857 3016 1914 divina
3045 1860 3193 1916 enim
3227 1860 3298 1916 ab
3341 1860 3424 1917 his
3447 1863 3531 1933 qui
3557 1863 3722 1934 experti

2171 1953 2300 1999 sunt
2326 1960 2698 2016 agnoscuntur
2720 1995 2734 2018 ,
2764 1961 2822 2009 et
2852 1953 2920 2008 ab
2948 1953 3033 2019 his
3061 1955 3114 2009 in
3149 1955 3349 2025 quibus
3373 1956 3592 2026 oportuit
3615 1958 3724 2012 veri-

2173 2053 2282 2101 tate
2333 2044 2693 2116 aspiciuntur.
2750 2043 2827 2100 lta
2880 2046 3045 2117 igitur
3092 2047 3263 2103 debes
3316 2047 3601 2117 intelligere
3654 2059 3724 2102 aut

2171 2140 2388 2206 audire,
2427 2140 2478 2194 id
2507 2149 2592 2197 est
2632 2140 2775 2195 ultra
2810 2150 2953 2196 tuam
2987 2141 3274 2196 scientiam
3298 2185 3313 2207 ,
3356 2143 3492 2198 ultra
3519 2156 3720 2206 sensum;

2173 2235 2432 2305 quamdiu
2463 2249 2552 2291 res
2575 2236 2689 2305 ipsa
2719 2237 2962 2308 mysterii
2989 2237 3222 2308 gratiam
3247 2239 3270 2268 ⁸
3295 2239 3349 2292 in
3372 2250 3588 2296 mentem
3613 2247 3723 2292 tuam

2175 2326 2442 2383 infundat.
2497 2327 2712 2384 Etenim
2742 2331 2763 2362 ³
2814 2345 3052 2399 purpura
3100 2341 3156 2386 ct
3204 2331 3411 2402 regalia
3457 2332 3723 2386 vesumenta

2175 2422 2384 2477 lucrum
2411 2421 2618 2477 nullum
2644 2437 2744 2478 nec
2766 2424 2931 2478 vitam
2956 2423 3204 2479 tribuunt
3232 2424 3551 2485 videntibus,
3573 2429 3725 2492 prater

2179 2508 2229 2563 id
2261 2510 2440 2564 solum
2481 2508 2627 2579 quod
2671 2509 3010 2566 delectantur
3054 2520 3328 2580 aspectu:
3377 2509 3544 2564 divina
3586 2515 3722 2562 autem

2172 2601 2345 2672 gloria
2377 2610 2430 2655 et
2455 2601 2698 2657 caelestis
2717 2602 2967 2673 imaginis
2980 2602 3341 2674 pulchritudo
3363 2602 3518 2656 vitam
3548 2606 3722 2671 prastat

2176 2705 2459 2758 mternam,
2476 2696 2797 2753 charitatetn
2819 2712 3024 2766 veram,
3041 2698 3229 2753 cordis
3254 2699 3559 2769 puritatem,
3581 2695 3719 2750 cibum

2175 2789 2480 2846 cmleslem.
2510 2791 2612 2859 Qui
2649 2791 2810 2861 igitur
2849 2790 2953 2846 hoc
2982 2791 3269 2846 intuentur
3299 2792 3475 2846 lumen
3509 2789 3722 2852 divinum,

2179 2883 2231 2938 in
2277 2899 2374 2940 sua
2406 2885 2572 2940 corda
2613 2884 3026 2956 Splendificans,
3054 2885 3220 2940 nullis
3250 2886 3410 2942 rebus
3447 2890 3725 2952 occupantur

2180 2977 2444 3044 terrenis;
2477 2980 2571 3034 sed
2594 2993 2818 3048 prorsus
2843 2979 3076 3034 connexi
3107 2987 3243 3034 sunt
3272 2979 3346 3033 illi
3377 2972 3723 3049 pulchritudini.

2180 3073 2336 3130 Sicut
2360 3073 2506 3128 enim
2535 3072 2788 3144 parvulus
2823 3080 3052 3126 matrem
3080 3085 3238 3126 suam
3282 3070 3543 3140 aSpiciens
3567 3067 3610 3122 in
3637 3080 3724 3120 ma-

2183 3171 2341 3226 nibus
2373 3185 2432 3226 se
2481 3177 2816 3240 gestantem,
2866 3165 3063 3237 gaudet
3115 3175 3172 3222 et
3229 3166 3470 3228 laztatur,
3517 3159 3723 3232 quoniam

2181 3264 2347 3319 vitam
2377 3262 2535 3319 lactis
2566 3260 2729 3316 sumit
2759 3275 2832 3314 ex
2863 3274 2923 3314 ea
2945 3301 2962 3326 ,
3008 3267 3065 3314 et
3101 3259 3151 3312 in
3183 3273 3308 3314 eam
3353 3256 3562 3328 aspicit;
3599 3253 3656 3308 ita
3685 3256 3726 3304 et

2182 3370 2370 3412 verum
2397 3353 2579 3408 lumen
2623 3351 2887 3408 habentes
2931 3352 2983 3406 in
3027 3364 3122 3414 se,
3158 3349 3500 3405 attendentes
3537 3345 3595 3401 ad
3631 3343 3722 3404 hoc,

2183 3449 2533 3520 requiescunt
2560 3455 2616 3502 et
2639 3445 2878 3517 gaudent
2900 3443 3096 3514 gaudio
3123 3444 3272 3515 quod
3304 3457 3411 3502 non
3432 3448 3590 3512 potest
3605 3450 3724 3494 enar-

2183 3541 2290 3597 rari
2321 3557 2422 3596 :ex
2455 3541 2572 3612 ipso
2601 3539 2746 3596 enim
2789 3539 3063 3595 indiscunt
3095 3538 3141 3570 ¹⁰
3172 3538 3527 3598 immortalem
3555 3546 3722 3593 escam,

2181 3645 2237 3692 ct
2282 3637 2334 3690 in
2367 3635 2486 3707 ipso
2522 3639 2708 3691 vivunt
2738 3634 2902 3690 vitam
2936 3649 3118 3689 veram
3170 3633 3226 3690 in
3278 3633 3494 3690 saeculo.
3537 3623 3722 3701 Explicit

2182 3741 2363 3786 sermo
2390 3743 2441 3781 ν.

2101 3247 2146 3312 C

2667 3844 3153 3903 FRAGMENTUM
3196 3845 3286 3902 Ill.

2733 3975 2930 4015 INCIPIT
2957 3974 3130 4016 SEBMO
3153 3975 3225 4014 γι.

2254 4095 2425 4165 Quam
2479 4095 2947 4166 dispensationem
3002 4095 3164 4152 habet
3217 4095 3420 4152 Christi
3471 4084 3720 4149 adventus?

2185 4185 2423 4242 Primum
2475 4196 2532 4242 ut
2570 4186 2827 4242 mundam
2878 4188 3134 4244 redderet
3183 4199 3432 4256 naturam
3463 4183 3646 4245 Adam,
3682 4184 3721 4230 θι

2184 4280 2561 4336 Ιιωτθάἱιειιθιη
2595 4280 2874 4337 cmlestem
2906 4281 3144 4337 donaret
3173 4281 3411 4351 Spiritus
3444 4277 3614 4334 saneti.
3641 4270 3720 4326 Ila-

2184 4388 2350 4444 gnum
2378 4373 2539 4443 igitur
2582 4372 2904 4430 beneficium
2933 4374 3120 4444 generi
3159 4374 3310 4429 dedit
3339 4373 3587 4433 humano,
3609 4362 3716 4421 redi-

2186 4463 2384 4522 mendo
2415 4483 2514 4522 nos
2539 4467 2607 4524 de
2627 4483 2850 4524 carcere
2880 4469 3255 4535 tenebrarum,
3281 4480 3336 4526 et
3355 4457 3720 4525 demonstrando

2183 4561 2324 4616 viam
2345 4561 2492 4628 vitae,
2515 4571 2571 4616 ct
2593 4562 2812 4630 januam
2843 4561 3090 4618 docendo
3118 4563 3161 4594 ¹¹
3186 4579 3292 4633 qua
3323 4563 3390 4618 de
3410 4557 3613 4616 vinculis
3635 4550 3718 4606 exi-

2185 4662 2356 4716 retur,
2381 4667 2503 4706 cum
2529 4651 2662 4708 dicit
2685 4668 2704 4707 :
2718 4650 2887 4709 Petita
2909 4664 2954 4708 et
2976 4653 3180 4708 dabitur
3191 4653 3353 4718 vobis,
3367 4651 3555 4720 pulsate
3566 4659 3608 4700 et
3626 4655 3718 4711 ape-

2183 4745 2346 4800 rietur
2390 4744 2553 4799 vobis.
2588 4745 2691 4802 Per
2739 4746 2878 4801 hanc
2911 4745 3060 4801 enim
3106 4745 3330 4816 januam
3361 4743 3626 4798 liberantur
3648 4746 3718 4790 vo-

2183 4837 2362 4894 lentes
2382 4853 2628 4910 quaerere
2661 4849 2714 4896 et
2741 4840 2988 4910 pulsare,
3015 4848 3071 4894 et
3111 4839 3164 4894 in
3196 4839 3308 4909 ipsa
3337 4834 3590 4906 duplicem
3625 4837 3715 4897 δη·

2100 4955 2153 5016 D
2250 4953 2541 5023 “Spatium
2585 4954 2790 5022 aliquot
2834 4955 3155 5010 litterarum.

2255 5027 2274 5058 ⁷
2305 5026 2442 5082 Num
2478 5041 2574 5096 pro
2605 5026 2958 5082 habitantem?

2255 5101 2277 5130 ⁸
2297 5098 2430 5170 Cod.
2468 5098 2671 5170 gratia.

2254 5173 2275 5203 ⁸
2303 5169 2437 5225 Cod.
2465 5169 2574 5225 haec
2603 5172 2760 5224 enim.

2256 5242 2298 5272 ¹⁰
2326 5242 2401 5297 Ita
2432 5241 2554 5297 cod.

2255 5315 2294 5344 “
2326 5313 2460 5370 Cod.
2496 5313 2736 5371 dicendo.

2179 5522 2410 5599 Spiritus
2434 5523 2619 5599 sancti.
2651 5523 2831 5599 Amen.
2867 5520 3094 5599 Explicit
3125 5523 3190 5578 de
3210 5520 3356 5599 verita
3386 5506 3677 5599 Sabiniid}:

2246 5595 2272 5634 δ
2309 5595 2584 5667 Liheriore
2612 5605 2668 5651 et
2692 5595 2896 5667 vulgari
2921 5586 3086 5651 v'eluti
3115 5589 3522 5667 sensu_loquitur
3537 5586 3702 5667 auct-tlt-

2171 5665 2442 5722 Cmterutn
2463 5666 2711 5722 Christus
2740 5653 2880 5732 unus
2906 5677 3010 5734 est,
3044 5681 3150 5723 non
3173 5653 3480 5724 confusione
3497 5653 3682 5711 substitit

2174 5743 2262 5796 tia:
2283 5783 2296 5808 ,
2329 5739 2423 5795 sed
2453 5739 2656 5795 unitate
2686 5736 2957 5810 persuasa.
3019 5775 3022 5778 ι
