3972 6352
185 289 274 345 635
645 269 1079 333 MONUMENTA
1123 268 1393 326 VETERR
1443 266 1531 321 AD
1569 259 1974 321 ARIANORUM
2016 258 2415 317 DOCTRINAM
2458 251 2941 313 PERTINENTIA.
3339 244 3444 301 654
3528 301 3540 319 ,
3632 214 3641 225 ’

185 406 294 459 tiam
320 403 707 466 consequentur
732 433 745 452 ,
775 390 915 462 quod
945 401 998 445 et
1027 390 1206 444 anima
1236 387 1504 443 liberetur
1533 382 1740 455 gravis—
1771 377 1820 440 Α
1845 394 2016 435 versae
2046 389 2171 434 sunt
2216 393 2314 449 per
2337 376 2490 432 liberi
2539 372 2750 429 arbitrii
2795 372 3137 433 voluntates;
3188 375 3244 422 et
3284 373 3445 421 erunt

184 496 316 552 simis
344 490 568 546 vinculis
595 486 783 542 mortis
802 494 965 555 atque
995 482 1236 554 peccati,
1277 489 1334 536 et
1371 477 1513 550 quod
1544 484 1745 532 semet-
1851 474 1966 541 haec
1990 474 2030 528 ".
2060 472 2349 528 Voluntate
2376 469 2522 525 enim
2546 467 2762 539 propria
2789 463 2967 519 aversi
2998 463 3020 494 ⁵
3050 470 3177 516 sunt
3201 475 3229 513 a
3258 466 3449 513 sancto

184 592 283 661 ipsa
312 586 552 655 recipiet,
580 592 633 638 et
659 581 1020 651 cogitationes
1049 593 1207 642 suas,
1241 586 1294 631 et
1334 574 1612 631 coelestem
1658 587 1746 626 re-
1848 577 1903 625 et
1936 570 2144 639 integro
2175 566 2433 636 cogitatu.
2471 564 2586 618 Hoc
2628 560 2771 618 enim
2817 557 3205 629 intelligimus,
3252 554 3377 625 quia
3418 566 3448 606 a

184 698 287 754 gem
315 679 583 734 Christum
630 685 903 745 tamquam
957 684 1217 742 Sponsum
1263 684 1447 725 secum
1495 664 1746 720 habitan-
1851 663 2177 717 fabricatore
2204 659 2406 714 malum
2436 656 2570 712 nihil
2598 664 2812 710 constat
2850 667 2974 707 esse
3004 646 3450 706 creatum..ludi-

186 783 513 833 tem
1775 761 1783 772 '
1850 771 1967 811 cem
2018 756 2199 822 itaque
2237 752 2469 807 dicimus
2503 750 2673 804 Deum
2730 746 3035 802 mittentem
3090 742 3344 799 Satanam
3397 739 3454 794 in

642 855 1125 916 FRAGMENTUM
1175 855 1262 910 IV.
1432 920 1433 923 η
1850 849 2049 920 ignem.
2080 848 2221 902 Sunt
2249 846 2394 900 enim
2422 841 2644 912 quidam
2691 838 3079 894 luereticorum
3111 831 3406 889 dicentium
3428 832 3449 863 "

595 969 788 1011 INCIPIT
828 966 1052 1008 uomere
1089 951 1104 981 ¹
1137 963 1283 1003 xxrv.

1859 959 1975 998 esse
2003 939 2264 996 materias
2296 938 2417 993 sine
2450 935 2604 991 initio
2628 938 2670 998 ⁸,
2704 942 2761 989 et
2803 932 3047 987 materiae
3076 927 3313 984 radicem
3336 967 3352 991 ,
3404 933 3458 980 et

245 1049 588 1121 Interrogatio
633 1049 910 1104 seniorum
942 1043 1320 1115 quorumdam,
1350 1041 1395 1097 si
1425 1054 1556 1095 vere
1580 1038 1633 1093 in
1662 1051 1749 1093 re—
1851 1036 2107 1091 virtutem
2142 1031 2340 1088 radicis
2383 1028 2542 1085 unius
2586 1042 2706 1082 esse
2743 1024 2982 1080 virtutis.
3013 1021 3293 1078 Adversus
3338 1018 3455 1075 haec

184 1147 492 1204 surrectione
543 1141 721 1197 omnia
772 1140 1015 1195 membra
1056 1145 1367 1208 resurgunt.
1415 1132 1743 1204 Responsio.
1853 1130 2023 1186 habes
2053 1125 2431 1184 rationabilem
2461 1120 3023 1191 responsionem......

187 1240 278 1295 Deo
298 1237 472 1293 omnia
498 1244 625 1291 sunt
656 1231 963 1304 possibilia,
988 1242 1040 1286 et
1080 1231 1152 1284 ita
1186 1228 1437 1300 promisit
1465 1246 1478 1282 :
1511 1224 1748 1280 hominis
2331 1211 2816 1275 FRAGMENTUM
2857 1210 2969 1268 VII.

183 1341 342 1386 autem
370 1328 654 1384 inﬁrmitas
680 1335 735 1383 et
752 1326 1010 1396 cogitatio
1034 1368 1048 1392 ,
1079 1324 1232 1396 quasi
1262 1319 1600 1393 impossibile
1623 1317 1750 1373 huic
2330 1327 2399 1367 ex
2440 1324 2671 1366 noututs
2711 1318 2972 1361 INCERTIS.

184 1423 448 1494 apparet'.
477 1419 945 1487 Quctnadmodum
986 1419 1132 1472 enim
1164 1417 1230 1473 de
1255 1416 1384 1470 limo
1416 1422 1577 1469 terra:
1599 1410 1749 1465 acci-
2176 1411 2366 1467 Oleum
2416 1406 2615 1462 Izetitite
2661 1420 2773 1474 pra:
2800 1398 3145 1458 consortibus
3194 1396 3337 1461 tuis,
3398 1401 3456 1451 et

188 1516 341 1586 piens,
371 1524 420 1569 et
444 1514 597 1583 quasi
627 1511 917 1583 quamdam
949 1511 1111 1565 aliam
1134 1506 1436 1564 construxit
1470 1514 1745 1570 naturam,

1859 1511 2077 1567 multam
2107 1521 2170 1562 ac
2196 1504 2399 1562 variam
2436 1516 2615 1557 escam
2640 1496 2939 1569 spiritalem
2964 1503 3016 1549 et
3041 1491 3321 1549 caelestem
3339 1529 3355 1556 ,
3381 1486 3462 1541 in-

189 1607 479 1664 dissimilem
510 1623 540 1662 a
576 1616 751 1673 terra;
785 1614 840 1661 et
872 1604 1097 1676 plurima
1130 1602 1336 1659 faciens
1363 1616 1566 1673 genera
1593 1605 1746 1653 ut....

1859 1612 2186 1673 corruptam,
2218 1597 2545 1671 gloriﬁcam,
2571 1601 2627 1649 et
2651 1600 2856 1649 vestem
2879 1587 3121 1644 caelestis
3141 1582 3456 1639 luminis....

185 1701 383 1771 capillos
410 1709 464 1756 et
491 1700 774 1770 vellemet
800 1713 922 1755 ossa
946 1705 1002 1753 et
1026 1712 1260 1762 nervos;
1292 1692 1749 1767 quemadmodum
1855 1701 1910 1756 in
1937 1697 2184 1753 hisenitn
2208 1694 2349 1760 vita,
2381 1706 2490 1746 non
2523 1689 2574 1744 in
2609 1698 2862 1756 corpore.
2896 1682 2996 1751 Qui
3026 1688 3208 1735 autem
3241 1690 3461 1733 reman-

184 1784 337 1851 autem
357 1807 481 1849 acus
507 1792 772 1863 iujguem
787 1792 1036 1855 mittitur,
1054 1788 1483 1845 mutatcolorem
1503 1795 1556 1842 et
1581 1794 1756 1841 trans-
1787 1785 1831 1845 Β
1859 1796 1991 1853 sem
2034 1796 2086 1848 ίη
2119 1790 2335 1864 propria
2366 1797 2753 1843 naturam...”
2799 1786 3184 1849 corrumpetur
3222 1782 3279 1830 ει
3335 1788 3456 1829 mo.

185 1890 510 1959 ﬁguratur....
543 1885 795 1957 quamvis
841 1885 1117 1951 solvatur,
1156 1894 1336 1938 tamen
1372 1880 1581 1936 stabilis
1624 1888 1703 1934 est
1734 1895 1747 1941 ;

1859 1893 2218 1947 rietur........
2255 1885 2447 1941 Anima
2478 1880 2698 1953 quando
2740 1878 2792 1933 in
2823 1876 2939 1932 sola
2990 1871 3204 1945 propria
3257 1877 3455 1925 natura

184 1980 244 2035 ita
273 1983 316 2035 in
350 1980 756 2035 resurrectione
801 1977 983 2033 omnia
1030 1974 1271 2031 membra
1319 1980 1649 2043 resurgunt,
1698 1978 1754 2024 ct
1856 1983 2211 2044 remanserit,
2259 1988 2313 2035 οι
2352 1994 2460 2032 non
2506 1970 2913 2045 participaverit
2956 1967 3154 2023 divina;
3208 1973 3454 2028 natura},

187 2074 338 2143 capilli
369 2088 471 2127 non
504 2072 810 2143 disperient
835 2114 849 2138 ,
881 2070 1032 2141 juxta
1061 2068 1205 2140 quod
1236 2068 1502 2137 scriptum
1545 2073 1667 2132 est,
1698 2072 1752 2119 et

1859 2077 1906 2132 id
1938 2084 2023 2131 est
2052 2074 2262 2142 gratiae,
2290 2078 2469 2125 morte
2491 2074 2695 2121 atterna
2729 2063 2995 2117 morietur
3022 2062 3074 2112 in
3106 2055 3304 2127 pugnis,
3332 2050 3459 2124 quia

184 2167 337 2222 omnia
364 2165 907 2230 eflieinnturlucida,
948 2176 999 2217 ct
1021 2164 1204 2217 omnia
1234 2163 1287 2216 in
1315 2162 1437 2232 igne
1474 2170 1529 2214 et
1571 2160 1623 2213 in
1670 2159 1752 2212 Iu—
1856 2170 2012 2237 digna
2064 2180 2170 2220 ιιοη
2215 2173 2299 2218 est
2325 2160 2515 2216 eﬂ‘ecta
2569 2169 2791 2211 {eterna}
2836 2154 2963 2209 vita:
3001 2149 3275 2224 particeps
3316 2161 3460 2201 esse.

184 2260 306 2315 tuine
335 2261 611 2331 tinguntur
657 2268 713 2315 et
755 2257 1216 2327 transtigttrautur
1246 2274 1258 2311 :
1292 2255 1385 2309 scd
1432 2270 1538 2308 non
1564 2295 1578 2319 ,
1612 2252 1753 2308 sicut

1859 2264 2009 2318 Sicut
2030 2262 2174 2316 enim
2207 2255 2531 2313 inlirmantis
2558 2265 2760 2320 corpus
2799 2265 2921 2303 cum
2963 2260 3145 2300 cscam
3176 2256 3282 2297 non
3312 2247 3463 2311 pote-

183 2353 369 2423 quidam
396 2353 610 2419 dicunt,
664 2353 807 2423 quod
856 2353 1140 2407 solvantur
1182 2359 1235 2403 et
1263 2348 1400 2419 ignis
1447 2346 1753 2404 efﬁciantur
1857 2360 1927 2415 νει
1949 2358 2195 2426 accipere
2228 2354 2313 2408 γει
2344 2362 2553 2423 polum,
2590 2347 2947 2416 (ιεερθηιηιοε
2969 2345 2989 2375 ο
3012 2341 3079 2396 de
3109 2354 3174 2395 eo
3201 2337 3462 2408 plangem

187 2448 358 2511 etiam,
396 2458 449 2501 et
492 2463 605 2501 non
649 2446 813 2501 stabit
858 2455 1069 2499 natura.
1118 2444 1313 2499 Petrus
1340 2443 1482 2495 enim
1510 2484 1524 2505 ,
1560 2440 1752 2495 l’etrns

1859 2467 1980 2506 eum
2014 2464 2205 2504 omnes
2250 2445 2481 2517 proximi
2511 2442 2597 2498 vel
2626 2437 2935 2496 charissimi
2967 2433 3126 2489 amici
3156 2431 3244 2487 vel
3271 2428 3457 2485 dilecti

185 2548 278 2604 est;
304 2549 353 2593 et
384 2539 689 2610 Philippus,
719 2538 1004 2609 Philippus
1031 2556 1043 2593 :
1069 2547 1123 2591 ct
1146 2538 1518 2607 unusquisque
1545 2535 1598 2589 in
1629 2548 1753 2605 pro-

1859 2545 2167 2615 ejos........
2202 2538 2463 2595 ascendet
2490 2536 2635 2591 enim
2664 2548 2825 2604 super
2853 2539 2902 2585 te
2932 2526 3173 2584 ccelcstis
3199 2523 3455 2593 agitator,

185 2632 277 2700 pria
307 2641 488 2685 natura
525 2641 583 2687 et
608 2632 910 2687 substantia
943 2641 1262 2702 permaneL,
1295 2629 1436 2685 sicut
1460 2637 1514 2683 et
1551 2626 1603 2683 ia
1643 2630 1751 2697 plc-

1859 2614 1912 2697 et
1944 2640 2030 2695 ﬁet
2073 2639 2251 2693 anima
2282 2647 2371 2690 tua
2403 2644 2511 2687 tota
2543 2631 2770 2695 oculus,
2820 2635 2873 2681 et
2920 2634 3028 2679 tota
3068 2621 3272 2675 lumen.
3312 2615 3377 2671 Et
3409 2614 3456 2669 si

180 2725 392 2781 υίίιιιίίηε
417 2724 677 2797 ὃρίτὶιυει
706 2726 763 2782 Si
796 2737 1127 2781 autem-uo.-
1857 2733 2036 2791 cibum
2070 2730 2302 2798 sumpsit
2328 2724 2650 2797 spiritalem,
2676 2721 2719 2776 si
2741 2721 2865 2773 vitm
2894 2728 3075 2787 potmn
3104 2714 3146 2745 ¹⁰
3167 2720 3350 2787 potata
3372 2722 3458 2774 es,

657 2840 1139 2898 FRAGMENTUM
1180 2840 1247 2895 V.
1858 2838 1910 2883 et
1946 2827 1987 2880 si
2018 2825 2393 2880 indumentum
2442 2814 2731 2871 incﬁ'abilis
2776 2809 2996 2866 luminis
3037 2806 3220 2861 induta
3256 2817 3350 2868 es,
3401 2806 3461 2854 ut

1858 2919 2038 2990 possis
2083 2915 2345 2971 adversus
2376 2910 2810 2966 machinamenta
2855 2902 3111 2958 resistere
3138 2894 3340 2973 diaboli
3366 2912 3378 2947 :
3407 2892 3453 2948 si

1860 3014 2086 3071 interior
2112 3012 2274 3067 homo
2301 3008 2384 3065 his
2415 3007 2668 3061 omnibus
2712 3018 2808 3073 per
2849 2996 3226 3070 probationem
3257 2989 3461 3047 conﬁr-

1859 3116 2039 3163 matus
2069 3115 2188 3171 est;
2232 3113 2323 3157 aut
2347 3102 2393 3156 si
2432 3100 2540 3155 vita
2571 3096 2715 3151 vivet
2746 3103 2949 3147 :t-terna
2975 3130 2989 3154 ,
3018 3088 3071 3143 in
3108 3085 3339 3141 Domino
3372 3096 3459 3136 re-

1859 3202 2165 3273 quiescens.
2222 3196 2277 3253 Si
2316 3204 2494 3249 autem
2528 3192 2643 3243 haec
2674 3186 2853 3242 omnia
2900 3199 3006 3236 non
3037 3176 3294 3247 recepisti
3354 3187 3455 3228 nec

1860 3294 2106 3366 possides
2130 3333 2145 3359 ,
2176 3305 2283 3346 non
2332 3289 2383 3342 in
2417 3285 2646 3341 veritate
2685 3275 2995 3335 contristari
3023 3273 3188 3329 debes
3218 3272 3284 3337 “,
3315 3266 3458 3339 quod

1859 3398 2132 3443 tantarum
2166 3398 2270 3438 non
2324 3381 2400 3436 sis
2446 3376 2715 3450 particeps
2745 3372 3088 3432 divitiarum,
3140 3372 3196 3420 et
3255 3372 3455 3419 tantam

1858 3480 2088 3537 necdum
2146 3473 2426 3545 acceperis
2457 3469 2656 3526 vitam?
2687 3468 2871 3536 Itaque
2921 3462 3165 3516 dolorem
3217 3472 3450 3529 pauper-

1862 3573 1991 3629 tatis
2024 3582 2130 3625 tua:
2161 3569 2358 3623 habeto
2387 3577 2440 3621 et
2467 3563 2665 3631 inopim
2688 3603 2702 3625 ,
2737 3575 2801 3613 eo
2831 3555 2973 3629 quod
2997 3554 3049 3608 in
3079 3551 3294 3623 pmpria
3331 3564 3458 3620 pec—

1856 3674 2106 3723 catorum
2144 3674 2360 3717 tuorum
2407 3657 2587 3712 adhuc
2631 3651 2958 3709 remanseris
2989 3646 3189 3718 inopia.
3242 3646 3297 3700 Si
3331 3658 3464 3713 ergo

1859 3765 1982 3833 quis
2016 3761 2225 3815 habens
2270 3757 2513 3812 dolorem
2549 3760 2767 3823 pr0pter
2794 3746 3031 3816 inpiam
3062 3741 3340 3813 propriam
3362 3780 3377 3804 ,
3412 3747 3466 3794 et

1862 3855 2101 3910 nondum
2137 3851 2404 3915 satiatus,
2438 3848 2492 3901 in
2526 3844 2821 3900 securitate
2849 3838 3125 3903 ambulat,
3160 3834 3252 3905 qui
3284 3840 3463 3886 autem

1857 3950 2106 4005 dolorem
2140 3946 2332 4011 habet,
2378 3943 2709 4013 deprecatur
2742 3947 2931 4008 petens
2963 3930 3276 3996 deinum,
3307 3928 3463 3982 velo—

182 4020 472 4058 UAIIBI'CIilliI
502 4020 558 4046 ει
583 4020 734 4047 ucacr
752 4020 803 4044 ια
826 4020 879 4045 ει
906 4020 1124 4059 δνιιιυθα
1149 4020 1287 4043 ιιιιιιι
1312 4020 1414 4043 ῦδι.
1443 4020 1585 4043 υιιιιι
1608 4020 1752 4045 Ullllll
2153 4039 2163 4048 .
2580 4035 2589 4045 ι
3243 4024 3251 4032 ⁶
3297 4021 3308 4032 ⁸
3341 4020 3351 4030 '

182 4083 222 4137 ci
248 4085 374 4140 Deus
396 4105 407 4140 :
430 4087 629 4158 Spinas
657 4096 703 4140 ct
732 4086 944 4140 tribulos
966 4085 1194 4154 proferet
1225 4084 1315 4138 tibi
1334 4095 1492 4138 terra.
1528 4085 1755 4153 Oportet
1857 4044 1973 4099 eius
2022 4036 2776 4158 ῐζθνεψῖθιΑτξδθπῖνυθζζΨἮ
2798 4042 2853 4158 ϐξ
2897 4028 3155 4158 ξαῗῑοῖδρε
3180 4022 3459 4145 ,ΣΉΪΗΨΞῘ

1859 4151 2039 4158 -.-.......
2069 4148 2154 4158 ...ν-
2186 4145 2288 4158 nun
2400 4142 2610 4158 (um-nne
2680 4139 2757 4158 mn
2784 4138 2826 4158 In
2881 4139 2892 4158 ι
2918 4135 2946 4158 η
2978 4134 3045 4158 IIII
3072 4130 3153 4158 ιρρ
3258 4128 3459 4158 Inlﬂlll-

1858 4134 2156 4191 secundum
2184 4131 2328 4201 quod
2353 4128 2613 4183 Dominus
2638 4124 2853 4180 dicebat
2881 4120 2946 4175 de
2972 4116 3154 4189 judice
3180 4116 3223 4145 "
3258 4116 3463 4183 iniqui-

184 4178 346 4246 Ῑὲίίηΐο
386 4185 583 4251 ιιιηυίε
611 4179 823 4236 laboret
855 4188 909 4235 et
941 4194 1106 4250 Opere
1159 4180 1331 4234 multo
1387 4179 1658 4249 requirat,
1702 4187 1757 4232 ει
1858 4178 2328 4251 ⁹“”“ζ“’“’“;ς’”“[¹1““⁷“
2354 4178 2609 4183 """"‘“‘
2646 4178 2667 4180 ν
2740 4178 2749 4179 ί
2814 4214 2845 4251 Α
2959 4213 2968 4223 _

1860 4238 1983 4251 ...παι
2089 4240 2113 4251 Α
2136 4242 2202 4251 ινιι
2228 4240 2293 4251 nn
2322 4235 2501 4251 ρΛ-ηιη
2527 4232 2751 4251 nni-nunc
2782 4232 2808 4251 Π
2853 4228 2968 4251 nl‘lll

185 4214 346 4246 ιδιιιιι,
387 4214 583 4251 uului:
612 4214 823 4236 ιαυυιυι
855 4214 909 4235 ει
941 4214 1106 4250 υινυιυ
1159 4214 1331 4234 ιιιυιιυ
1387 4214 1658 4249 ὐΨυωδν
1703 4214 1757 4232 “’¹’
1887 4247 1894 4256 .
1942 4227 1952 4238 ι
2040 4227 2081 4280 ι)
2171 4224 2222 4280 ω
2644 4233 2681 4266 "I
2814 4214 2991 4268 docuit

185 4288 330 4344 ponat
351 4276 764 4335 fundamentum
790 4320 803 4341 ,
831 4278 1005 4333 donec
1033 4276 1218 4331 veniat
1266 4276 1315 4329 in
1344 4290 1438 4330 cor
1467 4275 1585 4345 ejus
1617 4275 1755 4343 ignis
1860 4238 2005 4283 ἴδηθ’
2086 4240 2166 4281 ev
2228 4240 2294 4278 ua
2859 4305 2969 4345 vm

185 4305 330 4344 pmldl
352 4305 764 4335 IUIIURIIIICIIIIIIII
790 4320 803 4341 ,
831 4305 1005 4333 uuucc
1038 4305 1218 4331 VCIII'JL
1266 4305 1315 4329 Ill
1344 4305 1427 4330 ιυι
1467 4305 1585 4345 c’ua
1618 4305 1755 4343 usura

185 4371 420 4443 ccelestis,
447 4384 502 4430 et
527 4373 755 4430 mundet
776 4387 967 4428 omnes
997 4372 1204 4439 spinas.
1240 4370 1393 4424 Tunc
1417 4369 1633 4425 demum
1674 4368 1753 4423 in-
2346 4345 2537 4443 “mm:
2587 4406 2728 4443 “nim
2767 4344 2990 4443 ilum“;

183 4462 327 4534 cipiet
354 4467 709 4524 sanctiﬁcari.
742 4465 979 4537 Explicit
1012 4463 1230 4519 homilia
1266 4478 1453 4517 xxxnt.

670 2952 739 2992 EX
779 2950 996 2993 HOMILIA
1041 2951 1227 2989 XXXIII.

465 3052 930 3124 quemadmodum
979 3050 1025 3105 si
1057 3051 1125 3105 sit
1165 3050 1354 3105 civitas
1399 3050 1619 3106 deserta
1662 3058 1757 3104 aut

186 3142 378 3211 diruta,
410 3155 464 3201 et
494 3147 736 3200 γιιιιιρΐὶῑ
780 3146 902 3215 quis
950 3154 1259 3200 restaurare
1305 3160 1459 3210 eam;
1497 3145 1643 3209 prius
1690 3159 1750 3199 ea

187 3184 378 3211 u.......,
410 3184 464 3201 υ,
781 3184 902 3215 qu...
952 3184 1258 3200 .w.........c
1305 3184 1459 3210 eum,
1497 3184 1643 3209 ...μω
1691 3184 1750 3199 υ..

180 3253 281 3307 qua:
308 3247 679 3294 remanserant
706 3237 727 3268 ³
759 3237 841 3292 vel
874 3246 1225 3300 corruerant,
1259 3235 1507 3291 destruet
1550 3235 1616 3290 ad
1650 3253 1749 3307 pu-
1779 3184 1825 3247 Ο

183 3343 317 3394 rum;
349 3340 401 3385 et
430 3331 507 3386 εἰς
551 3330 745 3402 incipit
774 3345 984 3402 ponere
1015 3328 1369 3384 fundamenta
1397 3370 1411 3396 ,
1441 3342 1495 3383 et
1542 3329 1754 3399 erigere

182 3424 443 3495 fabricam;
473 3440 525 3483 et
562 3440 746 3481 tamen
780 3427 972 3481 domus
997 3426 1230 3481 necdum
1260 3435 1341 3481 est
1369 3423 1628 3495 perfecta.
1665 3424 1754 3480 Si-

181 3523 355 3578 militer
396 3535 448 3580 et
490 3525 583 3596 qui
630 3523 942 3594 paradisum
976 3524 1206 3579 voluerit
1237 3523 1507 3579 fabricare
1537 3524 1589 3578 in
1620 3522 1754 3578 locis

183 3614 385 3671 desertis
408 3630 458 3673 et
481 3617 719 3682 abditis,
750 3617 984 3687 primum
1013 3617 1199 3686 incipit
1229 3617 1491 3671 mundare
1517 3658 1530 3682 ,
1564 3624 1620 3671 et
1646 3630 1753 3669 ste-

184 3724 286 3778 pem
336 3710 673 3766 circumdare
702 3752 716 3776 ,
769 3716 825 3765 et
866 3711 1087 3779 aquales
1136 3709 1508 3780 disdnguere;
1556 3708 1755 3764 deinde

183 3803 425 3871 plantarc,
455 3812 512 3858 ut
542 3812 670 3874 post
697 3802 928 3857 tntillum
958 3812 1173 3871 tempus
1200 3802 1392 3855 atferat
1429 3800 1634 3856 fructus
1665 3816 1757 3870 pa-

183 3894 389 3952 radisus.
438 3897 511 3951 Ita
567 3906 626 3953 et
670 3897 919 3952 voluntas
974 3896 1248 3951 hominum
1310 3896 1755 3966 prtevaricatione

182 4001 472 4058 exasperata
502 3998 558 4046 et
583 3989 803 4047 deserta
826 4000 879 4045 et
906 3990 1124 4059 Spinosa
1149 3989 1287 4043 facta
1312 3998 1414 4043 est.
1442 3990 1585 4043 Dixit
1608 3992 1752 4045 enim

1864 4460 1876 4473 .
1924 4458 1936 4470 .
1984 4454 1999 4469 .
2046 4455 2057 4467 .
2107 4453 2120 4466 .
2168 4455 2179 4465 .
2229 4452 2241 4465 .
2289 4451 2301 4463 .
2346 4410 2525 4463 ﬁssam
2587 4406 2729 4460 enim
2786 4401 3048 4456 habentes
3100 4394 3354 4465 ungulam
3406 4400 3463 4448 et

1860 4508 2184 4580 rumigantia
2209 4506 2251 4537 ¹³
2278 4500 2535 4559 animalia
2573 4492 2953 4572 [comedenda]
2986 4506 3107 4547 esse
3138 4491 3219 4546 lex
3263 4501 3469 4558 prmce-
3516 4494 3517 4499 ‘

647 4577 1131 4635 FRAG-“ENTUM
1179 4576 1265 4631 VL
1778 4578 1835 4638 Β
1863 4604 1940 4675 pit
1963 4576 2172 4667 (Levia,
2212 4596 2310 4668 χι).
2345 4596 2459 4651 Iloc
2487 4603 2567 4649 est
2596 4592 2738 4646 enim
2780 4585 3166 4650 necessarium,
3192 4580 3463 4653 duplicem

626 4689 821 4729 "mp"
849 4687 1068 4727 ¹¹⁰¹¹¹¹⁴¹Α
1101 4686 1288 4725 nm"
1862 4712 1923 4751 se
1954 4693 2262 4763 intelligere
2293 4689 2589 4749 hominem,
2624 4681 3085 4739 contradicentem
3118 4685 3169 4730 et
3196 4688 3303 4729 non
3335 4686 3467 4726 con-

244 4788 429 4847 Omnes
457 4790 810 4847 rationabiles
831 4796 1096 4843 creatura:
1126 4786 1279 4859 (dico
1302 4794 1481 4841 autem
1506 4786 1751 4857 angelos,

1862 4791 2177 4847 cordantem
2205 4783 2596 4843 coinhahitanti
2629 4778 2869 4849 peccato.
2892 4774 3117 4844 Oportet
3140 4780 3318 4824 autem
3348 4766 3460 4820 aui-

186 4884 403 4952 auimas,
435 4896 488 4941 et
528 4880 845 4954 daemones)
875 4882 1104 4949 integrae
1135 4887 1190 4934 et
1212 4878 1487 4949 simplices
1534 4896 1561 4931 a
1595 4895 1751 4935 erea-

1864 4900 2005 4940 mam
2033 4879 2280 4951 separari
2310 4893 2432 4932 cum
2463 4870 2881 4944 cogitationibus
2910 4866 3044 4931 suis,
3078 4873 3133 4919 et
3164 4860 3462 4932 diiudicare

188 4986 286 5034 tore
308 4991 501 5036 creata:
530 4988 659 5035 sunt
686 4997 699 5032 :
730 4994 851 5049 qua:
872 4975 1092 5048 quidam
1118 4974 1141 5005 δ
1171 4990 1236 5029 ex
1267 4975 1349 5029 eis
1372 4974 1423 5028 in
1455 4975 1591 5030 mala
1621 4992 1753 5033 con—-

1864 4994 1962 5051 per
1995 4977 2215 5033 verbum
2246 4984 2300 5029 et
2330 4969 2601 5042 segregari
2633 4983 2661 5020 a
2693 4960 3184 5021 communicatione
3212 4951 3417 5027 peccati
3448 4967 3462 5004 :

221 5118 415 5202 λϐοὐ.
443 5120 622 5176 omilia
646 5118 764 5174 sine
786 5116 953 5202 aspir.
990 5113 1058 5169 Et
1082 5113 1322 5185 quidem.
1359 5128 1412 5183 p.
1441 5112 1512 5169 29
1550 5113 1758 5171 codicis
1941 5118 1963 5202 ξ
1992 5114 2127 5202 βοά.
2156 5114 2266 5202 sine
2288 5111 2512 5202 ἰηξιὶιίηιἶ

188 5186 358 5247 dicitur
382 5209 569 5256 sermo,
603 5206 709 5247 non
742 5167 939 5243 omilria.
1091 5167 1114 5185 Ἦ
1360 5167 1374 5183 ’
1487 5167 1500 5169 _

1943 5191 1963 5221 ⁸
1996 5167 2217 5243 Ῐιξιῄόοα.
2245 5167 2300 5242 et
2325 5184 2402 5240 sic
2422 5181 2539 5238 Itali
2564 5193 2705 5236 nunc
2730 5169 3000 5248 quuﬁnur
3021 5171 3074 5226 di
3101 5182 3201 5242 pro
3231 5167 3314 5222 de.

248 5263 265 5291 ²
292 5264 360 5319 Ita
392 5281 449 5320 se
479 5264 643 5319 habet
670 5258 1055 5315 anacoluthon.
1933 5260 1976 5290 ¹⁰
2010 5260 2083 5313 Ita
2108 5258 2232 5314 cod.

249 5332 267 5363 ³
292 5336 413 5391 Cod.
443 5341 819 5390 remanserunt.
1056 5400 1061 5401 ί
1225 5398 1237 5401 _
1932 5332 1973 5363 ”
2000 5328 2133 5401 Cod.
2164 5331 2379 5401 deﬂens.

249 5402 268 5434 δ
294 5406 376 5463 Sic
399 5422 456 5463 se
483 5406 647 5462 habet
672 5402 1015 5461 soloecismus
1052 5400 1106 5455 in
1139 5398 1261 5455 cod.
1336 5456 1343 5465 ,
1908 5456 1909 5459 η
1935 5404 1977 5435 ¹²
2005 5400 2139 5457 Cod.
2161 5398 2490 5474 de'judicem.

251 5476 270 5549 Ῠ
292 5476 374 5534 δίο
401 5478 665 5549 legem")-
1336 5456 1343 5465 ⁸
1908 5456 1909 5459 η
1932 5451 2593 5549 ¹³1ἶιξῖεὸᾷίζὶόἶι1ἰὴητριυτ
2609 5476 2789 5549 autem
2811 5459 3131 5518 vocabulum
3155 5455 3313 5512 unica
3337 5451 3466 5507 hac-

252 5548 271 5577 ⁶
295 5550 364 5605 lla
387 5539 509 5607 cod.
1864 5556 2025 5603 tenus
2052 5544 2260 5616 Apuleii
2293 5543 2612 5599 auctoritate
2642 5539 2846 5594 nixum.

255 5624 271 5654 ⁷
300 5619 425 5680 Cod.
454 5622 776 5678 discentium.

222 5772 229 5779 ο
258 5737 548 5821 “Pagina!!!
580 5739 650 5821 1'39
670 5780 694 5807 ,ι
726 5738 1054 5821 pgginasque
1089 5736 1226 5821 duas
1266 5732 1507 5821 reliquas
1522 5731 1761 5821 palimp:
1870 5730 2005 5787 mihi
2032 5728 2339 5787 Mediolano
2368 5738 2579 5799 tempus
2606 5719 2967 5783 exscribenda
2996 5715 3186 5775 defuit.

197 5806 338 5877 scsti,
366 5804 559 5881 nempe
586 5812 647 5869 3t
673 5804 741 5867 et
761 5804 831 5868 52
852 5852 866 5879 ,
895 5804 1213 5887 ντείξιθωιίςὶ
1235 5848 1250 5875 ,
1285 5806 1410 5877 quia
1456 5804 1753 5861 discedenti
