3972 6352
529 259 636 318 6'55

1019 253 1454 316 MONUMENTA
1495 253 1778 312 VETERA
1817 253 1910 312 AD
1949 247 2354 310 ARIANORUM
2399 249 2798 310 DOCTRINAM
2839 249 3318 312 PERTINENTIA.
3683 257 3770 314 636

527 387 586 434 et
607 387 734 434 tunc
755 375 900 432 Deus
927 387 1146 432 inversa
1167 373 1182 404 ³
1205 381 1256 428 te
1273 369 1554 438 discernit,
1575 378 1634 426 et
1655 378 1869 442 separat
1895 367 2130 426 animam
2159 367 2214 430 Δ
2241 365 2546 422 tenebrosis
2573 375 2628 424 et
2653 367 2906 440 malignis
2925 367 3220 438 spiritibus,
3241 367 3346 424 illis
3367 365 3600 426 similiter
3621 373 3774 428 minis-

532 485 562 528 ε
589 469 744 526 malis
773 467 1068 540 spiritibus,
1089 465 1180 537 qui
1211 473 1338 524 sunt
1365 463 1754 536 cogitationum
1785 461 2016 518 radices.
2047 459 2134 518 Si—

531 571 622 620 cut
641 562 786 620 enim
811 561 1044 632 agricola
1067 559 1272 616 utiliter
1297 567 1458 616 terra:
1477 573 1642 630 agens
1663 573 1872 622 curam,
1901 556 2132 628 primum

531 663 760 712 renovat
795 669 916 710 eam
951 663 1010 710 et
1037 651 1264 708 nnmdat
1305 651 1478 722 spinis
1513 662 1570 708 et
1617 649 1862 716 tribulis;
1909 659 1966 706 et
2009 659 2136 706 tunc

529 749 738 804 semina
793 747 976 812 mittit,
1027 755 1084 804 ιιι
1129 755 1436 816 Opportune
1489 743 1694 800 fructus
1733 742 2026 812 restituat;
2063 743 2134 796 ita

535 847 750 910 oportet
779 837 998 910 placere
1037 837 1152 896 Deo
1179 837 1476 904 volentem,
1507 845 1564 892 et
1589 851 1776 892 semen
1803 837 1992 908 gratiae
2021 851 2138 906 spe-

535 939 748 988 rantem
779 930 1044 1002 recipere,
1073 929 1336 988 mundare
1373 939 1424 984 et
1447 943 1732 992 renovare,
1761 937 1818 984 et
1847 929 1994 984 omni
2021 927 2132 982 vir-

537 1035 650 1082 tute
671 1039 872 1082 ornare
887 1041 954 1080 ett
985 1039 1068 1092 se,
1093 1024 1264 1096 ipsam
1290 1033 1490 1078 terram
1515 1021 1696 1080 cordis
1725 1023 1828 1088 sui,
1863 1033 1920 1076 ut
1945 1035 2136 1076 semen

536 1119 762 1190 Spiritus
781 1117 986 1174 cadens
1015 1117 1068 1172 in
1094 1117 1260 1172 corde
1299 1117 1456 1172 bona:
1487 1125 1666 1180 terrae,
1701 1115 1930 1172 fructum
1963 1113 2136 1170 sancti

537 1209 768 1280 Spiritus
795 1209 986 1265 reddat
1015 1209 1388 1282 multiplicem.
1423 1207 1518 1264 Vel
1549 1207 2000 1280 quemadmodum
2051 1223 2140 1262 ar-

541 1301 778 1374 tifexqui
809 1303 1119 1374 diligentius
1141 1303 1434 1374 operatur'
1463 1301 1634 1374 pelles
1657 1301 1990 1368 animalium,
2019 1317 2140 1372 quae

539 1395 795 1452 dicuntur
815 1381 1164 1468 pet-gamma,
1185 1395 1286 1450 nisi
1303 1396 1476 1466 primo
1489 1395 1866 1452 auferatabeis
1885 1395 2136 1464 pilum,et
2161 1379 2170 1394 ’

535 1489 1260 1564 Superﬂuampinguediueni
1277 1491 1565 1552 carnis,vel
1583 1489 1848 1560 nigrorem
1865 1488 2142 1562 sanguinis

537 1591 592 1638 et
617 1583 876 1654 reliquam
903 1583 1682 1654 itutuunditiam,utdiligenter
1699 1581 2142 1652 mundactlimpi-

535 1677 604 1734 da
621 1693 682 1734 ea
697 1677 960 1751 perﬁciat:
979 1693 1080 1734 non
1103 1685 1280 1748 potest
1297 1679 1348 1732 in
1363 1678 1442 1732 eis
1459 1677 1546 1732 lex
1563 1675 1772 1732 Domini
1785 1677 1946 1732 scribi
1965 1695 1976 1728 :
1997 1677 2138 1732 sicut

2235 467 2342 518 trat
2389 473 2443 518 et
2493 463 2682 518 servit.
2727 461 2876 518 Sicut
2905 461 3018 518 ait:
3071 461 3346 518 hominum
3387 461 3522 518 enim
3563 477 3774 538 corrupta

2239 569 2416 612 mens.
2447 555 2516 610 Et
2561 555 2756 614 iterum
2789 573 2800 608 :
2835 555 3176 626 coinquinata
3223 563 3310 610 est
3353 571 3500 610 mens
3529 571 3694 612 eorum
3735 569 3776 616 et

2237 647 2594 704 conscientia.
2625 647 2692 702 Et
2717 647 2910 704 iterum
2939 665 2952 702 :
2987 649 3150 702 timeo
3175 649 3316 704 enim
3349 663 3416 702 ne
3443 649 3564 702 sicut
3589 663 3775 722 serpens

2241 741 2406 796 Evam
2441 740 2636 796 fefellit
2679 743 2874 796 astutia
2921 759 3036 808 sua,
3071 741 3140 797 ita
3181 753 3584 812 corrumpantur
3617 760 3778 802 sensus
3835 759 3838 762 ‘

2237 837 2424 890 vestri.
2455 837 2544 890 Est
2577 837 2742 908 igitur
2765 837 3046 892 fornicatio
3067 835 3316 892 visibilis.
3349 837 3438 890 Est
3459 845 3510 892 et
3539 837 3776 896 invisibilis

2235 925 2522 984 fornicatio
2543 947 2634 1000 per
2657 931 3012 1002 cogitationes
3035 931 3264 1000 iniquas.
3289 929 3344 986 lu
3373 931 3484 1000 lege
3507 933 3636 984 enim
3661 949 3778 1004 mys-

2239 1023 2432 1080 terium
2461 1023 2674 1094 aliquod
2703 1035 2924 1080 sanctus
2945 1025 3180 1098 Spiritus
3207 1025 3574 1080 demonstrans
3597 1027 3776 1090 animm,

2239 1119 2608 1188 qnadrupcdia
2639 1119 2912 1174 immunda
2957 1121 3242 1192 Separabat
3281 1135 3310 1174 a
3339 1119 3588 1174 mundis:
3623 1122 3780 1176 munda

2239 1213 2384 1270 enim
2421 1213 2652 1268 mundos
2681 1229 2904 1270 necesse
2933 1223 3014 1268 est
3037 1215 3250 1286 pariant
3281 1213 3502 1268 fructus.
3527 1211 3600 1268 lla
3621 1213 3781 1270 debent

2239 1303 2434 1360 animat
2455 1305 2812 1374 cogitationes
2835 1313 3040 1360 natura:
3067 1304 3300 1376 propri-.c
3329 1319 3450 1358 esse
3473 1303 3686 1368 mundae,
3707 1321 3780 1376 per

2241 1395 2520 1450 scientiam
2551 1383 2724 1460 verbi,
2753 1411 2784 1450 a
2815 1395 3162 1452 cohabitante
3183 1407 3408 1468 peccato
3437 1403 3489 1448 ct
3509 1396 3572 1450 ab
3597 1397 3780 1452 immun-

2241 1487 2324 1542 dis
2354 1487 2770 1558 cogitationibus
2797 1505 2810 1542 :
2843 1499 2904 1544 ut
2921 1491 3100 1544 anima
3135 1499 3346 1544 natura}
3373 1491 3592 1560 propria:
3617 1497 3780 1560 cogita-

2241 1581 2438 1648 tiones,
2465 1581 2614 1636 verbi
2643 1581 2854 1650 notitia,
2881 1581 3110 1636 mundas
3133 1582 3340 1652 pariat;
3367 1597 3470 1636 non
3492 1583 3782 1638 censentiens

2245 1689 2343 1728 nec
2371 1675 2780 1730 communicans
2807 1673 3024 1730 malitia:
3053 1673 3264 1730 fructus
3295 1673 3572 1742 immundi,
3601 1677 3780 1730 scientia

529 1785 660 1840 ergo
679 1769 876 1826 artifex
909 1770 1162 1842 sapiens,
1193 1768 1654 1842 quemadmodum
1681 1777 1932 1838 Oportcat
1953 1769 2132 1822 omnia
2167 1767 2216 1828 B
2243 1784 2302 1824 ea
2343 1784 2500 1840 quam
2531 1770 2762 1824 natural.
2803 1807 2820 1824 .
2863 1809 2878 1824 .
2925 1811 2938 1826 .
2987 1809 3000 1826 .
3045 1809 3060 1826 .
3105 1807 3120 1824 .
3169 1811 3182 1824 .
3229 1809 3244 1824 .
3291 1807 3304 1824 .
3351 1769 3678 1840 ignorantiam
3711 1785 3782 1842 pa-

541 1861 813 1932 supcrtlua
847 1861 1088 1930 auferet,
1115 1861 1382 1920 ntundans
1411 1871 1466 1918 et
1495 1863 1724 1916 nitorem
1760 1871 2054 1932 prmstans;
2083 1869 2138 1916 et

537 1964 664 2010 tunc
683 1955 752 2010 ibi
781 1957 1096 2012 scribuntur
1117 1957 1206 2012 Dei
1237 1957 1414 2026 leges:
1441 1963 1495 2012 et
1524 1967 1650 2011 tunc
1675 1965 1830 2012 erunt
1853 1955 2137 2026 scripturae

533 2047 844 2118 spiritales:
869 2047 1058 2106 eadem
1101 2049 1262 2120 igitur
1289 2048 1646 2104 siu'tilitudine
1667 2057 1722 2104 et
1753 2049 1786 2102 ii
1811 2049 1902 2120 qui
1927 2049 2134 2116 volunt,

533 2149 588 2194 ct
613 2141 704 2214 qui
737 2151 961 2212 sperant
993 2143 1138 2214 leges
1167 2142 1408 2214 Spiritus
1437 2143 1612 2196 sancti
1643 2141 1694 2196 in
1727 2157 1826 2198 suo
1857 2157 2021 2198 sensu
2053 2141 2136 2198 vel

529 2237 708 2290 anima
731 2235 916 2304 scribi,
947 2245 1002 2292 et
1031 2237 1310 2294 caelestem
1343 2235 1468 2290 vita:
1495 2235 1785 2304 imaginem
1819 2235 2020 2290 Christi
2051 2235 2134 2288 in-

530 2327 722 2396 duere,
755 2329 900 2384 omni
943 2331 1306 2386 sollicitudine
1335 2339 1390 2386 et
1419 2331 1690 2400 diligentia
1719 2345 1814 2386 cor
1845 2345 1998 2386 suum
2027 2329 2136 2384 sic-

529 2429 588 2476 ut
633 2421 868 2478 artiﬁces
903 2423 1166 2480 mundum
1211 2423 1524 2490 exhibeant,
1556 2423 1912 2478 emundantcs
1961 2439 2022 2478 se
2067 2423 2136 2478 ab

531 2515 678 2572 omni
703 2517 936 2588 agrestis
973 2517 1130 2574 isuus
1157 2519 1340 2574 surculi
1373 2518 1724 2588 pinguedine,
1757 2525 1812 2572 et
1857 2531 1882 2570 a
1931 2517 2136 2572 sollici-

535 2609 720 2666 tudine
755 2613 936 2668 caruis
965 2623 1018 2668 et
1047 2613 1354 2684 sanguinis;
1382 2623 1436 2668 et
1479 2613 1548 2666 ab
1577 2613 1724 2666 omni
1759 2619 1980 2666 terreno
2021 2611 2138 2666 vin-

533 2704 656 2760 culo
701 2707 962 2776 separati,
991 2715 1046 2764 et
1089 2723 1118 2762 a
1169 2715 1506 2762 terrenarum
1551 2721 1732 2762 rerum
1775 2705 2134 2776 distensione,

535 2817 657 2872 qua:
707 2811 791 2856 est
821 2801 986 2858 veluti
1029 2801 1214 2870 nigror
1255 2801 1552 2874 sanguinis,
1603 2801 1706 2856 hoc
1747 2801 1768 2832 ³
1797 2799 2134 2868 emundeot;

533 2901 590 2946 ut
613 2893 696 2950 sic
719 2893 1132 2950 emendanteset
1155 2905 1524 2964 praeparantes
1547 2907 1766 2948 sensum
1783 2893 2058 2968 proprium
2083 2903 2138 2950 et

525 2999 644 3050 cor,
673 2985 878 3042 scribat
905 2985 976 3042 ibi
1015 2971 1151 3042 Dens
1184 2997 1406 3042 sanctus
1447 2985 1694 3058 praprias
1729 2985 1908 3058 leges;
1943 3001 2138 3042 secun-

531 3079 658 3136 dum
707 3096 856 3136 suam
899 3081 1335 3152 promissionem,
1381 3083 1510 3138 dans
1541 3083 1676 3153 leges
1701 3082 1756 3138 in
1800 3081 1952 3136 corde
1991 3093 2036 3138 et
2083 3083 2136 3136 in

2241 1863 2368 1930 riet,
2397 1879 2570 1932 neque
2591 1863 2740 1918 audit
2763 1871 2857 1918 aut
2885 1863 3122 1934 loquitur
3151 1873 3244 1920 aut
3271 1863 3596 1934 inuncrgitur
3617 1865 3660 1918 in
3685 1879 3782 1934 pec-

2239 1957 2344 2012 cati
2389 1957 2660 2020 tenebras,
2709 1959 2964 2028 quoniam
3009 1973 3038 2012 a
3081 1957 3228 2012 vitiis
3279 1965 3366 2012 est
3403 1965 3568 2012 eruta.
3613 1956 3779 2012 Etenim

2241 2067 2414 2120 mons,
2446 2067 2566 2123 qua:
2603 2051 2736 2106 vixit
2765 2053 2818 2108 in
2867 2051 3130 2118 tenebris,
3165 2061 3222 2106 et
3267 2067 3374 2108 non
3417 2061 3500 2108 est
3545 2051 3678 2106 morti
3711 2066 3782 2106 na-

2243 2157 2314 2202 ta.
2361 2187 2374 2199 .
2421 2185 2436 2198 .
2481 2185 2496 2200 .
2543 2187 2556 2200 .
2605 2187 2618 2200 .
2665 2187 2678 2200 .
2725 2185 2738 2202 .
2782 2145 2899 2202 haec
2943 2145 3012 2202 de
3057 2143 3264 2202 Christi
3309 2161 3532 2216 corpore
3573 2161 3662 2200 non
3699 2151 3779 2210 est,

2241 2257 2348 2298 non
2379 2251 2464 2298 est
2485 2243 2552 2298 de
2579 2257 2808 2312 corpore
2831 2241 3072 2306 luminis,
3101 2242 3196 2298 sed
3225 2241 3370 2298 socia
3395 2251 3476 2296 est
3497 2239 3780 2296 tenebrarum

2239 2343 2296 2392 et
2323 2339 2520 2406 portio.
2553 2335 2620 2389 Et
2641 2333 2857 2399 itermn,
2887 2349 3120 2404 quorum
3151 2335 3352 2390 animm
3379 2335 3593 2388 cccleste
3615 2335 3632 2364 '
3659 2331 3782 2386 lumi-

2241 2445 2310 2486 ne
2351 2427 2668 2484 illuminazte
2703 2435 2856 2492 sunt;
2888 2437 2938 2480 et
2969 2425 3149 2482 θῆροιί
3176 2427 3196 2458 ⁵
3237 2435 3368 2482 sunt
3398 2426 3566 2496 portio
3590 2425 3778 2480 luminis.

2241 2521 2346 2578 Sed
2379 2507 2522 2576 dicet
2561 2519 2792 2590 aliquis;
2845 2519 3302 2590 quemadmodum
3353 2533 3542 2590 corpus
3585 2517 3781 2574 tenebra-

2241 2631 2358 2690 rum
2383 2624 2464 2668 cst
2493 2613 2696 2670 diaboli
2719 2613 2922 2680 anima,
2967 2627 3088 2684 qum
3135 2627 3244 2668 non
3275 2623 3362 2668 est
3389 2623 3620 2668 creatura
3657 2609 3780 2680 ejus!

2241 2709 2340 2764 llic
2375 2709 2670 2778 respiciens
2705 2709 2884 2776 itaque
2927 2719 3072 2762 reete
3103 2708 3369 2780 intellige.
3403 2707 3544 2764 Sicut
3577 2707 3697 2760 enim
3721 2705 3780 2758 iu-

2239 2803 2578 2868 dumcutum,
2623 2801 2764 2872 quod
2797 2803 2816 2832 "
2847 2804 3036 2868 uteris,
3067 2801 3208 2856 alter
3255 2801 3486 2856 confecit
3527 2799 3602 2854 vel
3631 2795 3776 2860 texuit,

2241 2907 2294 2952 et
2321 2913 2442 2950 eum
2467 2899 2489 2928 ⁸
2509 2897 2748 2952 indueris
2769 2913 2784 2962 ;
2809 2895 3060 2950 similiter
3083 2895 3310 2950 domum
3339 2895 3472 2950 alter
3491 2891 3726 2948 fabricavit
3741 2897 3780 2944 ct

2239 2989 2542 3056 cnoslituit,
2565 2999 2624 3046 ut
2647 2990 2922 3046 habitares
2947 2992 2998 3044 in
3027 3005 3088 3044 ea
3115 3007 3129 3044 :
3159 2989 3276 3060 ipsa
3295 3003 3422 3060 ergo
3443 2985 3740 3042 sin'tilitudinr
3761 2985 3776 3016 ’

2241 3095 2294 3140 et
2331 3083 2500 3140 Adam
2539 3069 2866 3154 praeceptum
2903 3081 3288 3152 pr.cvaricans,
3315 3091 3368 3136 et
3410 3079 3670 3148 malignum
3693 3091 3780 3130 ser-

529 3175 764 3230 sensibus
791 3191 970 3230 eorum
999 3177 1246 3242 scribens,
1275 3187 1320 3232 et
1357 3185 1506 3232 erunt
1531 3177 1752 3248 papulas
1791 3181 1926 3252 ejus.
1967 3175 2134 3234 Sicuti
2163 3167 2210 3232 (ἓ
2243 3189 2456 3250 pontem
2489 3177 2806 3241 obaudiens,
2839 3187 2892 3232 et
2935 3177 3028 3230 Dei
3061 3186 3334 3246 prmcepta
3375 3185 3554 3230 sancta
3587 3179 3780 3228 cmitcm-

535 3277 590 3326 et
615 3267 912 3340 Apostolus
955 3271 1087 3326 dicit
1115 3289 1126 3326 :
1155 3271 1266 3326 Has
1295 3269 1536 3328 habentes
1561 3273 1944 3344 promissiones,
1977 3287 2130 3326 mun-

528 3363 708 3422 demus
737 3381 830 3420 nos
857 3365 920 3420 ab
951 3365 1304 3422 omnicarnis.
1353 3407 1366 3420 .
1415 3405 1426 3420 .
1473 3403 1488 3422 .
1533 3405 1548 3422 .
1595 3407 1608 3420 .
1655 3407 1668 3420 .
1715 3409 1728 3423 .
1775 3403 1791 3420 .

1027 3458 1506 3516 FBAGMENTUM
1547 3457 1640 3514 IX.

607 3589 624 3610 .
663 3593 680 3610 .
725 3595 738 3610 .
784 3591 800 3608 .
849 3594 862 3608 .
909 3595 922 3610 .
971 3599 986 3616 .
1029 3593 1042 3610 .
1086 3552 1206 3610 Jam
1233 3568 1378 3610 nunc
1423 3569 1552 3624 ergo
1597 3565 1908 3608 sermonem
1955 3551 2134 3624 exigat

531 3645 904 3718 unusuuisque
951 3645 1020 3702 ab
1057 3647 1236 3702 anima
1267 3662 1364 3702 sua
1387 3687 1402 3712 ,
1435 3645 1742 3718 dijudicans
1771 3645 2134 3716 cogitationes

535 3739 785 3810 proprias
805 3755 898 3810 per
923 3749 1188 3810 praecepta
1219 3739 1440 3804 divina;
1470 3751 1522 3794 et
1551 3738 1742 3810 probet
1769 3743 1822 3794 in
1843 3739 2032 3810 quibus
2063 3737 2136 3794 sit

539 3833 775 3898 deditus,
809 3833 874 3888 et
903 3849 930 3886 a
959 3833 1156 3902 quibus
1181 3831 1524 3898 detineatur;
1558 3841 1614 3888 et
1641 3833 1822 3888 videat
1849 3833 1892 3890 si
1925 3833 2132 3904 legibus
2179 3853 2182 3856 ·

533 3923 630 3980 Dei
651 3925 944 3982 concordet
974 3941 1069 3980 cor
1107 3925 1224 3994 ejus
1255 3927 1334 3982 vel
1363 3927 1722 3996 cogitationes
1751 3925 1887 3998 ejus.
1921 3925 2014 3982 Sin
2043 3941 2136 3982 ve-

529 4033 624 4086 ro,
655 4017 917 4076 festinans
943 4027 1296 4076 convertatur
1341 4019 1714 4090 unusquiSque
1753 4018 1806 4072 in
1849 4019 1996 4072 omni
2025 4019 2134 4074 vir-

505 4123 648 4190 .tute
675 4113 872 4170 animae
911 4113 994 4170 vel
1035 4113 1314 4186 corporis;
1355 4123 1414 4170 ut
1441 4111 1894 4186 quemadmodum
1935 4127 2134 4186 corpus

531 4209 776 4264 exterius
811 4207 832 4240 ⁸
865 4223 894 4264 a
945 4207 1300 4264 fornicatione
1341 4217 1630 4264 conservat
1665 4215 1720 4262 et
1762 4207 2036 4262 armalitia
2079 4215 2134 4262 et

533 4303 908 4374 corruptione,
941 4303 1104 4360 veluti
1135 4301 1228 4358 Dei
1259 4301 1550 4374 templum;
1577 4301 1650 4356 sic
1688 4301 1740 4356 in
1784 4299 2134 4356 interioribus

533 4393 768 4450 animam
797 4405 852 4452 et
879 4396 1240 4468 cogitationes
1269 4395 1540 4452 custodiat
1575 4409 1608 4450 a
1635 4393 1987 4464 corruptione
2017 4391 2130 4462 spi-

533 4487 734 4544 rituum
758 4491 1110 4562 malignorum
1135 4509 1148 4546 :
1177 4501 1238 4546 ut
1265 4505 1373 4548 non
1398 4488 1766 4546 communicet
1791 4487 2134 4560 cogitationi-

2239 3289 2392 3338 nens,
2427 3273 2722 3328 distractus
2763 3279 2875 3338 cst;
2913 3269 3156 3326 vendens
3177 3285 3238 3326 se
3271 3269 3552 3324 virtutibus
3573 3267 3610 3298 ιο
3635 3264 3779 3334 nequi-

2239 3365 2346 3432 tim,
2371 3375 2428 3421 et
2449 3363 2686 3420 subdidit
2713 3365 2934 3418 inimico
2955 3363 2996 3394 “
3021 3361 3280 3424 animam,
3305 3377 3462 3432 quam
3489 3357 3778 3414 Deusbouam

2237 3461 2460 3526 fecerat,
2475 3475 2586 3514 sua:
2605 3457 2854 3530 imaginis
2883 3459 3155 3530 proprium
3183 3457 3559 3512 habitaculum.
3577 3453 3776 3520 Propter-

2235 3569 2297 3612 ea
2323 3555 2462 3610 enim
2495 3555 2670 3610 anima
2703 3569 2898 3624 corpus
2921 3553 3156 3612 efficitur
3185 3553 3529 3608 tenebrarum
3557 3543 3774 3618 nequitia.

2237 3645 2494 3720 quamdiu
2519 3647 2570 3702 in
2595 3649 2832 3718 peccatis
2859 3655 2966 3710 est,
2994 3655 3102 3700 etc.

2737 3733 3226 3796 FRAGMENTUM
3265 3737 3338 3792 Χ.

2241 3845 2532 3902 .....nequc
2557 3831 2700 3885 enim
2717 3829 2784 3885 de
2797 3829 3010 3886 Gabriel
3035 3835 3090 3884 et
3113 3827 3340 3884 Michael
3363 3827 3494 3883 dixit
3515 3843 3528 3882 :
3553 3821 3776 3880 Faciamus

2237 3925 2532 3982 secundum
2576 3925 2860 3998 imaginem
2909 3933 2964 3980 et
2995 3923 3404 3978 similitudinem
3443 3931 3672 3982 nostram,
3699 3909 3776 3968 nisi

2243 4029 2448 4074 tantum
2479 4017 2544 4074 de
2587 4017 2823 4073 homine.
2849 4015 2984 4072 Vide
3017 4017 3176 4086 igitur
3209 4015 3472 4070 honorem
3503 4021 3650 4072 tuum,
3675 4017 3770 4076 que—

2237 4113 2580 4168 madmodum
2609 4111 2686 4168 sis
2715 4111 2978 4182 pretiosus
3001 4113 3068 4166 ab
3089 4113 3132 4142 ¹²
3155 4112 3384 4178 angelis,
3401 4103 3644 4176 quomodo
3669 4101 3772 4156 Deus

2237 4223 2334 4278 per
2361 4223 2420 4262 se
2449 4205 2623 4278 ipsum
2655 4215 2856 4276 protua
2887 4205 3156 4276 legatione
3171 4205 3254 4259 vel
3271 4197 3676 4272 redemptionein
3697 4201 3776 4246 ter-

2237 4317 2350 4356 ram
2365 4301 2593 4356 venerit.
2617 4299 2757 4355 Deus
2771 4315 2900 4370 ergo
2915 4309 2968 4354 ct
2983 4299 3153 4370 angeli
3175 4313 3272 4370 pro
3295 4310 3380 4354 tua
3395 4291 3720 4364 redemptione
3737 4291 3776 4340 et

2237 4391 2410 4448 salute
2439 4401 2723 4448 venerunt.
2742 4393 2875 4456 Rex,
2893 4391 3036 4446 [ilius
3061 4391 3380 4462 regis,,fecit
3405 4387 3648 4445 conlilium
3669 4379 3717 4442 ",
3737 4385 3776 4446 ρι

2237 4485 2462 4542 veniens
2485 4487 2536 4541 in
2571 4499 2788 4542 crucem
2803 4487 2982 4556 posuit
3015 4485 3250 4540 animam
3295 4499 3466 4541 suam.
3497 4481 3645 4537 Tanta
3665 4473 3774 4532 enim

531 4580 636 4638 bus
653 4595 864 4650 eorum,
897 4599 998 4640 nec
1024 4585 1338 4654 coinquinet
1367 4599 1448 4650 se,
1481 4585 1605 4656 quia
1633 4591 1717 4638 est
1743 4597 1942 4652 sponsa
1975 4580 2130 4638 Chri-
2157 4571 2216 4634 D
2239 4587 2322 4636 est
2366 4579 2602 4635 cbaritas
2636 4581 2726 4635 Dei
2755 4579 2822 4636 ad
2869 4581 3162 4644 hominem,
3187 4589 3246 4634 ut
3277 4575 3581 4634 immortalis
3619 4585 3695 4642 pro
3737 4575 3774 4618 te

533 4673 628 4728 sti.
663 4673 830 4730 Sicuti
861 4675 1006 4730 enim
1033 4691 1228 4748 corpus
1261 4675 1584 4744 fornicatur,
1629 4675 1702 4734 ita
1729 4683 1786 4734 et
1827 4675 2006 4732 anima
2045 4691 2140 4734 oc-

531 4765 676 4822 culte
713 4767 1122 4824 communicans
1153 4769 1402 4840 malignis
1430 4768 1716 4824 virtutibus
1755 4767 1808 4824 in
1855 4769 2140 4842 cogitatio-

537 4857 720 4926 nibus,
749 4859 802 4914 in
833 4859 1072 4932 peccatis
1101 4859 1500 4918 iuvisibilibus:
1529 4859 1895 4930 corrumpitur
1915 4861 2062 4918 enim
2085 4871 2142 4920 et

537 4949 858 5010 fornicatur.
903 4993 916 5006 .
963 4993 977 5008 .
1023 4993 1038 5006 .
1085 4993 1098 5008 .
1145 4995 1160 5008 .
1205 4994 1219 5010 .
1263 4993 1280 5010 .
1325 4997 1338 5008 .
1379 4953 1664 5012 desideriis
1694 4993 1708 5009 .
1755 4997 1766 5010 .
1815 4997 1828 5012 .
1875 4997 1890 5014 .
1937 4997 1950 5010 .
1997 4995 2010 5012 .
2061 4997 2074 5012 .
2121 4997 2136 5012 .

541 5043 596 5100 in
629 5059 764 5100 vana
792 5045 984 5117 gloria,
1013 5045 1066 5100 in
1109 5045 1326 5113 invidia,
1375 5047 1428 5101 in
1458 5047 1660 5117 rapina.
1689 5047 1792 5104 Ubi
1816 5049 1959 5106 enim
1989 5065 2138 5106 com-

539 5138 784 5196 municat
813 5139 1013 5208 anima,
1039 5139 1148 5194 illic
1175 5147 1228 5194 et
1273 5139 1546 5195 ministrat
1569 5151 1624 5196 et
1651 5141 1850 5196 servit:
1881 5141 1926 5196 si
1955 5152 2136 5198 autem

539 5227 726 5286 divino
755 5231 957 5304 Spiritu
981 5229 1366 5302 communicat,
1393 5231 1496 5304 ipsi
1515 5241 1570 5290 et
1593 5231 1900 5290 ministrat:
1933 5233 1980 5292 si
2011 5249 2140 5294 vero

611 5375 626 5444 ξ
653 5369 730 5444 Ita
756 5371 1030 5444 legebam.

609 5441 792 5516 ξῼοᾴ.
818 5441 1084 5516 operatus.

615 5513 789 5589 _'(_}ot|_.
822 5513 974 5570 hunc.
1010 5515 1214 5589 Scripsi
1239 5515 1354 5588 hoc,
1385 5515 1626 5576 referens
1653 5515 1721 5576 ad
1747 5533 1854 5582 cor.

611 5583 634 5616 ⁸
657 5585 796 5643 Cod.
825 5583 1142 5646 exteriorem:

613 5657 636 5688 ⁸
661 5657 734 5714 lta
755 5659 881 5714 cod.

615 5729 636 5760 ⁸
667 5729 741 5785 Ita
769 5733 894 5788 cod.

611 5799 632 5830 ⁷
659 5799 734 5868 ita
762 5803 888 5868 θοᾶς

2245 4671 2394 4727 cruci
2442 4669 2772 4742 affigeretur,
2811 4669 2948 4726 sicut
2977 4670 3240 4741 scriptum
3269 4679 3353 4726 est
3381 4685 3394 4723 :
3421 4669 3508 4724 Sic
3533 4664 3646 4720 enim
3671 4657 3774 4712 Dein

2243 4765 2423 4819 dilexit
2455 4765 2726 4832 mundum,
2755 4773 2806 4820 ut
2831 4763 3026 4818 Filium
3049 4781 3196 4818 suum
3219 4763 3430 4818 unicum
3457 4761 3590 4814 daret
3613 4769 3688 4828 pro
3713 4765 3772 4806 eo.

2245 4859 2512 4928 Quomodo
2547 4877 2666 4932 ergo
2709 4877 2812 4914 non
2849 4859 3022 4914 omnia
3043 4874 3158 4912 cum
3185 4857 3298 4930 ipsa
3323 4855 3464 4912 nobis
3483 4845 3698 4908 donarit?
3727 4839 3777 4898 Ει

2242 4957 2370 5014 alibi
2393 4953 2414 5010 ἐ
2447 4955 2608 5012 Amen
2635 4997 2651 5024 ,
2701 4955 2818 5010 dico
2863 4953 3002 5010 uobis
3025 4993 3038 5018 ,
3069 4953 3307 5024 quoniam
3337 4965 3486 5022 super
3523 4943 3670 4998 omnia
3705 4947 3776 4990 uta

2243 5051 2510 5106 constituet
2540 5065 2675 5104 eum.
2711 5047 2848 5102 Dicit
2869 5047 3010 5102 enim
3039 5045 3167 5100 alibi
3199 5045 3438 5099 minister
3485 5041 3770 5094 sanctorum:

2245 5159 2366 5200 cum
2399 5143 2612 5198 Eliseus
2643 5153 2788 5198 esset
2811 5139 2864 5196 in
2893 5147 3076 5195 monte
3095 5181 3108 5204 ,
3141 5149 3194 5194 et
3223 5137 3488 5194 venissent
3507 5131 3566 5186 ad
3589 5141 3690 5184 eum
3717 5121 3774 5176 al-

2247 5237 2718 5312 lophyli,dicebat
2740 5251 2872 5308 puer
2893 5233 3048 5290 multi
3069 5241 3214 5290 sunt.
3262 5273 3276 5288 .
3319 5273 3334 5286 .
3379 5273 3392 5286 .
3437 5269 3452 5284 .
3493 5267 3506 5284 .
3549 5265 3562 5280 .
3601 5265 3612 5278 .
3649 5261 3660 5274 .

2307 5379 2330 5412 ⁸
2357 5379 2434 5434 ita
2463 5377 2586 5434 cod.

2318 5449 2506 5524 “god.
2530 5453 2696 5524 ipsum
2721 5449 3124 5524 similitudinem.

2323 5523 2602 5578 "Scilicet
2633 5523 2989 5588 potentutibus.

2323 5595 2364 5626 ¹¹
2389 5593 2524 5650 Cod.
2553 5594 2648 5650 sibi
2681 5595 2840 5648 nicas.

2328 5667 2370 5698 ¹²
2415 5666 2488 5720 Ita
2529 5668 2650 5721 cod.
2677 5665 2798 5720 loco
2827 5680 2952 5736 prae.

2323 5737 2370 5772 "
2399 5737 2474 5794 lla
2515 5737 2728 5796 scheda:
2755 5721 2918 5812 conp,
2948 5749 3056 5794 non
3081 5751 3224 5804 cons.
3255 5731 3356 5791 nisi
3383 5723 3612 5802 utendum
3633 5721 3772 5774 meum.
