3972 6352
219 284 309 339 637

670 396 1157 455 FRAGMENTUM
1187 396 1280 452 XL

221 537 233 553 .
261 533 274 550 .
305 535 317 550 .
352 534 364 547 .
400 533 413 546 .
447 533 461 546 .
495 532 509 547 .
540 493 700 547 vocati
728 492 794 547 ad
824 494 1206 562 imperatorem
1246 492 1261 523 ¹
1298 489 1536 563 praefecti
1576 490 1665 546 vel
1693 504 1791 546 co-

218 592 359 647 mites
400 589 496 644 sub
522 604 711 658 magno
762 588 958 643 timore
999 596 1055 643 et
1082 598 1320 643 tremore
1346 596 1491 651 sunt,
1527 585 1791 655 quemad-

216 686 412 743 modum
449 683 514 737 ad
548 683 875 751 interrogata
902 682 1288 750 respondeant,
1318 688 1410 736 aut
1441 695 1507 735 ne
1525 680 1578 735 in
1604 680 1789 750 aliquo

215 777 465 834 oﬂ‘endant
491 777 653 831 verbo
680 784 729 842 α,
761 784 817 830 et
848 776 1089 831 incidant
1124 775 1176 831 in
1212 776 1513 846 perieulum
1552 776 1573 807 ’
1603 790 1617 839 ;
1671 789 1791 829 rus-

217 876 293 929 tici
317 883 484 928 autem
513 883 566 927 et
607 872 805 941 ignavi,
834 871 925 941 qui
968 886 1256 941 numquam
1284 869 1522 939 judicent
1567 867 1788 938 penitus

214 968 460 1032 viderunt,
493 966 543 1020 in
570 965 861 1021 securitate
893 964 1231 1034 transigunt:
1266 972 1320 1018 et
1349 962 1401 1017 iu
1462 962 1566 1017 hoc
1592 960 1792 1017 srrcnlo

215 1062 273 1116 ab
313 1061 635 1130 imperatore
681 1072 854 1127 nSque
881 1058 948 1111 ad
996 1072 1287 1127 pauperem
1319 1056 1664 1113 securitatem
1710 1054 1793 1109 vi-

214 1156 387 1211 dentur
406 1153 504 1208 sub
525 1153 667 1208 caelo
694 1152 915 1208 habere.
939 1151 1039 1220 Qui
1059 1162 1238 1206 autem
1270 1151 1644 1221 ingrediuntur
1664 1160 1789 1206 ante

215 1247 425 1303 tribunal
468 1244 695 1300 Christi.
737 1283 750 1299 .
792 1284 807 1301 .
852 1285 865 1299 .
914 1284 927 1298 .
974 1286 985 1298 .
1035 1286 1047 1299 .
1094 1286 1108 1300 .
1140 1260 1356 1315 semper
1386 1246 1485 1298 sub
1516 1245 1708 1298 timore
1738 1252 1793 1299 et

216 1355 426 1398 tremore
452 1351 580 1394 sunt
634 1340 818 1410 positi.
869 1338 1002 1394 Nam
1046 1350 1099 1393 et
1140 1338 1341 1393 divites
1383 1346 1541 1393 terrae
1573 1335 1792 1407 quando

214 1439 466 1506 copiosum
500 1435 731 1491 fructum
787 1435 837 1488 in
899 1435 1109 1488 horreis
1158 1431 1506 1499 reconderint
1531 1430 1572 1495 ³,
1605 1445 1793 1485 rursus

213 1540 483 1599 cperantur
512 1543 607 1599 per
634 1528 881 1597 singulos
909 1528 1029 1583 dies
1069 1540 1126 1581 ut
1170 1527 1476 1597 acquirant.
1530 1525 1624 1581 Sin
1660 1540 1793 1579 vero

215 1624 259 1679 in
287 1621 570 1677 reconditis
600 1622 710 1676 sint
737 1630 1151 1691 praesumentes,
1181 1629 1234 1675 et
1264 1636 1326 1675 ea
1366 1635 1486 1691 quas
1508 1618 1557 1675 in
1583 1618 1793 1675 horreis

217 1727 326 1771 sunt
352 1716 583 1785 reposita
636 1716 995 1786 neglexerint,
1031 1714 1213 1768 statim
1267 1714 1318 1766 in
1378 1711 1612 1780 inopiam
1652 1720 1705 1764 et
1738 1711 1791 1764 in

219 1808 574 1864 infelicitatem
601 1817 779 1861 ruunt.
814 1806 1021 1861 idcirco
1063 1806 1307 1859 laborare
1331 1802 1544 1858 fortiter
1565 1802 1785 1869 debent,
1816 1791 1866 1852 B

216 1914 260 1959 et
280 1901 562 1959 recondere
588 1901 784 1973 potius.
818 1900 886 1957 Et
906 1899 1368 1956 christianitasita
1397 1908 1501 1963 est,
1536 1906 1593 1950 ut
1624 1910 1791 1950 unus-

214 1996 416 2067 quisque
437 1996 667 2065 gratiam
697 1993 794 2049 Dei
824 2002 1020 2065 gustet.
1054 1991 1147 2047 Est
1195 1990 1338 2047 enim
1369 1997 1584 2061 gustato
1626 1996 1680 2044 et
1714 1988 1791 2041 vi-

215 2092 321 2147 dete
344 2091 595 2161 quoniam
625 2089 814 2143 suavis
843 2096 927 2142 est
952 2086 1234 2140 Dominus.
1269 2083 1368 2139 Est
1415 2083 1574 2154 igitur
1605 2093 1792 2152 gustus

217 2186 522 2259 Operationis
582 2185 638 2241 in
670 2182 1007 2259 plenitudine
1063 2179 1299 2245 virtutis,
1355 2176 1589 2249 Spiritus
1620 2175 1793 2233 sancti

215 2281 366 2352 gratia
396 2279 738 2335 ministrante
772 2278 823 2332 in
856 2275 1041 2333 corde.
1089 2272 1367 2343 Quotquot
1393 2271 1541 2326 enim
1571 2268 1792 2325 luminis

210 2384 264 2431 ‘et
289 2376 426 2444 regni
477 2384 607 2429 sunt
638 2370 754 2439 ﬁlii,
788 2371 871 2426 vel
917 2368 1153 2425 ministri
1190 2364 1322 2421 Novi
1349 2363 1684 2419 Testamenti
1739 2364 1792 2418 in

216 2469 404 2540 spiritu,
434 2466 519 2521 isti
571 2465 641 2521 ab
689 2466 997 2521 hominibus
1027 2479 1133 2519 non
1162 2463 1455 2527 docentur,
1487 2460 1581 2517 sed
1623 2476 1651 2514 a
1682 2460 1794 2515 Deo

216 2570 328 2615 sunt
352 2558 523 2617 edocti
560 2577 574 2612 :
612 2558 727 2631 ipse
756 2571 938 2614 autem
969 2557 1213 2613 scribens
1240 2554 1417 2624 legem
1451 2555 1504 2609 in
1534 2552 1794 2610 cordibus

216 2666 400 2708 eorum.
448 2651 566 2707 Non
598 2651 743 2707 enim
776 2650 827 2705 in
860 2649 1153 2719 Scripturis
1188 2647 1560 2703 tantummodo
1588 2645 1790 2702 debent

217 2747 409 2813 instrui,
440 2762 561 2819 qua:
603 2756 910 2802 atramento
950 2754 1078 2799 sunt
1105 2744 1321 2815 scriptae
1342 2741 1368 2779 δ
1399 2758 1415 2809 ;
1468 2739 1563 2796 sed
1595 2741 1647 2796 in
1678 2741 1798 2795 lati-.-

218 2839 379 2894 tudine
405 2840 584 2895 eordis
609 2838 781 2908 gratia
813 2837 936 2912 Dei,
966 2845 1020 2892 et
1048 2835 1181 2908 legis
1210 2835 1453 2909 spiritus,
1478 2843 1533 2889 et
1554 2833 1797 2891 caelestia

217 2933 451 3007 mysteria
476 2933 804 2993 scribantur,
821 2940 928 2985 etc.
992 2974 995 2977 .

671 3021 1145 3097 FRAGMENTUM
1190 3020 1303 3076 XII.

218 3158 231 3176 .
271 3160 283 3174 .
324 3159 338 3176 .
379 3159 392 3175 .
437 3162 451 3177 .
495 3159 509 3175 .
554 3120 691 3175 Dico
714 3130 891 3173 autem
921 3116 1015 3171 tibi
1038 3117 1289 3189 quoniam
1312 3122 1367 3171 et
1387 3112 1678 3189 Apostolus
1703 3112 1794 3167 ha-

683 276 1109 336 ΜΟΝΠΜΕΝΤΔ
1150 275 1434 336 VETERA
1479 278 1572 336 AD
1610 274 2023 337 ARIANORUM
2071 278 2468 336 DOCTRINAM
2508 275 2995 336 PERTINENTIA.

3388 275 3491 331 638

1814 397 1863 457 Α
1893 398 2122 467 probum
2154 398 2521 469 spernendum
2552 398 2805 469 signavit,
2835 410 2888 453 et
2921 396 3139 452 malitia:
3170 411 3352 451 mores
3374 396 3499 453 edo-

1898 491 2033 552 cuit,
2070 491 2307 562 legiones
2338 491 2570 557 induxit,
2599 492 2821 562 spiritus
2847 490 3121 559 pravitatis
3144 490 3229 560 qui
3251 489 3495 546 obtinent

1892 590 2126 642 animam
2158 588 2209 641 in
2237 587 2592 658 compedibus
2618 586 2861 641 solidatis
2891 594 2946 640 et
2990 587 3157 640 serris
3188 585 3379 640 ferreis
3422 586 3488 642 ad

1893 681 2290 737 observandam
2324 697 2442 736 eam
2473 697 2538 735 ne
2585 689 2862 735 exeatzet
2910 680 3086 749 coegit
3140 694 3265 757 eam!
3312 677 3490 734 facere

1893 792 2061 847 opera
2091 793 2302 843 eorum,
2333 777 2629 832 secundum
2672 774 2887 829 illorum
2920 774 3239 838 arbitrium;
3288 781 3344 828 et
3368 790 3487 827 cor-

1895 882 2159 944 ruperunt
2188 888 2306 928 eam
2336 884 2389 928 et
2422 872 2670 927 fornicati
2696 880 2821 925 sunt
2844 886 2963 925 cum
2997 886 3096 935 ea;
3128 878 3181 923 et
3203 884 3492 937 cooperue-

1897 976 2023 1020 runt
2053 967 2289 1022 tenebris
2308 966 2495 1021 oculos
2519 968 2657 1035 ejus.
2689 980 2754 1020 ne
2782 964 2991 1020 videret
3019 963 3293 1018 dominum
3312 978 3489 1029 suum;

1894 1069 1948 1114 et
1984 1062 2036 1113 in
2074 1060 2214 1114 mola
2247 1059 2589 1114 tenebrarum
2615 1060 2942 1113 commolere
2976 1065 3294 1127 eoegerunt,
3328 1064 3380 1110 ut
3406 1071 3497 1109 co-

1893 1156 2093 1226 gitaret
2121 1156 2356 1210 carnalia
2390 1166 2440 1209 et
2474 1153 2765 1219 mundana,
2797 1154 3022 1208 sentiret
3064 1162 3277 1207 terrena
3326 1159 3377 1204 et
3431 1150 3495 1204 li-

1895 1264 2042 1305 mosa
2067 1267 2078 1303 :
2106 1260 2157 1304 et
2187 1247 2444 1305 excitavit
2470 1248 2522 1302 in
2550 1263 2611 1303 ea
2643 1246 2845 1301 fontem
2879 1261 3182 1310 coenosum,
3208 1242 3494 1315 iniquitate

1894 1351 2226 1408 scatentem;
2257 1354 2309 1397 et
2331 1342 2557 1397 consilia
2594 1340 2942 1412 malignitatis
2970 1339 3253 1410 spirituum
3280 1352 3497 1408 sparse-

1895 1448 2021 1493 runt
2075 1439 2128 1491 in
2158 1453 2249 1502 ea,
2290 1446 2345 1492 et
2393 1424 2467 1490 ini
2500 1434 2875 1505 captivitatem
2921 1433 3191 1488 duxerunt
3232 1430 3490 1502 populum

1894 1530 2031 1601 ejus,
2070 1530 2122 1585 id
2151 1540 2233 1585 est
2265 1529 2665 1584 multitudinem
2698 1527 3045 1583 consiliorum
3072 1543 3087 1591 ;
3121 1524 3493 1593 spoliaverunt

1894 1633 1949 1679 et
1980 1624 2168 1695 gloria:
2196 1623 2549 1689 vestimentis,
2602 1622 2987 1693 injcccrrmtque
3032 1632 3237 1687 pannos
3268 1615 3491 1685 ἱςηυιιιίο

1898 1720 2001 1773 nite
2023 1725 2078 1773 et
2106 1715 2481 1783 immunditia',
2514 1716 2701 1785 plenos
2748 1711 3107 1767 amaritudine
3146 1720 3199 1763 et
3231 1708 3386 1773 felle;
3438 1715 3493 1762 et

1897 1811 2259 1880 impleverunt
2280 1824 2397 1863 eam
2428 1808 2572 1862 omni
2596 1803 2961 1861 immunditia.
2986 1800 3190 1856 Deinde
3210 1810 3489 1870 postquam

1897 1902 2063 1957 multa
2115 1913 2358 1975 tempora
2399 1899 2755 1965 transierunt,
2787 1910 2842 1952 et
2872 1897 2970 1967 ipsi
2997 1893 3389 1950 consuetudine
3415 1899 3492 1945 te-

1896 1996 2183 2051 nebrarum
2218 2001 2484 2065 potestate
2510 1992 2760 2057 decenti,
2796 1991 3000 2047 nullam
3055 1989 3370 2045 memoriam
3405 1985 3489 2042 sui

1897 2074 2368 2161 regis'habebant,
2402 2103 2500 2145 nec
2540 2086 2772 2157 propriae
2796 2084 3080 2149 libertatis,
3112 2083 3206 2139 sed
3234 2084 3304 2135 ita
3328 2080 3492 2136 habe-

1898 2184 2027 2240 bant
2078 2192 2129 2237 ut
2187 2183 2232 2237 si
2277 2181 2413 2237 tales
2440 2182 2510 2236 ab
2542 2180 2691 2235 initio
2719 2185 2903 2235 essent
2952 2178 3116 2232 creati
3147 2192 3160 2240 ;
3191 2175 3337 2230 misit
3366 2188 3495 2244 ergo

1897 2278 2148 2334 Christus
2188 2290 2281 2335 rex
2310 2276 2552 2332 cmlestis
2580 2284 2634 2331 et
2663 2288 2842 2337 verus,
2879 2270 3109 2342 primum
3136 2286 3230 2340 per
3274 2276 3493 2322 sanctos

1901 2371 2192 2444 pr0phetas
2235 2368 2510 2429 hominem
2534 2382 2901 2429 ,commonens
2929 2408 2943 2430 ,
2977 2372 3031 2418 t-t
3060 2367 3111 2418 iu
3174 2362 3489 2419 memoriam

1899 2466 2194 2525 nobilitatis
2224 2464 2454 2536 propria:
2483 2477 2743 2519 revocans
2765 2459 3044 2530 dignitatis
3069 2474 3084 2523 ;
3115 2456 3167 2512 id
3195 2455 3355 2510 etiam
3379 2468 3492 2509 ine-

1900 2576 2118 2616 tnorans
2165 2574 2323 2629 quam
2356 2557 2552 2612 acerbo
2576 2556 2620 2622 ⁷,
2643 2570 2801 2626 quam
2829 2549 3058 2608 subdolo
3100 2558 3376 2605 teneretur
3399 2564 3490 2603 cr-

1899 2670 2045 2718 rore,
2070 2654 2398 2708 annuntians
2422 2667 2479 2706 se
2513 2651 2687 2721 ipsum
2715 2656 3023 2713 venturum,
3056 2655 3109 2700 et
3133 2643 3491 2698 liberaturum

1900 2764 2022 2806 eum
2065 2764 2159 2819 per
2188 2763 2247 2803 se
2273 2747 2447 2803 abhis
2476 2747 2564 2817 qui
2588 2761 2709 2801 eum
2735 2745 2785 2798 in
2809 2743 3117 2813 captivitate
3145 2738 3490 2795 detinebant..

2040 2882 2055 2896 .
2094 2882 2106 2895 .
2141 2840 2424 2897 .adulterii
2452 2838 2728 2893 alimmum
2759 2836 2992 2903 deleret,
3015 2845 3066 2889 et
3095 2846 3287 2887 omnes
3316 2830 3495 2885 inimi-

1902 2951 1994 2993 Cos
2017 2952 2045 2991 a
2071 2937 2265 3007 quibus
2307 2943 2518 2990 tenetur
2556 2932 2934 3002 extingueret:
2969 2939 3026 2985 et
3067 2940 3332 2983 renovare
3368 2939 3495 2985 eum

1901 3030 2152 3101 promisit
2196 3026 2493 3085 secundum
2536 3024 2820 3079 arbitrium
2861 3037 3015 3076 suum
3076 3029 3129 3074 et
3178 3019 3353 3088 legem
3400 3031 3495 3087 pa-

1902 3123 2111 3179 cificam
2139 3123 2267 3177 dare
2296 3119 2518 3190 Spiritus
2543 3129 2592 3174 et
2626 3116 2858 3171 divinam
2884 3157 2897 3180 ,
2930 3122 2986 3168 ut
3011 3111 3168 3167 simul
3194 3123 3371 3164 mores
3401 3123 3497 3163 an-

216 3211 385 3270 bentes
408 3213 752 3270 Paracletum
784 3226 1003 3267 securos
1034 3210 1087 3264 in
1118 3209 1369 3265 omnibus
1407 3223 1511 3265 non
1560 3207 1725 3267 fuisse
1747 3218 1793 3263 ο.
1824 3195 1872 3259 C
1905 3210 2082 3279 liquos
2112 3208 2200 3277 qui
2233 3215 2386 3262 erant
2408 3205 2459 3261 iu
2489 3219 2555 3261 eo
2596 3202 2813 3259 malitiae
2851 3204 3209 3255 eommularet
3243 3213 3254 3248 ι
3290 3205 3492 3249 tantum

214 3305 396 3363 Aderat
422 3307 573 3361 enim
617 3306 671 3361 iit
702 3304 781 3359 eis
809 3301 1059 3373 gaudium
1088 3313 1141 3360 et
1171 3302 1381 3367 laetitia,
1413 3302 1573 3356 timor
1600 3309 1656 3356 et
1691 3311 1797 3356 trc-

216 3416 319 3455 tnor
337 3416 400 3455 ex
428 3401 547 3470 ipsa
580 3399 748 3470 gratia
779 3414 793 3464 ;
825 3412 930 3453 non
961 3397 1104 3451 enim
1129 3395 1197 3453 de
1246 3405 1399 3469 parte
1439 3394 1799 3461 inalitite;sed

215 3495 365 3565 gratia
404 3495 516 3566 ipsa
553 3491 893 3548 custodiebat
922 3506 1108 3547 eosne
1137 3491 1219 3545 vel
1249 3490 1301 3545 in
1336 3489 1548 3546 modico
1588 3500 1801 3546 avertes

216 3600 400 3643 rentur.
422 3586 894 3657 Quemadmodum
924 3585 968 3640 si
1000 3584 1071 3639 sit
1100 3584 1296 3655 aliquis
1323 3583 1535 3654 jactans
1562 3583 1799 3653 lapidem

217 3680 262 3734 in
298 3697 498 3736 murum
525 3680 575 3749 ⁵,
608 3677 735 3748 quid
764 3678 930 3735 lmsus
965 3687 1058 3731 aut
1088 3687 1392 3733 eomtnotns
1437 3683 1520 3731 est
1561 3692 1746 3731 murus
1776 3676 1799 3731 ?

216 3783 297 3830 aut
325 3775 479 3831 veluti
506 3772 707 3845 sagitta
737 3773 789 3828 in
821 3771 1096 3828 hominem
1127 3772 1146 3801 ³
1173 3778 1370 3825 tectum
1394 3770 1607 3825 clibano
1629 3766 1655 3807 ἀ
1675 3770 1802 3825 mil.-

218 3875 366 3936 tatur,
386 3868 510 3940 quid
529 3876 627 3922 ant
656 3882 854 3938 corpus
876 3877 967 3920 aut
993 3865 1194 3920 ferrum
1220 3863 1403 3919 nocuit
1432 3863 1731 3934 impingens
1748 3871 1802 3919 et

216 3960 397 4021 cadens
425 3963 446 4018 ?
479 3963 558 4017 lta
591 3975 715 4033 pars
744 3960 925 4028 aliqua
963 3959 1186 4015 malitiae
1215 3958 1425 4014 etiamsi
1456 3957 1802 4029 approxima-

215 4053 282 4110 vit
305 4056 379 4111 eis
409 4056 460 4113 in
487 4057 696 4128 aliquo,
728 4055 784 4111 in
838 4054 987 4111 nullo
1037 4062 1215 4108 tamen
1244 4052 1431 4109 nocuit
1471 4068 1563 4107 eos
1587 4051 1627 4119 °,
1668 4067 1804 4124 quo-

217 4146 348 4203 niam
397 4147 574 4204 induti
620 4155 776 4204 erant
824 4144 1116 4219 perfectam
1164 4141 1369 4201 ChriSIi
1420 4142 1674 4199 virtutem
1705 4161 1718 4197 :
1747 4153 1803 4200 et

217 4238 304 4315 ipsi
332 4242 555 4312 perfecti
586 4257 707 4297 cum
760 4249 965 4305 essent,
1000 4237 1273 4297 habebant
1330 4238 1633 4295 libertatem
1672 4251 1803 4308 ope-

217 4335 356 4389 randi
379 4334 671 4406 justitiam.
704 4333 970 4403 Quoniam
1010 4330 1199 4387 dicunt
1222 4328 1440 4401 quidem
1463 4372 1476 4395 ,
1504 4332 1645 4402 quod
1677 4344 1800 4387 cum

1900 3310 1959 3358 ut
1984 3318 2191 3358 memor
2237 3302 2316 3357 sui
2364 3301 2541 3355 anima
2571 3298 2634 3353 ad
2686 3296 2960 3370 proprium
3002 3288 3274 3365 confugiat
3314 3291 3495 3347 Domi-

1900 3412 2049 3462 num,
2078 3394 2127 3450 ei
2155 3408 2215 3451 se
2244 3392 2479 3456 tradens,
2510 3400 2563 3449 et
2583 3406 2732 3445 suam
2757 3387 3107 3443 commodatis
3130 3385 3492 3440 voluntatem:

1900 3501 1953 3546 et
1997 3498 2051 3544 ut
2080 3487 2350 3553 crederet,
2404 3485 2546 3559 quod
2579 3485 2810 3541 facturus
2837 3482 2909 3537 sit
2935 3482 3112 3535 tuunia
3144 3495 3263 3550 qum
3296 3478 3496 3551 promi-

1899 3584 2000 3650 sit;
2024 3592 2076 3638 et
2104 3598 2227 3637 elllll
2256 3581 2506 3636 obsecret
2535 3578 2653 3634 dies
2700 3584 2994 3647 nocteSquc
3028 3574 3333 3631 vociferans
3360 3581 3418 3627 ut
3464 3588 3493 3627 a

1903 3679 2036 3733 mala
2085 3676 2395 3746 captivitate
2423 3683 2473 3728 et
2504 3673 2696 3729 acerba
2740 3680 2894 3726 cruat
2941 3671 3220 3725 servitute.
3268 3665 3495 3736 Quando

1902 3783 2078 3829 autem
2102 3764 3093 3827 illustravit“bonitassalu:arisnostri
3111 3764 3237 3818 Jesu
3268 3759 3491 3823 Christi,

1902 3874 1953 3921 et
1994 3862 2373 3938 promissionis
2402 3870 2773 3918 consummata
2796 3868 2917 3914 sunt
2945 3867 3211 3930 tempora,
3260 3864 3313 3910 et
3350 3853 3498 3908 venit

1902 3974 1995 4015 rex
2023 3956 2270 4012 Christus
2301 3954 2369 4011 ad
2397 3953 2771 4011 redimendum
2799 3963 2854 4010 et
2900 3949 3268 4023 recipiendum
3323 3947 3496 4003 homi-

1903 4069 2026 4109 nem
2049 4067 2231 4121 suum,
2254 4065 2413 4121 quem
2445 4050 2623 4105 multis
2655 4047 2986 4119 temporibus
3015 4045 3128 4109 dira
3161 4042 3391 4097 servitus
3420 4049 3491 4095 te-

1904 4145 2067 4201 nebat
2100 4151 2195 4211 ;et
2231 4147 2493 4214 quotquot
2520 4142 2572 4196 in
2600 4156 2721 4196 eum
2745 4138 3094 4194 crediderunt
3122 4177 3136 4205 ,
3168 4144 3221 4190 et
3271 4132 3337 4187 ad
3368 4147 3491 4185 eun;

1904 4238 2283 4311 confugerunt,
2312 4236 2579 4309 redempti
2611 4243 2760 4290 sunt.
2810 4234 2874 4287 Et
2918 4231 3145 4302 rogavit,
3178 4242 3329 4282 suam
3375 4240 3499 4296 cap.

1907 4334 2171 4390 tivitatem
2193 4330 2480 4393 conﬁtens,
2509 4326 2651 4401 quod
2684 4342 2787 4379 non
2821 4340 2917 4397 per
2945 4332 3115 4378 semet
3155 4328 3336 4390 posset
3363 4317 3499 4373 libe-

218 4428 369 4499 gratia
399 4431 471 4487 sit
497 4429 696 4486 anima:
725 4428 1010 4483 securitas.
1048 4468 1060 4480 .
1095 4465 1111 4481 .
1146 4467 1161 4481 .
1187 4468 1199 4481 .
1237 4467 1249 4479 .
1286 4466 1299 4482 .
1906 4427 2012 4483 rari
2045 4435 2100 4481 et
2128 4425 2195 4481 de
2212 4423 2469 4480 servitute
2500 4420 2637 4482 erui,
2664 4429 2686 4457 ε
2712 4418 2767 4474 id
2795 4416 2964 4474 estad
2994 4415 3329 4486 superiorem
3346 4428 3505 4467 mun-

671 4518 1155 4581 FRAGMENTUM
1182 4517 1321 4585 XIII.
1838 4590 1845 4591 γ
1906 4522 2057 4591 dum,
2080 4530 2136 4578 et
2166 4520 2233 4574 ab
2264 4520 2365 4573 hoc
2391 4516 2592 4575 smculo
2620 4515 2686 4571 ad
2717 4514 2932 4571 beatum
2960 4522 3012 4568 et
3045 4527 3285 4584 perenne
3336 4524 3495 4567 sarcu-

222 4657 233 4671 .
263 4657 277 4672 .
312 4657 326 4674 .
357 4661 371 4675 .
400 4658 416 4675 .
444 4659 458 4676 .
489 4618 703 4677 animas
752 4616 1046 4673 multorum
1088 4614 1242 4685 quasi
1282 4612 1572 4669 immundis
1600 4610 1804 4686 spiriti-
1826 4590 1881 4652 D
1906 4613 2018 4671 lum
2046 4590 2263 4669 facilius
2288 4612 2432 4671 volat
2463 4626 2586 4665 cum
2625 4609 2792 4664 multa
2821 4607 3024 4678 requie.
3056 4604 3175 4661 Jam
3206 4604 3349 4660 enim
3383 4601 3506 4658 Filii

217 4707 307 4767 bus
334 4710 714 4783 impleverunt.
740 4708 892 4767 Sicut
916 4707 1157 4780 psalmus
1188 4708 1293 4777 ait,
1328 4707 1577 4778 quoniam
1609 4707 1804 4778 repleti

216 4812 332 4859 sunt
357 4805 630 4861 obscurati
661 4802 911 4859 domibus
932 4800 1296 4873 iniquitatum.
1330 4798 1396 4854 Et
1424 4800 1606 4871 posuit
1639 4807 1802 4855 testa-

220 4909 441 4957 mentum
467 4910 657 4967 contra
686 4912 872 4970 regem
902 4910 1108 4963 verum,
1128 4896 1300 4967 legem
1328 4893 1553 4965 peccati,
1585 4901 1640 4951 et
1665 4894 1798 4951 ima-

219 4992 357 5064 gines
383 4994 676 5051 nebulosas
702 5000 756 5047 et
782 4990 1062 5048 doloribus
1084 4990 1293 5061 plenas,
1325 4999 1378 5047 et
1405 5004 1681 5047 nummum
1717 5003 1803 5046 re-

286 5154 300 5184 ¹
329 5153 457 5210 Cod.
490 5153 560 5207 ad
586 5155 907 5225 imperatore.

284 5225 303 5256 ²
332 5225 458 5282 Sch.
478 5226 534 5280 in
561 5225 810 5293 periculo.

283 5295 305 5328 ³
328 5297 397 5353 Ita
417 5298 540 5353 sch.
567 5313 663 5366 pro
681 5295 1084 5353 recondidm'ul.

284 5367 304 5395 ⁸
330 5368 457 5429 Sch.
483 5385 649 5424 muro.

286 5437 306 5469 '
330 5440 453 5497 Sch.
482 5439 706 5509 homine.

290 5608 313 5637 α
338 5598 472 5655 Hinc
499 5599 895 5667 cognoscimus,
920 5605 1191 5654 auctorem
1212 5597 1398 5669 scripti
1422 5597 1580 5669 hujus
1598 5596 1799 5655 vixlsse

226 5682 467 5727 manente
492 5673 670 5728 adhuc
693 5673 939 5729 Romano
964 5671 1212 5742 imperio.

226 5742 556 5891 8hrNotent
604 5744 841 5826 theologi
899 5744 1043 5801 hunc
1089 5742 1267 5811 locum
1306 5741 1373 5800 de
1422 5741 1805 5823 Apostolorum

259 5831 309 5873 ra
336 5832 397 5885 ta.

1909 4709 2006 4765 Dei
2033 4717 2086 4764 et
2115 4706 2375 4765 celsiores
2427 4707 2562 4765 ﬁunt
2604 4714 2659 4760 et
2695 4703 3010 4774 superiores
3049 4699 3166 4758 sine
3219 4698 3327 4754 ullo
3358 4707 3505 4751 metu

1911 4796 2199 4875 Spirituum
2254 4799 2677 4865 imutundorum,
2729 4806 2784 4854 et
2834 4798 3065 4863 feritatis
3094 4810 3317 4859 eorum;
3367 4792 3507 4847 sicut

1908 4899 2053 4956 enim
2085 4896 2329 4951 volatilia
2370 4895 2480 4965 jam
2530 4907 2634 4951 non
2669 4892 2857 4951 timent
2887 4891 3119 4948 ferarum
3159 4885 3402 4943 insidias.
3440 4883 3510 4939 Ut

1910 5004 2095 5051 autem
2124 4992 2307 5049 nullus
2335 4997 2420 5048 est
2448 4988 2726 5045 hominum
2756 4987 2846 5060 qui
2894 4972 3155 5059 pecorum
3190 4978 3455 5052 loquelam
3483 4980 3504 5013 θ

1982 5156 2002 5187 ⁸
2026 5154 2101 5212 Ita
2142 5153 2257 5213 sch.

1980 5228 2001 5259 "
2027 5226 2161 5282 Cod.
2186 5242 2388 5292 arervo,
2407 5225 2526 5281 lielc
2541 5233 2596 5281 et
2622 5225 2779 5284 infra.

1982 5300 2005 5331 ⁸
2028 5298 2108 5353 Ita
2133 5300 2253 5354 cod.
2281 5314 2376 5366 pro
2398 5297 2591 5354 illuxit.

1982 5373 2004 5405 ’
2043 5370 2177 5429 Cod.
2194 5412 2211 5440 ,
2246 5371 2548 5444 loquellam.

1900 5602 1904 5610 '
1957 5600 2109 5686 "ego
2139 5602 2750 5686 sententiamgadvcrsus
2801 5605 2920 5686 illos
2962 5603 3369 5686 heterodoxgs,
3416 5603 3507 5681 qui

1914 5673 2244 5749 nihilum-nsi
2278 5675 2475 5731 habent
2506 5688 2700 5746 praeter
2724 5678 2982 5749 scriptum
3008 5678 3230 5733 verbum
3260 5679 3376 5736 Dei.

1983 5744 2009 5829 tl
2036 5746 2168 5829 ﬁcti
2202 5760 2325 5829 sunt
2348 5744 2614 5829 clibauarii
2635 5744 2859 5821 milites,
2884 5751 2936 5808 id
2964 5759 3048 5811 est
3068 5752 3407 5829 cataphracti.

1989 5828 2012 5857 θ
2036 5817 2261 5881 Videtur
2290 5821 2569 5896 interiecta
2592 5821 2801 5887 lacuna.
2845 5817 2854 5821 ⁷
3158 5817 3165 5823 ’
