  <div class='ocr_page' id='page_1' title='image "/cluster/home/n/w/nwhite01/storage/ocr_20150623/13/hvd.32044015471295/325.png"; bbox 0 0 3972 6352; ppageno 0'>
   <div class='ocr_carea' id='block_1_1' title="bbox 439 243 3777 340">
    <p class='ocr_par' dir='ltr' id='par_1_1' title="bbox 439 243 3777 340">
     <span class='ocr_line' id='line_1_1' title="bbox 439 243 3777 340; baseline 0.004 -15"><span class='ocrx_word' id='word_1_1' title='bbox 439 266 545 326; x_wconf 80' lang='lat'><strong>659</strong></span> <span class='ocrx_word' id='word_1_2' title='bbox 939 267 1378 327; x_wconf 79' lang='lat' dir='ltr'><strong>MONUMENTA</strong></span> <span class='ocrx_word' id='word_1_3' title='bbox 1423 267 1698 326; x_wconf 74' lang='lat' dir='ltr'><strong>VETERA</strong></span> <span class='ocrx_word' id='word_1_4' title='bbox 1736 270 1830 326; x_wconf 81' lang='lat' dir='ltr'><strong>AD</strong></span> <span class='ocrx_word' id='word_1_5' title='bbox 1869 268 2275 329; x_wconf 77' lang='lat' dir='ltr'><strong>ARIANORUM</strong></span> <span class='ocrx_word' id='word_1_6' title='bbox 2315 268 2713 330; x_wconf 78' lang='lat' dir='ltr'><strong>DOCTBINAM</strong></span> <span class='ocrx_word' id='word_1_7' title='bbox 2754 273 3239 332; x_wconf 72' lang='lat' dir='ltr'><strong>PEBTINENTIA.</strong></span> <span class='ocrx_word' id='word_1_8' title='bbox 3624 280 3716 340; x_wconf 81' lang='lat' dir='ltr'><strong>6l0</strong></span> <span class='ocrx_word' id='word_1_9' title='bbox 3773 243 3777 246; x_wconf 19' lang='lat'>.</span> 
     </span>
    </p>
   </div>
   <div class='ocr_carea' id='block_1_2' title="bbox 441 385 3716 462">
    <p class='ocr_par' dir='ltr' id='par_1_2' title="bbox 441 385 3716 462">
     <span class='ocr_line' id='line_1_2' title="bbox 441 385 3716 462; baseline 0.003 -20"><span class='ocrx_word' id='word_1_10' title='bbox 441 386 823 458; x_wconf 89' lang='lat' dir='ltr'><strong>intelligat,ita</strong></span> <span class='ocrx_word' id='word_1_11' title='bbox 851 396 906 443; x_wconf 91' lang='lat' dir='ltr'><strong>et</strong></span> <span class='ocrx_word' id='word_1_12' title='bbox 927 387 1165 458; x_wconf 78' lang='lat' dir='ltr'><strong>linguam</strong></span> <span class='ocrx_word' id='word_1_13' title='bbox 1197 385 1437 458; x_wconf 94' lang='lat' dir='ltr'><strong>Spiritus</strong></span> <span class='ocrx_word' id='word_1_14' title='bbox 1465 386 1639 442; x_wconf 80' lang='lat' dir='ltr'><strong>sancti</strong></span> <span class='ocrx_word' id='word_1_15' title='bbox 1670 400 1832 442; x_wconf 90' lang='lat' dir='ltr'><strong>nemo</strong></span> <span class='ocrx_word' id='word_1_16' title='bbox 1862 385 2038 442; x_wconf 87' lang='lat' dir='ltr'><strong>homi-</strong></span> <span class='ocrx_word' id='word_1_17' title='bbox 2066 391 2120 452; x_wconf 78' lang='grc' dir='ltr'>Α</span> <span class='ocrx_word' id='word_1_18' title='bbox 2142 394 2298 443; x_wconf 93' lang='lat' dir='ltr'><strong>cutus</strong></span> <span class='ocrx_word' id='word_1_19' title='bbox 2320 396 2402 442; x_wconf 91' lang='lat' dir='ltr'><strong>est</strong></span> <span class='ocrx_word' id='word_1_20' title='bbox 2431 387 2482 442; x_wconf 92' lang='lat' dir='ltr'><strong>in</strong></span> <span class='ocrx_word' id='word_1_21' title='bbox 2513 387 2784 458; x_wconf 86' lang='lat' dir='ltr'><strong>parabolis</strong></span> <span class='ocrx_word' id='word_1_22' title='bbox 2818 407 2831 444; x_wconf 94' lang='lat'><strong>:</strong></span> <span class='ocrx_word' id='word_1_23' title='bbox 2864 389 2938 444; x_wconf 93' lang='lat' dir='ltr'><strong>ait</strong></span> <span class='ocrx_word' id='word_1_24' title='bbox 2965 390 3110 446; x_wconf 89' lang='lat' dir='ltr'><strong>enim</strong></span> <span class='ocrx_word' id='word_1_25' title='bbox 3145 408 3157 445; x_wconf 93' lang='lat'>:</span> <span class='ocrx_word' id='word_1_26' title='bbox 3191 389 3442 462; x_wconf 83' lang='lat' dir='ltr'><strong>Aperiam</strong></span> <span class='ocrx_word' id='word_1_27' title='bbox 3471 407 3530 449; x_wconf 90' lang='lat' dir='ltr'><strong>os</strong></span> <span class='ocrx_word' id='word_1_28' title='bbox 3561 411 3716 453; x_wconf 87' lang='lat' dir='ltr'><strong>meum</strong></span> 
     </span>
    </p>
   </div>
   <div class='ocr_carea' id='block_1_3' title="bbox 441 478 2044 552">
    <p class='ocr_par' dir='ltr' id='par_1_3' title="bbox 441 478 2044 552">
     <span class='ocr_line' id='line_1_3' title="bbox 441 478 2044 552; baseline -0.001 -16"><span class='ocrx_word' id='word_1_29' title='bbox 441 497 572 538; x_wconf 88' lang='lat' dir='ltr'><strong>num</strong></span> <span class='ocrx_word' id='word_1_30' title='bbox 589 481 782 551; x_wconf 86' lang='lat' dir='ltr'><strong>plenus</strong></span> <span class='ocrx_word' id='word_1_31' title='bbox 805 480 1092 551; x_wconf 78' lang='lat' dir='ltr'><strong>Spirituum</strong></span> <span class='ocrx_word' id='word_1_32' title='bbox 1109 479 1509 536; x_wconf 81' lang='lat' dir='ltr'><strong>mundanorum</strong></span> <span class='ocrx_word' id='word_1_33' title='bbox 1537 479 1804 552; x_wconf 87' lang='lat' dir='ltr'><strong>agnoscit;</strong></span> <span class='ocrx_word' id='word_1_34' title='bbox 1820 479 1915 535; x_wconf 89' lang='lat' dir='ltr'><strong>sed</strong></span> <span class='ocrx_word' id='word_1_35' title='bbox 1939 478 2044 536; x_wconf 90' lang='lat' dir='ltr'><strong>soli</strong></span> 
     </span>
    </p>
   </div>
   <div class='ocr_carea' id='block_1_4' title="bbox 444 573 2047 648">
    <p class='ocr_par' dir='ltr' id='par_1_4' title="bbox 444 573 2047 648">
     <span class='ocr_line' id='line_1_4' title="bbox 444 573 2047 648; baseline 0.001 -18"><span class='ocrx_word' id='word_1_36' title='bbox 444 574 538 630; x_wconf 79' lang='lat' dir='ltr'><strong>lilii</strong></span> <span class='ocrx_word' id='word_1_37' title='bbox 569 574 759 646; x_wconf 59' lang='lat' dir='ltr'><strong>gratiae</strong></span> <span class='ocrx_word' id='word_1_38' title='bbox 781 575 945 630; x_wconf 77' lang='lat' dir='ltr'><strong>verba</strong></span> <span class='ocrx_word' id='word_1_39' title='bbox 965 573 1154 648; x_wconf 86' lang='lat' dir='ltr'><strong>matris</strong></span> <span class='ocrx_word' id='word_1_40' title='bbox 1201 584 1502 647; x_wconf 84' lang='lat' dir='ltr'><strong>agnoscunt</strong></span> <span class='ocrx_word' id='word_1_41' title='bbox 1533 592 1547 628; x_wconf 87' lang='lat'><strong>:</strong></span> <span class='ocrx_word' id='word_1_42' title='bbox 1574 574 1871 631; x_wconf 90' lang='lat' dir='ltr'><strong>secundum</strong></span> <span class='ocrx_word' id='word_1_43' title='bbox 1902 574 2047 646; x_wconf 88' lang='lat' dir='ltr'><strong>quod</strong></span> 
     </span>
    </p>
   </div>
   <div class='ocr_carea' id='block_1_5' title="bbox 443 666 2046 739">
    <p class='ocr_par' dir='ltr' id='par_1_5' title="bbox 443 666 2046 739">
     <span class='ocr_line' id='line_1_5' title="bbox 443 666 2046 739; baseline 0 -16"><span class='ocrx_word' id='word_1_44' title='bbox 443 668 646 724; x_wconf 88' lang='lat' dir='ltr'><strong>dictum</strong></span> <span class='ocrx_word' id='word_1_45' title='bbox 660 667 1105 738; x_wconf 80' lang='lat' dir='ltr'><strong>est,5piritalibus</strong></span> <span class='ocrx_word' id='word_1_46' title='bbox 1129 667 1388 737; x_wconf 85' lang='lat' dir='ltr'><strong>spiritalia</strong></span> <span class='ocrx_word' id='word_1_47' title='bbox 1411 678 1815 739; x_wconf 72' lang='lat' dir='ltr'><strong>comparantes;</strong></span> <span class='ocrx_word' id='word_1_48' title='bbox 1836 666 2046 724; x_wconf 83' lang='lat' dir='ltr'><strong>anima-</strong></span> 
     </span>
    </p>
   </div>
   <div class='ocr_carea' id='block_1_6' title="bbox 445 759 2046 836">
    <p class='ocr_par' dir='ltr' id='par_1_6' title="bbox 445 759 2046 836">
     <span class='ocr_line' id='line_1_6' title="bbox 445 759 2046 836; baseline 0.001 -19"><span class='ocrx_word' id='word_1_49' title='bbox 445 760 514 818; x_wconf 89' lang='lat' dir='ltr'><strong>lis</strong></span> <span class='ocrx_word' id='word_1_50' title='bbox 529 771 711 836; x_wconf 65' lang='lat' dir='ltr'><strong>autem</strong></span> <span class='ocrx_word' id='word_1_51' title='bbox 729 759 891 816; x_wconf 84' lang='lat' dir='ltr'><strong>homo</strong></span> <span class='ocrx_word' id='word_1_52' title='bbox 906 777 1012 816; x_wconf 85' lang='lat' dir='ltr'><strong>non</strong></span> <span class='ocrx_word' id='word_1_53' title='bbox 1028 761 1220 833; x_wconf 86' lang='lat' dir='ltr'><strong>recipit</strong></span> <span class='ocrx_word' id='word_1_54' title='bbox 1234 778 1352 831; x_wconf 74' lang='lat' dir='ltr'><strong>qum</strong></span> <span class='ocrx_word' id='word_1_55' title='bbox 1367 770 1493 817; x_wconf 91' lang='lat' dir='ltr'><strong>sunt</strong></span> <span class='ocrx_word' id='word_1_56' title='bbox 1508 761 1768 834; x_wconf 83' lang='lat' dir='ltr'><strong>spiritalia</strong></span> <span class='ocrx_word' id='word_1_57' title='bbox 1788 779 1801 816; x_wconf 90' lang='lat'><strong>:</strong></span> <span class='ocrx_word' id='word_1_58' title='bbox 1818 762 2046 818; x_wconf 85' lang='lat' dir='ltr'><strong>stultitia</strong></span> 
     </span>
    </p>
   </div>
   <div class='ocr_carea' id='block_1_7' title="bbox 443 853 2047 929">
    <p class='ocr_par' dir='ltr' id='par_1_7' title="bbox 443 853 2047 929">
     <span class='ocr_line' id='line_1_7' title="bbox 443 853 2047 929; baseline 0.002 -18"><span class='ocrx_word' id='word_1_59' title='bbox 443 854 588 911; x_wconf 89' lang='lat' dir='ltr'><strong>enim</strong></span> <span class='ocrx_word' id='word_1_60' title='bbox 611 861 697 909; x_wconf 87' lang='lat' dir='ltr'><strong>est</strong></span> <span class='ocrx_word' id='word_1_61' title='bbox 723 853 794 910; x_wconf 90' lang='lat' dir='ltr'><strong>ei.</strong></span> <span class='ocrx_word' id='word_1_62' title='bbox 824 853 976 910; x_wconf 91' lang='lat' dir='ltr'><strong>Sicut</strong></span> <span class='ocrx_word' id='word_1_63' title='bbox 996 855 1140 910; x_wconf 91' lang='lat' dir='ltr'><strong>enim</strong></span> <span class='ocrx_word' id='word_1_64' title='bbox 1184 854 1492 912; x_wconf 89' lang='lat' dir='ltr'><strong>hominibus</strong></span> <span class='ocrx_word' id='word_1_65' title='bbox 1538 857 1807 929; x_wconf 85' lang='lat' dir='ltr'><strong>incognita</strong></span> <span class='ocrx_word' id='word_1_66' title='bbox 1846 866 1930 913; x_wconf 84' lang='lat' dir='ltr'><strong>est</strong></span> <span class='ocrx_word' id='word_1_67' title='bbox 1961 856 2047 916; x_wconf 88' lang='lat' dir='ltr'><strong>bi-</strong></span> 
     </span>
    </p>
   </div>
   <div class='ocr_carea' id='block_1_8' title="bbox 443 952 2046 1024">
    <p class='ocr_par' dir='ltr' id='par_1_8' title="bbox 443 952 2046 1024">
     <span class='ocr_line' id='line_1_8' title="bbox 443 952 2046 1024; baseline 0.001 -16"><span class='ocrx_word' id='word_1_68' title='bbox 443 952 735 1008; x_wconf 90' lang='lat' dir='ltr'><strong>rundinum</strong></span> <span class='ocrx_word' id='word_1_69' title='bbox 762 967 894 1018; x_wconf 81' lang='lat' dir='ltr'><strong>vox,</strong></span> <span class='ocrx_word' id='word_1_70' title='bbox 925 952 995 1007; x_wconf 89' lang='lat' dir='ltr'><strong>ita</strong></span> <span class='ocrx_word' id='word_1_71' title='bbox 1026 961 1080 1008; x_wconf 91' lang='lat' dir='ltr'><strong>et</strong></span> <span class='ocrx_word' id='word_1_72' title='bbox 1102 952 1348 1008; x_wconf 82' lang='lat' dir='ltr'><strong>carnales</strong></span> <span class='ocrx_word' id='word_1_73' title='bbox 1367 953 1700 1023; x_wconf 89' lang='lat' dir='ltr'><strong>spiritalibus</strong></span> <span class='ocrx_word' id='word_1_74' title='bbox 1723 969 1822 1024; x_wconf 91' lang='lat' dir='ltr'><strong>pro</strong></span> <span class='ocrx_word' id='word_1_75' title='bbox 1850 953 2046 1010; x_wconf 85' lang='lat' dir='ltr'><strong>barba-</strong></span> 
     </span>
    </p>
   </div>
   <div class='ocr_carea' id='block_1_9' title="bbox 443 1044 2044 1116">
    <p class='ocr_par' dir='ltr' id='par_1_9' title="bbox 443 1044 2044 1116">
     <span class='ocr_line' id='line_1_9' title="bbox 443 1044 2044 1116; baseline 0.002 -16"><span class='ocrx_word' id='word_1_76' title='bbox 443 1046 522 1101; x_wconf 79' lang='lat' dir='ltr'><strong>ris</strong></span> <span class='ocrx_word' id='word_1_77' title='bbox 562 1052 706 1100; x_wconf 87' lang='lat' dir='ltr'><strong>sunt.</strong></span> <span class='ocrx_word' id='word_1_78' title='bbox 744 1044 870 1100; x_wconf 65' lang='lat' dir='ltr'><strong>Haec</strong></span> <span class='ocrx_word' id='word_1_79' title='bbox 895 1057 1078 1100; x_wconf 83' lang='lat' dir='ltr'><strong>autem</strong></span> <span class='ocrx_word' id='word_1_80' title='bbox 1125 1045 1353 1116; x_wconf 87' lang='lat' dir='ltr'><strong>quadam</strong></span> <span class='ocrx_word' id='word_1_81' title='bbox 1385 1045 1740 1102; x_wconf 88' lang='lat' dir='ltr'><strong>similitudine</strong></span> <span class='ocrx_word' id='word_1_82' title='bbox 1770 1046 2044 1103; x_wconf 82' lang='lat' dir='ltr'><strong>umbratili</strong></span> 
     </span>
    </p>
   </div>
   <div class='ocr_carea' id='block_1_10' title="bbox 443 1137 2044 1211">
    <p class='ocr_par' dir='ltr' id='par_1_10' title="bbox 443 1137 2044 1211">
     <span class='ocr_line' id='line_1_10' title="bbox 443 1137 2044 1211; baseline 0 -17"><span class='ocrx_word' id='word_1_83' title='bbox 443 1152 631 1194; x_wconf 88' lang='lat' dir='ltr'><strong>eorum</strong></span> <span class='ocrx_word' id='word_1_84' title='bbox 658 1179 674 1206; x_wconf 89' lang='lat'><strong>,</strong></span> <span class='ocrx_word' id='word_1_85' title='bbox 702 1153 822 1210; x_wconf 78' lang='lat' dir='ltr'><strong>qua:</strong></span> <span class='ocrx_word' id='word_1_86' title='bbox 865 1152 991 1193; x_wconf 86' lang='lat' dir='ltr'><strong>vera</strong></span> <span class='ocrx_word' id='word_1_87' title='bbox 1017 1146 1164 1204; x_wconf 91' lang='lat' dir='ltr'><strong>sunt,</strong></span> <span class='ocrx_word' id='word_1_88' title='bbox 1187 1137 1414 1194; x_wconf 90' lang='lat' dir='ltr'><strong>dicimus</strong></span> <span class='ocrx_word' id='word_1_89' title='bbox 1450 1138 1745 1194; x_wconf 87' lang='lat' dir='ltr'><strong>volatilium</strong></span> <span class='ocrx_word' id='word_1_90' title='bbox 1773 1148 1828 1194; x_wconf 90' lang='lat' dir='ltr'><strong>et</strong></span> <span class='ocrx_word' id='word_1_91' title='bbox 1856 1138 2044 1211; x_wconf 82' lang='lat' dir='ltr'><strong>hujus-</strong></span> 
     </span>
    </p>
   </div>
   <div class='ocr_carea' id='block_1_11' title="bbox 445 1232 2044 1305">
    <p class='ocr_par' dir='ltr' id='par_1_11' title="bbox 445 1232 2044 1305">
     <span class='ocr_line' id='line_1_11' title="bbox 445 1232 2044 1305; baseline 0.002 -17"><span class='ocrx_word' id='word_1_92' title='bbox 445 1232 592 1288; x_wconf 86' lang='lat' dir='ltr'><strong>mndi</strong></span> <span class='ocrx_word' id='word_1_93' title='bbox 639 1247 854 1298; x_wconf 85' lang='lat' dir='ltr'><strong>rerum;</strong></span> <span class='ocrx_word' id='word_1_94' title='bbox 895 1241 1175 1288; x_wconf 82' lang='lat' dir='ltr'><strong>sumentes</strong></span> <span class='ocrx_word' id='word_1_95' title='bbox 1221 1233 1290 1288; x_wconf 90' lang='lat' dir='ltr'><strong>ab</strong></span> <span class='ocrx_word' id='word_1_96' title='bbox 1321 1232 1404 1289; x_wconf 87' lang='lat' dir='ltr'><strong>his</strong></span> <span class='ocrx_word' id='word_1_97' title='bbox 1433 1249 1555 1305; x_wconf 69' lang='lat' dir='ltr'><strong>qua:</strong></span> <span class='ocrx_word' id='word_1_98' title='bbox 1583 1232 1836 1289; x_wconf 89' lang='lat' dir='ltr'><strong>videntur</strong></span> <span class='ocrx_word' id='word_1_99' title='bbox 1861 1249 2044 1291; x_wconf 78' lang='lat' dir='ltr'><strong>exem-</strong></span> 
     </span>
    </p>
   </div>
   <div class='ocr_carea' id='block_1_12' title="bbox 446 1325 2046 1398">
    <p class='ocr_par' dir='ltr' id='par_1_12' title="bbox 446 1325 2046 1398">
     <span class='ocr_line' id='line_1_12' title="bbox 446 1325 2046 1398; baseline 0.003 -20"><span class='ocrx_word' id='word_1_100' title='bbox 446 1325 534 1398; x_wconf 89' lang='lat' dir='ltr'><strong>pla</strong></span> <span class='ocrx_word' id='word_1_101' title='bbox 573 1333 629 1380; x_wconf 89' lang='lat' dir='ltr'><strong>et</strong></span> <span class='ocrx_word' id='word_1_102' title='bbox 655 1326 936 1380; x_wconf 86' lang='lat' dir='ltr'><strong>materiam</strong></span> <span class='ocrx_word' id='word_1_103' title='bbox 963 1325 1310 1396; x_wconf 83' lang='lat' dir='ltr'><strong>colligentes;</strong></span> <span class='ocrx_word' id='word_1_104' title='bbox 1345 1327 1599 1398; x_wconf 89' lang='lat' dir='ltr'><strong>quoniam</strong></span> <span class='ocrx_word' id='word_1_105' title='bbox 1629 1327 1895 1398; x_wconf 86' lang='lat' dir='ltr'><strong>spiritalia</strong></span> <span class='ocrx_word' id='word_1_106' title='bbox 1927 1327 2046 1383; x_wconf 84' lang='lat' dir='ltr'><strong>nul-</strong></span> 
     </span>
    </p>
   </div>
   <div class='ocr_carea' id='block_1_13' title="bbox 446 1416 2048 1498">
    <p class='ocr_par' dir='ltr' id='par_1_13' title="bbox 446 1416 2048 1498">
     <span class='ocr_line' id='line_1_13' title="bbox 446 1416 2048 1498; baseline 0.002 -25"><span class='ocrx_word' id='word_1_107' title='bbox 446 1417 554 1498; x_wconf 86' lang='lat' dir='ltr'><strong>lam</strong></span> <span class='ocrx_word' id='word_1_108' title='bbox 582 1416 1082 1488; x_wconf 82' lang='lat' dir='ltr'><strong>interpretationem</strong></span> <span class='ocrx_word' id='word_1_109' title='bbox 1106 1418 1375 1490; x_wconf 89' lang='lat' dir='ltr'><strong>recipiunt</strong></span> <span class='ocrx_word' id='word_1_110' title='bbox 1405 1437 1418 1474; x_wconf 90' lang='lat'>:</span> <span class='ocrx_word' id='word_1_111' title='bbox 1443 1419 1583 1476; x_wconf 88' lang='lat' dir='ltr'><strong>sicut</strong></span> <span class='ocrx_word' id='word_1_112' title='bbox 1602 1429 1656 1476; x_wconf 91' lang='lat' dir='ltr'><strong>et</strong></span> <span class='ocrx_word' id='word_1_113' title='bbox 1685 1419 1946 1478; x_wconf 90' lang='lat' dir='ltr'><strong>Dominus</strong></span> <span class='ocrx_word' id='word_1_114' title='bbox 1966 1420 2048 1476; x_wconf 89' lang='lat' dir='ltr'><strong>lo-</strong></span> 
     </span>
    </p>
   </div>
   <div class='ocr_carea' id='block_1_14' title="bbox 2149 480 3720 553">
    <p class='ocr_par' dir='ltr' id='par_1_14' title="bbox 2149 480 3720 553">
     <span class='ocr_line' id='line_1_14' title="bbox 2149 480 3720 553; baseline 0.007 -17"><span class='ocrx_word' id='word_1_115' title='bbox 2149 481 2201 538; x_wconf 91' lang='lat' dir='ltr'><strong>in</strong></span> <span class='ocrx_word' id='word_1_116' title='bbox 2235 480 2530 553; x_wconf 87' lang='lat' dir='ltr'><strong>parabolis.</strong></span> <span class='ocrx_word' id='word_1_117' title='bbox 2555 481 2838 553; x_wconf 89' lang='lat' dir='ltr'><strong>Spiritalia</strong></span> <span class='ocrx_word' id='word_1_118' title='bbox 2861 483 3006 540; x_wconf 90' lang='lat' dir='ltr'><strong>enim</strong></span> <span class='ocrx_word' id='word_1_119' title='bbox 3040 483 3329 541; x_wconf 84' lang='lat' dir='ltr'><strong>invisibilia</strong></span> <span class='ocrx_word' id='word_1_120' title='bbox 3355 495 3480 542; x_wconf 89' lang='lat' dir='ltr'><strong>sunt</strong></span> <span class='ocrx_word' id='word_1_121' title='bbox 3504 529 3519 553; x_wconf 89' lang='lat'><strong>,</strong></span> <span class='ocrx_word' id='word_1_122' title='bbox 3549 497 3600 544; x_wconf 91' lang='lat' dir='ltr'><strong>et</strong></span> <span class='ocrx_word' id='word_1_123' title='bbox 3633 505 3720 548; x_wconf 86' lang='lat' dir='ltr'><strong>nec</strong></span> 
     </span>
    </p>
   </div>
   <div class='ocr_carea' id='block_1_15' title="bbox 2150 570 3721 653">
    <p class='ocr_par' dir='ltr' id='par_1_15' title="bbox 2150 570 3721 653">
     <span class='ocr_line' id='line_1_15' title="bbox 2150 570 3721 653; baseline 0.006 -23"><span class='ocrx_word' id='word_1_124' title='bbox 2150 589 2403 630; x_wconf 89' lang='lat' dir='ltr'><strong>sermone</strong></span> <span class='ocrx_word' id='word_1_125' title='bbox 2446 573 2683 630; x_wconf 88' lang='lat' dir='ltr'><strong>lmmauo</strong></span> <span class='ocrx_word' id='word_1_126' title='bbox 2734 586 2960 646; x_wconf 90' lang='lat' dir='ltr'><strong>possunt</strong></span> <span class='ocrx_word' id='word_1_127' title='bbox 2995 570 3216 646; x_wconf 72' lang='lat' dir='ltr'><strong>eiponi,</strong></span> <span class='ocrx_word' id='word_1_128' title='bbox 3244 579 3349 636; x_wconf 91' lang='lat' dir='ltr'><strong>nisi</strong></span> <span class='ocrx_word' id='word_1_129' title='bbox 3377 579 3592 648; x_wconf 84' lang='lat' dir='ltr'><strong>spiritus</strong></span> <span class='ocrx_word' id='word_1_130' title='bbox 3619 581 3721 653; x_wconf 85' lang='lat' dir='ltr'><strong>ipse</strong></span> 
     </span>
    </p>
   </div>
   <div class='ocr_carea' id='block_1_16' title="bbox 2151 669 3724 750">
    <p class='ocr_par' dir='ltr' id='par_1_16' title="bbox 2151 669 3724 750">
     <span class='ocr_line' id='line_1_16' title="bbox 2151 669 3724 750; baseline 0.005 -26"><span class='ocrx_word' id='word_1_131' title='bbox 2151 669 2470 726; x_wconf 90' lang='lat' dir='ltr'><strong>obsecretur</strong></span> <span class='ocrx_word' id='word_1_132' title='bbox 2516 678 2574 726; x_wconf 92' lang='lat' dir='ltr'><strong>ut</strong></span> <span class='ocrx_word' id='word_1_133' title='bbox 2608 670 2818 728; x_wconf 89' lang='lat' dir='ltr'><strong>doceat.</strong></span> <span class='ocrx_word' id='word_1_134' title='bbox 2855 671 3170 744; x_wconf 87' lang='lat' dir='ltr'><strong>Spiritalem</strong></span> <span class='ocrx_word' id='word_1_135' title='bbox 3203 675 3345 730; x_wconf 87' lang='lat' dir='ltr'><strong>enim</strong></span> <span class='ocrx_word' id='word_1_136' title='bbox 3386 680 3724 750; x_wconf 85' lang='lat' dir='ltr'><strong>regeneratio-</strong></span> 
     </span>
    </p>
   </div>
   <div class='ocr_carea' id='block_1_17' title="bbox 2153 763 3720 840">
    <p class='ocr_par' dir='ltr' id='par_1_17' title="bbox 2153 763 3720 840">
     <span class='ocr_line' id='line_1_17' title="bbox 2153 763 3720 840; baseline 0.006 -22"><span class='ocrx_word' id='word_1_137' title='bbox 2153 778 2275 818; x_wconf 94' lang='lat' dir='ltr'><strong>nem</strong></span> <span class='ocrx_word' id='word_1_138' title='bbox 2305 763 2702 819; x_wconf 88' lang='lat' dir='ltr'><strong>incrementmn</strong></span> <span class='ocrx_word' id='word_1_139' title='bbox 2727 774 2784 820; x_wconf 91' lang='lat' dir='ltr'><strong>et</strong></span> <span class='ocrx_word' id='word_1_140' title='bbox 2807 766 3193 836; x_wconf 82' lang='lat' dir='ltr'><strong>perfectionem</strong></span> <span class='ocrx_word' id='word_1_141' title='bbox 3227 782 3455 824; x_wconf 81' lang='lat' dir='ltr'><strong>noscere</strong></span> <span class='ocrx_word' id='word_1_142' title='bbox 3475 784 3576 824; x_wconf 89' lang='lat' dir='ltr'><strong>non</strong></span> <span class='ocrx_word' id='word_1_143' title='bbox 3615 785 3720 840; x_wconf 85' lang='lat' dir='ltr'><strong>pos-</strong></span> 
     </span>
    </p>
   </div>
   <div class='ocr_carea' id='block_1_18' title="bbox 2153 858 3722 933">
    <p class='ocr_par' dir='ltr' id='par_1_18' title="bbox 2153 858 3722 933">
     <span class='ocr_line' id='line_1_18' title="bbox 2153 858 3722 933; baseline 0.003 -17"><span class='ocrx_word' id='word_1_144' title='bbox 2153 873 2364 924; x_wconf 88' lang='lat' dir='ltr'><strong>sumus,</strong></span> <span class='ocrx_word' id='word_1_145' title='bbox 2390 858 2485 915; x_wconf 90' lang='lat' dir='ltr'><strong>sed</strong></span> <span class='ocrx_word' id='word_1_146' title='bbox 2513 858 2856 918; x_wconf 88' lang='lat' dir='ltr'><strong>solummodo</strong></span> <span class='ocrx_word' id='word_1_147' title='bbox 2877 861 3102 918; x_wconf 85' lang='lat' dir='ltr'><strong>credere</strong></span> <span class='ocrx_word' id='word_1_148' title='bbox 3130 862 3271 933; x_wconf 89' lang='lat' dir='ltr'><strong>quod</strong></span> <span class='ocrx_word' id='word_1_149' title='bbox 3301 864 3374 919; x_wconf 90' lang='lat' dir='ltr'><strong>ita</strong></span> <span class='ocrx_word' id='word_1_150' title='bbox 3421 863 3475 919; x_wconf 92' lang='lat' dir='ltr'><strong>in</strong></span> <span class='ocrx_word' id='word_1_151' title='bbox 3518 863 3722 921; x_wconf 82' lang='lat' dir='ltr'><strong>homini-</strong></span> 
     </span>
    </p>
   </div>
   <div class='ocr_carea' id='block_1_19' title="bbox 2153 953 3723 1030">
    <p class='ocr_par' dir='ltr' id='par_1_19' title="bbox 2153 953 3723 1030">
     <span class='ocr_line' id='line_1_19' title="bbox 2153 953 3723 1030; baseline 0.004 -20"><span class='ocrx_word' id='word_1_152' title='bbox 2153 953 2253 1010; x_wconf 91' lang='lat' dir='ltr'><strong>bus</strong></span> <span class='ocrx_word' id='word_1_153' title='bbox 2283 966 2540 1024; x_wconf 81' lang='lat' dir='ltr'><strong>operetur</strong></span> <span class='ocrx_word' id='word_1_154' title='bbox 2557 953 2648 1025; x_wconf 91' lang='lat' dir='ltr'><strong>qui</strong></span> <span class='ocrx_word' id='word_1_155' title='bbox 2671 955 2718 1010; x_wconf 91' lang='lat' dir='ltr'><strong>ei</strong></span> <span class='ocrx_word' id='word_1_156' title='bbox 2748 957 3159 1012; x_wconf 80' lang='lat' dir='ltr'><strong>conversatione</strong></span> <span class='ocrx_word' id='word_1_157' title='bbox 3183 957 3265 1012; x_wconf 90' lang='lat' dir='ltr'><strong>sui</strong></span> <span class='ocrx_word' id='word_1_158' title='bbox 3309 957 3516 1028; x_wconf 85' lang='lat' dir='ltr'><strong>placere</strong></span> <span class='ocrx_word' id='word_1_159' title='bbox 3558 969 3723 1030; x_wconf 87' lang='lat' dir='ltr'><strong>potue-</strong></span> 
     </span>
    </p>
   </div>
   <div class='ocr_carea' id='block_1_20' title="bbox 2155 1046 3722 1121">
    <p class='ocr_par' dir='ltr' id='par_1_20' title="bbox 2155 1046 3722 1121">
     <span class='ocr_line' id='line_1_20' title="bbox 2155 1046 3722 1121; baseline 0.003 -18"><span class='ocrx_word' id='word_1_160' title='bbox 2155 1056 2302 1103; x_wconf 91' lang='lat' dir='ltr'><strong>runt.</strong></span> <span class='ocrx_word' id='word_1_161' title='bbox 2337 1046 2415 1103; x_wconf 87' lang='lat' dir='ltr'><strong>lta</strong></span> <span class='ocrx_word' id='word_1_162' title='bbox 2445 1055 2500 1104; x_wconf 90' lang='lat' dir='ltr'><strong>et</strong></span> <span class='ocrx_word' id='word_1_163' title='bbox 2525 1048 2847 1118; x_wconf 79' lang='lat' dir='ltr'><strong>Spiritalium</strong></span> <span class='ocrx_word' id='word_1_164' title='bbox 2867 1049 3081 1121; x_wconf 87' lang='lat' dir='ltr'><strong>loquela</strong></span> <span class='ocrx_word' id='word_1_165' title='bbox 3103 1049 3332 1106; x_wconf 87' lang='lat' dir='ltr'><strong>barbara</strong></span> <span class='ocrx_word' id='word_1_166' title='bbox 3352 1059 3426 1105; x_wconf 90' lang='lat' dir='ltr'><strong>est</strong></span> <span class='ocrx_word' id='word_1_167' title='bbox 3465 1051 3722 1108; x_wconf 83' lang='lat' dir='ltr'><strong>mundanis</strong></span> 
     </span>
    </p>
   </div>
   <div class='ocr_carea' id='block_1_21' title="bbox 2156 1139 3723 1214">
    <p class='ocr_par' dir='ltr' id='par_1_21' title="bbox 2156 1139 3723 1214">
     <span class='ocr_line' id='line_1_21' title="bbox 2156 1139 3723 1214; baseline 0.003 -19"><span class='ocrx_word' id='word_1_168' title='bbox 2156 1139 2482 1197; x_wconf 88' lang='lat' dir='ltr'><strong>hominibus.</strong></span> <span class='ocrx_word' id='word_1_169' title='bbox 2527 1141 2681 1196; x_wconf 88' lang='lat' dir='ltr'><strong>Sicut</strong></span> <span class='ocrx_word' id='word_1_170' title='bbox 2723 1142 2870 1197; x_wconf 89' lang='lat' dir='ltr'><strong>enim</strong></span> <span class='ocrx_word' id='word_1_171' title='bbox 2916 1142 3091 1213; x_wconf 83' lang='lat' dir='ltr'><strong>pisces</strong></span> <span class='ocrx_word' id='word_1_172' title='bbox 3146 1143 3311 1198; x_wconf 86' lang='lat' dir='ltr'><strong>maris</strong></span> <span class='ocrx_word' id='word_1_173' title='bbox 3352 1157 3572 1209; x_wconf 88' lang='lat' dir='ltr'><strong>omnes,</strong></span> <span class='ocrx_word' id='word_1_174' title='bbox 3620 1159 3723 1214; x_wconf 69' lang='lat' dir='ltr'><strong>qua:</strong></span> 
     </span>
    </p>
   </div>
   <div class='ocr_carea' id='block_1_22' title="bbox 2155 1231 3722 1305">
    <p class='ocr_par' dir='ltr' id='par_1_22' title="bbox 2155 1231 3722 1305">
     <span class='ocr_line' id='line_1_22' title="bbox 2155 1231 3722 1305; baseline 0.002 -16"><span class='ocrx_word' id='word_1_175' title='bbox 2155 1241 2279 1289; x_wconf 90' lang='lat' dir='ltr'><strong>sunt</strong></span> <span class='ocrx_word' id='word_1_176' title='bbox 2306 1231 2359 1288; x_wconf 88' lang='lat' dir='ltr'><strong>in</strong></span> <span class='ocrx_word' id='word_1_177' title='bbox 2399 1247 2486 1296; x_wconf 88' lang='lat' dir='ltr'><strong>eo.</strong></span> <span class='ocrx_word' id='word_1_178' title='bbox 2512 1242 2714 1290; x_wconf 86' lang='lat' dir='ltr'><strong>norunt</strong></span> <span class='ocrx_word' id='word_1_179' title='bbox 2740 1235 2961 1290; x_wconf 89' lang='lat' dir='ltr'><strong>semitas</strong></span> <span class='ocrx_word' id='word_1_180' title='bbox 2980 1245 3035 1291; x_wconf 92' lang='lat' dir='ltr'><strong>et</strong></span> <span class='ocrx_word' id='word_1_181' title='bbox 3068 1233 3483 1305; x_wconf 80' lang='lat' dir='ltr'><strong>profunditates,</strong></span> <span class='ocrx_word' id='word_1_182' title='bbox 3503 1245 3555 1292; x_wconf 88' lang='lat' dir='ltr'><strong>et</strong></span> <span class='ocrx_word' id='word_1_183' title='bbox 3573 1235 3722 1292; x_wconf 86' lang='lat' dir='ltr'><strong>homi-</strong></span> 
     </span>
    </p>
   </div>
   <div class='ocr_carea' id='block_1_23' title="bbox 2154 1325 3718 1402">
    <p class='ocr_par' dir='ltr' id='par_1_23' title="bbox 2154 1325 3718 1402">
     <span class='ocr_line' id='line_1_23' title="bbox 2154 1325 3718 1402; baseline 0.003 -20"><span class='ocrx_word' id='word_1_184' title='bbox 2154 1341 2251 1382; x_wconf 89' lang='lat' dir='ltr'><strong>nes</strong></span> <span class='ocrx_word' id='word_1_185' title='bbox 2274 1326 2356 1383; x_wconf 90' lang='lat' dir='ltr'><strong>vel</strong></span> <span class='ocrx_word' id='word_1_186' title='bbox 2388 1325 2529 1383; x_wconf 81' lang='lat' dir='ltr'><strong>feras</strong></span> <span class='ocrx_word' id='word_1_187' title='bbox 2556 1327 2638 1384; x_wconf 91' lang='lat' dir='ltr'><strong>vel</strong></span> <span class='ocrx_word' id='word_1_188' title='bbox 2669 1342 2869 1399; x_wconf 89' lang='lat' dir='ltr'><strong>pecora</strong></span> <span class='ocrx_word' id='word_1_189' title='bbox 2911 1345 3017 1386; x_wconf 87' lang='lat' dir='ltr'><strong>non</strong></span> <span class='ocrx_word' id='word_1_190' title='bbox 3050 1339 3274 1400; x_wconf 88' lang='lat' dir='ltr'><strong>possunt</strong></span> <span class='ocrx_word' id='word_1_191' title='bbox 3291 1343 3597 1402; x_wconf 89' lang='lat' dir='ltr'><strong>agnoscere.</strong></span> <span class='ocrx_word' id='word_1_192' title='bbox 3624 1371 3636 1386; x_wconf 95' lang='lat'><strong>.</strong></span> <span class='ocrx_word' id='word_1_193' title='bbox 3667 1372 3678 1385; x_wconf 94' lang='lat'><strong>.</strong></span> <span class='ocrx_word' id='word_1_194' title='bbox 3707 1371 3718 1386; x_wconf 93' lang='lat'><strong>.</strong></span> 
     </span>
    </p>
   </div>
   <div class='ocr_carea' id='block_1_24' title="bbox 1074 1646 3110 1752">
    <p class='ocr_par' dir='ltr' id='par_1_24' title="bbox 1074 1646 3110 1752">
     <span class='ocr_line' id='line_1_24' title="bbox 1074 1646 3110 1752; baseline 0 -20"><span class='ocrx_word' id='word_1_195' title='bbox 1074 1646 1559 1738; x_wconf 79' lang='lat' dir='ltr'><strong>CONTRA</strong></span> <span class='ocrx_word' id='word_1_196' title='bbox 1633 1649 2148 1752; x_wconf 79' lang='lat' dir='ltr'><strong>ARIANQS</strong></span> <span class='ocrx_word' id='word_1_197' title='bbox 2224 1647 3110 1735; x_wconf 85' lang='lat' dir='ltr'><strong>FRAGMENTUM.</strong></span> 
     </span>
    </p>
   </div>
   <div class='ocr_carea' id='block_1_25' title="bbox 1891 1826 2294 1840">
    <p class='ocr_par' dir='ltr' id='par_1_25' title="bbox 1891 1826 2294 1840">
     <span class='ocr_line' id='line_1_25' title="bbox 1891 1826 2294 1840; baseline 0.002 -2"><span class='ocrx_word' id='word_1_198' title='bbox 1891 1826 2294 1840; x_wconf 64' lang='lat'><strong>———-——————-—</strong></span> 
     </span>
    </p>
   </div>
   <div class='ocr_carea' id='block_1_26' title="bbox 518 1924 3720 2004">
    <p class='ocr_par' dir='ltr' id='par_1_26' title="bbox 518 1924 3720 2004">
     <span class='ocr_line' id='line_1_26' title="bbox 518 1924 3720 2004; baseline 0.002 -25"><span class='ocrx_word' id='word_1_199' title='bbox 518 1924 586 1980; x_wconf 88' lang='lat' dir='ltr'><strong><em>In</em></strong></span> <span class='ocrx_word' id='word_1_200' title='bbox 617 1925 842 1982; x_wconf 86' lang='lat' dir='ltr'><strong>miscella</strong></span> <span class='ocrx_word' id='word_1_201' title='bbox 869 1927 1042 1983; x_wconf 87' lang='lat' dir='ltr'><strong>codice</strong></span> <span class='ocrx_word' id='word_1_202' title='bbox 1077 1928 1527 2000; x_wconf 85' lang='lat' dir='ltr'><strong>Vaticano-Regio</strong></span> <span class='ocrx_word' id='word_1_203' title='bbox 1555 1945 1732 1998; x_wconf 83' lang='lat' dir='ltr'><strong>nLvtt,</strong></span> <span class='ocrx_word' id='word_1_204' title='bbox 1765 1949 1819 2004; x_wconf 89' lang='lat' dir='ltr'><strong>p.</strong></span> <span class='ocrx_word' id='word_1_205' title='bbox 1844 1929 1878 1986; x_wconf 88' lang='grc'>6</span> <span class='ocrx_word' id='word_1_206' title='bbox 1908 1942 1955 1987; x_wconf 86' lang='lat' dir='ltr'><strong>et</strong></span> <span class='ocrx_word' id='word_1_207' title='bbox 1986 1932 2044 1997; x_wconf 88' lang='lat'><strong>7,</strong></span> <span class='ocrx_word' id='word_1_208' title='bbox 2077 1928 2126 1990; x_wconf 88' lang='grc' dir='ltr'><strong>Β</strong></span> <span class='ocrx_word' id='word_1_209' title='bbox 2152 1926 2386 1999; x_wconf 89' lang='lat' dir='ltr'><strong>Spiritus</strong></span> <span class='ocrx_word' id='word_1_210' title='bbox 2430 1929 2604 1985; x_wconf 88' lang='lat' dir='ltr'><strong>sancti</strong></span> <span class='ocrx_word' id='word_1_211' title='bbox 2652 1928 2841 1986; x_wconf 88' lang='lat' dir='ltr'><strong>eadem</strong></span> <span class='ocrx_word' id='word_1_212' title='bbox 2887 1945 3009 1987; x_wconf 90' lang='lat' dir='ltr'><strong>esse</strong></span> <span class='ocrx_word' id='word_1_213' title='bbox 3059 1931 3388 1988; x_wconf 89' lang='lat' dir='ltr'><strong>substantia.</strong></span> <span class='ocrx_word' id='word_1_214' title='bbox 3439 1931 3720 1988; x_wconf 88' lang='lat' dir='ltr'><strong>Secundum</strong></span> 
     </span>
    </p>
   </div>
   <div class='ocr_carea' id='block_1_27' title="bbox 453 2018 2052 2095">
    <p class='ocr_par' dir='ltr' id='par_1_27' title="bbox 453 2018 2052 2095">
     <span class='ocr_line' id='line_1_27' title="bbox 453 2018 2052 2095; baseline 0.005 -23"><span class='ocrx_word' id='word_1_215' title='bbox 453 2018 570 2075; x_wconf 68' lang='lat' dir='ltr'><strong>dare</strong></span> <span class='ocrx_word' id='word_1_216' title='bbox 606 2029 808 2076; x_wconf 70' lang='lat' dir='ltr'><strong>exstant</strong></span> <span class='ocrx_word' id='word_1_217' title='bbox 855 2021 1162 2077; x_wconf 71' lang='lat' dir='ltr'><strong>membrana:</strong></span> <span class='ocrx_word' id='word_1_218' title='bbox 1197 2023 1390 2078; x_wconf 73' lang='lat' dir='ltr'><strong>sceculo</strong></span> <span class='ocrx_word' id='word_1_219' title='bbox 1436 2025 1596 2095; x_wconf 82' lang='lat' dir='ltr'><strong>ferme</strong></span> <span class='ocrx_word' id='word_1_220' title='bbox 1621 2039 1678 2078; x_wconf 72' lang='grc' dir='ltr'>ιι·</span> <span class='ocrx_word' id='word_1_221' title='bbox 1714 2025 1951 2095; x_wconf 71' lang='lat' dir='ltr'><strong>scriptte,</strong></span> <span class='ocrx_word' id='word_1_222' title='bbox 1998 2026 2052 2080; x_wconf 86' lang='lat' dir='ltr'><strong>in</strong></span> 
     </span>
    </p>
   </div>
   <div class='ocr_carea' id='block_1_28' title="bbox 453 2115 2057 2187">
    <p class='ocr_par' dir='ltr' id='par_1_28' title="bbox 453 2115 2057 2187">
     <span class='ocr_line' id='line_1_28' title="bbox 453 2115 2057 2187; baseline 0.003 -20"><span class='ocrx_word' id='word_1_223' title='bbox 453 2130 672 2184; x_wconf 88' lang='lat' dir='ltr'><strong>quarum</strong></span> <span class='ocrx_word' id='word_1_224' title='bbox 699 2115 872 2186; x_wconf 88' lang='lat' dir='ltr'><strong>priore</strong></span> <span class='ocrx_word' id='word_1_225' title='bbox 895 2115 1146 2170; x_wconf 79' lang='lat' dir='ltr'><strong>contineri</strong></span> <span class='ocrx_word' id='word_1_226' title='bbox 1197 2125 1395 2186; x_wconf 88' lang='lat' dir='ltr'><strong>partem</strong></span> <span class='ocrx_word' id='word_1_227' title='bbox 1435 2117 1650 2187; x_wconf 82' lang='lat' dir='ltr'><strong>cognovi</strong></span> <span class='ocrx_word' id='word_1_228' title='bbox 1702 2117 1952 2171; x_wconf 90' lang='lat' dir='ltr'><strong>sermonis</strong></span> <span class='ocrx_word' id='word_1_229' title='bbox 1992 2117 2057 2173; x_wconf 88' lang='lat' dir='ltr'><strong>de</strong></span> 
     </span>
    </p>
   </div>
   <div class='ocr_carea' id='block_1_29' title="bbox 455 2209 2058 2282">
    <p class='ocr_par' dir='ltr' id='par_1_29' title="bbox 455 2209 2058 2282">
     <span class='ocr_line' id='line_1_29' title="bbox 455 2209 2058 2282; baseline 0.001 -19"><span class='ocrx_word' id='word_1_230' title='bbox 455 2209 686 2281; x_wconf 80' lang='lat' dir='ltr'><strong>symbolo</strong></span> <span class='ocrx_word' id='word_1_231' title='bbox 713 2209 962 2265; x_wconf 85' lang='lat' dir='ltr'><strong>adversus</strong></span> <span class='ocrx_word' id='word_1_232' title='bbox 987 2227 1217 2282; x_wconf 80' lang='lat' dir='ltr'><strong>paganos</strong></span> <span class='ocrx_word' id='word_1_233' title='bbox 1245 2219 1291 2266; x_wconf 88' lang='lat' dir='ltr'><strong>et</strong></span> <span class='ocrx_word' id='word_1_234' title='bbox 1319 2211 1557 2278; x_wconf 80' lang='lat' dir='ltr'><strong>Arianas,</strong></span> <span class='ocrx_word' id='word_1_235' title='bbox 1593 2226 1743 2282; x_wconf 87' lang='lat' dir='ltr'><strong>quem</strong></span> <span class='ocrx_word' id='word_1_236' title='bbox 1769 2212 1906 2266; x_wconf 89' lang='lat' dir='ltr'><strong>inter</strong></span> <span class='ocrx_word' id='word_1_237' title='bbox 1932 2227 2058 2282; x_wconf 88' lang='lat' dir='ltr'><strong>spu-</strong></span> 
     </span>
    </p>
   </div>
   <div class='ocr_carea' id='block_1_30' title="bbox 455 2303 2056 2375">
    <p class='ocr_par' dir='ltr' id='par_1_30' title="bbox 455 2303 2056 2375">
     <span class='ocr_line' id='line_1_30' title="bbox 455 2303 2056 2375; baseline 0.002 -19"><span class='ocrx_word' id='word_1_238' title='bbox 455 2303 563 2357; x_wconf 89' lang='lat' dir='ltr'><strong>rios</strong></span> <span class='ocrx_word' id='word_1_239' title='bbox 595 2303 1003 2375; x_wconf 80' lang='lat' dir='ltr'><strong>Augustinianos</strong></span> <span class='ocrx_word' id='word_1_240' title='bbox 1021 2304 1276 2360; x_wconf 89' lang='lat' dir='ltr'><strong>collocant</strong></span> <span class='ocrx_word' id='word_1_241' title='bbox 1307 2303 1540 2360; x_wconf 81' lang='lat' dir='ltr'><strong>Maurini</strong></span> <span class='ocrx_word' id='word_1_242' title='bbox 1569 2306 1815 2372; x_wconf 76' lang='lat' dir='ltr'><strong>editores,</strong></span> <span class='ocrx_word' id='word_1_243' title='bbox 1846 2306 1900 2360; x_wconf 89' lang='lat' dir='ltr'><strong>in</strong></span> <span class='ocrx_word' id='word_1_244' title='bbox 1931 2306 2056 2360; x_wconf 88' lang='lat' dir='ltr'><strong>tami</strong></span> 
     </span>
    </p>
   </div>
   <div class='ocr_carea' id='block_1_31' title="bbox 467 2394 2056 2471">
    <p class='ocr_par' dir='ltr' id='par_1_31' title="bbox 467 2394 2056 2471">
     <span class='ocr_line' id='line_1_31' title="bbox 467 2394 2056 2471; baseline 0.003 -21"><span class='ocrx_word' id='word_1_245' title='bbox 467 2394 610 2450; x_wconf 87' lang='lat' dir='ltr'><strong><em>VIII</em></strong></span> <span class='ocrx_word' id='word_1_246' title='bbox 669 2398 985 2468; x_wconf 86' lang='lat' dir='ltr'><strong>appendice,</strong></span> <span class='ocrx_word' id='word_1_247' title='bbox 1035 2417 1091 2471; x_wconf 92' lang='lat' dir='ltr'><strong>p.</strong></span> <span class='ocrx_word' id='word_1_248' title='bbox 1125 2398 1214 2462; x_wconf 84' lang='lat' dir='ltr'><strong>ll,</strong></span> <span class='ocrx_word' id='word_1_249' title='bbox 1260 2415 1374 2471; x_wconf 85' lang='lat' dir='ltr'><strong>sqq.</strong></span> <span class='ocrx_word' id='word_1_250' title='bbox 1441 2397 1510 2454; x_wconf 87' lang='lat' dir='ltr'><strong><em>In</em></strong></span> <span class='ocrx_word' id='word_1_251' title='bbox 1563 2399 1840 2468; x_wconf 80' lang='lat' dir='ltr'><strong>posteriore</strong></span> <span class='ocrx_word' id='word_1_252' title='bbox 1885 2407 2056 2454; x_wconf 83' lang='lat' dir='ltr'><strong>autent</strong></span> 
     </span>
    </p>
   </div>
   <div class='ocr_carea' id='block_1_32' title="bbox 452 2492 2056 2567">
    <p class='ocr_par' dir='ltr' id='par_1_32' title="bbox 452 2492 2056 2567">
     <span class='ocr_line' id='line_1_32' title="bbox 452 2492 2056 2567; baseline 0.004 -22"><span class='ocrx_word' id='word_1_253' title='bbox 452 2492 749 2546; x_wconf 77' lang='lat' dir='ltr'><strong>membrana</strong></span> <span class='ocrx_word' id='word_1_254' title='bbox 766 2536 781 2559; x_wconf 90' lang='lat'><strong>,</strong></span> <span class='ocrx_word' id='word_1_255' title='bbox 815 2507 930 2562; x_wconf 72' lang='lat' dir='ltr'><strong>qua:</strong></span> <span class='ocrx_word' id='word_1_256' title='bbox 953 2508 1112 2547; x_wconf 87' lang='lat' dir='ltr'><strong>manu</strong></span> <span class='ocrx_word' id='word_1_257' title='bbox 1137 2493 1316 2548; x_wconf 83' lang='lat' dir='ltr'><strong>cadent</strong></span> <span class='ocrx_word' id='word_1_258' title='bbox 1345 2495 1628 2566; x_wconf 86' lang='lat' dir='ltr'><strong>perscripta</strong></span> <span class='ocrx_word' id='word_1_259' title='bbox 1655 2504 1756 2562; x_wconf 90' lang='lat' dir='ltr'><strong>est,</strong></span> <span class='ocrx_word' id='word_1_260' title='bbox 1787 2499 2056 2567; x_wconf 77' lang='lat' dir='ltr'><strong>fragmen-</strong></span> 
     </span>
    </p>
   </div>
   <div class='ocr_carea' id='block_1_33' title="bbox 456 2579 2058 2661">
    <p class='ocr_par' dir='ltr' id='par_1_33' title="bbox 456 2579 2058 2661">
     <span class='ocr_line' id='line_1_33' title="bbox 456 2579 2058 2661; baseline 0.002 -21"><span class='ocrx_word' id='word_1_261' title='bbox 456 2594 562 2640; x_wconf 88' lang='lat' dir='ltr'><strong>tum</strong></span> <span class='ocrx_word' id='word_1_262' title='bbox 592 2585 712 2640; x_wconf 84' lang='lat' dir='ltr'><strong>item</strong></span> <span class='ocrx_word' id='word_1_263' title='bbox 740 2586 970 2659; x_wconf 84' lang='lat' dir='ltr'><strong>legebam</strong></span> <span class='ocrx_word' id='word_1_264' title='bbox 995 2597 1179 2641; x_wconf 87' lang='lat' dir='ltr'><strong>contra</strong></span> <span class='ocrx_word' id='word_1_265' title='bbox 1208 2586 1430 2642; x_wconf 80' lang='lat' dir='ltr'><strong>Arianos</strong></span> <span class='ocrx_word' id='word_1_266' title='bbox 1447 2630 1460 2655; x_wconf 95' lang='lat'><strong>,</strong></span> <span class='ocrx_word' id='word_1_267' title='bbox 1485 2589 1625 2660; x_wconf 88' lang='lat' dir='ltr'><strong>quod</strong></span> <span class='ocrx_word' id='word_1_268' title='bbox 1651 2605 1747 2661; x_wconf 90' lang='lat' dir='ltr'><strong>ego</strong></span> <span class='ocrx_word' id='word_1_269' title='bbox 1776 2605 1893 2644; x_wconf 89' lang='lat' dir='ltr'><strong>cum</strong></span> <span class='ocrx_word' id='word_1_270' title='bbox 1934 2579 2058 2644; x_wconf 81' lang='lat' dir='ltr'><strong>con-</strong></span> 
     </span>
    </p>
   </div>
   <div class='ocr_carea' id='block_1_34' title="bbox 453 2677 2058 2751">
    <p class='ocr_par' dir='ltr' id='par_1_34' title="bbox 453 2677 2058 2751">
     <span class='ocr_line' id='line_1_34' title="bbox 453 2677 2058 2751; baseline 0.004 -19"><span class='ocrx_word' id='word_1_271' title='bbox 453 2677 732 2733; x_wconf 87' lang='lat' dir='ltr'><strong>siderarem</strong></span> <span class='ocrx_word' id='word_1_272' title='bbox 757 2719 772 2744; x_wconf 92' lang='lat'><strong>,</strong></span> <span class='ocrx_word' id='word_1_273' title='bbox 826 2680 1087 2748; x_wconf 69' lang='lat' dir='ltr'><strong>&quot;pertinere</strong></span> <span class='ocrx_word' id='word_1_274' title='bbox 1141 2680 1443 2751; x_wconf 82' lang='lat' dir='ltr'><strong>suspicabar</strong></span> <span class='ocrx_word' id='word_1_275' title='bbox 1494 2682 1562 2735; x_wconf 89' lang='lat' dir='ltr'><strong>ad</strong></span> <span class='ocrx_word' id='word_1_276' title='bbox 1619 2691 1871 2737; x_wconf 87' lang='lat' dir='ltr'><strong>tractatus</strong></span> <span class='ocrx_word' id='word_1_277' title='bbox 1935 2683 2058 2739; x_wconf 86' lang='lat' dir='ltr'><strong>illas</strong></span> 
     </span>
    </p>
   </div>
   <div class='ocr_carea' id='block_1_35' title="bbox 459 2773 2058 2850">
    <p class='ocr_par' dir='ltr' id='par_1_35' title="bbox 459 2773 2058 2850">
     <span class='ocr_line' id='line_1_35' title="bbox 459 2773 2058 2850; baseline 0.003 -22"><span class='ocrx_word' id='word_1_278' title='bbox 459 2773 739 2846; x_wconf 81' lang='lat' dir='ltr'><strong>Augustini</strong></span> <span class='ocrx_word' id='word_1_279' title='bbox 769 2784 948 2848; x_wconf 83' lang='lat' dir='ltr'><strong>contra</strong></span> <span class='ocrx_word' id='word_1_280' title='bbox 983 2775 1290 2847; x_wconf 67' lang='lat' dir='ltr'><strong>praedictam</strong></span> <span class='ocrx_word' id='word_1_281' title='bbox 1332 2775 1568 2830; x_wconf 78' lang='lat' dir='ltr'><strong>lueresim</strong></span> <span class='ocrx_word' id='word_1_282' title='bbox 1603 2794 1732 2848; x_wconf 90' lang='lat' dir='ltr'><strong>quos</strong></span> <span class='ocrx_word' id='word_1_283' title='bbox 1763 2777 2058 2850; x_wconf 70' lang='lat' dir='ltr'><strong>deperdita:</strong></span> 
     </span>
    </p>
   </div>
   <div class='ocr_carea' id='block_1_36' title="bbox 459 2866 2058 2942">
    <p class='ocr_par' dir='ltr' id='par_1_36' title="bbox 459 2866 2058 2942">
     <span class='ocr_line' id='line_1_36' title="bbox 459 2866 2058 2942; baseline 0.004 -21"><span class='ocrx_word' id='word_1_284' title='bbox 459 2882 570 2922; x_wconf 89' lang='lat' dir='ltr'><strong>esse</strong></span> <span class='ocrx_word' id='word_1_285' title='bbox 602 2869 814 2923; x_wconf 83' lang='lat' dir='ltr'><strong>scimus.</strong></span> <span class='ocrx_word' id='word_1_286' title='bbox 872 2866 1130 2942; x_wconf 87' lang='lat' dir='ltr'><strong>Equidem</strong></span> <span class='ocrx_word' id='word_1_287' title='bbox 1159 2871 1320 2926; x_wconf 83' lang='lat' dir='ltr'><strong>sentio</strong></span> <span class='ocrx_word' id='word_1_288' title='bbox 1351 2887 1429 2926; x_wconf 91' lang='lat' dir='ltr'><strong>me</strong></span> <span class='ocrx_word' id='word_1_289' title='bbox 1459 2871 1747 2942; x_wconf 80' lang='lat' dir='ltr'><strong>periculose</strong></span> <span class='ocrx_word' id='word_1_290' title='bbox 1779 2872 2058 2928; x_wconf 86' lang='lat' dir='ltr'><strong>admodum</strong></span> 
     </span>
    </p>
   </div>
   <div class='ocr_carea' id='block_1_37' title="bbox 460 2959 2060 3038">
    <p class='ocr_par' dir='ltr' id='par_1_37' title="bbox 460 2959 2060 3038">
     <span class='ocr_line' id='line_1_37' title="bbox 460 2959 2060 3038; baseline 0.004 -25"><span class='ocrx_word' id='word_1_291' title='bbox 460 2959 524 3014; x_wconf 90' lang='lat' dir='ltr'><strong>de</strong></span> <span class='ocrx_word' id='word_1_292' title='bbox 548 2961 646 3014; x_wconf 78' lang='lat' dir='ltr'><strong>liae</strong></span> <span class='ocrx_word' id='word_1_293' title='bbox 669 2977 726 3016; x_wconf 89' lang='lat' dir='ltr'><strong>re</strong></span> <span class='ocrx_word' id='word_1_294' title='bbox 750 2963 1086 3031; x_wconf 84' lang='lat' dir='ltr'><strong>pronuntiare</strong></span> <span class='ocrx_word' id='word_1_295' title='bbox 1110 2979 1130 3029; x_wconf 88' lang='lat'><strong>;</strong></span> <span class='ocrx_word' id='word_1_296' title='bbox 1171 2964 1288 3035; x_wconf 76' lang='lat' dir='ltr'><strong>ﬁeri</strong></span> <span class='ocrx_word' id='word_1_297' title='bbox 1315 2967 1449 3020; x_wconf 89' lang='lat' dir='ltr'><strong>enim</strong></span> <span class='ocrx_word' id='word_1_298' title='bbox 1477 2974 1662 3037; x_wconf 86' lang='lat' dir='ltr'><strong>potest,</strong></span> <span class='ocrx_word' id='word_1_299' title='bbox 1694 2975 1749 3029; x_wconf 81' lang='lat' dir='ltr'><strong>ut</strong></span> <span class='ocrx_word' id='word_1_300' title='bbox 1777 2966 1854 3020; x_wconf 88' lang='lat' dir='ltr'><strong>vel</strong></span> <span class='ocrx_word' id='word_1_301' title='bbox 1883 2966 2060 3038; x_wconf 80' lang='lat' dir='ltr'><strong>Augu-</strong></span> 
     </span>
    </p>
   </div>
   <div class='ocr_carea' id='block_1_38' title="bbox 463 3053 2062 3132">
    <p class='ocr_par' dir='ltr' id='par_1_38' title="bbox 463 3053 2062 3132">
     <span class='ocr_line' id='line_1_38' title="bbox 463 3053 2062 3132; baseline 0.005 -26"><span class='ocrx_word' id='word_1_302' title='bbox 463 3053 588 3107; x_wconf 88' lang='lat' dir='ltr'><strong>stini</strong></span> <span class='ocrx_word' id='word_1_303' title='bbox 626 3055 888 3124; x_wconf 81' lang='lat' dir='ltr'><strong>cognitum</strong></span> <span class='ocrx_word' id='word_1_304' title='bbox 928 3055 1273 3130; x_wconf 80' lang='lat' dir='ltr'><strong>fragmentum</strong></span> <span class='ocrx_word' id='word_1_305' title='bbox 1319 3058 1389 3112; x_wconf 91' lang='lat' dir='ltr'><strong>sit</strong></span> <span class='ocrx_word' id='word_1_306' title='bbox 1435 3057 1524 3130; x_wconf 90' lang='lat' dir='ltr'><strong>(de</strong></span> <span class='ocrx_word' id='word_1_307' title='bbox 1573 3075 1676 3125; x_wconf 91' lang='lat' dir='ltr'><strong>qua</strong></span> <span class='ocrx_word' id='word_1_308' title='bbox 1718 3076 1774 3114; x_wconf 89' lang='lat' dir='ltr'><strong>re</strong></span> <span class='ocrx_word' id='word_1_309' title='bbox 1809 3060 2062 3132; x_wconf 86' lang='lat' dir='ltr'><strong>vestigare</strong></span> 
     </span>
    </p>
   </div>
   <div class='ocr_carea' id='block_1_39' title="bbox 462 3149 2063 3228">
    <p class='ocr_par' dir='ltr' id='par_1_39' title="bbox 462 3149 2063 3228">
     <span class='ocr_line' id='line_1_39' title="bbox 462 3149 2063 3228; baseline 0.003 -25"><span class='ocrx_word' id='word_1_310' title='bbox 462 3149 618 3204; x_wconf 85' lang='lat' dir='ltr'><strong>altius</strong></span> <span class='ocrx_word' id='word_1_311' title='bbox 665 3167 758 3220; x_wconf 89' lang='lat' dir='ltr'><strong>per</strong></span> <span class='ocrx_word' id='word_1_312' title='bbox 803 3153 1072 3222; x_wconf 85' lang='lat' dir='ltr'><strong>angustias</strong></span> <span class='ocrx_word' id='word_1_313' title='bbox 1100 3154 1343 3224; x_wconf 90' lang='lat' dir='ltr'><strong>temporis</strong></span> <span class='ocrx_word' id='word_1_314' title='bbox 1385 3153 1611 3224; x_wconf 86' lang='lat' dir='ltr'><strong>nequeo)</strong></span> <span class='ocrx_word' id='word_1_315' title='bbox 1661 3155 1739 3209; x_wconf 88' lang='lat' dir='ltr'><strong>vel</strong></span> <span class='ocrx_word' id='word_1_316' title='bbox 1786 3154 2063 3228; x_wconf 85' lang='lat' dir='ltr'><strong>cujuslibet</strong></span> 
     </span>
    </p>
   </div>
   <div class='ocr_carea' id='block_1_40' title="bbox 460 3240 2060 3318">
    <p class='ocr_par' dir='ltr' id='par_1_40' title="bbox 460 3240 2060 3318">
     <span class='ocr_line' id='line_1_40' title="bbox 460 3240 2060 3318; baseline 0.004 -24"><span class='ocrx_word' id='word_1_317' title='bbox 460 3241 677 3295; x_wconf 78' lang='lat' dir='ltr'><strong>alterius</strong></span> <span class='ocrx_word' id='word_1_318' title='bbox 727 3240 941 3311; x_wconf 80' lang='lat' dir='ltr'><strong>Patris,</strong></span> <span class='ocrx_word' id='word_1_319' title='bbox 1026 3260 1245 3314; x_wconf 83' lang='lat' dir='ltr'><strong>quorum</strong></span> <span class='ocrx_word' id='word_1_320' title='bbox 1305 3249 1562 3318; x_wconf 88' lang='lat' dir='ltr'><strong>permulta</strong></span> <span class='ocrx_word' id='word_1_321' title='bbox 1610 3257 1790 3302; x_wconf 88' lang='lat' dir='ltr'><strong>contra</strong></span> <span class='ocrx_word' id='word_1_322' title='bbox 1839 3247 2060 3303; x_wconf 81' lang='lat' dir='ltr'><strong>Arianas</strong></span> 
     </span>
    </p>
   </div>
   <div class='ocr_carea' id='block_1_41' title="bbox 2157 2020 3724 2099">
    <p class='ocr_par' dir='ltr' id='par_1_41' title="bbox 2157 2020 3724 2099">
     <span class='ocr_line' id='line_1_41' title="bbox 2157 2020 3724 2099; baseline 0.003 -24"><span class='ocrx_word' id='word_1_323' title='bbox 2157 2037 2317 2094; x_wconf 90' lang='lat' dir='ltr'><strong>quam</strong></span> <span class='ocrx_word' id='word_1_324' title='bbox 2367 2020 2596 2078; x_wconf 82' lang='lat' dir='ltr'><strong>formam</strong></span> <span class='ocrx_word' id='word_1_325' title='bbox 2640 2033 2695 2080; x_wconf 91' lang='lat' dir='ltr'><strong>et</strong></span> <span class='ocrx_word' id='word_1_326' title='bbox 2741 2038 2842 2096; x_wconf 85' lang='lat' dir='ltr'><strong>ego</strong></span> <span class='ocrx_word' id='word_1_327' title='bbox 2877 2024 3193 2099; x_wconf 76' lang='lat' dir='ltr'><strong>interrogo:</strong></span> <span class='ocrx_word' id='word_1_328' title='bbox 3245 2025 3295 2082; x_wconf 91' lang='lat' dir='ltr'><strong>si</strong></span> <span class='ocrx_word' id='word_1_329' title='bbox 3340 2026 3629 2082; x_wconf 76' lang='lat' dir='ltr'><strong>differentia</strong></span> <span class='ocrx_word' id='word_1_330' title='bbox 3653 2034 3724 2080; x_wconf 86' lang='lat' dir='ltr'><strong>est</strong></span> 
     </span>
    </p>
   </div>
   <div class='ocr_carea' id='block_1_42' title="bbox 2155 2114 3727 2190">
    <p class='ocr_par' dir='ltr' id='par_1_42' title="bbox 2155 2114 3727 2190">
     <span class='ocr_line' id='line_1_42' title="bbox 2155 2114 3727 2190; baseline 0.004 -20"><span class='ocrx_word' id='word_1_331' title='bbox 2155 2114 2324 2186; x_wconf 90' lang='lat' dir='ltr'><strong>geniti</strong></span> <span class='ocrx_word' id='word_1_332' title='bbox 2354 2129 2550 2172; x_wconf 90' lang='lat' dir='ltr'><strong>nomen</strong></span> <span class='ocrx_word' id='word_1_333' title='bbox 2578 2117 2646 2172; x_wconf 92' lang='lat' dir='ltr'><strong>ab</strong></span> <span class='ocrx_word' id='word_1_334' title='bbox 2675 2117 2946 2190; x_wconf 87' lang='lat' dir='ltr'><strong>ingenito,</strong></span> <span class='ocrx_word' id='word_1_335' title='bbox 2996 2135 3064 2174; x_wconf 88' lang='lat' dir='ltr'><strong>ne</strong></span> <span class='ocrx_word' id='word_1_336' title='bbox 3110 2119 3304 2176; x_wconf 86' lang='lat' dir='ltr'><strong>eadem</strong></span> <span class='ocrx_word' id='word_1_337' title='bbox 3347 2119 3584 2176; x_wconf 88' lang='lat' dir='ltr'><strong>videatur</strong></span> <span class='ocrx_word' id='word_1_338' title='bbox 3618 2120 3727 2176; x_wconf 87' lang='lat' dir='ltr'><strong>sub-</strong></span> 
     </span>
    </p>
   </div>
   <div class='ocr_carea' id='block_1_43' title="bbox 2157 2211 3723 2286">
    <p class='ocr_par' dir='ltr' id='par_1_43' title="bbox 2157 2211 3723 2286">
     <span class='ocr_line' id='line_1_43' title="bbox 2157 2211 3723 2286; baseline 0.004 -23"><span class='ocrx_word' id='word_1_339' title='bbox 2157 2211 2354 2264; x_wconf 88' lang='lat' dir='ltr'><strong>stantia</strong></span> <span class='ocrx_word' id='word_1_340' title='bbox 2383 2229 2397 2266; x_wconf 91' lang='lat'><strong>:</strong></span> <span class='ocrx_word' id='word_1_341' title='bbox 2439 2227 2569 2281; x_wconf 82' lang='lat' dir='ltr'><strong>ergo</strong></span> <span class='ocrx_word' id='word_1_342' title='bbox 2599 2214 2979 2286; x_wconf 88' lang='lat' dir='ltr'><strong>quodcumque</strong></span> <span class='ocrx_word' id='word_1_343' title='bbox 3011 2214 3316 2285; x_wconf 82' lang='lat' dir='ltr'><strong>ingenitum</strong></span> <span class='ocrx_word' id='word_1_344' title='bbox 3347 2215 3572 2283; x_wconf 67' lang='lat' dir='ltr'><strong>diciturf,</strong></span> <span class='ocrx_word' id='word_1_345' title='bbox 3599 2215 3723 2285; x_wconf 88' lang='lat' dir='ltr'><strong>ejus-</strong></span> 
     </span>
    </p>
   </div>
   <div class='ocr_carea' id='block_1_44' title="bbox 2157 2301 3726 2379">
    <p class='ocr_par' dir='ltr' id='par_1_44' title="bbox 2157 2301 3726 2379">
     <span class='ocr_line' id='line_1_44' title="bbox 2157 2301 3726 2379; baseline 0.003 -22"><span class='ocrx_word' id='word_1_346' title='bbox 2157 2301 2280 2357; x_wconf 78' lang='lat' dir='ltr'><strong>dem</strong></span> <span class='ocrx_word' id='word_1_347' title='bbox 2310 2304 2416 2360; x_wconf 87' lang='lat' dir='ltr'><strong>erit</strong></span> <span class='ocrx_word' id='word_1_348' title='bbox 2457 2304 2805 2372; x_wconf 74' lang='lat' dir='ltr'><strong>substantim,</strong></span> <span class='ocrx_word' id='word_1_349' title='bbox 2849 2308 2895 2362; x_wconf 92' lang='lat' dir='ltr'><strong>si</strong></span> <span class='ocrx_word' id='word_1_350' title='bbox 2922 2307 3089 2378; x_wconf 81' lang='lat' dir='ltr'><strong>geniti</strong></span> <span class='ocrx_word' id='word_1_351' title='bbox 3117 2308 3186 2363; x_wconf 92' lang='lat' dir='ltr'><strong>ab</strong></span> <span class='ocrx_word' id='word_1_352' title='bbox 3212 2307 3458 2379; x_wconf 81' lang='lat' dir='ltr'><strong>ingenito</strong></span> <span class='ocrx_word' id='word_1_353' title='bbox 3483 2307 3726 2378; x_wconf 81' lang='lat' dir='ltr'><strong>discrepat</strong></span> 
     </span>
    </p>
   </div>
   <div class='ocr_carea' id='block_1_45' title="bbox 2159 2397 3723 2472">
    <p class='ocr_par' dir='ltr' id='par_1_45' title="bbox 2159 2397 3723 2472">
     <span class='ocr_line' id='line_1_45' title="bbox 2159 2397 3723 2472; baseline 0.004 -22"><span class='ocrx_word' id='word_1_354' title='bbox 2159 2411 2381 2452; x_wconf 89' lang='lat' dir='ltr'><strong>nomen.</strong></span> <span class='ocrx_word' id='word_1_355' title='bbox 2425 2397 2632 2454; x_wconf 76' lang='lat' dir='ltr'><strong>Dicitur</strong></span> <span class='ocrx_word' id='word_1_356' title='bbox 2663 2414 2792 2471; x_wconf 84' lang='lat' dir='ltr'><strong>ergo</strong></span> <span class='ocrx_word' id='word_1_357' title='bbox 2818 2400 3089 2472; x_wconf 85' lang='lat' dir='ltr'><strong>ingenitus</strong></span> <span class='ocrx_word' id='word_1_358' title='bbox 3112 2401 3282 2458; x_wconf 87' lang='lat' dir='ltr'><strong>Pater</strong></span> <span class='ocrx_word' id='word_1_359' title='bbox 3301 2411 3465 2472; x_wconf 85' lang='lat' dir='ltr'><strong>atque</strong></span> <span class='ocrx_word' id='word_1_360' title='bbox 3488 2400 3723 2457; x_wconf 84' lang='lat' dir='ltr'><strong>inlectus:</strong></span> 
     </span>
    </p>
   </div>
   <div class='ocr_carea' id='block_1_46' title="bbox 2159 2487 3726 2568">
    <p class='ocr_par' dir='ltr' id='par_1_46' title="bbox 2159 2487 3726 2568">
     <span class='ocr_line' id='line_1_46' title="bbox 2159 2487 3726 2568; baseline 0.001 -22"><span class='ocrx_word' id='word_1_361' title='bbox 2159 2489 2357 2546; x_wconf 88' lang='lat' dir='ltr'><strong>dicitur</strong></span> <span class='ocrx_word' id='word_1_362' title='bbox 2383 2490 2618 2548; x_wconf 85' lang='lat' dir='ltr'><strong>etFilius</strong></span> <span class='ocrx_word' id='word_1_363' title='bbox 2636 2487 3021 2566; x_wconf 86' lang='lat' dir='ltr'><strong>genitusatque</strong></span> <span class='ocrx_word' id='word_1_364' title='bbox 3053 2495 3308 2551; x_wconf 79' lang='lat' dir='ltr'><strong>infectus.</strong></span> <span class='ocrx_word' id='word_1_365' title='bbox 3335 2494 3392 2551; x_wconf 91' lang='lat' dir='ltr'><strong>Si</strong></span> <span class='ocrx_word' id='word_1_366' title='bbox 3427 2495 3582 2568; x_wconf 87' lang='lat' dir='ltr'><strong>igitur</strong></span> <span class='ocrx_word' id='word_1_367' title='bbox 3609 2495 3655 2549; x_wconf 93' lang='lat' dir='ltr'><strong>in</strong></span> <span class='ocrx_word' id='word_1_368' title='bbox 3670 2507 3726 2549; x_wconf 86' lang='lat' dir='ltr'><strong>eo</strong></span> 
     </span>
    </p>
   </div>
   <div class='ocr_carea' id='block_1_47' title="bbox 2160 2586 3723 2662">
    <p class='ocr_par' dir='ltr' id='par_1_47' title="bbox 2160 2586 3723 2662">
     <span class='ocr_line' id='line_1_47' title="bbox 2160 2586 3723 2662; baseline 0.002 -22"><span class='ocrx_word' id='word_1_369' title='bbox 2160 2586 2303 2656; x_wconf 88' lang='lat' dir='ltr'><strong>quod</strong></span> <span class='ocrx_word' id='word_1_370' title='bbox 2320 2587 2590 2658; x_wconf 87' lang='lat' dir='ltr'><strong>ingenitus</strong></span> <span class='ocrx_word' id='word_1_371' title='bbox 2602 2599 2648 2643; x_wconf 87' lang='lat' dir='ltr'><strong>et</strong></span> <span class='ocrx_word' id='word_1_372' title='bbox 2667 2590 2890 2661; x_wconf 85' lang='lat' dir='ltr'><strong>genitus,</strong></span> <span class='ocrx_word' id='word_1_373' title='bbox 2907 2589 3009 2644; x_wconf 89' lang='lat' dir='ltr'><strong>sibi</strong></span> <span class='ocrx_word' id='word_1_374' title='bbox 3027 2589 3308 2657; x_wconf 82' lang='lat' dir='ltr'><strong>dill‘eruut;</strong></span> <span class='ocrx_word' id='word_1_375' title='bbox 3326 2605 3456 2662; x_wconf 87' lang='lat' dir='ltr'><strong>ergo</strong></span> <span class='ocrx_word' id='word_1_376' title='bbox 3470 2592 3519 2646; x_wconf 91' lang='lat' dir='ltr'><strong>in</strong></span> <span class='ocrx_word' id='word_1_377' title='bbox 3531 2605 3592 2647; x_wconf 91' lang='lat' dir='ltr'><strong>eo</strong></span> <span class='ocrx_word' id='word_1_378' title='bbox 3604 2587 3723 2660; x_wconf 89' lang='lat' dir='ltr'><strong>quod</strong></span> 
     </span>
    </p>
   </div>
   <div class='ocr_carea' id='block_1_48' title="bbox 2161 2677 3722 2752">
    <p class='ocr_par' dir='ltr' id='par_1_48' title="bbox 2161 2677 3722 2752">
     <span class='ocr_line' id='line_1_48' title="bbox 2161 2677 3722 2752; baseline 0.001 -20"><span class='ocrx_word' id='word_1_379' title='bbox 2161 2677 2390 2734; x_wconf 77' lang='lat' dir='ltr'><strong>infectus</strong></span> <span class='ocrx_word' id='word_1_380' title='bbox 2405 2690 2458 2735; x_wconf 88' lang='lat' dir='ltr'><strong>et</strong></span> <span class='ocrx_word' id='word_1_381' title='bbox 2472 2681 2699 2735; x_wconf 80' lang='lat' dir='ltr'><strong>inlectus</strong></span> <span class='ocrx_word' id='word_1_382' title='bbox 2710 2681 3233 2752; x_wconf 83' lang='lat' dir='ltr'><strong>dicuntur,ej~usdem</strong></span> <span class='ocrx_word' id='word_1_383' title='bbox 3247 2681 3722 2738; x_wconf 73' lang='lat' dir='ltr'><strong>eruntsubstantiat.</strong></span> 
     </span>
    </p>
   </div>
   <div class='ocr_carea' id='block_1_49' title="bbox 2162 2771 3724 2846">
    <p class='ocr_par' dir='ltr' id='par_1_49' title="bbox 2162 2771 3724 2846">
     <span class='ocr_line' id='line_1_49' title="bbox 2162 2771 3724 2846; baseline -0.001 -17"><span class='ocrx_word' id='word_1_384' title='bbox 2162 2773 2396 2844; x_wconf 86' lang='lat' dir='ltr'><strong>Spiritus</strong></span> <span class='ocrx_word' id='word_1_385' title='bbox 2421 2771 2588 2827; x_wconf 89' lang='lat' dir='ltr'><strong>etiam</strong></span> <span class='ocrx_word' id='word_1_386' title='bbox 2615 2780 2860 2838; x_wconf 88' lang='lat' dir='ltr'><strong>sanctus,</strong></span> <span class='ocrx_word' id='word_1_387' title='bbox 2888 2773 2954 2828; x_wconf 83' lang='lat' dir='ltr'><strong>de</strong></span> <span class='ocrx_word' id='word_1_388' title='bbox 2975 2789 3083 2846; x_wconf 86' lang='lat' dir='ltr'><strong>quo</strong></span> <span class='ocrx_word' id='word_1_389' title='bbox 3110 2775 3391 2844; x_wconf 89' lang='lat' dir='ltr'><strong>scribitur,</strong></span> <span class='ocrx_word' id='word_1_390' title='bbox 3415 2779 3553 2846; x_wconf 88' lang='lat' dir='ltr'><strong>quod</strong></span> <span class='ocrx_word' id='word_1_391' title='bbox 3577 2787 3724 2844; x_wconf 88' lang='lat' dir='ltr'><strong>neque</strong></span> 
     </span>
    </p>
   </div>
   <div class='ocr_carea' id='block_1_50' title="bbox 2162 2863 3724 2939">
    <p class='ocr_par' dir='ltr' id='par_1_50' title="bbox 2162 2863 3724 2939">
     <span class='ocr_line' id='line_1_50' title="bbox 2162 2863 3724 2939; baseline -0.001 -18"><span class='ocrx_word' id='word_1_392' title='bbox 2162 2867 2322 2922; x_wconf 86' lang='lat' dir='ltr'><strong>Pater</strong></span> <span class='ocrx_word' id='word_1_393' title='bbox 2357 2866 2460 2929; x_wconf 89' lang='lat' dir='ltr'><strong>sit,</strong></span> <span class='ocrx_word' id='word_1_394' title='bbox 2505 2880 2681 2936; x_wconf 90' lang='lat' dir='ltr'><strong>neque</strong></span> <span class='ocrx_word' id='word_1_395' title='bbox 2710 2865 2912 2933; x_wconf 85' lang='lat' dir='ltr'><strong>Filius,</strong></span> <span class='ocrx_word' id='word_1_396' title='bbox 2960 2881 3135 2938; x_wconf 91' lang='lat' dir='ltr'><strong>neque</strong></span> <span class='ocrx_word' id='word_1_397' title='bbox 3169 2867 3324 2939; x_wconf 87' lang='lat' dir='ltr'><strong>quod</strong></span> <span class='ocrx_word' id='word_1_398' title='bbox 3371 2866 3576 2933; x_wconf 82' lang='lat' dir='ltr'><strong>factus;</strong></span> <span class='ocrx_word' id='word_1_399' title='bbox 3616 2863 3724 2937; x_wconf 88' lang='lat' dir='ltr'><strong>quid</strong></span> 
     </span>
    </p>
   </div>
   <div class='ocr_carea' id='block_1_51' title="bbox 2164 2957 3724 3032">
    <p class='ocr_par' dir='ltr' id='par_1_51' title="bbox 2164 2957 3724 3032">
     <span class='ocr_line' id='line_1_51' title="bbox 2164 2957 3724 3032; baseline -0.003 -18"><span class='ocrx_word' id='word_1_400' title='bbox 2164 2959 2270 3015; x_wconf 87' lang='lat' dir='ltr'><strong>erit</strong></span> <span class='ocrx_word' id='word_1_401' title='bbox 2317 2957 2651 3014; x_wconf 82' lang='lat' dir='ltr'><strong>dicendum?</strong></span> <span class='ocrx_word' id='word_1_402' title='bbox 2699 2959 2969 3030; x_wconf 86' lang='lat' dir='ltr'><strong>ingenitus</strong></span> <span class='ocrx_word' id='word_1_403' title='bbox 3011 2960 3120 3016; x_wconf 89' lang='lat' dir='ltr'><strong>erit</strong></span> <span class='ocrx_word' id='word_1_404' title='bbox 3156 2977 3169 3015; x_wconf 91' lang='lat'><strong>:</strong></span> <span class='ocrx_word' id='word_1_405' title='bbox 3223 2960 3328 3017; x_wconf 89' lang='lat' dir='ltr'><strong>sed</strong></span> <span class='ocrx_word' id='word_1_406' title='bbox 3370 2962 3414 3016; x_wconf 92' lang='lat' dir='ltr'><strong>si</strong></span> <span class='ocrx_word' id='word_1_407' title='bbox 3454 2959 3724 3032; x_wconf 75' lang='lat' dir='ltr'><strong>ingenitus,</strong></span> 
     </span>
    </p>
   </div>
   <div class='ocr_carea' id='block_1_52' title="bbox 2168 3053 3724 3126">
    <p class='ocr_par' dir='ltr' id='par_1_52' title="bbox 2168 3053 3724 3126">
     <span class='ocr_line' id='line_1_52' title="bbox 2168 3053 3724 3126; baseline -0.002 -17"><span class='ocrx_word' id='word_1_408' title='bbox 2168 3053 2413 3124; x_wconf 89' lang='lat' dir='ltr'><strong>ejusdem</strong></span> <span class='ocrx_word' id='word_1_409' title='bbox 2445 3054 2552 3109; x_wconf 88' lang='lat' dir='ltr'><strong>erit</strong></span> <span class='ocrx_word' id='word_1_410' title='bbox 2577 3054 2931 3122; x_wconf 61' lang='lat' dir='ltr'><strong>substantias,</strong></span> <span class='ocrx_word' id='word_1_411' title='bbox 2973 3055 3129 3126; x_wconf 88' lang='lat' dir='ltr'><strong>cujus</strong></span> <span class='ocrx_word' id='word_1_412' title='bbox 3154 3064 3210 3112; x_wconf 90' lang='lat' dir='ltr'><strong>et</strong></span> <span class='ocrx_word' id='word_1_413' title='bbox 3243 3055 3480 3112; x_wconf 90' lang='lat' dir='ltr'><strong>mundus</strong></span> <span class='ocrx_word' id='word_1_414' title='bbox 3507 3063 3611 3119; x_wconf 89' lang='lat' dir='ltr'><strong>est,</strong></span> <span class='ocrx_word' id='word_1_415' title='bbox 3655 3053 3724 3107; x_wconf 75' lang='lat' dir='ltr'><strong>vel</strong></span> 
     </span>
    </p>
   </div>
   <div class='ocr_carea' id='block_1_53' title="bbox 2161 3146 3722 3216">
    <p class='ocr_par' dir='ltr' id='par_1_53' title="bbox 2161 3146 3722 3216">
     <span class='ocr_line' id='line_1_53' title="bbox 2161 3146 3722 3216; baseline -0.002 -14"><span class='ocrx_word' id='word_1_416' title='bbox 2161 3161 2224 3202; x_wconf 90' lang='lat' dir='ltr'><strong>ea</strong></span> <span class='ocrx_word' id='word_1_417' title='bbox 2256 3161 2377 3216; x_wconf 66' lang='lat' dir='ltr'><strong>quae</strong></span> <span class='ocrx_word' id='word_1_418' title='bbox 2403 3161 2469 3201; x_wconf 82' lang='lat' dir='ltr'><strong>ex</strong></span> <span class='ocrx_word' id='word_1_419' title='bbox 2497 3146 2665 3202; x_wconf 86' lang='lat' dir='ltr'><strong>nihilo</strong></span> <span class='ocrx_word' id='word_1_420' title='bbox 2706 3156 2852 3202; x_wconf 90' lang='lat' dir='ltr'><strong>sunt.</strong></span> <span class='ocrx_word' id='word_1_421' title='bbox 2898 3147 3006 3205; x_wconf 88' lang='lat' dir='ltr'><strong>Sed</strong></span> <span class='ocrx_word' id='word_1_422' title='bbox 3046 3148 3284 3204; x_wconf 90' lang='lat' dir='ltr'><strong>mundus</strong></span> <span class='ocrx_word' id='word_1_423' title='bbox 3309 3149 3413 3205; x_wconf 91' lang='lat' dir='ltr'><strong>etsi</strong></span> <span class='ocrx_word' id='word_1_424' title='bbox 3456 3147 3615 3203; x_wconf 83' lang='lat' dir='ltr'><strong>lactus</strong></span> <span class='ocrx_word' id='word_1_425' title='bbox 3638 3155 3722 3210; x_wconf 89' lang='lat' dir='ltr'><strong>est,</strong></span> 
     </span>
    </p>
   </div>
   <div class='ocr_carea' id='block_1_54' title="bbox 2164 3241 3722 3313">
    <p class='ocr_par' dir='ltr' id='par_1_54' title="bbox 2164 3241 3722 3313">
     <span class='ocr_line' id='line_1_54' title="bbox 2164 3241 3722 3313; baseline -0.002 -18"><span class='ocrx_word' id='word_1_426' title='bbox 2164 3241 2441 3310; x_wconf 83' lang='lat' dir='ltr'><strong>ingenitus</strong></span> <span class='ocrx_word' id='word_1_427' title='bbox 2467 3250 2549 3296; x_wconf 87' lang='lat' dir='ltr'><strong>est</strong></span> <span class='ocrx_word' id='word_1_428' title='bbox 2576 3258 2589 3294; x_wconf 89' lang='lat'><strong>:</strong></span> <span class='ocrx_word' id='word_1_429' title='bbox 2635 3255 2745 3296; x_wconf 91' lang='lat' dir='ltr'><strong>non</strong></span> <span class='ocrx_word' id='word_1_430' title='bbox 2779 3241 2923 3297; x_wconf 91' lang='lat' dir='ltr'><strong>enim</strong></span> <span class='ocrx_word' id='word_1_431' title='bbox 2953 3241 3127 3298; x_wconf 87' lang='lat' dir='ltr'><strong>Filius</strong></span> <span class='ocrx_word' id='word_1_432' title='bbox 3155 3251 3262 3308; x_wconf 87' lang='lat' dir='ltr'><strong>est,</strong></span> <span class='ocrx_word' id='word_1_433' title='bbox 3295 3242 3419 3313; x_wconf 89' lang='lat' dir='ltr'><strong>quia</strong></span> <span class='ocrx_word' id='word_1_434' title='bbox 3448 3242 3604 3296; x_wconf 88' lang='lat' dir='ltr'><strong>lactus</strong></span> <span class='ocrx_word' id='word_1_435' title='bbox 3629 3247 3722 3304; x_wconf 89' lang='lat' dir='ltr'><strong>est;</strong></span> 
     </span>
    </p>
   </div>
   <div class='ocr_carea' id='block_1_55' title="bbox 459 3326 3726 3410">
    <p class='ocr_par' dir='ltr' id='par_1_55' title="bbox 459 3326 3726 3410">
     <span class='ocr_line' id='line_1_55' title="bbox 459 3326 3726 3410; baseline -0.001 -20"><span class='ocrx_word' id='word_1_436' title='bbox 459 3337 655 3406; x_wconf 85' lang='lat' dir='ltr'><strong>scripta</strong></span> <span class='ocrx_word' id='word_1_437' title='bbox 687 3346 922 3404; x_wconf 77' lang='lat' dir='ltr'><strong>exstant,</strong></span> <span class='ocrx_word' id='word_1_438' title='bbox 968 3348 1018 3394; x_wconf 88' lang='lat' dir='ltr'><strong>ct</strong></span> <span class='ocrx_word' id='word_1_439' title='bbox 1057 3357 1089 3392; x_wconf 94' lang='lat' dir='ltr'><strong>a</strong></span> <span class='ocrx_word' id='word_1_440' title='bbox 1117 3355 1196 3392; x_wconf 89' lang='lat' dir='ltr'><strong>me</strong></span> <span class='ocrx_word' id='word_1_441' title='bbox 1221 3339 1463 3410; x_wconf 87' lang='lat' dir='ltr'><strong>pleraque</strong></span> <span class='ocrx_word' id='word_1_442' title='bbox 1488 3350 1606 3394; x_wconf 87' lang='lat' dir='ltr'><strong>sunt</strong></span> <span class='ocrx_word' id='word_1_443' title='bbox 1633 3340 1860 3394; x_wconf 89' lang='lat' dir='ltr'><strong>lectitata</strong></span> <span class='ocrx_word' id='word_1_444' title='bbox 1879 3381 1893 3405; x_wconf 94' lang='lat'><strong>,</strong></span> <span class='ocrx_word' id='word_1_445' title='bbox 1936 3341 2058 3410; x_wconf 87' lang='lat' dir='ltr'><strong>quin</strong></span> <span class='ocrx_word' id='word_1_446' title='bbox 2087 3326 2133 3390; x_wconf 87' lang='lat' dir='ltr'>C</span> <span class='ocrx_word' id='word_1_447' title='bbox 2163 3332 2271 3388; x_wconf 88' lang='lat' dir='ltr'><strong>erit</strong></span> <span class='ocrx_word' id='word_1_448' title='bbox 2296 3347 2427 3405; x_wconf 86' lang='lat' dir='ltr'><strong>ergo</strong></span> <span class='ocrx_word' id='word_1_449' title='bbox 2454 3332 2597 3404; x_wconf 88' lang='lat' dir='ltr'><strong>quod</strong></span> <span class='ocrx_word' id='word_1_450' title='bbox 2626 3342 2680 3388; x_wconf 90' lang='lat' dir='ltr'><strong>et</strong></span> <span class='ocrx_word' id='word_1_451' title='bbox 2715 3334 2879 3389; x_wconf 84' lang='lat' dir='ltr'><strong>Pater</strong></span> <span class='ocrx_word' id='word_1_452' title='bbox 2904 3343 3010 3399; x_wconf 84' lang='lat' dir='ltr'><strong>est,</strong></span> <span class='ocrx_word' id='word_1_453' title='bbox 3044 3334 3138 3404; x_wconf 87' lang='lat' dir='ltr'><strong>qui</strong></span> <span class='ocrx_word' id='word_1_454' title='bbox 3163 3343 3250 3390; x_wconf 93' lang='lat' dir='ltr'><strong>est</strong></span> <span class='ocrx_word' id='word_1_455' title='bbox 3276 3333 3545 3406; x_wconf 87' lang='lat' dir='ltr'><strong>ingenitus</strong></span> <span class='ocrx_word' id='word_1_456' title='bbox 3580 3349 3594 3386; x_wconf 87' lang='lat'><strong>:</strong></span> <span class='ocrx_word' id='word_1_457' title='bbox 3635 3345 3726 3402; x_wconf 86' lang='lat' dir='ltr'><strong>quo</strong></span> 
     </span>
    </p>
   </div>
   <div class='ocr_carea' id='block_1_56' title="bbox 459 3428 2058 3505">
    <p class='ocr_par' dir='ltr' id='par_1_56' title="bbox 459 3428 2058 3505">
     <span class='ocr_line' id='line_1_56' title="bbox 459 3428 2058 3505; baseline 0.003 -24"><span class='ocrx_word' id='word_1_458' title='bbox 459 3437 632 3482; x_wconf 88' lang='lat' dir='ltr'><strong>tamen</strong></span> <span class='ocrx_word' id='word_1_459' title='bbox 677 3428 810 3483; x_wconf 81' lang='lat' dir='ltr'><strong>hanc</strong></span> <span class='ocrx_word' id='word_1_460' title='bbox 851 3429 1162 3500; x_wconf 85' lang='lat' dir='ltr'><strong>particulam</strong></span> <span class='ocrx_word' id='word_1_461' title='bbox 1207 3432 1259 3485; x_wconf 88' lang='lat' dir='ltr'><strong>in</strong></span> <span class='ocrx_word' id='word_1_462' title='bbox 1287 3432 1352 3486; x_wconf 87' lang='lat' dir='ltr'><strong>iis</strong></span> <span class='ocrx_word' id='word_1_463' title='bbox 1396 3449 1476 3486; x_wconf 87' lang='lat' dir='ltr'><strong>me</strong></span> <span class='ocrx_word' id='word_1_464' title='bbox 1503 3433 1686 3505; x_wconf 82' lang='lat' dir='ltr'><strong>legisse</strong></span> <span class='ocrx_word' id='word_1_465' title='bbox 1721 3449 1858 3486; x_wconf 87' lang='lat' dir='ltr'><strong>nunc</strong></span> <span class='ocrx_word' id='word_1_466' title='bbox 1884 3448 2058 3487; x_wconf 86' lang='lat' dir='ltr'><strong>recor-</strong></span> 
     </span>
    </p>
   </div>
   <div class='ocr_carea' id='block_1_57' title="bbox 461 3519 2060 3592">
    <p class='ocr_par' dir='ltr' id='par_1_57' title="bbox 461 3519 2060 3592">
     <span class='ocr_line' id='line_1_57' title="bbox 461 3519 2060 3592; baseline 0.003 -19"><span class='ocrx_word' id='word_1_467' title='bbox 461 3519 573 3587; x_wconf 83' lang='lat' dir='ltr'><strong>der,</strong></span> <span class='ocrx_word' id='word_1_468' title='bbox 607 3537 917 3592; x_wconf 87' lang='lat' dir='ltr'><strong>quamquam</strong></span> <span class='ocrx_word' id='word_1_469' title='bbox 944 3523 1142 3592; x_wconf 88' lang='lat' dir='ltr'><strong>aliquid</strong></span> <span class='ocrx_word' id='word_1_470' title='bbox 1180 3523 1322 3578; x_wconf 83' lang='lat' dir='ltr'><strong>haud</strong></span> <span class='ocrx_word' id='word_1_471' title='bbox 1345 3525 1453 3578; x_wconf 89' lang='lat' dir='ltr'><strong>scio</strong></span> <span class='ocrx_word' id='word_1_472' title='bbox 1479 3541 1548 3578; x_wconf 86' lang='lat' dir='ltr'><strong>an</strong></span> <span class='ocrx_word' id='word_1_473' title='bbox 1574 3525 1742 3579; x_wconf 88' lang='lat' dir='ltr'><strong>simile</strong></span> <span class='ocrx_word' id='word_1_474' title='bbox 1763 3541 1844 3580; x_wconf 89' lang='lat' dir='ltr'><strong>me</strong></span> <span class='ocrx_word' id='word_1_475' title='bbox 1871 3525 2060 3578; x_wconf 86' lang='lat' dir='ltr'><strong>vidisse</strong></span> 
     </span>
    </p>
   </div>
   <div class='ocr_carea' id='block_1_58' title="bbox 459 3612 2054 3690">
    <p class='ocr_par' dir='ltr' id='par_1_58' title="bbox 459 3612 2054 3690">
     <span class='ocr_line' id='line_1_58' title="bbox 459 3612 2054 3690; baseline 0.004 -25"><span class='ocrx_word' id='word_1_476' title='bbox 459 3612 653 3668; x_wconf 83' lang='lat' dir='ltr'><strong>alicubi</strong></span> <span class='ocrx_word' id='word_1_477' title='bbox 690 3630 818 3684; x_wconf 78' lang='lat' dir='ltr'><strong>pene</strong></span> <span class='ocrx_word' id='word_1_478' title='bbox 861 3616 1209 3670; x_wconf 85' lang='lat' dir='ltr'><strong>commemini.</strong></span> <span class='ocrx_word' id='word_1_479' title='bbox 1254 3615 1440 3672; x_wconf 86' lang='lat' dir='ltr'><strong>Verum</strong></span> <span class='ocrx_word' id='word_1_480' title='bbox 1469 3617 1592 3688; x_wconf 90' lang='lat' dir='ltr'><strong>quid</strong></span> <span class='ocrx_word' id='word_1_481' title='bbox 1622 3617 1880 3690; x_wconf 77' lang='lat' dir='ltr'><strong>prohibet,</strong></span> <span class='ocrx_word' id='word_1_482' title='bbox 1925 3634 2054 3682; x_wconf 85' lang='lat' dir='ltr'><strong>quo-</strong></span> 
     </span>
    </p>
   </div>
   <div class='ocr_carea' id='block_1_59' title="bbox 459 3703 2063 3771">
    <p class='ocr_par' dir='ltr' id='par_1_59' title="bbox 459 3703 2063 3771">
     <span class='ocr_line' id='line_1_59' title="bbox 459 3703 2063 3771; baseline 0.005 -15"><span class='ocrx_word' id='word_1_483' title='bbox 459 3703 629 3757; x_wconf 84' lang='lat' dir='ltr'><strong>minus</strong></span> <span class='ocrx_word' id='word_1_484' title='bbox 657 3703 959 3771; x_wconf 79' lang='lat' dir='ltr'><strong>prwdiclam</strong></span> <span class='ocrx_word' id='word_1_485' title='bbox 992 3706 1345 3760; x_wconf 86' lang='lat' dir='ltr'><strong>membranam</strong></span> <span class='ocrx_word' id='word_1_486' title='bbox 1373 3707 1472 3761; x_wconf 81' lang='lat' dir='ltr'><strong>hoc</strong></span> <span class='ocrx_word' id='word_1_487' title='bbox 1498 3708 1611 3762; x_wconf 90' lang='lat' dir='ltr'><strong>loco</strong></span> <span class='ocrx_word' id='word_1_488' title='bbox 1639 3707 1911 3763; x_wconf 85' lang='lat' dir='ltr'><strong>lectoribus</strong></span> <span class='ocrx_word' id='word_1_489' title='bbox 1939 3710 2063 3764; x_wconf 89' lang='lat' dir='ltr'><strong>meis</strong></span> 
     </span>
    </p>
   </div>
   <div class='ocr_carea' id='block_1_60' title="bbox 461 3798 2064 3872">
    <p class='ocr_par' dir='ltr' id='par_1_60' title="bbox 461 3798 2064 3872">
     <span class='ocr_line' id='line_1_60' title="bbox 461 3798 2064 3872; baseline 0.006 -23"><span class='ocrx_word' id='word_1_490' title='bbox 461 3806 576 3865; x_wconf 80' lang='lat' dir='ltr'><strong>post</strong></span> <span class='ocrx_word' id='word_1_491' title='bbox 604 3798 802 3851; x_wconf 78' lang='lat' dir='ltr'><strong>Ariona</strong></span> <span class='ocrx_word' id='word_1_492' title='bbox 829 3803 1119 3871; x_wconf 76' lang='lat' dir='ltr'><strong>fragmenta</strong></span> <span class='ocrx_word' id='word_1_493' title='bbox 1150 3800 1414 3856; x_wconf 74' lang='lat' dir='ltr'><strong>exhibeam</strong></span> <span class='ocrx_word' id='word_1_494' title='bbox 1437 3819 1457 3867; x_wconf 90' lang='lat'><strong>;</strong></span> <span class='ocrx_word' id='word_1_495' title='bbox 1497 3818 1612 3872; x_wconf 68' lang='lat' dir='ltr'><strong>quia</strong></span> <span class='ocrx_word' id='word_1_496' title='bbox 1636 3805 1740 3858; x_wconf 84' lang='lat' dir='ltr'><strong>sive</strong></span> <span class='ocrx_word' id='word_1_497' title='bbox 1767 3803 1891 3858; x_wconf 84' lang='lat' dir='ltr'><strong>alibi</strong></span> <span class='ocrx_word' id='word_1_498' title='bbox 1926 3803 2064 3859; x_wconf 82' lang='lat' dir='ltr'><strong>edita</strong></span> 
     </span>
    </p>
   </div>
   <div class='ocr_carea' id='block_1_61' title="bbox 458 3893 2066 3970">
    <p class='ocr_par' dir='ltr' id='par_1_61' title="bbox 458 3893 2066 3970">
     <span class='ocr_line' id='line_1_61' title="bbox 458 3893 2066 3970; baseline 0.006 -24"><span class='ocrx_word' id='word_1_499' title='bbox 458 3901 566 3958; x_wconf 87' lang='lat' dir='ltr'><strong>est,</strong></span> <span class='ocrx_word' id='word_1_500' title='bbox 603 3893 707 3946; x_wconf 87' lang='lat' dir='ltr'><strong>sive</strong></span> <span class='ocrx_word' id='word_1_501' title='bbox 732 3909 909 3960; x_wconf 87' lang='lat' dir='ltr'><strong>secus,</strong></span> <span class='ocrx_word' id='word_1_502' title='bbox 946 3895 1251 3949; x_wconf 80' lang='lat' dir='ltr'><strong>catholicam</strong></span> <span class='ocrx_word' id='word_1_503' title='bbox 1276 3896 1540 3952; x_wconf 88' lang='lat' dir='ltr'><strong>veritatem</strong></span> <span class='ocrx_word' id='word_1_504' title='bbox 1571 3896 1700 3952; x_wconf 87' lang='lat' dir='ltr'><strong>belle</strong></span> <span class='ocrx_word' id='word_1_505' title='bbox 1727 3905 2066 3970; x_wconf 79' lang='lat' dir='ltr'><strong>propugnat?</strong></span> 
     </span>
    </p>
   </div>
   <div class='ocr_carea' id='block_1_62' title="bbox 460 3983 2064 4062">
    <p class='ocr_par' dir='ltr' id='par_1_62' title="bbox 460 3983 2064 4062">
     <span class='ocr_line' id='line_1_62' title="bbox 460 3983 2064 4062; baseline 0.004 -24"><span class='ocrx_word' id='word_1_506' title='bbox 460 3983 613 4039; x_wconf 84' lang='lat' dir='ltr'><strong>Certe</strong></span> <span class='ocrx_word' id='word_1_507' title='bbox 640 3983 775 4039; x_wconf 85' lang='lat' dir='ltr'><strong>hanc</strong></span> <span class='ocrx_word' id='word_1_508' title='bbox 803 3985 974 4054; x_wconf 87' lang='lat' dir='ltr'><strong>ipsant</strong></span> <span class='ocrx_word' id='word_1_509' title='bbox 1004 3987 1323 4042; x_wconf 82' lang='lat' dir='ltr'><strong>Arianorum</strong></span> <span class='ocrx_word' id='word_1_510' title='bbox 1349 3989 1686 4062; x_wconf 80' lang='lat' dir='ltr'><strong>objectionem</strong></span> <span class='ocrx_word' id='word_1_511' title='bbox 1719 3992 1782 4046; x_wconf 89' lang='lat' dir='ltr'><strong>de</strong></span> <span class='ocrx_word' id='word_1_512' title='bbox 1806 3991 1990 4061; x_wconf 88' lang='lat' dir='ltr'><strong>genito</strong></span> <span class='ocrx_word' id='word_1_513' title='bbox 2018 4000 2064 4044; x_wconf 90' lang='lat' dir='ltr'><strong>et</strong></span> 
     </span>
    </p>
   </div>
   <div class='ocr_carea' id='block_1_63' title="bbox 460 4077 2062 4154">
    <p class='ocr_par' dir='ltr' id='par_1_63' title="bbox 460 4077 2062 4154">
     <span class='ocr_line' id='line_1_63' title="bbox 460 4077 2062 4154; baseline 0.004 -22"><span class='ocrx_word' id='word_1_514' title='bbox 460 4077 708 4148; x_wconf 82' lang='lat' dir='ltr'><strong>ingenito</strong></span> <span class='ocrx_word' id='word_1_515' title='bbox 737 4090 1036 4150; x_wconf 84' lang='lat' dir='ltr'><strong>proponunt</strong></span> <span class='ocrx_word' id='word_1_516' title='bbox 1063 4081 1159 4135; x_wconf 88' lang='lat' dir='ltr'><strong>sibi</strong></span> <span class='ocrx_word' id='word_1_517' title='bbox 1189 4082 1577 4154; x_wconf 84' lang='lat' dir='ltr'><strong>dissolvuntque</strong></span> <span class='ocrx_word' id='word_1_518' title='bbox 1615 4084 1875 4152; x_wconf 85' lang='lat' dir='ltr'><strong>sapienter</strong></span> <span class='ocrx_word' id='word_1_519' title='bbox 1902 4082 2062 4139; x_wconf 86' lang='lat' dir='ltr'><strong>Basi-</strong></span> 
     </span>
    </p>
   </div>
   <div class='ocr_carea' id='block_1_64' title="bbox 459 4171 2065 4252">
    <p class='ocr_par' dir='ltr' id='par_1_64' title="bbox 459 4171 2065 4252">
     <span class='ocr_line' id='line_1_64' title="bbox 459 4171 2065 4252; baseline 0.005 -26"><span class='ocrx_word' id='word_1_520' title='bbox 459 4171 583 4238; x_wconf 83' lang='lat' dir='ltr'><strong>lius,</strong></span> <span class='ocrx_word' id='word_1_521' title='bbox 617 4182 752 4229; x_wconf 88' lang='lat' dir='ltr'><strong>orat.</strong></span> <span class='ocrx_word' id='word_1_522' title='bbox 796 4185 975 4230; x_wconf 85' lang='lat' dir='ltr'><strong>contra</strong></span> <span class='ocrx_word' id='word_1_523' title='bbox 1004 4175 1150 4242; x_wconf 83' lang='lat' dir='ltr'><strong>Arr.,</strong></span> <span class='ocrx_word' id='word_1_524' title='bbox 1181 4177 1265 4233; x_wconf 89' lang='lat' dir='ltr'><strong>ed.</strong></span> <span class='ocrx_word' id='word_1_525' title='bbox 1299 4175 1488 4245; x_wconf 86' lang='lat' dir='ltr'><strong>Garn.,</strong></span> <span class='ocrx_word' id='word_1_526' title='bbox 1521 4188 1559 4232; x_wconf 93' lang='lat' dir='ltr'><strong>t.</strong></span> <span class='ocrx_word' id='word_1_527' title='bbox 1591 4176 1690 4246; x_wconf 88' lang='lat' dir='ltr'><strong><em>II,</em></strong></span> <span class='ocrx_word' id='word_1_528' title='bbox 1737 4198 1788 4252; x_wconf 90' lang='lat' dir='ltr'><strong>p.</strong></span> <span class='ocrx_word' id='word_1_529' title='bbox 1820 4176 1964 4244; x_wconf 71' lang='lat'><strong>194;</strong></span> <span class='ocrx_word' id='word_1_530' title='bbox 2017 4187 2065 4234; x_wconf 85' lang='lat' dir='ltr'><strong>et</strong></span> 
     </span>
    </p>
   </div>
   <div class='ocr_carea' id='block_1_65' title="bbox 459 4263 2065 4343">
    <p class='ocr_par' dir='ltr' id='par_1_65' title="bbox 459 4263 2065 4343">
     <span class='ocr_line' id='line_1_65' title="bbox 459 4263 2065 4343; baseline 0.004 -25"><span class='ocrx_word' id='word_1_531' title='bbox 459 4263 779 4334; x_wconf 84' lang='lat' dir='ltr'><strong>Ambrosius,</strong></span> <span class='ocrx_word' id='word_1_532' title='bbox 797 4267 861 4322; x_wconf 90' lang='lat' dir='ltr'><strong>de</strong></span> <span class='ocrx_word' id='word_1_533' title='bbox 893 4265 1103 4322; x_wconf 89' lang='lat' dir='ltr'><strong>Incarn.</strong></span> <span class='ocrx_word' id='word_1_534' title='bbox 1135 4279 1475 4335; x_wconf 86' lang='lat' dir='ltr'><strong>sacramenta,</strong></span> <span class='ocrx_word' id='word_1_535' title='bbox 1503 4285 1656 4343; x_wconf 82' lang='lat' dir='ltr'><strong>capp.</strong></span> <span class='ocrx_word' id='word_1_536' title='bbox 1686 4271 1720 4328; x_wconf 91' lang='lat'><strong>8</strong></span> <span class='ocrx_word' id='word_1_537' title='bbox 1751 4281 1798 4326; x_wconf 89' lang='lat' dir='ltr'><strong>et</strong></span> <span class='ocrx_word' id='word_1_538' title='bbox 1821 4270 1891 4337; x_wconf 90' lang='lat'><strong>9;</strong></span> <span class='ocrx_word' id='word_1_539' title='bbox 1917 4271 2065 4326; x_wconf 88' lang='lat' dir='ltr'><strong>item-</strong></span> 
     </span>
    </p>
   </div>
   <div class='ocr_carea' id='block_1_66' title="bbox 358 4359 2062 4434">
    <p class='ocr_par' dir='ltr' id='par_1_66' title="bbox 358 4359 2062 4434">
     <span class='ocr_line' id='line_1_66' title="bbox 358 4359 2062 4434; baseline 0.005 -24"><span class='ocrx_word' id='word_1_540' title='bbox 358 4389 360 4391; x_wconf 55' lang='lat'><strong><em>»</em></strong></span> <span class='ocrx_word' id='word_1_541' title='bbox 457 4373 555 4428; x_wconf 88' lang='lat' dir='ltr'><strong>que</strong></span> <span class='ocrx_word' id='word_1_542' title='bbox 583 4359 902 4431; x_wconf 82' lang='lat' dir='ltr'><strong>Augustinus</strong></span> <span class='ocrx_word' id='word_1_543' title='bbox 939 4363 1004 4417; x_wconf 89' lang='lat' dir='ltr'><strong>de</strong></span> <span class='ocrx_word' id='word_1_544' title='bbox 1032 4361 1202 4432; x_wconf 86' lang='lat' dir='ltr'><strong>Trin.,</strong></span> <span class='ocrx_word' id='word_1_545' title='bbox 1233 4379 1286 4431; x_wconf 91' lang='lat' dir='ltr'><strong>v,</strong></span> <span class='ocrx_word' id='word_1_546' title='bbox 1334 4364 1388 4430; x_wconf 78' lang='grc'><em>4,</em></span> <span class='ocrx_word' id='word_1_547' title='bbox 1434 4365 1520 4434; x_wconf 82' lang='lat' dir='ltr'><strong>qui</strong></span> <span class='ocrx_word' id='word_1_548' title='bbox 1546 4373 1592 4418; x_wconf 92' lang='lat' dir='ltr'><strong>et</strong></span> <span class='ocrx_word' id='word_1_549' title='bbox 1621 4363 1686 4418; x_wconf 89' lang='lat' dir='ltr'><strong>de</strong></span> <span class='ocrx_word' id='word_1_550' title='bbox 1710 4361 1907 4434; x_wconf 53' lang='lat' dir='ltr'><strong>illajsic</strong></span> <span class='ocrx_word' id='word_1_551' title='bbox 1936 4379 2062 4434; x_wconf 87' lang='lat' dir='ltr'><strong>pro-</strong></span> 
     </span>
    </p>
   </div>
   <div class='ocr_carea' id='block_1_67' title="bbox 457 4453 2062 4529">
    <p class='ocr_par' dir='ltr' id='par_1_67' title="bbox 457 4453 2062 4529">
     <span class='ocr_line' id='line_1_67' title="bbox 457 4453 2062 4529; baseline 0.003 -23"><span class='ocrx_word' id='word_1_552' title='bbox 457 4453 700 4506; x_wconf 77' lang='lat' dir='ltr'><strong>cemiatur</strong></span> <span class='ocrx_word' id='word_1_553' title='bbox 751 4472 771 4509; x_wconf 91' lang='lat'><strong><em>:</em></strong></span> <span class='ocrx_word' id='word_1_554' title='bbox 814 4455 960 4511; x_wconf 83' lang='lat' dir='ltr'><strong>inter</strong></span> <span class='ocrx_word' id='word_1_555' title='bbox 999 4456 1164 4512; x_wconf 91' lang='lat' dir='ltr'><strong>multa</strong></span> <span class='ocrx_word' id='word_1_556' title='bbox 1207 4472 1329 4529; x_wconf 84' lang='lat' dir='ltr'><strong>quae</strong></span> <span class='ocrx_word' id='word_1_557' title='bbox 1360 4456 1548 4513; x_wconf 85' lang='lat' dir='ltr'><strong>Ariani</strong></span> <span class='ocrx_word' id='word_1_558' title='bbox 1576 4456 1842 4512; x_wconf 82' lang='lat' dir='ltr'><strong>adversus</strong></span> <span class='ocrx_word' id='word_1_559' title='bbox 1869 4455 2062 4511; x_wconf 87' lang='lat' dir='ltr'><strong>catho-</strong></span> 
     </span>
    </p>
   </div>
   <div class='ocr_carea' id='block_1_68' title="bbox 461 4545 2064 4621">
    <p class='ocr_par' dir='ltr' id='par_1_68' title="bbox 461 4545 2064 4621">
     <span class='ocr_line' id='line_1_68' title="bbox 461 4545 2064 4621; baseline 0.003 -21"><span class='ocrx_word' id='word_1_560' title='bbox 461 4545 620 4600; x_wconf 86' lang='lat' dir='ltr'><strong>licam</strong></span> <span class='ocrx_word' id='word_1_561' title='bbox 669 4546 829 4602; x_wconf 82' lang='lat' dir='ltr'><strong>ﬁdem</strong></span> <span class='ocrx_word' id='word_1_562' title='bbox 881 4549 1063 4605; x_wconf 89' lang='lat' dir='ltr'><strong>solent</strong></span> <span class='ocrx_word' id='word_1_563' title='bbox 1111 4549 1438 4621; x_wconf 86' lang='lat' dir='ltr'><strong>disputare,</strong></span> <span class='ocrx_word' id='word_1_564' title='bbox 1509 4551 1612 4608; x_wconf 88' lang='lat' dir='ltr'><strong>hoc</strong></span> <span class='ocrx_word' id='word_1_565' title='bbox 1666 4550 1769 4605; x_wconf 92' lang='lat' dir='ltr'><strong>sibi</strong></span> <span class='ocrx_word' id='word_1_566' title='bbox 1827 4547 2064 4605; x_wconf 76' lang='lat' dir='ltr'><strong>maxime</strong></span> 
     </span>
    </p>
   </div>
   <div class='ocr_carea' id='block_1_69' title="bbox 460 4638 2063 4715">
    <p class='ocr_par' dir='ltr' id='par_1_69' title="bbox 460 4638 2063 4715">
     <span class='ocr_line' id='line_1_69' title="bbox 460 4638 2063 4715; baseline 0.001 -21"><span class='ocrx_word' id='word_1_567' title='bbox 460 4638 881 4696; x_wconf 90' lang='lat' dir='ltr'><strong>callidissimum</strong></span> <span class='ocrx_word' id='word_1_568' title='bbox 928 4642 1426 4699; x_wconf 84' lang='lat' dir='ltr'><strong>machinamentum</strong></span> <span class='ocrx_word' id='word_1_569' title='bbox 1465 4657 1769 4715; x_wconf 87' lang='lat' dir='ltr'><strong>pr0ponere</strong></span> <span class='ocrx_word' id='word_1_570' title='bbox 1809 4641 2063 4698; x_wconf 90' lang='lat' dir='ltr'><strong>videntur</strong></span> 
     </span>
    </p>
   </div>
   <div class='ocr_carea' id='block_1_70' title="bbox 2165 3424 3726 3498">
    <p class='ocr_par' dir='ltr' id='par_1_70' title="bbox 2165 3424 3726 3498">
     <span class='ocr_line' id='line_1_70' title="bbox 2165 3424 3726 3498; baseline -0.004 -17"><span class='ocrx_word' id='word_1_571' title='bbox 2165 3439 2364 3498; x_wconf 84' lang='lat' dir='ltr'><strong>genere</strong></span> <span class='ocrx_word' id='word_1_572' title='bbox 2393 3425 2437 3481; x_wconf 94' lang='lat' dir='ltr'><strong>si</strong></span> <span class='ocrx_word' id='word_1_573' title='bbox 2466 3437 2520 3480; x_wconf 91' lang='lat' dir='ltr'><strong>et</strong></span> <span class='ocrx_word' id='word_1_574' title='bbox 2552 3424 2784 3495; x_wconf 90' lang='lat' dir='ltr'><strong>Spiritus</strong></span> <span class='ocrx_word' id='word_1_575' title='bbox 2814 3435 3035 3482; x_wconf 87' lang='lat' dir='ltr'><strong>sanctus</strong></span> <span class='ocrx_word' id='word_1_576' title='bbox 3063 3426 3236 3482; x_wconf 83' lang='lat' dir='ltr'><strong>factus</strong></span> <span class='ocrx_word' id='word_1_577' title='bbox 3261 3438 3387 3492; x_wconf 88' lang='lat' dir='ltr'><strong>est,</strong></span> <span class='ocrx_word' id='word_1_578' title='bbox 3433 3425 3532 3480; x_wconf 89' lang='lat' dir='ltr'><strong>crit</strong></span> <span class='ocrx_word' id='word_1_579' title='bbox 3556 3434 3606 3479; x_wconf 90' lang='lat' dir='ltr'><strong>et</strong></span> <span class='ocrx_word' id='word_1_580' title='bbox 3629 3424 3726 3492; x_wconf 82' lang='lat' dir='ltr'><strong>ipse</strong></span> 
     </span>
    </p>
   </div>
   <div class='ocr_carea' id='block_1_71' title="bbox 2164 3518 3723 3591">
    <p class='ocr_par' dir='ltr' id='par_1_71' title="bbox 2164 3518 3723 3591">
     <span class='ocr_line' id='line_1_71' title="bbox 2164 3518 3723 3591; baseline -0.004 -15"><span class='ocrx_word' id='word_1_581' title='bbox 2164 3530 2223 3576; x_wconf 93' lang='lat' dir='ltr'><strong>ut</strong></span> <span class='ocrx_word' id='word_1_582' title='bbox 2247 3520 2481 3576; x_wconf 90' lang='lat' dir='ltr'><strong>mundus</strong></span> <span class='ocrx_word' id='word_1_583' title='bbox 2513 3520 2804 3591; x_wconf 89' lang='lat' dir='ltr'><strong>ingenitus.</strong></span> <span class='ocrx_word' id='word_1_584' title='bbox 2844 3519 2952 3576; x_wconf 88' lang='lat' dir='ltr'><strong>Sed</strong></span> <span class='ocrx_word' id='word_1_585' title='bbox 2979 3521 3217 3577; x_wconf 82' lang='lat' dir='ltr'><strong>diximus</strong></span> <span class='ocrx_word' id='word_1_586' title='bbox 3241 3520 3444 3576; x_wconf 89' lang='lat' dir='ltr'><strong>Filium</strong></span> <span class='ocrx_word' id='word_1_587' title='bbox 3475 3518 3723 3581; x_wconf 86' lang='lat' dir='ltr'><strong>inlectum,</strong></span> 
     </span>
    </p>
   </div>
   <div class='ocr_carea' id='block_1_72' title="bbox 2165 3609 3717 3684">
    <p class='ocr_par' dir='ltr' id='par_1_72' title="bbox 2165 3609 3717 3684">
     <span class='ocr_line' id='line_1_72' title="bbox 2165 3609 3717 3684; baseline -0.003 -18"><span class='ocrx_word' id='word_1_588' title='bbox 2165 3628 2270 3666; x_wconf 87' lang='lat' dir='ltr'><strong>non</strong></span> <span class='ocrx_word' id='word_1_589' title='bbox 2302 3612 2445 3668; x_wconf 89' lang='lat' dir='ltr'><strong>enim</strong></span> <span class='ocrx_word' id='word_1_590' title='bbox 2473 3610 2646 3667; x_wconf 80' lang='lat' dir='ltr'><strong>factus</strong></span> <span class='ocrx_word' id='word_1_591' title='bbox 2673 3621 2756 3668; x_wconf 90' lang='lat' dir='ltr'><strong>est</strong></span> <span class='ocrx_word' id='word_1_592' title='bbox 2781 3630 2795 3668; x_wconf 89' lang='lat'><strong>:</strong></span> <span class='ocrx_word' id='word_1_593' title='bbox 2825 3627 2957 3683; x_wconf 87' lang='lat' dir='ltr'><strong>ergo</strong></span> <span class='ocrx_word' id='word_1_594' title='bbox 2981 3612 3241 3684; x_wconf 82' lang='lat' dir='ltr'><strong>quidquid</strong></span> <span class='ocrx_word' id='word_1_595' title='bbox 3270 3613 3469 3669; x_wconf 78' lang='lat' dir='ltr'><strong>factum</strong></span> <span class='ocrx_word' id='word_1_596' title='bbox 3497 3627 3595 3666; x_wconf 91' lang='lat' dir='ltr'><strong>non</strong></span> <span class='ocrx_word' id='word_1_597' title='bbox 3622 3609 3717 3663; x_wconf 84' lang='lat' dir='ltr'><strong>lue-</strong></span> 
     </span>
    </p>
   </div>
   <div class='ocr_carea' id='block_1_73' title="bbox 2165 3701 3724 3773">
    <p class='ocr_par' dir='ltr' id='par_1_73' title="bbox 2165 3701 3724 3773">
     <span class='ocr_line' id='line_1_73' title="bbox 2165 3701 3724 3773; baseline 0.003 -15"><span class='ocrx_word' id='word_1_598' title='bbox 2165 3704 2236 3758; x_wconf 86' lang='lat' dir='ltr'><strong>rit</strong></span> <span class='ocrx_word' id='word_1_599' title='bbox 2263 3701 2509 3773; x_wconf 85' lang='lat' dir='ltr'><strong>ejusdem</strong></span> <span class='ocrx_word' id='word_1_600' title='bbox 2548 3704 2654 3758; x_wconf 90' lang='lat' dir='ltr'><strong>erit</strong></span> <span class='ocrx_word' id='word_1_601' title='bbox 2697 3703 3036 3759; x_wconf 63' lang='lat' dir='ltr'><strong>substantiae.</strong></span> <span class='ocrx_word' id='word_1_602' title='bbox 3103 3704 3268 3760; x_wconf 86' lang='lat' dir='ltr'><strong>Pater</strong></span> <span class='ocrx_word' id='word_1_603' title='bbox 3296 3704 3470 3760; x_wconf 85' lang='lat' dir='ltr'><strong>lactus</strong></span> <span class='ocrx_word' id='word_1_604' title='bbox 3500 3717 3597 3758; x_wconf 91' lang='lat' dir='ltr'><strong>non</strong></span> <span class='ocrx_word' id='word_1_605' title='bbox 3624 3709 3724 3762; x_wconf 80' lang='lat' dir='ltr'><strong>est;</strong></span> 
     </span>
    </p>
   </div>
   <div class='ocr_carea' id='block_1_74' title="bbox 2165 3781 3726 3868">
    <p class='ocr_par' dir='ltr' id='par_1_74' title="bbox 2165 3781 3726 3868">
     <span class='ocr_line' id='line_1_74' title="bbox 2165 3781 3726 3868; baseline -0.004 -17"><span class='ocrx_word' id='word_1_606' title='bbox 2165 3795 2398 3866; x_wconf 89' lang='lat' dir='ltr'><strong>Spiritus</strong></span> <span class='ocrx_word' id='word_1_607' title='bbox 2427 3803 2646 3851; x_wconf 89' lang='lat' dir='ltr'><strong>sanctus</strong></span> <span class='ocrx_word' id='word_1_608' title='bbox 2686 3781 2854 3868; x_wconf 77' lang='lat' dir='ltr'><strong>{dctus</strong></span> <span class='ocrx_word' id='word_1_609' title='bbox 2901 3811 3007 3852; x_wconf 94' lang='lat' dir='ltr'><strong>non</strong></span> <span class='ocrx_word' id='word_1_610' title='bbox 3040 3806 3124 3852; x_wconf 91' lang='lat' dir='ltr'><strong>est</strong></span> <span class='ocrx_word' id='word_1_611' title='bbox 3157 3813 3172 3864; x_wconf 93' lang='lat'><strong>;</strong></span> <span class='ocrx_word' id='word_1_612' title='bbox 3224 3796 3398 3852; x_wconf 85' lang='lat' dir='ltr'><strong>Filius</strong></span> <span class='ocrx_word' id='word_1_613' title='bbox 3438 3795 3599 3851; x_wconf 81' lang='lat' dir='ltr'><strong>factus</strong></span> <span class='ocrx_word' id='word_1_614' title='bbox 3639 3805 3726 3847; x_wconf 92' lang='lat' dir='ltr'><strong>non</strong></span> 
     </span>
    </p>
   </div>
   <div class='ocr_carea' id='block_1_75' title="bbox 2166 3889 3727 3962">
    <p class='ocr_par' dir='ltr' id='par_1_75' title="bbox 2166 3889 3727 3962">
     <span class='ocr_line' id='line_1_75' title="bbox 2166 3889 3727 3962; baseline -0.002 -17"><span class='ocrx_word' id='word_1_615' title='bbox 2166 3901 2248 3946; x_wconf 90' lang='lat' dir='ltr'><strong>est</strong></span> <span class='ocrx_word' id='word_1_616' title='bbox 2273 3906 2289 3945; x_wconf 90' lang='lat'><strong>:</strong></span> <span class='ocrx_word' id='word_1_617' title='bbox 2336 3904 2466 3961; x_wconf 90' lang='lat' dir='ltr'><strong>ergo</strong></span> <span class='ocrx_word' id='word_1_618' title='bbox 2496 3889 2739 3960; x_wconf 90' lang='lat' dir='ltr'><strong>ejusdem</strong></span> <span class='ocrx_word' id='word_1_619' title='bbox 2768 3891 2871 3946; x_wconf 91' lang='lat' dir='ltr'><strong>erit</strong></span> <span class='ocrx_word' id='word_1_620' title='bbox 2897 3890 3220 3947; x_wconf 65' lang='lat' dir='ltr'><strong>substantia:</strong></span> <span class='ocrx_word' id='word_1_621' title='bbox 3245 3890 3483 3962; x_wconf 88' lang='lat' dir='ltr'><strong>Spiritus</strong></span> <span class='ocrx_word' id='word_1_622' title='bbox 3513 3895 3727 3950; x_wconf 86' lang='lat' dir='ltr'><strong>sanctus,</strong></span> 
     </span>
    </p>
   </div>
   <div class='ocr_carea' id='block_1_76' title="bbox 2169 3979 3729 4054">
    <p class='ocr_par' dir='ltr' id='par_1_76' title="bbox 2169 3979 3729 4054">
     <span class='ocr_line' id='line_1_76' title="bbox 2169 3979 3729 4054; baseline -0.004 -18"><span class='ocrx_word' id='word_1_623' title='bbox 2169 3981 2254 4038; x_wconf 88' lang='lat' dir='ltr'><strong>vel</strong></span> <span class='ocrx_word' id='word_1_624' title='bbox 2285 3981 2482 4050; x_wconf 86' lang='lat' dir='ltr'><strong>Filius,</strong></span> <span class='ocrx_word' id='word_1_625' title='bbox 2525 3983 2678 4051; x_wconf 89' lang='lat' dir='ltr'><strong>cujus</strong></span> <span class='ocrx_word' id='word_1_626' title='bbox 2708 3992 2762 4038; x_wconf 93' lang='lat' dir='ltr'><strong>et</strong></span> <span class='ocrx_word' id='word_1_627' title='bbox 2799 3995 2956 4054; x_wconf 88' lang='lat' dir='ltr'><strong>pater</strong></span> <span class='ocrx_word' id='word_1_628' title='bbox 2993 3993 3098 4039; x_wconf 88' lang='lat' dir='ltr'><strong>est.</strong></span> <span class='ocrx_word' id='word_1_629' title='bbox 3143 3983 3422 4054; x_wconf 89' lang='lat' dir='ltr'><strong>Ingenitus</strong></span> <span class='ocrx_word' id='word_1_630' title='bbox 3447 3983 3623 4047; x_wconf 87' lang='lat' dir='ltr'><strong>Pater,</strong></span> <span class='ocrx_word' id='word_1_631' title='bbox 3661 3979 3729 4032; x_wconf 82' lang='lat' dir='ltr'><strong>in-</strong></span> 
     </span>
    </p>
   </div>
   <div class='ocr_carea' id='block_1_77' title="bbox 2165 4073 3728 4149">
    <p class='ocr_par' dir='ltr' id='par_1_77' title="bbox 2165 4073 3728 4149">
     <span class='ocr_line' id='line_1_77' title="bbox 2165 4073 3728 4149; baseline -0.004 -18"><span class='ocrx_word' id='word_1_632' title='bbox 2165 4076 2380 4148; x_wconf 91' lang='lat' dir='ltr'><strong>genitus</strong></span> <span class='ocrx_word' id='word_1_633' title='bbox 2425 4085 2482 4131; x_wconf 91' lang='lat' dir='ltr'><strong>et</strong></span> <span class='ocrx_word' id='word_1_634' title='bbox 2524 4075 2757 4146; x_wconf 92' lang='lat' dir='ltr'><strong>Spiritus</strong></span> <span class='ocrx_word' id='word_1_635' title='bbox 2808 4086 3028 4134; x_wconf 89' lang='lat' dir='ltr'><strong>sanctus</strong></span> <span class='ocrx_word' id='word_1_636' title='bbox 3053 4120 3067 4145; x_wconf 87' lang='lat'><strong>,</strong></span> <span class='ocrx_word' id='word_1_637' title='bbox 3123 4078 3402 4149; x_wconf 87' lang='lat' dir='ltr'><strong>ingenitus</strong></span> <span class='ocrx_word' id='word_1_638' title='bbox 3438 4088 3490 4134; x_wconf 92' lang='lat' dir='ltr'><strong>et</strong></span> <span class='ocrx_word' id='word_1_639' title='bbox 3527 4073 3728 4132; x_wconf 85' lang='lat' dir='ltr'><strong>mundus</strong></span> 
     </span>
    </p>
   </div>
   <div class='ocr_carea' id='block_1_78' title="bbox 2168 4167 3724 4246">
    <p class='ocr_par' dir='ltr' id='par_1_78' title="bbox 2168 4167 3724 4246">
     <span class='ocr_line' id='line_1_78' title="bbox 2168 4167 3724 4246; baseline -0.004 -20"><span class='ocrx_word' id='word_1_640' title='bbox 2168 4169 2300 4246; x_wconf 92' lang='lat' dir='ltr'><strong>(non</strong></span> <span class='ocrx_word' id='word_1_641' title='bbox 2353 4170 2498 4226; x_wconf 90' lang='lat' dir='ltr'><strong>enim</strong></span> <span class='ocrx_word' id='word_1_642' title='bbox 2549 4170 2660 4226; x_wconf 88' lang='lat' dir='ltr'><strong>nati</strong></span> <span class='ocrx_word' id='word_1_643' title='bbox 2709 4180 2858 4242; x_wconf 77' lang='lat' dir='ltr'><strong>sunt)</strong></span> <span class='ocrx_word' id='word_1_644' title='bbox 2908 4172 3152 4243; x_wconf 76' lang='lat' dir='ltr'><strong>ejusdem</strong></span> <span class='ocrx_word' id='word_1_645' title='bbox 3200 4183 3364 4229; x_wconf 89' lang='lat' dir='ltr'><strong>erunt</strong></span> <span class='ocrx_word' id='word_1_646' title='bbox 3413 4167 3724 4230; x_wconf 56' lang='lat' dir='ltr'><strong>substantia,</strong></span> 
     </span>
    </p>
   </div>
   <div class='ocr_carea' id='block_1_79' title="bbox 2167 4263 3726 4336">
    <p class='ocr_par' dir='ltr' id='par_1_79' title="bbox 2167 4263 3726 4336">
     <span class='ocr_line' id='line_1_79' title="bbox 2167 4263 3726 4336; baseline -0.004 -16"><span class='ocrx_word' id='word_1_647' title='bbox 2167 4264 2322 4336; x_wconf 90' lang='lat' dir='ltr'><strong>cujus</strong></span> <span class='ocrx_word' id='word_1_648' title='bbox 2349 4265 2414 4334; x_wconf 45' lang='lat' dir='ltr'><strong>jet</strong></span> <span class='ocrx_word' id='word_1_649' title='bbox 2445 4263 2602 4320; x_wconf 84' lang='lat' dir='ltr'><strong>Pater</strong></span> <span class='ocrx_word' id='word_1_650' title='bbox 2630 4274 2754 4321; x_wconf 83' lang='lat' dir='ltr'><strong>est;</strong></span> <span class='ocrx_word' id='word_1_651' title='bbox 2797 4265 2892 4322; x_wconf 88' lang='lat' dir='ltr'><strong>sed</strong></span> <span class='ocrx_word' id='word_1_652' title='bbox 2936 4266 3174 4323; x_wconf 89' lang='lat' dir='ltr'><strong>mundus</strong></span> <span class='ocrx_word' id='word_1_653' title='bbox 3219 4265 3395 4324; x_wconf 79' lang='lat' dir='ltr'><strong>factus</strong></span> <span class='ocrx_word' id='word_1_654' title='bbox 3437 4276 3550 4334; x_wconf 90' lang='lat' dir='ltr'><strong>est,</strong></span> <span class='ocrx_word' id='word_1_655' title='bbox 3587 4264 3726 4321; x_wconf 84' lang='lat' dir='ltr'><strong>Pater</strong></span> 
     </span>
    </p>
   </div>
   <div class='ocr_carea' id='block_1_80' title="bbox 2167 4353 3730 4432">
    <p class='ocr_par' dir='ltr' id='par_1_80' title="bbox 2167 4353 3730 4432">
     <span class='ocr_line' id='line_1_80' title="bbox 2167 4353 3730 4432; baseline -0.003 -20"><span class='ocrx_word' id='word_1_656' title='bbox 2167 4367 2347 4413; x_wconf 90' lang='lat' dir='ltr'><strong>autem</strong></span> <span class='ocrx_word' id='word_1_657' title='bbox 2379 4371 2486 4412; x_wconf 91' lang='lat' dir='ltr'><strong>non</strong></span> <span class='ocrx_word' id='word_1_658' title='bbox 2517 4366 2601 4412; x_wconf 91' lang='lat' dir='ltr'><strong>est</strong></span> <span class='ocrx_word' id='word_1_659' title='bbox 2630 4355 2824 4427; x_wconf 82' lang='lat' dir='ltr'><strong>factus,</strong></span> <span class='ocrx_word' id='word_1_660' title='bbox 2864 4359 2959 4415; x_wconf 88' lang='lat' dir='ltr'><strong>sed</strong></span> <span class='ocrx_word' id='word_1_661' title='bbox 2991 4375 3166 4432; x_wconf 90' lang='lat' dir='ltr'><strong>neque</strong></span> <span class='ocrx_word' id='word_1_662' title='bbox 3190 4360 3364 4417; x_wconf 87' lang='lat' dir='ltr'><strong>Filius</strong></span> <span class='ocrx_word' id='word_1_663' title='bbox 3389 4374 3556 4431; x_wconf 89' lang='lat' dir='ltr'><strong>neque</strong></span> <span class='ocrx_word' id='word_1_664' title='bbox 3583 4353 3730 4426; x_wconf 82' lang='lat' dir='ltr'><strong>Spiri-</strong></span> 
     </span>
    </p>
   </div>
   <div class='ocr_carea' id='block_1_81' title="bbox 2168 4447 3717 4522">
    <p class='ocr_par' dir='ltr' id='par_1_81' title="bbox 2168 4447 3717 4522">
     <span class='ocr_line' id='line_1_81' title="bbox 2168 4447 3717 4522; baseline -0.005 -16"><span class='ocrx_word' id='word_1_665' title='bbox 2168 4459 2255 4506; x_wconf 90' lang='lat' dir='ltr'><strong>tus</strong></span> <span class='ocrx_word' id='word_1_666' title='bbox 2282 4459 2543 4518; x_wconf 87' lang='lat' dir='ltr'><strong>sanctus;</strong></span> <span class='ocrx_word' id='word_1_667' title='bbox 2584 4466 2716 4522; x_wconf 88' lang='lat' dir='ltr'><strong>ergo</strong></span> <span class='ocrx_word' id='word_1_668' title='bbox 2758 4451 2907 4507; x_wconf 88' lang='lat' dir='ltr'><strong>solus</strong></span> <span class='ocrx_word' id='word_1_669' title='bbox 2949 4451 3181 4509; x_wconf 88' lang='lat' dir='ltr'><strong>nmndus</strong></span> <span class='ocrx_word' id='word_1_670' title='bbox 3221 4468 3328 4509; x_wconf 91' lang='lat' dir='ltr'><strong>non</strong></span> <span class='ocrx_word' id='word_1_671' title='bbox 3357 4453 3460 4510; x_wconf 89' lang='lat' dir='ltr'><strong>erit</strong></span> <span class='ocrx_word' id='word_1_672' title='bbox 3500 4447 3717 4522; x_wconf 89' lang='lat' dir='ltr'><strong>ejusdem</strong></span> 
     </span>
    </p>
   </div>
   <div class='ocr_carea' id='block_1_82' title="bbox 2166 4541 3729 4618">
    <p class='ocr_par' dir='ltr' id='par_1_82' title="bbox 2166 4541 3729 4618">
     <span class='ocr_line' id='line_1_82' title="bbox 2166 4541 3729 4618; baseline -0.005 -17"><span class='ocrx_word' id='word_1_673' title='bbox 2166 4545 2522 4613; x_wconf 71' lang='lat' dir='ltr'><strong>substantias,</strong></span> <span class='ocrx_word' id='word_1_674' title='bbox 2567 4547 2724 4618; x_wconf 86' lang='lat' dir='ltr'><strong>cujus</strong></span> <span class='ocrx_word' id='word_1_675' title='bbox 2767 4546 2962 4613; x_wconf 87' lang='lat' dir='ltr'><strong>Pater,</strong></span> <span class='ocrx_word' id='word_1_676' title='bbox 3014 4547 3100 4604; x_wconf 90' lang='lat' dir='ltr'><strong>vel</strong></span> <span class='ocrx_word' id='word_1_677' title='bbox 3145 4546 3354 4614; x_wconf 89' lang='lat' dir='ltr'><strong>Filius,</strong></span> <span class='ocrx_word' id='word_1_678' title='bbox 3402 4546 3490 4603; x_wconf 90' lang='lat' dir='ltr'><strong>vel</strong></span> <span class='ocrx_word' id='word_1_679' title='bbox 3528 4541 3729 4615; x_wconf 89' lang='lat' dir='ltr'><strong>Spiritus</strong></span> 
     </span>
    </p>
   </div>
   <div class='ocr_carea' id='block_1_83' title="bbox 2167 4639 3730 4712">
    <p class='ocr_par' dir='ltr' id='par_1_83' title="bbox 2167 4639 3730 4712">
     <span class='ocr_line' id='line_1_83' title="bbox 2167 4639 3730 4712; baseline -0.003 -19"><span class='ocrx_word' id='word_1_680' title='bbox 2167 4649 2403 4697; x_wconf 88' lang='lat' dir='ltr'><strong>sanctus.</strong></span> <span class='ocrx_word' id='word_1_681' title='bbox 2451 4640 2590 4707; x_wconf 80' lang='lat' dir='ltr'><strong>Quid</strong></span> <span class='ocrx_word' id='word_1_682' title='bbox 2638 4656 2769 4712; x_wconf 90' lang='lat' dir='ltr'><strong>ergo</strong></span> <span class='ocrx_word' id='word_1_683' title='bbox 2807 4641 2864 4696; x_wconf 90' lang='lat' dir='ltr'><strong>in</strong></span> <span class='ocrx_word' id='word_1_684' title='bbox 2897 4641 3208 4696; x_wconf 90' lang='lat' dir='ltr'><strong>nominibus</strong></span> <span class='ocrx_word' id='word_1_685' title='bbox 3251 4651 3306 4699; x_wconf 91' lang='lat' dir='ltr'><strong>et</strong></span> <span class='ocrx_word' id='word_1_686' title='bbox 3345 4639 3614 4696; x_wconf 91' lang='lat' dir='ltr'><strong>hominum</strong></span> <span class='ocrx_word' id='word_1_687' title='bbox 3653 4648 3730 4688; x_wconf 60' lang='lat' dir='ltr'><strong>sao</strong></span> 
     </span>
    </p>
   </div>
   <div class='ocr_carea' id='block_1_84' title="bbox 461 4723 3729 4804">
    <p class='ocr_par' dir='ltr' id='par_1_84' title="bbox 461 4723 3729 4804">
     <span class='ocr_line' id='line_1_84' title="bbox 461 4723 3729 4804; baseline -0.002 -16"><span class='ocrx_word' id='word_1_688' title='bbox 461 4747 587 4788; x_wconf 93' lang='lat' dir='ltr'><strong>cum</strong></span> <span class='ocrx_word' id='word_1_689' title='bbox 622 4731 841 4799; x_wconf 88' lang='lat' dir='ltr'><strong>dicunt,</strong></span> <span class='ocrx_word' id='word_1_690' title='bbox 887 4745 994 4790; x_wconf 91' lang='lat' dir='ltr'><strong>etc.</strong></span> <span class='ocrx_word' id='word_1_691' title='bbox 1052 4734 1122 4790; x_wconf 86' lang='lat' dir='ltr'><strong><em>In</em></strong></span> <span class='ocrx_word' id='word_1_692' title='bbox 1166 4737 1474 4792; x_wconf 76' lang='lat' dir='ltr'><strong>membrana:</strong></span> <span class='ocrx_word' id='word_1_693' title='bbox 1501 4737 1642 4791; x_wconf 90' lang='lat' dir='ltr'><strong>calce</strong></span> <span class='ocrx_word' id='word_1_694' title='bbox 1676 4733 1916 4791; x_wconf 84' lang='lat' dir='ltr'><strong>scribitur</strong></span> <span class='ocrx_word' id='word_1_695' title='bbox 1945 4743 2066 4790; x_wconf 87' lang='lat' dir='ltr'><strong>nata</strong></span> <span class='ocrx_word' id='word_1_696' title='bbox 2095 4723 2146 4784; x_wconf 91' lang='lat' dir='ltr'><strong>D</strong></span> <span class='ocrx_word' id='word_1_697' title='bbox 2172 4733 2372 4804; x_wconf 89' lang='lat' dir='ltr'><strong>pientia</strong></span> <span class='ocrx_word' id='word_1_698' title='bbox 2415 4734 2868 4790; x_wconf 89' lang='lat' dir='ltr'><strong>convenientibus</strong></span> <span class='ocrx_word' id='word_1_699' title='bbox 2915 4734 3269 4789; x_wconf 88' lang='lat' dir='ltr'><strong>immoramur</strong></span> <span class='ocrx_word' id='word_1_700' title='bbox 3293 4777 3308 4802; x_wconf 93' lang='lat'><strong>,</strong></span> <span class='ocrx_word' id='word_1_701' title='bbox 3354 4741 3410 4791; x_wconf 90' lang='lat' dir='ltr'><strong>et</strong></span> <span class='ocrx_word' id='word_1_702' title='bbox 3455 4747 3554 4787; x_wconf 91' lang='lat' dir='ltr'><strong>non</strong></span> <span class='ocrx_word' id='word_1_703' title='bbox 3583 4729 3632 4783; x_wconf 92' lang='lat' dir='ltr'><strong>in</strong></span> <span class='ocrx_word' id='word_1_704' title='bbox 3658 4725 3729 4780; x_wconf 83' lang='lat' dir='ltr'><strong>bis</strong></span> 
     </span>
    </p>
   </div>
   <div class='ocr_carea' id='block_1_85' title="bbox 459 4825 2066 4899">
    <p class='ocr_par' dir='ltr' id='par_1_85' title="bbox 459 4825 2066 4899">
     <span class='ocr_line' id='line_1_85' title="bbox 459 4825 2066 4899; baseline 0.002 -20"><span class='ocrx_word' id='word_1_705' title='bbox 459 4825 813 4896; x_wconf 86' lang='lat' dir='ltr'><strong>quaternianis</strong></span> <span class='ocrx_word' id='word_1_706' title='bbox 841 4827 1091 4896; x_wconf 85' lang='lat' dir='ltr'><strong>septimi;</strong></span> <span class='ocrx_word' id='word_1_707' title='bbox 1129 4835 1266 4883; x_wconf 82' lang='lat' dir='ltr'><strong>unde</strong></span> <span class='ocrx_word' id='word_1_708' title='bbox 1292 4829 1646 4899; x_wconf 89' lang='lat' dir='ltr'><strong>cognoscimus</strong></span> <span class='ocrx_word' id='word_1_709' title='bbox 1676 4828 1928 4898; x_wconf 90' lang='lat' dir='ltr'><strong>reliquum</strong></span> <span class='ocrx_word' id='word_1_710' title='bbox 1957 4843 2066 4882; x_wconf 87' lang='lat' dir='ltr'><strong>esse</strong></span> 
     </span>
    </p>
   </div>
   <div class='ocr_carea' id='block_1_86' title="bbox 459 4918 1558 4992">
    <p class='ocr_par' dir='ltr' id='par_1_86' title="bbox 459 4918 1558 4992">
     <span class='ocr_line' id='line_1_86' title="bbox 459 4918 1558 4992; baseline 0.005 -23"><span class='ocrx_word' id='word_1_711' title='bbox 459 4919 804 4987; x_wconf 75' lang='lat' dir='ltr'><strong>fragmentum</strong></span> <span class='ocrx_word' id='word_1_712' title='bbox 836 4934 901 4972; x_wconf 78' lang='lat' dir='ltr'><strong>ea:</strong></span> <span class='ocrx_word' id='word_1_713' title='bbox 929 4918 1105 4986; x_wconf 87' lang='lat' dir='ltr'><strong>aliqua</strong></span> <span class='ocrx_word' id='word_1_714' title='bbox 1137 4922 1336 4992; x_wconf 85' lang='lat' dir='ltr'><strong>majore</strong></span> <span class='ocrx_word' id='word_1_715' title='bbox 1363 4920 1558 4976; x_wconf 86' lang='lat' dir='ltr'><strong>codice.</strong></span> 
     </span>
    </p>
   </div>
   <div class='ocr_carea' id='block_1_87' title="bbox 751 5011 2064 5084">
    <p class='ocr_par' dir='ltr' id='par_1_87' title="bbox 751 5011 2064 5084">
     <span class='ocr_line' id='line_1_87' title="bbox 751 5011 2064 5084; baseline 0.002 -19"><span class='ocrx_word' id='word_1_716' title='bbox 751 5049 766 5065; x_wconf 93' lang='lat'><strong>.</strong></span> <span class='ocrx_word' id='word_1_717' title='bbox 809 5026 916 5067; x_wconf 92' lang='lat' dir='ltr'><strong>non</strong></span> <span class='ocrx_word' id='word_1_718' title='bbox 943 5011 1122 5068; x_wconf 91' lang='lat' dir='ltr'><strong>edocti</strong></span> <span class='ocrx_word' id='word_1_719' title='bbox 1151 5012 1401 5068; x_wconf 63' lang='lat' dir='ltr'><strong>humanae</strong></span> <span class='ocrx_word' id='word_1_720' title='bbox 1427 5013 1704 5084; x_wconf 69' lang='lat' dir='ltr'><strong>Sapientire</strong></span> <span class='ocrx_word' id='word_1_721' title='bbox 1730 5012 1934 5078; x_wconf 88' lang='lat' dir='ltr'><strong>verbis,</strong></span> <span class='ocrx_word' id='word_1_722' title='bbox 1968 5011 2064 5068; x_wconf 89' lang='lat' dir='ltr'><strong>sed</strong></span> 
     </span>
    </p>
   </div>
   <div class='ocr_carea' id='block_1_88' title="bbox 460 5101 2066 5178">
    <p class='ocr_par' dir='ltr' id='par_1_88' title="bbox 460 5101 2066 5178">
     <span class='ocr_line' id='line_1_88' title="bbox 460 5101 2066 5178; baseline 0.004 -22"><span class='ocrx_word' id='word_1_723' title='bbox 460 5101 606 5157; x_wconf 77' lang='lat' dir='ltr'><strong>dat-ti</strong></span> <span class='ocrx_word' id='word_1_724' title='bbox 653 5103 873 5174; x_wconf 90' lang='lat' dir='ltr'><strong>spiritu.</strong></span> <span class='ocrx_word' id='word_1_725' title='bbox 940 5103 1129 5162; x_wconf 80' lang='lat' dir='ltr'><strong>Redde</strong></span> <span class='ocrx_word' id='word_1_726' title='bbox 1157 5120 1324 5177; x_wconf 89' lang='lat' dir='ltr'><strong>ergo,</strong></span> <span class='ocrx_word' id='word_1_727' title='bbox 1373 5107 1660 5168; x_wconf 82' lang='lat' dir='ltr'><strong>haeretice.</strong></span> <span class='ocrx_word' id='word_1_728' title='bbox 1707 5106 1852 5178; x_wconf 91' lang='lat' dir='ltr'><strong>quod</strong></span> <span class='ocrx_word' id='word_1_729' title='bbox 1879 5105 2066 5162; x_wconf 87' lang='lat' dir='ltr'><strong>docuit</strong></span> 
     </span>
    </p>
   </div>
   <div class='ocr_carea' id='block_1_89' title="bbox 464 5197 2065 5274">
    <p class='ocr_par' dir='ltr' id='par_1_89' title="bbox 464 5197 2065 5274">
     <span class='ocr_line' id='line_1_89' title="bbox 464 5197 2065 5274; baseline 0.003 -23"><span class='ocrx_word' id='word_1_730' title='bbox 464 5197 730 5269; x_wconf 78' lang='lat' dir='ltr'><strong>Spiritus;</strong></span> <span class='ocrx_word' id='word_1_731' title='bbox 776 5199 944 5256; x_wconf 85' lang='lat' dir='ltr'><strong>redde</strong></span> <span class='ocrx_word' id='word_1_732' title='bbox 975 5211 1032 5255; x_wconf 92' lang='lat' dir='ltr'><strong>ut</strong></span> <span class='ocrx_word' id='word_1_733' title='bbox 1063 5200 1200 5256; x_wconf 83' lang='lat' dir='ltr'><strong>lich</strong></span> <span class='ocrx_word' id='word_1_734' title='bbox 1241 5217 1350 5258; x_wconf 91' lang='lat' dir='ltr'><strong>non</strong></span> <span class='ocrx_word' id='word_1_735' title='bbox 1382 5203 1453 5258; x_wconf 92' lang='lat' dir='ltr'><strong>sit</strong></span> <span class='ocrx_word' id='word_1_736' title='bbox 1494 5202 1548 5257; x_wconf 91' lang='lat' dir='ltr'><strong>in</strong></span> <span class='ocrx_word' id='word_1_737' title='bbox 1595 5201 1858 5274; x_wconf 86' lang='lat' dir='ltr'><strong>sapientia</strong></span> <span class='ocrx_word' id='word_1_738' title='bbox 1885 5202 2065 5256; x_wconf 75' lang='lat' dir='ltr'><strong>homi~</strong></span> 
     </span>
    </p>
   </div>
   <div class='ocr_carea' id='block_1_90' title="bbox 462 5293 2062 5362">
    <p class='ocr_par' dir='ltr' id='par_1_90' title="bbox 462 5293 2062 5362">
     <span class='ocr_line' id='line_1_90' title="bbox 462 5293 2062 5362; baseline 0.004 -16"><span class='ocrx_word' id='word_1_739' title='bbox 462 5305 613 5358; x_wconf 89' lang='lat' dir='ltr'><strong>num,</strong></span> <span class='ocrx_word' id='word_1_740' title='bbox 641 5301 695 5347; x_wconf 89' lang='lat' dir='ltr'><strong>et</strong></span> <span class='ocrx_word' id='word_1_741' title='bbox 721 5293 948 5351; x_wconf 76' lang='lat' dir='ltr'><strong>hmresis</strong></span> <span class='ocrx_word' id='word_1_742' title='bbox 977 5311 1084 5351; x_wconf 92' lang='lat' dir='ltr'><strong>non</strong></span> <span class='ocrx_word' id='word_1_743' title='bbox 1110 5297 1234 5352; x_wconf 90' lang='lat' dir='ltr'><strong>erit.</strong></span> <span class='ocrx_word' id='word_1_744' title='bbox 1272 5297 1336 5352; x_wconf 84' lang='lat' dir='ltr'><strong>Et</strong></span> <span class='ocrx_word' id='word_1_745' title='bbox 1364 5313 1432 5354; x_wconf 90' lang='lat' dir='ltr'><strong>ne</strong></span> <span class='ocrx_word' id='word_1_746' title='bbox 1453 5297 1659 5352; x_wconf 89' lang='lat' dir='ltr'><strong>diutius</strong></span> <span class='ocrx_word' id='word_1_747' title='bbox 1688 5297 2062 5362; x_wconf 78' lang='lat' dir='ltr'><strong>immoramur,</strong></span> 
     </span>
    </p>
   </div>
   <div class='ocr_carea' id='block_1_91' title="bbox 461 5384 2069 5462">
    <p class='ocr_par' dir='ltr' id='par_1_91' title="bbox 461 5384 2069 5462">
     <span class='ocr_line' id='line_1_91' title="bbox 461 5384 2069 5462; baseline 0.003 -23"><span class='ocrx_word' id='word_1_748' title='bbox 461 5384 746 5441; x_wconf 81' lang='lat' dir='ltr'><strong>veniamus</strong></span> <span class='ocrx_word' id='word_1_749' title='bbox 776 5386 845 5443; x_wconf 88' lang='lat' dir='ltr'><strong>ad</strong></span> <span class='ocrx_word' id='word_1_750' title='bbox 871 5403 936 5444; x_wconf 91' lang='lat' dir='ltr'><strong>ea</strong></span> <span class='ocrx_word' id='word_1_751' title='bbox 964 5429 979 5454; x_wconf 93' lang='lat'><strong>,</strong></span> <span class='ocrx_word' id='word_1_752' title='bbox 1033 5405 1154 5461; x_wconf 82' lang='lat' dir='ltr'><strong>quae</strong></span> <span class='ocrx_word' id='word_1_753' title='bbox 1192 5389 1350 5446; x_wconf 88' lang='lat' dir='ltr'><strong>nobis</strong></span> <span class='ocrx_word' id='word_1_754' title='bbox 1383 5401 1657 5462; x_wconf 89' lang='lat' dir='ltr'><strong>tamquam</strong></span> <span class='ocrx_word' id='word_1_755' title='bbox 1706 5405 1919 5446; x_wconf 91' lang='lat' dir='ltr'><strong>murum</strong></span> <span class='ocrx_word' id='word_1_756' title='bbox 1961 5390 2069 5446; x_wconf 79' lang='lat' dir='ltr'><strong>ler-</strong></span> 
     </span>
    </p>
   </div>
   <div class='ocr_carea' id='block_1_92' title="bbox 460 5483 2071 5553">
    <p class='ocr_par' dir='ltr' id='par_1_92' title="bbox 460 5483 2071 5553">
     <span class='ocr_line' id='line_1_92' title="bbox 460 5483 2071 5553; baseline 0.002 -19"><span class='ocrx_word' id='word_1_757' title='bbox 460 5492 614 5534; x_wconf 88' lang='lat' dir='ltr'><strong>reum</strong></span> <span class='ocrx_word' id='word_1_758' title='bbox 663 5494 940 5550; x_wconf 90' lang='lat' dir='ltr'><strong>opponere</strong></span> <span class='ocrx_word' id='word_1_759' title='bbox 984 5493 1325 5540; x_wconf 87' lang='lat' dir='ltr'><strong>consuerunt</strong></span> <span class='ocrx_word' id='word_1_760' title='bbox 1372 5484 1664 5541; x_wconf 90' lang='lat' dir='ltr'><strong>dicentes:</strong></span> <span class='ocrx_word' id='word_1_761' title='bbox 1714 5483 1989 5553; x_wconf 81' lang='lat' dir='ltr'><strong>ingenitus</strong></span> <span class='ocrx_word' id='word_1_762' title='bbox 2015 5490 2071 5537; x_wconf 89' lang='lat' dir='ltr'><strong>et</strong></span> 
     </span>
    </p>
   </div>
   <div class='ocr_carea' id='block_1_93' title="bbox 461 5573 2066 5652">
    <p class='ocr_par' dir='ltr' id='par_1_93' title="bbox 461 5573 2066 5652">
     <span class='ocr_line' id='line_1_93' title="bbox 461 5573 2066 5652; baseline -0.002 -20"><span class='ocrx_word' id='word_1_763' title='bbox 461 5573 680 5646; x_wconf 85' lang='lat' dir='ltr'><strong>genitus</strong></span> <span class='ocrx_word' id='word_1_764' title='bbox 715 5575 856 5632; x_wconf 89' lang='lat' dir='ltr'><strong>idem</strong></span> <span class='ocrx_word' id='word_1_765' title='bbox 881 5589 999 5644; x_wconf 90' lang='lat' dir='ltr'><strong>est,</strong></span> <span class='ocrx_word' id='word_1_766' title='bbox 1047 5579 1271 5638; x_wconf 84' lang='lat' dir='ltr'><strong>necne?</strong></span> <span class='ocrx_word' id='word_1_767' title='bbox 1313 5589 1369 5635; x_wconf 92' lang='lat' dir='ltr'><strong>ut</strong></span> <span class='ocrx_word' id='word_1_768' title='bbox 1401 5594 1499 5652; x_wconf 89' lang='lat' dir='ltr'><strong>per</strong></span> <span class='ocrx_word' id='word_1_769' title='bbox 1530 5577 1582 5635; x_wconf 90' lang='lat' dir='ltr'><strong>id</strong></span> <span class='ocrx_word' id='word_1_770' title='bbox 1610 5575 1756 5650; x_wconf 88' lang='lat' dir='ltr'><strong>quod</strong></span> <span class='ocrx_word' id='word_1_771' title='bbox 1782 5574 2066 5633; x_wconf 86' lang='lat' dir='ltr'><strong>dissimilis</strong></span> 
     </span>
    </p>
   </div>
   <div class='ocr_carea' id='block_1_94' title="bbox 464 5663 2066 5743">
    <p class='ocr_par' dir='ltr' id='par_1_94' title="bbox 464 5663 2066 5743">
     <span class='ocr_line' id='line_1_94' title="bbox 464 5663 2066 5743; baseline 0.001 -19"><span class='ocrx_word' id='word_1_772' title='bbox 464 5663 633 5725; x_wconf 76' lang='lat' dir='ltr'><strong>sonus</strong></span> <span class='ocrx_word' id='word_1_773' title='bbox 666 5671 717 5728; x_wconf 91' lang='lat' dir='ltr'><strong>in</strong></span> <span class='ocrx_word' id='word_1_774' title='bbox 747 5671 965 5731; x_wconf 89' lang='lat' dir='ltr'><strong>nomine</strong></span> <span class='ocrx_word' id='word_1_775' title='bbox 990 5683 1109 5743; x_wconf 88' lang='lat' dir='ltr'><strong>est,</strong></span> <span class='ocrx_word' id='word_1_776' title='bbox 1157 5689 1266 5733; x_wconf 90' lang='lat' dir='ltr'><strong>non</strong></span> <span class='ocrx_word' id='word_1_777' title='bbox 1293 5673 1539 5733; x_wconf 74' lang='lat' dir='ltr'><strong>videatur</strong></span> <span class='ocrx_word' id='word_1_778' title='bbox 1571 5671 1751 5731; x_wconf 83' lang='lat' dir='ltr'><strong>Patris</strong></span> <span class='ocrx_word' id='word_1_779' title='bbox 1774 5678 1833 5728; x_wconf 89' lang='lat' dir='ltr'><strong>et</strong></span> <span class='ocrx_word' id='word_1_780' title='bbox 1855 5668 1984 5727; x_wconf 85' lang='lat' dir='ltr'><strong>Filii</strong></span> <span class='ocrx_word' id='word_1_781' title='bbox 2009 5678 2066 5728; x_wconf 85' lang='lat' dir='ltr'><strong>et</strong></span> 
     </span>
    </p>
   </div>
   <div class='ocr_carea' id='block_1_95' title="bbox 539 5785 882 5872">
    <p class='ocr_par' dir='ltr' id='par_1_95' title="bbox 539 5785 882 5872">
     <span class='ocr_line' id='line_1_95' title="bbox 539 5785 882 5872; baseline 0.012 -4"><span class='ocrx_word' id='word_1_782' title='bbox 539 5807 555 5844; x_wconf 72' lang='grc'>¹</span> <span class='ocrx_word' id='word_1_783' title='bbox 588 5785 721 5871; x_wconf 68' lang='lat' dir='ltr'><strong>Cod.</strong></span> <span class='ocrx_word' id='word_1_784' title='bbox 757 5787 882 5872; x_wconf 47' lang='lat' dir='ltr'><strong>esse:</strong></span> 
     </span>
    </p>
   </div>
   <div class='ocr_carea' id='block_1_96' title="bbox 2171 4818 3729 4898">
    <p class='ocr_par' dir='ltr' id='par_1_96' title="bbox 2171 4818 3729 4898">
     <span class='ocr_line' id='line_1_96' title="bbox 2171 4818 3729 4898; baseline -0.006 -17"><span class='ocrx_word' id='word_1_785' title='bbox 2171 4840 2291 4898; x_wconf 70' lang='lat' dir='ltr'><strong>qutc</strong></span> <span class='ocrx_word' id='word_1_786' title='bbox 2325 4826 2608 4898; x_wconf 84' lang='lat' dir='ltr'><strong>Scriptura</strong></span> <span class='ocrx_word' id='word_1_787' title='bbox 2648 4826 2880 4898; x_wconf 81' lang='lat' dir='ltr'><strong>signavit</strong></span> <span class='ocrx_word' id='word_1_788' title='bbox 2907 4826 3172 4892; x_wconf 89' lang='lat' dir='ltr'><strong>dicendo,</strong></span> <span class='ocrx_word' id='word_1_789' title='bbox 3223 4826 3440 4882; x_wconf 86' lang='lat' dir='ltr'><strong>Patrem</strong></span> <span class='ocrx_word' id='word_1_790' title='bbox 3484 4833 3536 4880; x_wconf 89' lang='lat' dir='ltr'><strong>et</strong></span> <span class='ocrx_word' id='word_1_791' title='bbox 3565 4818 3729 4877; x_wconf 81' lang='lat' dir='ltr'><strong>Filium</strong></span> 
     </span>
    </p>
   </div>
   <div class='ocr_carea' id='block_1_97' title="bbox 2145 4913 3733 4989">
    <p class='ocr_par' dir='ltr' id='par_1_97' title="bbox 2145 4913 3733 4989">
     <span class='ocr_line' id='line_1_97' title="bbox 2145 4913 3733 4989; baseline -0.007 -15"><span class='ocrx_word' id='word_1_792' title='bbox 2145 4926 2229 4981; x_wconf 79' lang='lat' dir='ltr'><strong>,et</strong></span> <span class='ocrx_word' id='word_1_793' title='bbox 2257 4919 2518 4989; x_wconf 86' lang='lat' dir='ltr'><strong>Spiritum</strong></span> <span class='ocrx_word' id='word_1_794' title='bbox 2555 4929 2803 4976; x_wconf 88' lang='lat' dir='ltr'><strong>sanctum</strong></span> <span class='ocrx_word' id='word_1_795' title='bbox 2836 4934 2958 4976; x_wconf 90' lang='lat' dir='ltr'><strong>esse</strong></span> <span class='ocrx_word' id='word_1_796' title='bbox 2989 4919 3366 4976; x_wconf 88' lang='lat' dir='ltr'><strong>credendum?</strong></span> <span class='ocrx_word' id='word_1_797' title='bbox 3409 4916 3558 4988; x_wconf 83' lang='lat' dir='ltr'><strong>Quod</strong></span> <span class='ocrx_word' id='word_1_798' title='bbox 3581 4913 3622 4969; x_wconf 92' lang='lat' dir='ltr'><strong>si</strong></span> <span class='ocrx_word' id='word_1_799' title='bbox 3651 4924 3733 4965; x_wconf 85' lang='lat' dir='ltr'><strong>no—</strong></span> 
     </span>
    </p>
   </div>
   <div class='ocr_carea' id='block_1_98' title="bbox 2172 5007 3733 5094">
    <p class='ocr_par' dir='ltr' id='par_1_98' title="bbox 2172 5007 3733 5094">
     <span class='ocr_line' id='line_1_98' title="bbox 2172 5007 3733 5094; baseline -0.003 -25"><span class='ocrx_word' id='word_1_800' title='bbox 2172 5013 2411 5069; x_wconf 85' lang='lat' dir='ltr'><strong>minibus</strong></span> <span class='ocrx_word' id='word_1_801' title='bbox 2453 5015 2583 5083; x_wconf 80' lang='lat' dir='ltr'><strong>ﬁdes</strong></span> <span class='ocrx_word' id='word_1_802' title='bbox 2610 5013 2916 5070; x_wconf 88' lang='lat' dir='ltr'><strong>adhibenda</strong></span> <span class='ocrx_word' id='word_1_803' title='bbox 2947 5023 3065 5082; x_wconf 87' lang='lat' dir='ltr'><strong>est,</strong></span> <span class='ocrx_word' id='word_1_804' title='bbox 3117 5023 3176 5068; x_wconf 91' lang='lat' dir='ltr'><strong>ut</strong></span> <span class='ocrx_word' id='word_1_805' title='bbox 3203 5011 3457 5085; x_wconf 90' lang='lat' dir='ltr'><strong>quicquid</strong></span> <span class='ocrx_word' id='word_1_806' title='bbox 3487 5008 3565 5064; x_wconf 91' lang='lat' dir='ltr'><strong>vel</strong></span> <span class='ocrx_word' id='word_1_807' title='bbox 3606 5007 3733 5094; x_wconf 48' lang='lat' dir='ltr'><strong>inger</strong></span> 
     </span>
    </p>
   </div>
   <div class='ocr_carea' id='block_1_99' title="bbox 2173 5092 3730 5174">
    <p class='ocr_par' dir='ltr' id='par_1_99' title="bbox 2173 5092 3730 5174">
     <span class='ocr_line' id='line_1_99' title="bbox 2173 5092 3730 5174; baseline -0.004 -14"><span class='ocrx_word' id='word_1_808' title='bbox 2173 5105 2348 5161; x_wconf 89' lang='lat' dir='ltr'><strong>nilum</strong></span> <span class='ocrx_word' id='word_1_809' title='bbox 2375 5115 2532 5162; x_wconf 88' lang='lat' dir='ltr'><strong>sonat</strong></span> <span class='ocrx_word' id='word_1_810' title='bbox 2561 5107 2645 5163; x_wconf 88' lang='lat' dir='ltr'><strong>vel</strong></span> <span class='ocrx_word' id='word_1_811' title='bbox 2676 5106 2934 5164; x_wconf 82' lang='lat' dir='ltr'><strong>inlectum</strong></span> <span class='ocrx_word' id='word_1_812' title='bbox 2960 5149 2974 5171; x_wconf 93' lang='lat'><strong>,</strong></span> <span class='ocrx_word' id='word_1_813' title='bbox 3018 5121 3242 5163; x_wconf 88' lang='lat' dir='ltr'><strong>necesse</strong></span> <span class='ocrx_word' id='word_1_814' title='bbox 3287 5115 3371 5162; x_wconf 87' lang='lat' dir='ltr'><strong>est</strong></span> <span class='ocrx_word' id='word_1_815' title='bbox 3417 5114 3472 5160; x_wconf 91' lang='lat' dir='ltr'><strong>ut</strong></span> <span class='ocrx_word' id='word_1_816' title='bbox 3505 5092 3730 5174; x_wconf 78' lang='lat' dir='ltr'><strong>quicquid</strong></span> 
     </span>
    </p>
   </div>
   <div class='ocr_carea' id='block_1_100' title="bbox 2173 5190 3732 5280">
    <p class='ocr_par' dir='ltr' id='par_1_100' title="bbox 2173 5190 3732 5280">
     <span class='ocr_line' id='line_1_100' title="bbox 2173 5190 3732 5280; baseline -0.006 -26"><span class='ocrx_word' id='word_1_817' title='bbox 2173 5199 2336 5254; x_wconf 81' lang='lat' dir='ltr'><strong>fuerit</strong></span> <span class='ocrx_word' id='word_1_818' title='bbox 2381 5199 2679 5272; x_wconf 90' lang='lat' dir='ltr'><strong>ingenitum</strong></span> <span class='ocrx_word' id='word_1_819' title='bbox 2723 5203 2807 5257; x_wconf 84' lang='lat' dir='ltr'><strong>vel</strong></span> <span class='ocrx_word' id='word_1_820' title='bbox 2859 5201 3156 5269; x_wconf 83' lang='lat' dir='ltr'><strong>inlectum,</strong></span> <span class='ocrx_word' id='word_1_821' title='bbox 3204 5199 3448 5280; x_wconf 88' lang='lat' dir='ltr'><strong>ejusdem</strong></span> <span class='ocrx_word' id='word_1_822' title='bbox 3497 5196 3599 5251; x_wconf 74' lang='lat' dir='ltr'><strong>sit‘</strong></span> <span class='ocrx_word' id='word_1_823' title='bbox 3625 5190 3732 5280; x_wconf 36' lang='lat' dir='ltr'><strong>sub:</strong></span> 
     </span>
    </p>
   </div>
   <div class='ocr_carea' id='block_1_101' title="bbox 2176 5277 3730 5366">
    <p class='ocr_par' dir='ltr' id='par_1_101' title="bbox 2176 5277 3730 5366">
     <span class='ocr_line' id='line_1_101' title="bbox 2176 5277 3730 5366; baseline -0.003 -16"><span class='ocrx_word' id='word_1_824' title='bbox 2176 5293 2392 5350; x_wconf 59' lang='lat' dir='ltr'><strong>stantia!</strong></span> <span class='ocrx_word' id='word_1_825' title='bbox 2419 5311 2433 5348; x_wconf 87' lang='lat'><strong>:</strong></span> <span class='ocrx_word' id='word_1_826' title='bbox 2477 5302 2533 5348; x_wconf 91' lang='lat' dir='ltr'><strong>et</strong></span> <span class='ocrx_word' id='word_1_827' title='bbox 2561 5294 2664 5350; x_wconf 88' lang='lat' dir='ltr'><strong>hac</strong></span> <span class='ocrx_word' id='word_1_828' title='bbox 2695 5295 2906 5350; x_wconf 88' lang='lat' dir='ltr'><strong>ratione</strong></span> <span class='ocrx_word' id='word_1_829' title='bbox 2934 5294 3192 5366; x_wconf 89' lang='lat' dir='ltr'><strong>quicquid</strong></span> <span class='ocrx_word' id='word_1_830' title='bbox 3223 5278 3352 5349; x_wconf 89' lang='lat' dir='ltr'><strong>illud</strong></span> <span class='ocrx_word' id='word_1_831' title='bbox 3383 5291 3564 5354; x_wconf 82' lang='lat' dir='ltr'><strong>fuerit,</strong></span> <span class='ocrx_word' id='word_1_832' title='bbox 3609 5277 3730 5356; x_wconf 73' lang='grc' dir='ltr'>(ιιιοά</span> 
     </span>
    </p>
   </div>
   <div class='ocr_carea' id='block_1_102' title="bbox 2179 5383 3731 5458">
    <p class='ocr_par' dir='ltr' id='par_1_102' title="bbox 2179 5383 3731 5458">
     <span class='ocr_line' id='line_1_102' title="bbox 2179 5383 3731 5458; baseline -0.007 -16"><span class='ocrx_word' id='word_1_833' title='bbox 2179 5386 2486 5442; x_wconf 87' lang='lat' dir='ltr'><strong>immortale</strong></span> <span class='ocrx_word' id='word_1_834' title='bbox 2514 5386 2762 5452; x_wconf 87' lang='lat' dir='ltr'><strong>dicatur,</strong></span> <span class='ocrx_word' id='word_1_835' title='bbox 2815 5388 2898 5443; x_wconf 93' lang='lat' dir='ltr'><strong>vel</strong></span> <span class='ocrx_word' id='word_1_836' title='bbox 2939 5387 3348 5458; x_wconf 88' lang='lat' dir='ltr'><strong>incorruptum,</strong></span> <span class='ocrx_word' id='word_1_837' title='bbox 3399 5383 3479 5439; x_wconf 87' lang='lat' dir='ltr'><strong>vel</strong></span> <span class='ocrx_word' id='word_1_838' title='bbox 3510 5383 3731 5445; x_wconf 85' lang='lat' dir='ltr'><strong>incorpo-</strong></span> 
     </span>
    </p>
   </div>
   <div class='ocr_carea' id='block_1_103' title="bbox 2177 5464 3730 5550">
    <p class='ocr_par' dir='ltr' id='par_1_103' title="bbox 2177 5464 3730 5550">
     <span class='ocr_line' id='line_1_103' title="bbox 2177 5464 3730 5550; baseline -0.009 -15"><span class='ocrx_word' id='word_1_839' title='bbox 2177 5494 2368 5542; x_wconf 87' lang='lat' dir='ltr'><strong>reum,</strong></span> <span class='ocrx_word' id='word_1_840' title='bbox 2403 5478 2488 5534; x_wconf 88' lang='lat' dir='ltr'><strong>vel</strong></span> <span class='ocrx_word' id='word_1_841' title='bbox 2520 5478 2811 5546; x_wconf 80' lang='lat' dir='ltr'><strong>infectum,</strong></span> <span class='ocrx_word' id='word_1_842' title='bbox 2844 5487 2902 5534; x_wconf 94' lang='lat' dir='ltr'><strong>ut</strong></span> <span class='ocrx_word' id='word_1_843' title='bbox 2929 5478 3176 5550; x_wconf 90' lang='lat' dir='ltr'><strong>ejusdem</strong></span> <span class='ocrx_word' id='word_1_844' title='bbox 3207 5477 3450 5532; x_wconf 87' lang='lat' dir='ltr'><strong>videatur</strong></span> <span class='ocrx_word' id='word_1_845' title='bbox 3473 5487 3589 5529; x_wconf 88' lang='lat' dir='ltr'><strong>esse</strong></span> <span class='ocrx_word' id='word_1_846' title='bbox 3623 5464 3730 5522; x_wconf 83' lang='lat' dir='ltr'><strong>sub-</strong></span> 
     </span>
    </p>
   </div>
   <div class='ocr_carea' id='block_1_104' title="bbox 2177 5556 3730 5652">
    <p class='ocr_par' dir='ltr' id='par_1_104' title="bbox 2177 5556 3730 5652">
     <span class='ocr_line' id='line_1_104' title="bbox 2177 5556 3730 5652; baseline -0.013 -20"><span class='ocrx_word' id='word_1_847' title='bbox 2177 5572 2412 5632; x_wconf 72' lang='lat' dir='ltr'><strong>Stantite.</strong></span> <span class='ocrx_word' id='word_1_848' title='bbox 2472 5571 2704 5630; x_wconf 88' lang='lat' dir='ltr'><strong>Mundus</strong></span> <span class='ocrx_word' id='word_1_849' title='bbox 2748 5571 3062 5652; x_wconf 69' lang='lat' dir='ltr'><strong>metusest,</strong></span> <span class='ocrx_word' id='word_1_850' title='bbox 3110 5570 3195 5628; x_wconf 84' lang='lat' dir='ltr'><strong>vel</strong></span> <span class='ocrx_word' id='word_1_851' title='bbox 3223 5587 3285 5628; x_wconf 87' lang='lat' dir='ltr'><strong>ea</strong></span> <span class='ocrx_word' id='word_1_852' title='bbox 3311 5583 3428 5642; x_wconf 72' lang='lat' dir='ltr'><strong>qua:</strong></span> <span class='ocrx_word' id='word_1_853' title='bbox 3469 5567 3519 5622; x_wconf 92' lang='lat' dir='ltr'><strong>in</strong></span> <span class='ocrx_word' id='word_1_854' title='bbox 3555 5556 3730 5652; x_wconf 83' lang='lat' dir='ltr'><strong>mundo</strong></span> 
     </span>
    </p>
   </div>
   <div class='ocr_carea' id='block_1_105' title="bbox 2177 5648 3730 5743">
    <p class='ocr_par' dir='ltr' id='par_1_105' title="bbox 2177 5648 3730 5743">
     <span class='ocr_line' id='line_1_105' title="bbox 2177 5648 3730 5743; baseline -0.014 -15"><span class='ocrx_word' id='word_1_855' title='bbox 2177 5677 2342 5728; x_wconf 83' lang='lat' dir='ltr'><strong>sunt:</strong></span> <span class='ocrx_word' id='word_1_856' title='bbox 2377 5651 2637 5743; x_wconf 79' lang='lat' dir='ltr'><strong>numquid</strong></span> <span class='ocrx_word' id='word_1_857' title='bbox 2665 5681 2786 5742; x_wconf 74' lang='lat' dir='ltr'><strong>qua:</strong></span> <span class='ocrx_word' id='word_1_858' title='bbox 2815 5648 2957 5726; x_wconf 77' lang='lat' dir='ltr'><strong>facta</strong></span> <span class='ocrx_word' id='word_1_859' title='bbox 2988 5660 3152 5738; x_wconf 78' lang='lat' dir='ltr'><strong>sunt;</strong></span> <span class='ocrx_word' id='word_1_860' title='bbox 3183 5662 3426 5738; x_wconf 84' lang='lat' dir='ltr'><strong>ejusdem</strong></span> <span class='ocrx_word' id='word_1_861' title='bbox 3450 5663 3600 5718; x_wconf 87' lang='lat' dir='ltr'><strong>erunt</strong></span> <span class='ocrx_word' id='word_1_862' title='bbox 3621 5648 3730 5710; x_wconf 88' lang='lat' dir='ltr'><strong>sub-</strong></span> 
     </span>
    </p>
   </div>
   <div class='ocr_carea' id='block_1_106' title="bbox 3928 2121 3939 3628">
    <p class='ocr_par' dir='ltr' id='par_1_106' title="bbox 3931 2309 3933 2506">
     <span class='ocr_line' id='line_1_106' title="bbox 3931 2309 3933 2422; baseline 0 0"><span class='ocrx_word' id='word_1_863' title='bbox 3931 2309 3933 2422; x_wconf 62' lang='grc' dir='ltr'>ἰ</span> 
     </span>
     <span class='ocr_line' id='line_1_107' title="bbox 3931 2431 3933 2506; baseline 0 0"><span class='ocrx_word' id='word_1_864' title='bbox 3931 2431 3933 2506; x_wconf 69' lang='lat' dir='ltr'><strong>l</strong></span> 
     </span>
    </p>
   </div>
   <div class='ocr_carea' id='block_1_107' title="bbox 3928 359 3938 1712">
    <p class='ocr_par' dir='ltr' id='par_1_107' title="bbox 3931 1187 3933 1340">
     <span class='ocr_line' id='line_1_108' title="bbox 3931 1187 3933 1340; baseline 0 0"><span class='ocrx_word' id='word_1_865' title='bbox 3931 1187 3933 1340; x_wconf 51' lang='grc' dir='ltr'>φ</span> 
     </span>
    </p>
   </div>
  </div>
