3972 6352
226 326 311 383 6H
675 322 1124 385 .MONUMENTA
1163 322 1447 383 VETERA
1488 323 1579 382 AD
1617 318 2029 383 ARIANORUM
2071 322 2472 384 DOCTRINAM
2505 323 2988 385 PERTINENTIA.

3384 327 3489 388 649

223 444 412 501 stantia!
433 484 446 509 ,
477 441 523 497 id
554 451 633 498 est
665 444 860 501 caelum
883 487 896 510 ,
932 455 1076 501 terra
1100 486 1114 511 ,
1147 460 1270 511 aer,
1306 460 1442 516 aqua
1470 444 1494 497 Ἰ
1536 441 1594 500 Si
1625 442 1790 514 igitur
1819 443 1867 505 Α
1899 442 2130 499 versitas
2167 443 2191 498 ll
2251 445 2374 515 quia
2407 445 2685 500 nominum
2716 446 3002 501 diversitas
3032 444 3254 503 honoris
3285 446 3494 520 signiti-

222 553 325 607 qum
356 535 482 591 facta
510 543 671 603 sunt,
701 552 809 591 non
835 547 961 591 sunt
990 536 1235 607 ejusdem
1265 536 1613 602 substantim,
1657 537 1783 607 quia

221 641 327 685 nata
355 644 453 683 non
483 638 643 695 sunt;
689 644 822 698 ergo
853 629 1127 700 ingenitus
1157 640 1208 685 et
1239 631 1458 700 genitus
1480 671 1494 695 ,
1534 631 1623 699 qui
1658 629 1782 684 facti

222 738 317 779 non
342 730 498 789 sunt,
550 722 795 792 ejusdem
823 732 986 778 erunt
1011 722 1360 790 substantize,
1391 726 1513 793 quia
1543 722 1690 778 aliud
1718 721 1788 777 sit

219 826 383 872 natum
412 822 463 870 et
485 814 631 871 aliud
663 818 863 872 factum
891 834 904 872 :
936 831 996 872 ea
1026 819 1171 873 enim
1198 833 1316 887 qua:
1344 816 1479 872 fiunt
1507 817 1786 871 voluntate

218 907 465 972 facientis,
495 906 811 963 substantiae
834 908 1155 989 diversitate
1184 910 1493 967 consistunt
1518 926 1530 962 :
1563 924 1625 964 ea
1655 922 1785 964 vero

216 1018 322 1074 qua:
371 1014 699 1068 nascuntur,
746 1004 909 1059 etiam
958 1019 1024 1059 ex
1074 1004 1230 1060 factis
1282 1002 1523 1074 ejusdem
1578 1011 1786 1057 naturae

217 1111 409 1168 semper
434 1095 683 1153 obtinent
708 1097 1010 1153 veritatem.
1056 1096 1288 1167 Respice
1318 1096 1597 1161 arborum,
1622 1094 1787 1149 semi-

217 1207 328 1248 nutn
350 1232 364 1259 ,
399 1190 661 1263 pecudum
681 1234 696 1258 ,
742 1191 976 1248 ferarum
998 1234 1012 1259 ,
1044 1192 1361 1257 volucrum,
1392 1190 1784 1259 hominumque

216 1296 450 1352 naturas;
491 1287 705 1358 respice
756 1295 811 1341 et
852 1302 1039 1343 earum
1090 1300 1290 1357 opera,
1351 1292 1444 1340 aut
1498 1284 1784 1339 hominum

214 1380 531 1447 habitacula,
581 1392 672 1437 aut
699 1381 899 1437 cubilia
932 1382 1169 1437 ferarum
1195 1424 1209 1447 ,
1257 1390 1353 1436 aut
1386 1380 1544 1436 nidos
1578 1381 1781 1446 avium,

212 1483 292 1529 aut
312 1474 483 1545 apium
511 1475 711 1542 cellas,
751 1486 842 1531 aut
879 1477 1251 1547 promptuaria
1281 1475 1662 1540 formicarum,
1693 1483 1786 1528 aut

212 1577 345 1623 antra
385 1582 709 1624 aranearum
739 1611 753 1635 ,
804 1569 893 1625 vel
941 1571 1184 1625 omnium
1230 1584 1491 1640 generum
1532 1576 1780 1634 secreta,

211 1671 353 1732 atque
390 1662 439 1718 in
489 1662 611 1732 his,
661 1679 784 1735 qum
833 1664 983 1730 dixi,
1030 1679 1216 1719 earum
1263 1678 1428 1733 opera
1473 1661 1781 1720 considera.

211 1752 456 1825 Numquid
506 1755 705 1811 similis
752 1758 766 1788 ¹
808 1756 1124 1812 substantiae
1173 1756 1343 1811 sunt?
1384 1770 1614 1827 quorum
1661 1769 1783 1826 qute

1893 540 2038 594 catio
2067 547 2151 595 est
2172 583 2185 605 ,
2232 549 2286 595 et
2313 555 2419 595 nou
2452 556 2639 596 earum
2672 540 3011 597 substatttim.
3056 540 3191 597 Nam
3223 542 3364 613 quod
3405 542 3491 598 di-

1891 643 2089 690 cuntur
2117 633 2385 700 Virtutes,
2434 633 2843 692 Dominationes
2868 677 2884 704 ,
2915 635 3121 701 Sedes,
3148 636 3489 705 Potestates,

1893 725 2162 782 honorum
2192 729 2472 798 expressio
2500 736 2615 793 est,
2646 744 2753 783 non
2791 728 3113 783 substantiae
3143 728 3489 785 demonstra-

1890 820 1987 886 tio,
2015 836 2134 891 quae
2164 820 2246 875 vel
2276 822 2466 891 quales
2509 820 2735 892 intelligi
2764 820 3019 877 debeant.
3070 821 3135 877 Et
3158 821 3346 893 utique
3376 822 3492 878 lucc

1889 913 2070 968 omnia
2124 922 2179 969 et
2232 913 2550 984 incorporea
2609 922 2663 969 et
2717 914 3028 984 incorrupta
3069 922 3124 969 et
3168 915 3489 972 immortalia

1889 1015 1945 1062 et
1969 1008 2203 1078 ingenita
2231 1008 2518 1073 dicuntur;
2542 1022 2651 1063 non
2679 1009 2824 1063 enim
2856 1008 2949 1063 lilii
2977 1016 3122 1073 sunt,
3148 1010 3271 1078 quia
3299 1008 3490 1065 unicus

1889 1100 2056 1157 Filius
2079 1111 2183 1169 est,
2232 1103 2323 1173 qui
2356 1103 2537 1158 sinum
2575 1102 2755 1159 Patris
2781 1102 3033 1172 exposuit
3058 1101 3100 1155 ³.
3151 1101 3396 1173 Denique
3422 1101 3491 1159 de

1888 1195 2092 1266 angelis
2132 1196 2261 1267 qttid
2288 1197 2364 1251 ait
2387 1196 2725 1267 Apostolus?
2772 1195 2868 1251 Cui
2896 1197 3031 1250 enim
3054 1196 3357 1268 angelorum
3386 1195 3487 1250 ali-

1887 1290 2094 1362 quando
2123 1289 2552 1357 dixit,Dominus
2581 1290 2723 1362 [ilius
2752 1306 2894 1346 meus
2926 1307 2977 1345 es
3008 1300 3063 1344 tu
3087 1288 3298 1364 (Hahn,
3324 1306 3364 1359 ι,
3397 1289 3489 1361 5)?

1887 1385 2145 1459 Negando
2171 1402 2299 1458 ergo
2331 1387 2507 1454 ﬁlios,
2542 1387 2756 1456 negavit
2786 1386 2837 1441 in
2867 1375 2954 1441 eis
2977 1380 3349 1451 nativitatem,
3381 1400 3488 1440 non

1887 1480 2103 1551 negavit
2141 1483 2494 1536 creationem.
2551 1481 2643 1536 Sic
2673 1481 2966 1551 Apostolus
2995 1480 3108 1535 ait:
3151 1481 3273 1537 Sive
3310 1479 3490 1535 Domi-

1888 1573 2143 1640 nationes,
2173 1573 2278 1627 sive
2306 1572 2664 1645 Principatus,
2690 1574 2796 1627 sive
2837 1572 3081 1637 Virtutes,
3111 1574 3216 1627 sive
3248 1572 3485 1628 Potesta-

1888 1676 1981 1733 tes,
2013 1668 2186 1721 omnia
2216 1683 2308 1739 per
2336 1668 2504 1738 ipsum
2535 1671 2673 1739 facta
2700 1677 2817 1723 sunt
2841 1665 3093 1739 (Coloss..
3117 1682 3157 1735 ι,
3184 1666 3296 1739 16).
3323 1666 3487 1723 Facta

1888 1770 2069 1815 autem
2100 1759 2233 1815 dixit
2261 1760 2444 1817 omnia
2466 1799 2479 1825 ,
2516 1776 2621 1816 non
2653 1770 2830 1816 tamen
2861 1766 3007 1815 nata.
3057 1760 3329 1831 Numquid
3357 1774 3487 1831 ergo

210 1850 280 1905 vel
321 1858 580 1919 generant
603 1892 617 1917 ,
665 1851 751 1907 vel
789 1860 1121 1923 generantur
1144 1893 1158 1916 .
1210 1850 1278 1906 ita
1330 1850 1523 1920 procul
1568 1865 1732 1921 Opera
1759 1851 1779 1881 ¹
1813 1851 1861 1912 Β
1886 1870 1955 1909 ex
1991 1869 2059 1909 eo
2090 1854 2234 1924 quod
2276 1854 2532 1909 dicuntur
2570 1854 2656 1910 vel
2686 1854 3005 1924 incorporea
3049 1854 3131 1909 vel
3174 1852 3487 1923 incorrupta

209 1943 425 1999 omnium
464 1955 595 1999 sunt
625 1961 655 2000 a
687 1954 876 2001 natura
916 1930 1319 2017 generaritium.
1372 1942 1503 2000 Sola
1531 1944 1786 1999 nativitas

206 2038 502 2095 substantia:
551 2054 612 2095 se
648 2042 959 2112 generantia
996 2039 1257 2095 indicium
1298 2048 1404 2096 est.
1439 2038 1619 2095 Facite
1659 2047 1789 2095 sunt

203 2130 344 2185 etiam
371 2131 783 2190 Daminationes
802 2176 817 2201 ,
847 2134 1095 2190 Virtutes
1116 2176 1129 2199 ,
1166 2134 1471 2191 Potestates
1494 2177 1508 2202 ,
1548 2135 1778 2199 ’l‘hroni,

204 2222 570 2295 Principatus:
619 2226 875 2300 numquid
908 2228 1034 2299 quia
1081 2229 1237 2284 facta:
1276 2237 1437 2294 sunt,
1485 2240 1539 2284 et
1582 2229 1784 2300 genitae

202 2315 475 2374 dicuntur?
519 2319 629 2376 Sed
656 2319 704 2376 si
745 2320 942 2392 genitae
978 2335 1085 2376 non
1117 2320 1404 2389 dicuntur,
1457 2321 1582 2393 quia
1619 2321 1778 2377 factre

201 2420 330 2479 sunt,
357 2422 522 2468 erunt
550 2414 734 2486 utique
760 2413 1018 2486 ingenita:
1045 2433 1059 2470 :
1102 2416 1148 2471 si
1175 2415 1429 2486 ingenitae
1456 2423 1604 2482 sunt,
1632 2415 1780 2486 ejus-

203 2504 310 2562 dem
335 2518 485 2564 erunt
519 2510 839 2566 substantiae
857 2553 871 2575 ,
901 2511 1057 2582 cujus
1083 2520 1137 2566 et
1164 2511 1327 2567 Pater
1351 2519 1438 2568 est
1465 2512 1555 2581 qui
1586 2522 1668 2566 est
1700 2512 1782 2565 in-

199 2600 437 2669 genitus?
476 2603 745 2660 Dicuntur
773 2619 905 2676 ergo
932 2604 1135 2660 Throni
1156 2648 1169 2673 ,
1197 2606 1503 2661 Potestates
1526 2647 1540 2672 ,
1572 2603 1777 2660 Princi-

1890 1946 1972 2002 vel
2002 1947 2355 2010 imtnortalia,
2382 1947 2696 2002 substantia:
2718 1962 2907 2002 eorum
2937 1945 3210 2002 confessio
3235 1954 3338 2010 est,
3365 1958 3486 2015 qua:

1890 2039 1971 2094 vel
2018 2039 2212 2110 quales
2250 2040 2393 2107 sint,
2438 2048 2496 2095 et
2534 2055 2641 2095 non
2686 2040 2857 2110 magis
2883 2040 3099 2111 negatio
3125 2038 3488 2111 passionum?

1890 2130 2021 2187 Nam
2067 2146 2189 2188 cum
2233 2132 2466 2188 dicimus
2510 2132 2891 2204 incorporeum
2937 2133 3137 2205 aliquid
3163 2173 3180 2201 ,
3228 2146 3488 2205 negamus

1887 2239 2111 2295 corpus,
2142 2242 2246 2281 non
2279 2242 2409 2281 vero
2436 2226 2795 2282 substantiam
2827 2210 3173 2283 confitemur.
3222 2225 3317 2282 Vel
3360 2239 3485 2280 cum

1889 2321 2118 2376 dicimus
2139 2321 2512 2391 incorruptum
2539 2329 2701 2392 atque
2729 2320 3059 2386 immortale,
3092 2333 3201 2375 non
3228 2318 3357 2389 quid
3391 2319 3485 2384 sit,

1890 2414 1986 2469 sed
2025 2414 2153 2485 quid
2190 2429 2296 2469 non
2330 2414 2569 2485 patiatur
2604 2413 2869 2468 edicimus
2899 2430 2913 2466 :
2956 2428 3063 2468 non
3097 2412 3241 2467 enim
3283 2411 3488 2483 patitur

1885 2510 1971 2564 vel
2004 2520 2259 2576 mortem,
2290 2510 2377 2566 vel
2402 2508 2809 2581 corruptionem
2836 2509 2979 2580 quod
3009 2508 3317 2564 immortale
3351 2507 3486 2563 dici-

1884 2610 1972 2658 tur
2013 2604 2098 2658 vel
2141 2604 2560 2675 incorruptum;
2606 2604 2749 2659 unde
2774 2619 2842 2659 ne
2868 2606 2989 2674 quis
3028 2601 3340 2658 nominibus
3383 2609 3483 2668 tot,

198 2700 364 2762 palus,
405 2695 853 2764 Dominationes,
893 2697 1173 2754 Virtutes:
1220 2697 1480 2769 numquid
1526 2696 1775 2768 ejusdem
1882 2697 2179 2769 tantisque,
2217 2706 2323 2752 tam
2354 2698 2559 2766 multis,
2601 2706 2694 2753 aut
2717 2695 2962 2767 ejusdem
2987 2694 3136 2752 dicat
3160 2694 3341 2752 omnia
3364 2707 3488 2752 esse

198 2793 338 2841 erunt
379 2787 703 2845 substantia:
727 2832 743 2860 ,
786 2790 914 2847 licet
944 2790 1225 2847 nominum
1255 2790 1504 2847 videatur
1530 2804 1653 2847 esse
1691 2789 1776 2846 di-

262 2924 272 2954 ’
300 2924 426 2981 Cod.
453 2927 675 2984 similia.

258 2996 276 3025 ¹
305 2996 376 3053 lta
401 2998 531 3055 cod.

203 3103 760 3133 -——-————~—

1382 3112 1695 3133 "—-——

456 3466 693 3527 SERMO
729 3468 771 3524 Ι.
833 3468 901 3526 ΙΝ
943 3468 1499 3528 ΒΕΡΤυΑΟΕΞΙΜᾹ.

262 3560 307 3617 l.
344 3561 423 3619 Ad
467 3578 695 3621 cursum
745 3563 1005 3636 spiritalis
1050 3564 1208 3621 stadii
1259 3565 1522 3621 hodierna
1553 3564 1786 3621 lectione

197 3658 478 3725 provocati,
512 3657 747 3728 qualiter
768 3657 1092 3714 currendum
1120 3668 1175 3714 et
1223 3674 1252 3713 a
1284 3658 1479 3731 quibus
1510 3658 1786 3715 abstinen-

195 3745 306 3801 dum
333 3749 421 3815 sit,
461 3751 662 3804 fratres
695 3748 1057 3816 dilectissimi,
1092 3760 1274 3805 mente
1301 3750 1629 3822 persollicita
1658 3764 1786 3805 con-

195 3841 418 3900 siderare
462 3844 749 3899 debemus.
792 3843 1037 3899 Stadium
1077 3859 1311 3915 namque
1349 3844 1500 3914 juxta
1547 3842 1783 3899 litteram

194 3946 365 4003 quarta
395 3935 752 4007 parsdicitut‘
779 3934 1019 3991 milliarii
1038 3977 1053 4002 ,
1100 3935 1243 4007 quod
1270 3935 1497 4006 primum
1526 3934 1787 3990 Hercules

195 4040 289 4081 uno
324 4028 567 4085 anhelitu
595 4029 904 4085 cucurrisse
931 4027 1119 4093 fertur,
1151 4029 1201 4083 in
1231 4030 1383 4099 cujus
1416 4027 1523 4083 fine
1553 4027 1789 4098 poneba-

196 4130 274 4175 tur
299 4125 594 4196 antiquitus
630 4123 781 4196 palus
807 4165 821 4189 ,
862 4123 1202 4195 superposita
1235 4137 1433 4179 corona
1463 4121 1531 4178 dc
1558 4121 1784 4177 ﬂoribus

198 4224 324 4270 texta
354 4235 366 4268 :
398 4218 581 4290 ibique
622 4226 840 4288 propter
880 4217 1021 4273 hanc
1070 4216 1388 4288 capiendam
1422 4215 1673 4287 expedita
1698 4216 1785 4285 ju-

1880 2791 2224 2860 substantiae,
2253 2799 2345 2847 attt
2374 2795 2569 2849 iterum
2597 2805 2914 2862 compo.....

1959 2924 1980 2957 ³
2006 2924 2082 2981 lta
2110 2925 2234 2984 cod.

903 3232 1535 3318 SERMONES
1611 3233 2423 3320 DOMINICALES
2501 3229 2627 3313 IV
2656 3241 2728 3305 ει.

1888 3469 2037 3525 nullo
2079 3468 2361 3539 gentilium
2406 3467 2583 3524 cultus
2640 3480 2763 3522 esse
2812 3464 3160 3538 sequendos,
3220 3480 3250 3521 a
3291 3466 3487 3538 quibus

1888 3563 2183 3619 christiana
2232 3562 2422 3634 religio
2462 3559 2683 3616 Christo
2731 3569 2962 3631 cogente
3008 3574 3107 3615 nos
3154 3557 3488 3616 fecitextra—

1889 3672 2044 3713 neos.
2106 3656 2345 3712 Primum
2406 3653 2604 3712 deinde
2653 3662 2951 3725 cognoscat
2994 3652 3231 3709 charitas
3282 3661 3485 3721 vestra,

1889 3752 2141 3823 quoniam
2165 3767 2227 3807 ex
2263 3766 2453 3807 eorunt
2485 3749 2591 3805 ritu
2621 3748 2869 3821 quaedam
2915 3748 3017 3803 sibi
3046 3757 3232 3803 sancta
3257 3762 3486 3818 usurpa-

1889 3845 1966 3900 vit
1993 3845 2240 3911 ecclesia,
2258 3860 2379 3916 qute
2395 3859 2498 3899 non
2518 3843 2833 3910 carnaliter,
2864 3842 2957 3897 sed
2986 3842 3343 3913 spiritttaliter
3362 3851 3492 3898 sunt

1889 3938 2193 4009 sequenda;
2232 3953 2298 3992 ex
2329 3935 2521 4009 quibus
2558 3935 2701 3991 ismd
2728 3945 2812 3991 est
2840 3934 3147 4005 exemplum
3169 3977 3183 4001 ,
3220 3934 3362 4006 quod
3392 3934 3490 3989 ho-

1888 4030 2075 4087 dierna
2104 4030 2265 4086 lectio
2304 4030 2463 4085 nobis
2506 4014 2729 4099 protulit
2756 4027 3069 4083 utillimum.
3120 4027 3290 4084 Stadii
3321 4028 3491 4097 siqui-

1888 4123 2011 4180 dem
2039 4123 2181 4191 ﬁttis,
2216 4123 2306 4193 qui
2337 4122 2445 4178 illis
2475 4121 2542 4177 ad
2573 4121 2901 4177 currendum
2931 4120 3153 4176 metitus
3179 4128 3316 4187 erat,
3351 4134 3491 4189 prm-

1832 4214 1835 4219 ’
1887 4216 2059 4272 sentis
2092 4214 2219 4271 vitae
2271 4215 2559 4270 terminum
2590 4212 2876 4284 significat,
2912 4214 3000 4282 qui
3031 4211 3097 4266 ad
3126 4226 3345 4266 cursum
3377 4210 3489 4265 sal-

193 4322 373 4366 vettum
424 4312 627 4368 cohors
652 4326 876 4367 currere
901 4310 1131 4377 solebat,
1160 4319 1215 4365 ut
1236 4310 1430 4381 aliquis
1463 4311 1654 4365 horum
1676 4308 1786 4379 pri-
1810 4303 1863 4364 D
1890 4311 2124 4367 vationis
2154 4319 2356 4367 nostra:
2394 4310 2550 4366 nobis
2572 4310 2729 4364 datus
2757 4316 2862 4374 est,
2887 4306 3099 4363 dicente
3143 4316 3196 4362 et
3236 4315 3491 4363 monente

194 4401 369 4457 mussi
392 4415 579 4475 posset
614 4405 851 4461 velocius
880 4418 1127 4471 currens,
1182 4404 1451 4472 bravium,
1498 4402 1641 4475 quod
1682 4418 1780 4459 nos

192 4509 430 4553 coronam
462 4516 741 4569 vocamus,
785 4510 1003 4572 raperet
1032 4518 1045 4555 :
1074 4515 1140 4557 ac
1175 4516 1271 4571 per
1307 4498 1411 4555 hoc
1440 4498 1585 4571 regis
1612 4507 1666 4555 et
1696 4499 1779 4555 in-

195 4592 442 4646 tuentium
484 4592 734 4656 laudem.
788 4592 985 4649 deinde
1036 4592 1205 4649 multa
1242 4590 1508 4647 donorum
1557 4607 1781 4647 munera

192 4683 486 4751 specialiter
540 4684 784 4741 haberet.
834 4685 985 4741 Multi
1035 4685 1181 4741 enim
1234 4685 1300 4740 ad
1352 4685 1455 4740 hoc
1506 4684 1780 4740 communi

194 4775 360 4831 animo
390 4777 710 4846 tendebant,
754 4778 847 4834 sed
872 4777 941 4834 ab
970 4795 1078 4834 uno
1107 4777 1287 4835 cuncti
1319 4780 1556 4849 superati
1586 4786 1778 4843 erant;

191 4868 274 4937 qui
303 4870 444 4940 quod
472 4880 589 4927 erat
620 4887 779 4928 cursu
806 4873 1074 4939 velocior,
1116 4888 1300 4929 rerum
1334 4872 1651 4929 collectione
1678 4887 1785 4927 cte-

194 4961 313 5015 teris
353 4963 638 5020 videbatur
676 4963 927 5037 dignior;
976 4974 1033 5024 et
1070 4974 1273 5037 quanto
1313 4965 1581 5038 gaudebat
1614 4965 1786 5021 victor

192 5057 344 5126 regiis
389 5060 970 5126 muneribusditatus,
1020 5069 1170 5117 tanto
1209 5060 1335 5116 victi
1363 5061 1639 5126 dolebant,
1677 5074 1782 5115 non

194 5148 354 5205 solum
394 5151 557 5208 donis
597 5154 820 5225 privati,
870 5153 964 5209 sed
997 5153 1158 5210 etiam
1191 5154 1461 5209 tarditatis
1490 5169 1603 5210 suae
1634 5167 1787 5209 vere-

191 5242 374 5299 cundia
420 5245 786 5302 dehonestati.
833 5247 1192 5304 Abstiuebaut
1221 5247 1435 5318 quidem
1473 5263 1532 5304 se
1563 5263 1591 5303 a
1625 5247 1782 5314 cibis,

194 5334 275 5402 qui
300 5341 483 5393 cursui
509 5348 722 5407 nocent,
748 5340 845 5397 sed
868 5356 974 5397 non
1003 5341 1315 5412 aequaliter;
1353 5343 1471 5413 quia
1500 5341 1643 5397 illius
1664 5341 1788 5396 abs-

194 5424 409 5485 tinentia
433 5431 613 5488 fuerat
638 5434 828 5504 major,
863 5435 952 5506 qtti
986 5436 1038 5490 iu
1068 5449 1227 5490 cursu
1253 5445 1368 5503 erat
1397 5435 1610 5491 caeteris
1638 5436 1789 5491 velo-

194 5517 322 5577 cior.
351 5522 468 5581 Non
499 5526 764 5582 miremini
789 5569 805 5596 ,
849 5526 1044 5583 fratres
1066 5569 1081 5593 ,
1124 5527 1266 5598 quod
1313 5542 1378 5582 ex
1408 5529 1666 5599 paganica
1696 5543 1786 5582 su-

196 5615 509 5679 perstitione
544 5633 641 5689 pro
694 5618 906 5675 tuendis
956 5618 1239 5676 animabus
1290 5621 1569 5691 aposmlus
1612 5619 1788 5675 imita-

197 5701 302 5762 bile
334 5708 482 5767 dedit
518 5713 855 5785 exemplum,
909 5723 966 5769 ut
1015 5722 1163 5785 putet
1198 5714 1394 5784 aliquis
1440 5723 1678 5770 vestrum
1731 5712 1786 5768 in

1892 4403 2122 4460 Domino
2150 4420 2165 4461 :
2197 4404 2390 4468 Curre,
2420 4403 2610 4469 miser,
2644 4415 2831 4466 curre;
2864 4398 3054 4455 fe~tina
3078 4440 3092 4465 ,
3123 4398 3249 4454 dum
3281 4408 3493 4470 tempus

1887 4495 2079 4563 habes,
2135 4509 2204 4551 ne
2226 4494 2439 4550 incidas
2469 4493 2526 4549 itt
2558 4501 2813 4548 mortem.
2841 4489 3147 4547 Currebam
3177 4492 3379 4548 etenim
3414 4492 3491 4548 illi

1887 4607 1987 4663 pro
2014 4589 2303 4661 temporali
2334 4598 2390 4646 et
2417 4586 2759 4659 corruptibili
2810 4586 2998 4642 bravio
3031 4586 3325 4657 capiendo,
3381 4596 3493 4642 uta

1892 4700 2019 4757 rege
2069 4683 2283 4740 mortali
2334 4694 2549 4740 terrena
2595 4695 2819 4737 munera
2864 4690 3153 4751 caperent;
3208 4696 3494 4738 curramus

1893 4794 1991 4835 nos
2023 4780 2217 4836 melius
2248 4796 2349 4851 pro
2379 4776 2606 4850 spiritali
2647 4787 2703 4835 et
2739 4778 3133 4849 incorruptibili
3163 4779 3352 4834 bravio
3375 4787 3497 4848 post

1888 4874 2069 4932 carnis
2118 4875 2277 4932 finem
2318 4874 2603 4945 capiendo,
2648 4883 2756 4929 uta
2789 4874 2936 4946 Rege
2977 4889 3185 4943 regum,
3219 4873 3306 4945 qui
3337 4880 3497 4928 teter-

1889 4985 1989 5025 nus
2011 4979 2065 5024 et
2093 4968 2417 5025 immortalis
2443 4976 2547 5034 est,
2568 4977 2772 5023 :eterna
2796 4977 2851 5023 et
2877 4966 3246 5023 indeflcientia
3267 4981 3494 5021 munera

1888 5063 2194 5133 capiamus;
2245 5061 2531 5117 audientes
2567 5060 2935 5131 exoptabilem
2987 5074 3175 5115 vocem
3217 5058 3366 5113 illius
3405 5056 3496 5113 di-

1889 5154 2065 5209 centis
2094 5172 2106 5208 :
2138 5153 2328 5209 Venite
2357 5153 2451 5225 qui
2477 5153 2750 5209 laboratis
2774 5193 2791 5221 ,
2822 5161 2933 5209 etc.
2972 5151 3054 5207 Illi
3090 5149 3307 5221 quidem
3330 5149 3499 5204 absti-

1892 5247 2094 5303 nebant
2122 5261 2182 5302 se
2211 5262 2240 5301 a
2272 5246 2560 5317 pinguibus
2586 5246 2746 5313 cibis,
2774 5256 2835 5302 ut
2859 5244 3229 5317 expeditiores
3256 5244 3308 5299 in
3331 5257 3497 5299 cursu

1891 5339 2282 5404 redderentur;
2326 5338 2694 5394 abstineamus
2720 5347 2773 5393 et
2806 5352 2906 5393 nos
2937 5337 3131 5393 melius
3156 5351 3260 5391 non
3288 5345 3495 5392 tantum

1891 5447 1919 5486 a
1951 5432 2119 5500 cibis,
2171 5439 2432 5503 quantum
2473 5446 2504 5485 a
2526 5430 2671 5487 vitiis
2694 5472 2707 5497 ,
2752 5439 2811 5485 ut
2839 5429 2904 5486 ad
2930 5430 3260 5485 currendum
3283 5430 3499 5485 veloces

1892 5524 2212 5581 existamus.
2243 5524 2396 5592 Quod
2425 5533 2606 5581 autem
2642 5538 2707 5581 ex
2741 5534 2935 5595 magna
2957 5523 3215 5594 juvenum
3246 5523 3499 5595 frequen-

1893 5618 1965 5673 tia
1997 5633 2136 5673 unus
2179 5618 2422 5675 bravium
2467 5617 2757 5689 capiebat,
2804 5616 3019 5673 caeteris
3072 5617 3343 5681 incassum
3373 5631 3501 5672 cur-

1893 5713 2178 5781 rentibus;
2223 5722 2488 5785 quantum
2530 5712 2598 5769 ad
2643 5726 2742 5769 nos
2781 5712 3039 5785 pertinet,
3069 5710 3268 5770 fratres
3292 5710 3500 5769 charis-

270 5865 294 5893 ⁸
334 5857 409 5913 Ex
440 5858 630 5917 eodem
659 5857 980 5932 perantiquo
1005 5857 1215 5925 codice,
1249 5856 1391 5914 unde
1412 5853 1626 5913 Paridis
1656 5852 2057 5927 Augustiniquc
2078 5853 2346 5925 epitomas
2371 5853 2597 5927 sumpsi.
