3972 6352
505 233 618 338 eis

999 283 1429 346 NONUMENTA
1465 283 1744 345 VETERA
1792 281 1887 341 AD
1932 247 2342 338 ARIANOilUM
2387 281 2784 347 DOCTBINAM
2825 255 3312 348 PERTINENTIA.
3661 297 3742 354 ιιιι

507 391 655 458 simi,
693 391 847 450 valde
872 395 1167 452 timendum
1199 407 1320 463 est;
1364 398 1572 454 scilicet
1599 413 1666 453 ne
1691 399 1760 454 ab
1784 413 2108 465 uno.omncs
2133 392 2185 452 Δ
2214 401 2496 458 undecima
2545 402 2675 470 fuit,
2728 405 2797 460 ab
2830 404 3065 460 adventu
3100 405 3312 460 Domini
3351 417 3507 477 usque
3529 407 3588 462 ad
3618 409 3742 467 line...

509 499 865 554 superentur,
933 490 1024 559 qui
1070 506 1166 559 pro
1214 506 1418 546 corona
1456 507 1678 547 currere
1716 493 2106 564 disposuimus.

511 576 665 634 Unde
695 591 878 635 monet
909 584 1245 652 Apostolus:
1277 584 1369 641 Sic
1395 587 1619 655 currite,
1655 595 1711 642 ut
1749 588 2110 657 comprehen-

507 673 666 730 datis.
703 675 766 730 Et
797 679 1072 748 quomodo
1114 679 1264 736 illam
1295 681 1761 752 comprehendere
1790 683 2104 752 poterimus,

504 767 761 838 quoniam
807 786 1032 829 currere
1077 775 1360 841 nolumus;
1393 786 1447 831 et
1483 778 1526 832 si
1569 777 1862 848 aliquando
1889 793 2110 834 currere

504 863 844 934 inchoamus,
884 867 1022 925 heu!
1053 871 1418 927 crassitudine
1451 872 1708 928 vitiorum
1742 871 1970 945 fatigati,
2001 884 2112 929 tur-

506 959 649 1028 piter
697 959 750 1014 in
795 977 958 1017 cursu
995 963 1314 1022 deﬁcimusl
1358 965 1489 1020 Nam
1520 982 1644 1022 cum
1671 969 1848 1022 omnis
1881 967 2109 1022 ecclesia

507 1051 561 1108 in
592 1054 830 1109 clericali
870 1065 924 1112 et
973 1057 1145 1112 laicali
1185 1059 1256 1113 sit
1279 1060 1474 1115 ordine
1505 1060 1700 1125 divisa,
1736 1075 1900 1115 nemo
1921 1073 2110 1116 eorum

505 1158 611 1213 est.
647 1151 735 1219 qui
779 1165 876 1222 pro
901 1165 1103 1208 corona
1131 1153 1322 1224 gloria:
1349 1167 1569 1222 currat;
1592 1155 1686 1210 sed
1717 1155 1936 1225 quidam
1967 1156 2113 1210 insa-

507 1251 685 1300 turata
711 1247 1008 1316 cupiditate
1032 1245 1355 1318 pe’rsolliciti
1373 1291 1386 1313 ,
1428 1252 1646 1322 quidam
1673 1251 1988 1308 lneﬂ‘renata
2020 1267 2113 1308 vo-

509 1336 716 1408 lttptale
748 1337 957 1408 polluti,
1000 1342 1216 1412 quidam
1241 1344 1475 1398 elatione
1493 1326 1772 1400 saecularis
1801 1359 2009 1416 pompa:
2030 1357 2109 1401 tu-

508 1435 679 1501 midi,
715 1451 822 1491 non
868 1435 1046 1492 solum
1094 1453 1314 1494 currere
1368 1440 1589 1504 nolunt,
1645 1441 1741 1495 sed
1774 1441 1938 1495 etiam
1965 1441 2112 1511 ipsos

507 1528 693 1583 oculos
745 1527 814 1584 ad
880 1529 1202 1598 capiendam
1263 1546 1518 1586 coronam
1573 1534 1788 1602 aperire
1839 1533 2109 1588 nesciunt.

509 1623 666 1680 Unde
721 1623 1004 1680 Psalmista
1035 1642 1050 1679 :
1093 1623 1281 1680 Omnes
1316 1625 1698 1682 declinaverunt
1729 1627 1884 1680 simul
1905 1626 2113 1681 inutiles

504 1718 651 1787 facti.
685 1717 748 1772 Et
774 1717 1045 1788 Propheta
1080 1736 1092 1771 :
1125 1718 1269 1772 Sicut
1301 1719 1541 1789 papulas,
1571 1720 1644 1774 sic
1669 1719 1930 1774 sacerdos.
1961 1720 2112 1776 Adeo

2212 494 2397 549 mundi
2429 511 2444 560 ;
2489 495 2543 550 in
2575 511 2678 565 qua
2727 511 2824 551 nos
2853 497 3024 552 ultimi
3061 496 3298 566 cperarii
3322 498 3370 552 in
3395 499 3587 554 vincam
3615 501 3744 558 intra-

2216 586 2412 642 vimus.
2466 588 2573 644 Sed
2605 589 2730 659 quia
2780 589 2996 646 desides
3022 599 3079 645 et
3120 590 3250 645 tardi
3302 590 3351 645 iu
3391 606 3545 660 opere
3577 608 3745 663 sumus,

2211 681 2348 736 certi
2377 680 2446 736 de
2474 680 2700 738 denario
2728 698 2852 739 esse
2884 699 2988 737 non
3023 697 3330 753 possumus.
3361 684 3654 742 Studeamus
3674 689 3750 759 igi-

2215 782 2302 828 tur
2331 775 2576 830 velocius
2602 776 2842 846 operari,
2875 784 2937 831 ut
2961 775 3030 831 de
3053 776 3274 832 denario
3297 777 3548 847 possimus
3570 793 3672 835 esse
3693 794 3751 837 se-

2211 876 2330 924 curl
2363 887 2378 925 :
2408 881 2460 925 et
2490 872 2612 941 quia
2636 870 2802 926 hodie
2827 886 2856 926 a
2879 887 3094 926 summo
3123 870 3496 942 patrefarnilias
3520 887 3749 942 vocamur,

2215 967 2560 1019 vocationem
2585 968 2704 1034 ejus
2735 981 2842 1020 non
2874 965 3258 1036 despicientes,
3288 965 3337 1020 in
3369 967 3561 1022 vineam
3583 967 3753 1023 labora-

2217 1058 2322 1112 turi
2377 1058 2585 1113 intrare
2631 1058 2968 1114 studeamus.
3012 1059 3134 1129 ipse
3163 1075 3390 1130 namque
3417 1073 3632 1129 praesens
3647 1059 3755 1130 jeju-

2216 1153 2365 1207 nium
2397 1151 2462 1208 ad
2493 1153 2596 1209 hoc
2621 1152 2875 1220 instituit,
2909 1166 2962 1208 ut
2987 1165 3208 1224 peccata
3241 1154 3523 1219 innumera,
3546 1171 3648 1226 quat
3667 1169 3756 1209 car-

2215 1245 2302 1298 nis
2331 1244 2694 1301 delectatione
2719 1247 2931 1301 caeteris
2961 1229 3090 1300 anni
3128 1245 3322 1301 diebus
3347 1247 3695 1309 cornmisimus,
3714 1248 3754 1300 in

2217 1334 2322 1392 hoc
2354 1345 2600 1408 tempore
2629 1353 2727 1408 per
2753 1339 3125 1409 paenitentiam
3155 1347 3214 1395 et
3249 1338 3421 1394 carnis
3447 1338 3757 1394 mortificatio-

2219 1446 2343 1487 nem
2393 1442 2604 1502 tergere
2628 1433 2963 1490 studeamus.

2289 1529 2342 1583 5.
2388 1525 2612 1595 Insuper
2639 1526 2799 1582 etiam
2831 1527 2956 1583 dies
2985 1528 3086 1582 ista
3107 1567 3122 1594 ,
3149 1543 3270 1598 quas
3298 1527 3454 1582 veluti
3473 1525 3620 1598 janua
3650 1527 3757 1596 jeju-

2220 1629 2431 1682 niurum
2464 1625 2698 1700 existit,
2723 1632 2778 1678 et
2815 1623 3084 1678 canticum
3107 1622 3336 1688 laetitiae,
3372 1621 3422 1676 id
3445 1630 3523 1678 est
3543 1621 3754 1686 alleluia,

2220 1718 2379 1773 nobis
2403 1716 2691 1779 subtrahit,
2726 1729 2820 1784 per
2846 1726 3064 1770 omnem
3095 1714 3544 1770 cantlndationem
3572 1716 3641 1769 sui
3665 1713 3757 1769 olli-

504 1813 652 1866 cnim
680 1814 866 1866 caecati
894 1851 907 1875 ,
951 1821 1006 1866 et
1041 1812 1093 1866 iu
1128 1814 1360 1883 quodam
1388 1813 1680 1870 oblivionis
1713 1824 1876 1884 puteo
1902 1814 2108 1871 detrusi
2137 1794 2192 1860 Β
2219 1812 2288 1867 cii
2335 1821 2523 1866 vocem
2571 1808 2890 1879 paenitentis
2918 1807 3224 1878 plangentis
3264 1809 3510 1877 exprimit
3547 1825 3559 1862 :
3596 1809 3757 1862 docens

505 1919 735 1971 sumus,
769 1913 827 1959 ut
867 1903 999 1960 nihil
1047 1905 1115 1960 de
1158 1906 1336 1961 futuro
1377 1905 1701 1977 cogitantes,
1745 1918 1945 1978 prmter
1975 1907 2116 1964 hanc

505 1999 676 2052 vitam
698 2041 713 2067 ,
759 1998 811 2052 iu
838 2014 942 2067 qua
973 1999 1282 2069 voluptates
1301 2009 1518 2054 nostras
1549 2001 1918 2070 exsequimur,
1952 1999 2112 2055 aliam

505 2107 612 2147 nun
640 2103 907 2163 putemus.
955 2092 1022 2147 Et
1065 2093 1377 2162 utamplius
1408 2093 1622 2160 dicam,
1657 2095 1810 2148 multi
1839 2095 2114 2150 insanien-

506 2192 620 2249 tes,
658 2185 784 2240 dum
815 2183 1044 2254 cupidos
1075 2185 1287 2239 animos
1309 2185 1647 2254 voluptuosis
1677 2185 1963 2242 desideriis
1993 2202 2114 2258 pas-

504 2288 668 2343 cunt,
719 2287 773 2336 et
817 2279 873 2335 in
912 2279 1016 2333 sibi
1065 2278 1328 2348 subjectis
1358 2295 1510 2334 more
1559 2279 1809 2350 luporum
1861 2282 2110 2348 saeviunt,

505 2373 668 2427 aliam
712 2371 939 2444 gloriam
997 2386 1302 2444 sonumque
1346 2373 1549 2429 habere
1601 2372 1740 2429 vello
1792 2373 1998 2429 dicunt.
2047 2373 2110 2428 lli

504 2466 646 2519 enim
681 2466 854 2537 tales,
907 2472 1157 2520 naturam
1189 2463 1430 2518 hominis
1459 2464 1724 2534 perdunt,
1774 2475 1829 2521 et
1857 2476 2108 2520 naturam

505 2557 915 2628 quadrupedum
956 2556 1292 2623 sortiuntur,
1346 2556 1436 2626 qui
1464 2556 1908 2612 irrationabiliter
1948 2567 2004 2614 et
2031 2559 2112 2613 in-

503 2652 811 2707 verecunde
833 2653 1007 2707 ventri
1039 2663 1093 2707 et
1129 2650 1338 2706 libidini
1371 2667 1587 2722 semper
1617 2653 1890 2708 insistunt.
1925 2653 2110 2709 llomié

504 2759 627 2798 nem
679 2759 913 2812 namque
963 2744 1033 2796 ita
1078 2742 1328 2798 conditor
1351 2758 1532 2798 rerum
1561 2745 1792 2800 terrenis
1813 2748 2111 2816 praeposuit

501 2837 799 2904 creaturis,
846 2849 903 2892 ut
937 2838 1075 2893 bene
1107 2848 1266 2893 utens
1293 2838 1703 2908 temporalibus,
1731 2849 1854 2910 post
1878 2850 2105 2904 mortem

500 2931 770 2985 frueretur
800 2933 1045 2987 aeternis.
1070 2932 1210 2998 Quid
1243 2949 1308 2987 ex
1343 2932 1446 2987 hoc
1471 2933 1736 3003 agendum
1762 2941 1878 3000 est,
1910 2930 2106 2992 fratres

499 3023 846 3079 charissimi?
900 3027 1101 3081 Omnes
1150 3027 1296 3082 enim
1333 3043 1520 3081 smnus
1567 3027 1804 3095 perditi,
1846 3030 1948 3084 nisi
1997 3031 2105 3084 cito

499 3119 764 3176 fuerimus
790 3119 972 3176 divina
1003 3121 1372 3177 misericordia
1406 3121 1689 3177 sublevati.
1727 3123 1846 3193 Ipsa
1873 3140 2103 3194 namque

497 3213 565 3268 ad
595 3214 922 3268 currendum
949 3229 1048 3268 nos
1074 3221 1332 3284 provocat
1363 3215 1551 3270 dicens
1583 3231 1597 3267 :
1631 3215 1901 3271 ambulate
1932 3233 2000 3273 ne
2025 3221 2098 3273 te-

498 3311 681 3366 nebras
715 3327 811 3367 vos
840 3312 1331 3384 comprehendant.
1374 3313 1490 3381 Qua
1531 3324 1782 3380 vocante,
1813 3311 1858 3368 si
1885 3328 2110 3368 cursum

498 3405 694 3462 iterum
723 3407 1056 3464 voluerimus
1082 3417 1356 3478 repetere,
1383 3423 1489 3463 non
1513 3407 1605 3463 uni
1631 3417 1856 3472 tantum,
1882 3406 1978 3462 sed
1999 3407 2112 3477 plu-

497 3501 650 3556 rimis
676 3499 758 3556 fas
790 3502 894 3558 erit
923 3517 1182 3558 coronam
1214 3504 1556 3573 contingere.
1593 3504 1656 3558 Et
1682 3504 1824 3558 sicut
1845 3518 1950 3558 non
1975 3517 2111 3558 sem-

498 3611 596 3666 per
620 3595 672 3652 in
695 3597 842 3652 omni
865 3612 1024 3652 cursu
1053 3597 1326 3664 vincebat,
1351 3597 1445 3653 sed
1468 3597 1558 3668 qui
1589 3597 1750 3652 modo
1777 3597 1950 3652 victus
1968 3604 2105 3662 erat,

499 3687 663 3742 modo
694 3689 971 3742 renovatis
1012 3688 1219 3744 viribus
1257 3691 1431 3744 victor
1457 3689 1762 3755 existebat;
1805 3689 1874 3743 ita
1910 3702 2027 3753 nos,
2060 3687 2106 3743 si

497 3777 777 3851 hucusque
799 3780 927 3835 victi
959 3781 1178 3846 luimus,
1206 3781 1403 3836 amodo
1426 3783 1658 3838 victores
1682 3797 1802 3837 esse
1829 3796 2103 3838 curemus.

499 3872 597 3929 Via
635 3878 780 3930 enim
823 3876 1073 3930 currendi
1115 3875 1272 3931 nobis
1319 3888 1445 3932 ante
1485 3877 1674 3932 oculos
1717 3879 1890 3947 posita
1915 3887 2020 3944 est,
2049 3878 2104 3933 in

499 3983 602 4039 qua
629 3977 831 4040 quanto
859 3968 1054 4024 fuimus
1077 3969 1366 4038 tardiores,
1401 3978 1550 4024 tanto
1569 3985 1853 4040 possumus
1880 3986 2024 4037 csse,
2058 3971 2102 4026 si

498 4063 770 4131 volumus,
801 4064 1122 4122 velociores.

531 4158 622 4228 ,2.
665 4159 953 4229 Quomodo
982 4160 1124 4216 enim
1170 4169 1449 4232 torpentes
1477 4169 1534 4217 et
1573 4160 1706 4233 pigri
1731 4177 1759 4215 a
1789 4176 1952 4217 cursu
1980 4175 2102 4218 ces-

495 4266 617 4308 sare
647 4267 972 4322 possumus,
1015 4255 1105 4324 qui
1159 4269 1266 4309 non
1299 4254 1478 4310 solum
1514 4255 1818 4326 apostolum
1848 4253 1913 4308 ad
1938 4270 2100 4309 curo-

499 4359 646 4407 nam,
673 4344 768 4399 sed
799 4346 960 4400 etiam
983 4345 1156 4415 ipsttm
1187 4347 1528 4403 Salvatorem
1565 4357 1806 4402 nostrum
1837 4347 1902 4402 ad
1934 4347 2101 4403 dena-

496 4439 632 4492 rium
655 4442 972 4509 capiendum
1007 4445 1332 4498 monitorem
1357 4442 1654 4499 habemus?
1695 4441 1815 4513 Ipse
1865 4457 2102 4512 namque

494 4545 740 4586 smnmus
773 4531 1156 4602 paterfamilias
1183 4575 1195 4600 ,
1231 4535 1322 4606 qui
1346 4535 1614 4605 plantavit
1643 4537 1858 4590 vineam
1884 4577 1898 4602 ,
1931 4534 1980 4589 id
2016 4543 2098 4590 est

495 4631 737 4678 Sanctam
789 4625 1073 4681 ecclesiam
1098 4666 1112 4692 ,
1173 4629 1333 4698 nobis
1379 4629 1470 4699 qui
1505 4610 1657 4693 sero,
1701 4627 1752 4683 id
1781 4637 1866 4684 est
1907 4627 1958 4682 in
1991 4627 2098 4682 line

499 4715 726 4783 mundi,
772 4717 825 4771 in
875 4718 1086 4773 \ineam
1124 4719 1423 4774 laboraturi
1471 4721 1822 4786 intravimus,
1857 4722 2095 4777 cmlestis

495 4802 951 4867 remunerationis
980 4814 1264 4870 denarium
1294 4831 1354 4870 se
1385 4817 1635 4872 daturum
1665 4817 1932 4888 promittit
1959 4837 1972 4873 :
2003 4833 2093 4873 as-

495 4904 740 4960 similans
752 4921 851 4961 nos
871 4907 1058 4977 primis
1079 4908 1310 4977 colonis,
1340 4912 1429 4982 qui
1454 4929 1482 4965 a
1509 4928 1665 4969 mane
1688 4929 1860 4983 usque
1879 4912 1945 4966 ad
1974 4929 2093 4968 ves-

493 5013 679 5068 peram
706 5009 989 5068 portavere
1016 5000 1226 5070 pondus
1253 5002 1358 5058 diei
1377 5012 1432 5058 et
1460 5014 1642 5060 :cstus.
1661 5005 1901 5061 Audistis
1925 5005 2095 5077 siqui~

491 5089 616 5146 dem
659 5093 808 5148 illum
839 5093 1115 5164 preposita
1154 5111 1276 5150 vera
1301 5105 1357 5150 et
1375 5099 1693 5169 congruenti
1735 5099 2094 5156 similitudine

492 5188 788 5258 evangelii,
817 5205 1000 5254 utane,
1033 5191 1164 5245 hora
1191 5191 1369 5257 tertia,
1394 5202 1544 5248 sexta
1563 5233 1584 5261 ,
1613 5209 1752 5249 nona
1779 5201 1835 5249 et
1865 5193 2090 5250 undeci-

491 5273 600 5348 ma,
625 5281 692 5336 ad
723 5283 900 5339 vincat
927 5298 1042 5338 suae
1068 5285 1332 5340 culturam
1361 5288 1639 5357 operarios
1665 5288 2001 5356 invitantem,
2035 5297 2094 5344 et

488 5376 750 5445 aequalem
794 5376 1074 5433 denarium
1123 5379 1332 5434 cunctis
1363 5378 1516 5436 linito
1551 5396 1715 5452 opere
1749 5382 2086 5439 reddentem.

489 5468 552 5524 Et
585 5472 630 5526 si
661 5470 935 5540 horarum,
959 5487 1093 5542 quas
1123 5472 1352 5529 audistis
1373 5515 1387 5540 ,
1417 5473 1844 5544 significationes
1867 5475 2083 5548 cupitis;

484 5562 698 5630 discite,
727 5566 850 5636 quia
873 5582 1030 5623 mane
1053 5567 1151 5623 fuit
1171 5569 1239 5624 ab
1264 5570 1432 5625 Adam
1458 5584 1627 5640 usque
1654 5572 1721 5626 ad
1752 5570 1898 5640 Noe;
1941 5575 2075 5630 hora

483 5658 644 5712 tertia
685 5675 714 5714 a
765 5659 882 5720 Noe
937 5678 1106 5734 usque
1155 5663 1222 5720 ad
1266 5665 1576 5733 Abraham;
1627 5676 1777 5723 sexta
1833 5681 1966 5725 vero
2017 5669 2086 5725 ab

480 5747 756 5807 Abraham
784 5768 955 5823 usque
989 5756 1057 5810 ad
1084 5757 1334 5829 Moysen;
1387 5775 1528 5817 nona
1559 5759 1824 5831 siquidem
1845 5775 1872 5814 a
1898 5760 2083 5832 Moyse

483 5853 655 5913 usque
693 5844 762 5900 ad
815 5846 1026 5904 Domini
1067 5855 1124 5905 et
1175 5850 1476 5911 Salvatoris
1535 5853 1705 5912 nostri
1751 5853 2078 5926 adventum;

2219 1919 2320 1960 nos
2364 1903 2435 1958 ab
2490 1902 2844 1958 immoderata
2894 1901 3074 1956 laetitia
3123 1901 3323 1958 debere
3368 1916 3597 1969 cessare,
3634 1910 3680 1956 et
3717 1902 3757 1956 in

2217 1999 2344 2054 ﬂetu
2371 2005 2426 2053 et
2456 1996 2713 2069 lacrymis
2735 1995 3070 2066 poenitentiae
3090 2010 3332 2050 manere.
3359 1994 3462 2049 Hac
3491 1994 3634 2066 igitur
3656 2007 3758 2048 noc-

2218 2103 2303 2158 te,
2355 2091 2556 2162 sacpius
2600 2093 2834 2158 repetito
2884 2092 3143 2152 nomine,
3189 2089 3365 2160 ipsum
3409 2088 3605 2145 alleluia
3644 2087 3756 2142 aditi

2216 2201 2440 2252 sumus;
2489 2183 2889 2256 quodammodo
2918 2183 3046 2239 illud
3089 2185 3242 2255 quasi
3277 2184 3532 2256 hospitem
3569 2182 3757 2238 retinere

2215 2282 2530 2351 cupientes,
2563 2279 2795 2334 dicendo
2837 2278 2912 2333 illi
2946 2296 2959 2332 :
3005 2277 3163 2346 Mane
3192 2279 3335 2350 apud
3376 2295 3470 2334 nos
3515 2277 3686 2344 hodie,
3715 2285 3758 2330 et

2215 2384 2431 2431 caetera.
2471 2371 2572 2430 Cui
2614 2375 2776 2429 etiam
2819 2373 3071 2429 ultimum
3112 2373 3231 2428 vale
3278 2372 3498 2430 fecimus
3520 2373 3755 2428 dicentes:

2217 2470 2452 2541 Angelus
2476 2471 2648 2524 bonus
2675 2469 2965 2524 comitetur
2993 2478 3190 2532 tecum,
3217 2477 3276 2522 ut
3303 2468 3490 2523 iterum
3518 2481 3624 2521 cum
3653 2477 3757 2534 gau-

2213 2564 2304 2619 dio
2327 2563 2620 2619 revertaris
2646 2561 2711 2616 ad
2741 2573 2862 2627 nos,
2895 2569 2953 2615 ut
2981 2560 3219 2615 sciamus
3251 2575 3356 2614 non
3387 2568 3535 2615 antea
3559 2573 3644 2611 nos
3663 2569 3759 2624 per-

2213 2656 2354 2712 fecte
2381 2655 2662 2726 gavisurus
2686 2693 2704 2721 ,
2745 2667 3026 2724 quousque
3052 2666 3289 2722 corpore
3320 2661 3374 2707 et
3411 2650 3648 2720 sanguine
3672 2646 3752 2701 Re-

2211 2747 2512 2818 demptoris
2540 2747 2709 2804 nostri
2735 2747 2974 2802 renovati
3014 2745 3185 2816 ipsum
3224 2744 3492 2800 canticum
3523 2738 3757 2812 gaudendo

2211 2843 2559 2912 recipiamus.
2610 2839 2920 2910 Antiphone
2953 2839 3215 2909 siquidem
3265 2839 3442 2894 missze
3462 2877 3476 2902 ,
3500 2849 3605 2905 qua:
3632 2830 3758 2900 vulgo

2213 2935 2468 2989 introitus
2494 2933 2694 2988 dicitur
2713 2973 2726 2998 ,
2752 2947 2875 2988 cum
2921 2927 3312 3001 pmnilcntibtts
3341 2925 3536 3000 plangit
3572 2921 3755 2979 dicens:

2209 3032 2696 3087 Cll‘CllﬂIdCdCl'Ulll
2726 3043 2811 3084 me
2838 3027 3057 3083 dolores
3087 3024 3280 3081 mortis
3307 3036 3360 3081 et
3388 3025 3438 3080 in
3471 3020 3758 3077 tribulatione

2213 3141 2355 3181 mea.
2401 3124 2638 3180 Collecta
2685 3121 2951 3192 siquidem
2999 3135 3121 3176 cum
3153 3133 3416 3189 responso
3462 3111 3757 3170 afﬂictionem

2218 3219 2551 3292 pmnitentiat
2599 3219 2816 3272 sonant.
2859 3213 2952 3270 Ille
2988 3209 3224 3283 denique
3273 3221 3488 3275 cantus,
3520 3220 3659 3278 quem
3683 3214 3757 3292 pro

2216 3290 2435 3367 alleluia
2465 3306 3049 3376 commutavimus(qui
3080 3314 3286 3360 tractus
3317 3302 3436 3358 ideo
3455 3299 3632 3356 dicitur
3645 3290 3757 3365 quod

2213 3405 2404 3473 longos
2432 3411 2624 3457 cantus
2670 3401 2912 3472 habeat)
2955 3399 3286 3470 pcenitentes
3314 3393 3571 3470 profundo
3595 3387 3757 3462 gemitu

2212 3497 2278 3552 ad
2323 3496 2492 3552 Deum
2521 3496 2760 3552 clamare
2785 3493 2964 3550 docet.
3011 3491 3079 3546 Et
3118 3489 3196 3546 sic
3222 3499 3422 3547 castera
3448 3484 3598 3543 verba
3626 3476 3757 3560 ofﬁcii

2212 3591 2504 3647 ordinatim
2551 3589 2792 3661 digesta,
2843 3603 2949 3643 non
2999 3585 3243 3642 lmtitiam
3292 3580 3650 3656 gaudentium,
3684 3570 3757 3627 scd

2212 3687 2414 3742 luctmu
2464 3694 2520 3741 et
2569 3698 2859 3741 tiimrorem
2905 3681 3156 3738 videntur
3207 3679 3514 3751 exprimere
3554 3672 3758 3744 peccato-

2210 3794 2351 3834 l'lllll.
3119 3831 3124 3838 .

2277 3871 2333 3927 4.
2381 3873 2456 3928 De
2484 3871 2703 3928 nomine
2733 3885 2928 3940 nempe
2957 3868 3062 3924 diei
3081 3907 3096 3934 ,
3131 3882 3251 3938 qua:
3285 3857 3656 3936 septuagesima
3684 3867 3757 3904 vos

2207 3977 2360 4024 catur
2377 4009 2391 4032 ,
2421 3967 2464 4020 si
2493 3965 2734 4035 tiumritis
2753 4007 2767 4031 ,
2789 3963 2972 4020 sciatis
2993 3962 3245 4033 quianon
3273 3975 3303 4014 a
3329 3972 3545 4015 numero
3562 3952 3753 4008 dit-rum.

2208 4071 2265 4116 ut
2289 4061 2590 4124 testimant,
2621 4058 2711 4130 qui
2737 4058 2806 4112 ab
2827 4073 2886 4113 ea
2914 4070 3086 4127 usque
3107 4054 3170 4108 ad
3198 4051 3508 4124 paschalvm
3537 4041 3754 4102 fcsrivita-

2208 4164 2312 4210 tem
2344 4162 2422 4208 tot
2442 4153 2557 4209 dies
2581 4162 2799 4222 putant,
2831 4150 2924 4206 sed
2953 4165 2982 4203 a
3006 4147 3216 4204 numeri
3247 4143 3570 4216 perfectione
3596 4147 3753 4191 omne"

2206 4246 2446 4317 accepit,
2479 4261 2508 4299 a
2539 4261 2641 4316 qua
2677 4244 2817 4300 idem
2851 4255 3110 4298 numerus
3144 4241 3356 4295 initium
3385 4231 3616 4305 sumpsit.
3645 4225 3755 4283 Con-

2205 4349 2310 4395 stat
2336 4351 2516 4394 antem
2549 4339 2687 4393 idem
2717 4351 2974 4393 numerus
3007 4351 3072 4390 ex
3111 4334 3339 4388 denario
3363 4329 3558 4399 septies
3579 4322 3716 4378 ducto
3743 4337 3751 4369 :

2204 4451 2435 4506 quorum
2468 4435 2835 4504 septenarium
2867 4431 2937 4487 ad
2969 4441 3177 4500 septem
3209 4427 3443 4498 Spiritus
3485 4417 3639 4477 sancti
3679 4411 3755 4466 du-

2206 4545 2306 4598 na,
2335 4529 2589 4585 denarius
2611 4543 2740 4582 vero
2768 4529 3000 4598 pertinet
3028 4529 3093 4580 ad
3120 4524 3308 4580 decem
3335 4522 3464 4590 legis
3487 4518 3751 4589 ριωεειιίηε

2203 4642 2324 4698 qua:
2357 4629 2428 4681 ita
2461 4625 2692 4680 invicem
2729 4623 3026 4694 junguntur
3053 4663 3066 4689 ,
3108 4630 3167 4677 ut
3194 4633 3368 4690 neque
3395 4616 3532 4672 dona
3558 4604 3754 4706 Spiritus

2202 4722 2372 4778 sancti
2405 4720 2520 4776 sine
2544 4720 2676 4791 legis
2700 4725 3001 4790 praecepto;
3033 4731 3206 4784 neque
3231 4717 3498 4784 praecepta
3518 4703 3637 4774 legis
3660 4703 3754 4751 sine

2202 4819 2370 4874 sancti
2394 4816 2628 4886 Spiritus
2653 4812 2800 4868 dono
2835 4809 3094 4867 custodiri
3125 4808 3192 4862 ab
3227 4807 3408 4876 aliquo
3447 4797 3638 4892 p05§illt

2199 4914 2288 4983 qui
2316 4913 2548 4967 alterum
2570 4907 2896 4973 servaverit,
2929 4905 3158 4986 alterum
3196 4901 3313 4958 sine
3358 4897 3521 4953 dubio
3548 4883 3752 4986 habebit.

2196 5005 2295 5074 Qui
2331 5019 2588 5060 numerus
2612 5012 2760 5058 recte
2784 4984 3167 5070 pmniteutibus
3186 4989 3460 5063 congruit,
3484 4993 3537 5040 ut
3560 4984 3754 5074 gr‘aliam

2199 5072 2435 5170 Spiritus
2465 5096 2670 5160 sancti,
2719 5107 2879 5163 quam
2921 5087 3196 5161 peccando
3236 5072 3750 5170 perdidere,_decfm

2194 5159 2329 5263 legis
2355 5197 2626 5262 prmcepta
2648 5159 2879 5241 marime
2912 5184 2963 5238 in
2997 5182 3102 5237 hoc
3129 5191 3371 5250 tempore
3402 5159 3748 5263 custodiendo,

2194 5251 2804 5357 recuperare-valeant.
2853 5279 3028 5335 Aliter
3065 5273 3360 5337 secundum
3403 5265 3666 5364 quosdam.
3697 5251 3751 5308 ad

2193 5375 2429 5438 litteram
2471 5377 2871 5450 septuagesima
2909 5374 3139 5438 dicitur,
3169 5386 3235 5428 eo
3271 5366 3417 5441 quod
3465 5357 3750 5420 israeliticns

2191 5477 2424 5550 populus
2465 5477 2516 5530 in
2557 5471 2851 5546 Babylonia
2892 5479 2972 5526 tot
2993 5469 3150 5524 annis
3179 5467 3342 5522 fuerit
3370 5457 3749 5548 captivalusntt

2190 5587 2298 5644 qua
2327 5569 2486 5638 longo
2528 5575 2646 5637 post
2675 5574 2920 5638 tempore
2955 5561 3200 5628 rediens,
3231 5556 3425 5615 eodem
3454 5557 3687 5644 numero“
3705 5550 3748 5593 In

2189 5635 2706 5722 commemoratione
2737 5635 2981 5731 ejusdem
3020 5653 3354 5712 liberationis
3376 5644 3627 5719 jejunium
3658 5635 3750 5688 Deo

2185 5760 2608 5820 consecraverit.
2626 5758 2733 5816 Sed
2758 5755 2881 5829 quia
2908 5762 2964 5811 et
2988 5752 3284 5812 secundum
3319 5742 3590 5802 historiam
3610 5743 3657 5791 el
3678 5742 3748 5785 δε-

2184 5855 2417 5915 cundum
2440 5853 2751 5928 anegoriam
2772 5843 3158 5926 paenitentibus
3179 5840 3449 5915 congruit,
3469 5832 3746 5894 studemus
