3972 6352
165 301 251 375 6l3
621 299 1054 375 MONUMENTA
1098 311 1372 370 VETERA
1415 311 1508 367 AD
1549 285 1961 365 ARIANORUM
2002 279 2398 369 DOCTliINAM
2440 307 2927 370 PERTINENTIA.
3326 317 3432 372 6H)

163 451 245 491 nos
270 435 359 489 hoc
383 433 429 486 in
462 441 698 502 tempore
728 441 948 504 peccata
977 441 1161 488 nostra
1187 431 1422 498 dellere,
1449 438 1507 484 ut
1531 429 1724 484 anima:
1751 419 1804 482 Α
1837 439 2081 492 purgare,
2129 427 2172 480 si
2218 442 2316 498 per
2345 433 2553 498 portam
2597 426 2927 499 jejuniormn
2962 427 3148 499 polluti
3177 427 3428 486 volumus

163 538 334 585 nostra:
361 535 474 597 post
495 526 630 580 banc
654 527 816 581 vitam
836 571 850 593 ,
878 543 995 592 qum
1019 535 1226 598 Septem
1252 526 1441 582 diebus
1468 526 1721 589 volvitur,
1833 517 2078 570 illll'al‘e?

163 637 186 675 a
215 619 510 690 Babylonia.
548 618 599 674 id
633 628 715 673 est
742 617 992 673 infernali
1030 619 1370 690 captivitate,
1400 618 1643 674 libet-atro
1673 625 1726 673 et
1897 609 1952 665 2.
1999 609 2250 668 Fortasse
2280 613 2410 668 mihi
2447 614 2572 669 talia
2606 610 2894 686 ca‘stigattti
2938 624 2988 672 el
3031 607 3148 671 mea
3207 629 3429 689 peccata

163 711 296 767 donis
320 711 477 765 sancti
503 709 732 779 Spiritus
759 711 962 779 ditatm,
987 720 1039 766 et
1065 727 1322 768 coronam
1349 709 1723 765 immarcesci-
1827 721 1946 760 cum
1979 705 2212 762 aliorum
2259 705 2636 778 iniquitatibus
2679 707 3098 780 reprehendenti
3137 709 3433 782 responde-

163 805 300 860 bilem
325 820 414 874 pro
435 819 629 870 cursu,
665 813 718 859 et
751 803 1030 860 denarium
1063 821 1160 878 pro
1189 803 1385 859 diurno
1418 803 1604 859 labore
1645 803 1723 858 vi-
1825 797 1905 854 hit
1957 798 2152 870 aliqttis
2197 799 2526 868 effrenatus,
2575 802 2696 874 plus
2755 803 3122 871 voluptatibus
3180 804 3431 874 corporis

164 916 278 961 ueze.
330 916 356 952 a
409 897 550 969 Rege
603 914 786 970 regum
845 901 1054 969 possint
1106 898 1402 970 gaudentes
1452 897 1718 969 recipere.
1825 909 1984 965 quam
2013 894 2220 965 legibus
2251 896 2339 948 Dei
2392 895 2826 963 obediens:'l‘u,
2852 898 2940 967 qui
2981 899 3275 953 naturalem
3311 914 3428 953 ma-

164 994 330 1049 Amen.
1825 987 1959 1042 sculi
1989 994 2045 1041 et
2071 987 2284 1042 femina»
2315 988 2755 1058 conjunetionem
2789 992 3067 1045 clamoris
3097 991 3367 1049 vinculum
3398 1007 3430 1048 a

415 1104 645 1162 SERMO
668 1104 734 1162 ll.
762 1104 831 1162 ΙΝ
856 1105 1430 1174 QUADBAGESIMA.

1827 1080 2090 1150 principio
2116 1083 2471 1136 constitutum
2501 1082 2918 1153 disiungendum
2948 1085 3210 1154 pra‘dicas
3233 1126 3246 1147 ,
3279 1083 3430 1140 omni

1827 1173 1984 1229 modo
2012 1175 2370 1246 impossibilia
2399 1184 2456 1232 et
2484 1176 2693 1231 inutilia
2727 1193 2904 1250 rogas,
2934 1183 2992 1234 ut
3021 1177 3429 1249 aliquojojuuio

223 1264 511 1334 LStudete,
535 1263 970 1334 cliarissimi,qui
995 1273 1202 1321 vestras
1227 1265 1436 1319 animas
1457 1274 1722 1335 apeccato
1826 1265 1897 1323 ita
1927 1284 1954 1321 a
1982 1268 2210 1323 muliere
2231 1313 2244 1336 ,
2277 1285 2398 1340 qua:
2423 1287 2539 1328 mea
2571 1285 2699 1326 caro
2731 1279 2815 1327 est
2836 1315 2850 1334 ,
2883 1281 3153 1343 tamquam
3184 1287 3213 1326 a
3252 1273 3387 1328 cibis
3413 1316 3428 1343 ,

163 1361 390 1416 nnnnlare
419 1359 645 1428 cupitis,
676 1375 742 1415 ne
772 1360 840 1415 ab
872 1361 971 1414 hac
997 1360 1079 1414 via
1108 1359 1434 1429 jejuniorum
1463 1369 1517 1414 et
1539 1373 1725 1413 emeu—
1825 1362 2146 1418 abSIineam.
2186 1362 2289 1418 Cui
2337 1379 2458 1434 ego,
2493 1365 2743 1434 quamvis
2786 1375 3058 1436 peccator,
3095 1364 3234 1420 facili
3279 1365 3427 1421 dictu

161 1453 390 1522 dationis,
436 1470 596 1521 quam
651 1450 938 1508 tenendam
989 1453 1328 1523 sumpsistis,
1378 1452 1561 1522 aliquo
1611 1461 1724 1507 tur-
1829 1455 2165 1524 reSpondebo
2204 1474 2218 1510 :
2253 1456 2387 1523 Quia
2439 1457 2578 1512 Deus
2623 1457 2761 1530 bona
2794 1457 2977 1513 saeculi
3028 1473 3132 1513 non
3183 1457 3332 1514 dedit
3374 1467 3432 1515 ut

162 1546 388 1618 pitudinis
420 1545 740 1603 diverticulo
768 1547 1056 1602 recedatis.
1099 1546 1202 1614 Est
1222 1546 1364 1600 enim
1397 1543 1720 1616 quibusdam
1825 1549 2140 1616 abutamur,
2171 1549 2263 1603 sed
2301 1560 2357 1603 ut
2382 1549 2528 1620 juste
2565 1533 2799 1604 utamur.
2835 1549 3154 1622 Conjugium
3185 1551 3385 1607 etenim
3412 1593 3428 1618 ,

162 1651 366 1695 vestrum
406 1655 470 1694 ex
504 1638 918 1710 deceptionibus
957 1638 1164 1710 antiqui
1205 1639 1374 1694 hostis
1415 1640 1467 1694 in
1499 1639 1597 1694 hac
1635 1633 1724 1696 die
1823 1626 2055 1695 sicut'et
2082 1647 2297 1696 catterac
2337 1641 2541 1696 divitia:
2581 1643 2797 1710 mundi,
2829 1643 2955 1697 dum
2982 1643 3129 1713 juste
3178 1653 3430 1710 tenetur,

161 1734 370 1806 qua'dam
412 1733 611 1805 injecta
642 1733 1010 1800 consuetudo,
1047 1748 1152 1788 non
1204 1743 1411 1788 tantum
1448 1733 1720 1805 sequenda
1826 1731 2026 1790 bonum
2060 1745 2172 1802 cst;
2203 1735 2331 1790 dum
2356 1736 2582 1805 injuste,
2609 1737 2841 1791 vertitur
2863 1738 2913 1789 in
2947 1749 3248 1808 peceatum.
3278 1737 3432 1793 Unde

160 1838 384 1900 quantum
413 1827 786 1900 despicienda;
817 1827 960 1900 quod
993 1843 1090 1898 pro
1121 1828 1237 1883 solo
1257 1829 1436 1882 carnis
1459 1828 1599 1893 cibo,
1634 1829 1726 1900 qui
1754 1823 1804 1887 Β
1832 1826 2124 1898 Gregorius
2164 1845 2176 1880 :
2222 1830 2474 1900 quicquid
2517 1829 2582 1884 ad
2628 1845 2782 1884 usum
2825 1829 2950 1884 vita:
2991 1831 3287 1902 accipimus
3309 1873 3323 1896 ,
3365 1829 3432 1885 ad

161 1923 290 1976 nobis
319 1923 470 1979 hodie
502 1940 611 1980 non
649 1924 882 1988 tollitur,
920 1921 1120 1994 putatis
1153 1939 1248 1977 vos
1280 1939 1493 1978 onmem
1533 1940 1726 1994 corpo-
1833 1927 1988 1976 usum
2017 1920 2269 1976 vitiorum
2295 1921 2642 1977 reflectimus.
2672 1923 2778 1979 Nec
2805 1939 2903 1993 ego
2946 1905 3180 1993 pra-dico
3213 1934 3316 1978 tam
3349 1937 3436 1978 sa-

161 2015 220 2069 ris
257 2015 659 2072 delectationem
707 2025 761 2072 et
798 2032 1027 2088 quaeque
1075 2019 1246 2086 turpia
1299 2032 1454 2086 posse
1501 2017 1726 2073 licenter
1830 2025 1994 2069 erata:
2024 2013 2302 2070 societatis
2328 2015 2725 2085 separationem
2756 2058 2769 2081 ,
2800 2016 2892 2069 sed
2925 2013 2990 2070 ad
3023 2016 3186 2072 breve
3226 2025 3437 2086 tempus

90 2154 93 2156 .
153 2099 367 2177 'Operari,
403 2110 501 2164 bac
533 2110 753 2165 inventa
785 2111 835 2165 iu
865 2110 1016 2168 vobis
1045 2111 1366 2179 occasione,
1401 2124 1457 2166 ut
1501 2113 1623 2184 quia
1665 2113 1728 2170 li-
1829 2126 1990 2165 xxxvt
2018 2111 2225 2165 dierum
2273 2111 2452 2166 indico
2478 2111 2862 2166 abstinentiam
2895 2117 2942 2163 ει.
2986 2107 3118 2165 Nam
3157 2110 3284 2181 quid
3315 2126 3438 2181 pro-

158 2205 293 2260 citum
336 2215 416 2262 est
467 2205 623 2262 vobis
669 2207 922 2261 earnibus
977 2206 1154 2271 vesci,
1209 2206 1412 2262 licitum
1462 2207 1532 2262 sit
1560 2207 1724 2263 etiam
1828 2201 1950 2260 dest
1975 2203 2249 2260 abstinere
2277 2221 2305 2259 a
2335 2203 2590 2259 carnibus
2613 2246 2626 2269 ,
2658 2213 2713 2259 et
2740 2203 2975 2258 carnalia
3008 2218 3172 2274 Opera
3205 2220 3310 2257 non
3344 2204 3438 2258 de-

157 2300 306 2354 carnis
330 2300 698 2368 volutatatibus
731 2299 831 2354 ttti.
878 2301 1002 2355 llaec
1049 2299 1195 2355 enim
1226 2317 1387 2370 opera
1423 2317 1527 2355 non
1569 2300 1725 2356 Cbri-
1831 2297 2070 2368 ponere?
2100 2297 2202 2367 Qui
2237 2298 2380 2354 enim
2427 2306 2540 2352 toto
2565 2314 2708 2351 anno
2755 2297 2805 2352 in
2851 2295 2934 2351 his
2963 2305 3016 2352 et
3061 2297 3182 2352 aliis
3229 2295 3436 2352 deliciis

157 2393 415 2447 stianorum
473 2402 643 2461 sunt,
676 2391 770 2447 sed
800 2407 1151 2463 paganorum.
1183 2392 1379 2465 Pagani
1424 2394 1599 2458 enim,
1635 2393 1724 2464 qui
1829 2396 2038 2467 positus
2068 2395 2253 2451 vixisti
2279 2439 2293 2463 ,
2323 2395 2516 2451 saltem
2565 2394 2619 2449 in
2652 2395 2753 2450 hoc
2791 2408 2957 2465 parvo
2987 2393 3162 2464 Spalio
3193 2408 3292 2464 pro
3321 2391 3434 2447 Deo

156 2496 197 2540 el
220 2487 427 2557 gentiles
453 2496 742 2553 Vncanlur,
777 2487 1005 2541 deorum
1035 2503 1258 2548 Sllttl'um
1283 2529 1296 2551 ,
1336 2485 1387 2541 id
1419 2495 1499 2541 est
1529 2485 1682 2542 Jovis
1705 2529 1721 2555 ,
1829 2505 2044 2546 cessare
2070 2491 2257 2546 debes.
2283 2489 2393 2545 Cur
2417 2489 2560 2546 enim
2590 2489 2674 2545 vir
2699 2506 2727 2544 a
2760 2489 2962 2544 virtute
2990 2488 3236 2559 corporis
3275 2502 3436 2542 voca-

156 2579 374 2648 Saturni,
405 2579 666 2634 Minervze
697 2591 748 2633 et
782 2579 1006 2634 Veneris
1052 2579 1395 2634 festivitatem
1441 2578 1680 2634 eolentes
1706 2623 1720 2647 ,
1830 2584 1904 2638 ris
1925 2627 1941 2652 ,
1968 2583 2011 2640 si
2043 2585 2184 2639 hanc
2208 2584 2460 2638 virtutem
2497 2583 2549 2638 in
2579 2583 2762 2637 animo
2792 2598 2896 2636 non
2929 2579 3217 2647 habueris,
3252 2591 3306 2633 ut
3340 2595 3435 2649 pro

157 2683 254 2743 post
279 2674 592 2728 immensam
622 2672 728 2729 cibi
755 2681 812 2727 et
853 2681 1015 2745 potus
1047 2672 1396 2727 voracitatem
1437 2682 1726 2744 turpesque
1831 2675 1973 2744 Deo,
2015 2677 2100 2747 qui
2135 2675 2228 2731 tibi
2261 2681 2455 2731 cuncta
2475 2675 2649 2737 dedit,
2683 2681 2738 2729 et
2766 2689 2795 2728 a
2826 2687 2930 2744 quo
2961 2671 3200 2743 quotidie.
3231 2670 3434 2741 majora

154 2770 584 2834 comessationes,
617 2767 682 2822 ad
729 2765 998 2822 theatrum
1021 2810 1034 2833 ,
1069 2766 1210 2836 quod
1261 2775 1315 2821 et
1355 2766 1580 2837 lupanar
1628 2782 1726 2822 vo-
1830 2768 1996 2839 petis,
2031 2768 2149 2824 dcci
2176 2784 2239 2822 na
2276 2779 2426 2838 parte
2450 2767 2575 2821 anui
2602 2765 2852 2836 jcjunare
2879 2781 2984 2819 non
3015 2761 3222 2834 possis?

154 2873 305 2928 catur,
339 2859 479 2917 foras
503 2861 778 2916 civitatem
808 2861 1205 2916 conveniebant
1233 2879 1243 2914 :
1277 2859 1456 2929 ibique
1489 2859 1722 2930 primum
1900 2863 1952 2918 5.
1996 2861 2127 2916 Nam
2175 2861 2417 2933 quisquis
2457 2860 2726 2916 subtiliter
2759 2860 3028 2924 intuetur,
3063 2874 3168 2912 non
3201 2856 3436 2926 amplius

149 2951 263 3020 jocis
284 2953 473 3018 diversi
501 2951 753 3024 generis,
785 2951 851 3006 ad
882 2952 1126 3006 ultimum
1155 2967 1278 3006 cum
1311 2951 1684 3006 meretricibus
1707 2993 1721 3016 ,
1828 2973 1988 3028 quam
2023 2973 2187 3011 mm
2218 2954 2485 3030 dies,.qui
2536 2963 2660 3009 sunt
2689 2953 2919 3009 decimae
2962 2953 3088 3006 anni
3115 2994 3129 3018 ,
3159 2952 3212 3008 in
3245 2949 3436 3006 eadem

155 3061 251 3112 qua:
279 3045 326 3100 in
349 3046 601 3102 cavernis
622 3043 867 3116 ejusdem
893 3045 1086 3100 theatri
1111 3045 1369 3106 latebant,
1399 3043 1723 3099 luxuriaudo
1829 3049 2158 3104 abstinentia
2208 3047 2572 3118 reperiuntur.
2621 3043 2753 3100 Cum
2813 3046 2957 3101 enim
3007 3059 3182 3099 annus
3230 3044 3440 3114 integer
3485 3064 3489 3066 ·

154 3150 348 3207 corpora
379 3137 702 3210 fatigabant.
733 3137 814 3191 Ad
849 3139 984 3191 banc
1023 3137 1187 3204 igitur
1226 3135 1572 3205 turpitudinis
1617 3137 1720 3189 im-
1829 3156 2054 3198 ccccxvr
2083 3139 2275 3194 diebus
2306 3146 2559 3203 constet,
2593 3137 2636 3193 si
2668 3135 3059 3192 subtrahuntur
3085 3150 3318 3201 cccxxx,
3355 3141 3437 3188 to-

155 3232 434 3287 mnnditiam
453 3276 467 3296 ,
491 3245 553 3288 ut
573 3231 798 3287 Orosius
821 3231 1017 3286 Paulus
1041 3240 1254 3296 narrat,
1285 3231 1424 3284 idem
1451 3229 1722 3296 diabolus,
1751 3213 1800 3284 C
1832 3236 1996 3289 tidem
2026 3242 2156 3305 quot
2183 3233 2292 3288 dixi
2323 3231 2682 3303 dies,jejunio
2703 3238 3044 3288 consecrant.
3077 3227 3278 3284 Horum
3307 3243 3438 3299 ergo

153 3337 285 3392 quem
317 3327 603 3388 colt-bant,
657 3325 778 3379 illos
815 3324 1172 3395 provocabat;
1217 3331 1275 3376 ut
1315 3323 1401 3378 cui
1446 3321 1729 3378 solvebant
1831 3343 1925 3382 sex
1979 3326 2188 3381 dierum
2214 3367 2229 3390 ,
2270 3324 2359 3394 qui
2394 3323 2556 3380 etiam
2601 3339 2723 3378 cum
2769 3323 2880 3377 suis
2910 3322 3156 3376 noetibus
3185 3337 3251 3378 CL
3286 3319 3437 3376 horis

155 3417 446 3473 sacrificium
485 3419 560 3474 de
602 3417 836 3472 victimis
866 3416 1174 3471 animalium
1199 3457 1213 3482 ,
1244 3415 1519 3470 solverent
1559 3415 1724 3470 etiam
1829 3427 2102 3484 constant,
2127 3418 2331 3473 decima
2356 3433 2482 3489 pars
2516 3432 2586 3472 xv
2617 3417 2763 3470 IIOI‘J}
2786 3423 2930 3470 sunt.
2965 3413 3070 3471 Sed
3097 3415 3218 3486 quia
3250 3430 3318 3470 ex
3350 3414 3432 3485 ip-

153 3513 442 3568 sacrilicium
473 3515 547 3570 de
577 3513 781 3568 viribus
809 3512 1147 3583 propriorum
1180 3525 1493 3581 corporum.
1527 3508 1723 3564 Diabo-
1829 3515 1904 3568 sis
1933 3515 2195 3584 integram
2227 3511 2368 3566 diem
2401 3525 2522 3566 cum
2569 3508 2815 3580 sequenti
2848 3517 3004 3564 nocte
3039 3507 3296 3579 colligere
3327 3524 3435 3563 non

153 3601 220 3659 ius
247 3607 375 3661 enim
408 3609 648 3678 pollutus
681 3617 734 3661 et
766 3606 1076 3662 immundus
1106 3616 1212 3671 est,
1247 3605 1504 3676 pollutum
1533 3613 1588 3660 et
1618 3603 1722 3658 im~
1829 3608 2072 3662 valemus
2094 3649 2108 3671 ,
2165 3621 2326 3676 quam
2348 3603 2591 3674 fprasfato
2635 3617 2866 3657 numero
2921 3600 3180 3656 addentes
3225 3601 3432 3671 jejunio

153 3700 378 3755 mundum
409 3701 740 3757 sacrificium
785 3701 883 3755 sibi
929 3701 1199 3769 requirit:
1247 3700 1387 3754 unde
1419 3699 1678 3770 pelliceus
1703 3741 1719 3767 ,
1829 3701 2234 3771 mancipcmus,
2264 3714 2388 3756 usus
2427 3696 2828 3753 ecclesiasticus
2870 3696 3171 3762 statuit,ut
3197 3693 3339 3766 quod
3381 3696 3434 3751 in

147 3789 194 3842 id
220 3802 290 3848 est
315 3794 464 3864 pellis
495 3794 671 3866 gratia
706 3794 1120 3863 interpretatur,
1153 3791 1274 3864 quia
1312 3791 1536 3846 mullunt
1568 3791 1724 3846 luxu-
1829 3791 1920 3848 illa
1945 3807 2049 3848 non
2075 3791 2318 3848 redditur
2339 3833 2351 3857 ,
2387 3791 2438 3845 in
2481 3781 2770 3845 dominicis
2801 3787 2993 3845 diebus
3025 3788 3266 3858 ejusdem
3298 3798 3437 3844 tem-

152 3881 214 3937 ria
247 3885 574 3954 delectatur,
617 3901 736 3957 quae
787 3887 942 3958 pellis
988 3885 1390 3957 pulchritudine
1429 3885 1718 3942 excitatur.
1829 3886 1996 3957 poris,
2025 3902 2051 3939 a
2077 3900 2242 3941 carne
2264 3895 2364 3940 eta
2394 3882 2706 3942 carnalibus
2727 3881 3432 3953 voluptatibusjejunando,

151 3974 238 4031 Sed
263 3987 510 4050 quantum
545 3981 713 4036 distat
740 3981 880 4036 inter
905 3981 1220 4036 servitutem
1264 3980 1358 4036 Dei
1399 3987 1452 4035 et
1482 3979 1718 4044 diaboli,
1828 3983 2209 4054 adimpleatur.
2241 3981 2297 4036 in
2333 3981 2416 4036 his
2440 3983 2666 4044 etenim,
2691 3979 2816 4046 quia
2840 3979 2890 4034 in
2926 3978 3043 4050 ipso
3075 3979 3172 4034 Del
3204 3978 3426 4033 nomine

150 4075 330 4128 tantum
359 4075 498 4132 inter
528 4076 695 4129 vitam
729 4074 942 4130 illorum
984 4076 1076 4147 qui
1104 4091 1132 4128 a
1177 4074 1395 4130 CbriSto
1421 4075 1721 4132 Christiani
1827 4079 2024 4133 sacrati
2064 4085 2220 4141 sunt,
2255 4075 2598 4145 refrigerium
2640 4074 2746 4128 cibi
2778 4069 3110 4142 impenditur
3132 4079 3185 4125 et
3214 4071 3430 4125 licentia

150 4161 399 4234 dicuntur,
432 4179 485 4225 et
515 4169 729 4223 illorum
761 4170 850 4240 qui
891 4169 1107 4224 diabolo
1137 4169 1333 4224 subditi
1382 4171 1433 4225 in
1467 4169 1719 4225 omnibus
1827 4172 2086 4241 peccandi
2133 4170 2486 4227 subtrahitur.
2531 4167 2699 4222 Datur
2740 4165 2932 4231 nobis,
2964 4164 3106 4235 quod
3151 4164 3312 4217 vitam
3353 4161 3435 4216 af-

151 4253 462 4317 famulantur.
496 4261 729 4334 Propter
757 4261 859 4317 hoc
885 4259 1210 4318 cessandum
1242 4271 1355 4334 est,
1387 4259 1608 4330 fratres,
1653 4263 1720 4320 ab
1827 4263 1936 4320 fert
1964 4275 2017 4320 et
2049 4264 2245 4319 melius
2291 4273 2412 4327 est;
2442 4258 2775 4315 subtrahitur
2809 4255 2986 4323 nobis,
3018 4253 3162 4326 quod
3195 4263 3425 4308 mortem

151 4345 231 4403 hac
250 4361 298 4405 et
325 4353 389 4410 ab
409 4355 559 4408 ouini
590 4356 729 4409 mala
751 4354 1142 4410 consuetudine
1171 4355 1421 4426 prmsenti
1449 4354 1556 4421 die,
1583 4370 1718 4426 quo-
1827 4357 1984 4413 affert
2011 4365 2062 4413 et
2098 4356 2247 4427 pejus
2278 4363 2380 4410 est.
2426 4353 2580 4420 Quod
2622 4352 2666 4407 sl
2701 4350 2799 4406 hos
2834 4347 2976 4403 vitiis
3015 4359 3071 4403 et
3105 4347 3308 4403 carnali
3349 4347 3433 4402 in—

150 4438 266 4496 niam
297 4444 406 4500 lucc
438 4445 562 4504 dies
583 4463 688 4502 non
721 4449 894 4503 solum
924 4459 1082 4518 caput
1117 4459 1196 4503 est
1221 4449 1551 4518 jejuniorum
1575 4491 1589 4514 ,
1623 4450 1716 4505 sed
1827 4454 2180 4524 quiuamento
2212 4466 2316 4503 non
2349 4445 2722 4517 polluerimus,
2759 4439 3004 4514 profecto
3033 4457 3094 4496 ex
3129 4440 3212 4495 bis
3245 4441 3435 4511 plenas

149 4533 286 4590 etiam
306 4541 647 4595 saeculorum.
673 4541 765 4596 Est
791 4542 970 4612 itaque
998 4558 1192 4613 magno
1214 4543 1356 4598 cultu
1379 4553 1434 4598 et
1457 4544 1720 4615 religione
1749 4611 1796 4617 _
1830 4548 2019 4617 integri
2050 4546 2172 4599 anni
2197 4543 2436 4600 decimas
2468 4548 2858 4596 restauramus.
2903 4535 3010 4594 Sed
3047 4537 3302 4608 quoniam
3336 4553 3438 4592 no-

151 4633 420 4689 reueranda
441 4677 456 4701 ,
488 4643 544 4691 et
585 4651 690 4690 non
724 4635 1026 4690 libidinosis
1067 4637 1434 4708 voluptatibus
1469 4638 1723 4708 polluen-
1749 4611 1806 4674 Ῑ)
1833 4641 1914 4699 his
1938 4655 2093 4695 sacro
2117 4637 2267 4694 fonte
2297 4635 2645 4708 regeneralis,
2672 4642 2726 4689 et
2755 4648 2859 4688 non
2883 4633 2988 4704 jam
3020 4631 3307 4700 figurativi,
3338 4631 3435 4687 sed

149 4718 220 4786 da,
265 4727 380 4796 quia
436 4729 659 4783 nomine
707 4735 760 4783 et
799 4729 1061 4802 mysterio
1109 4745 1218 4799 prae
1248 4731 1460 4784 cieri-ris
1511 4730 1724 4786 videtur
1831 4732 1946 4790 veri
1977 4733 2100 4804 agni
2141 4747 2334 4786 carnes
2365 4727 2806 4802 degustantibus,
2838 4725 3040 4782 dictum
3071 4725 3138 4781 ab
3169 4727 3288 4795 ipso
3333 4725 3436 4779 Do-

149 4828 248 4870 esse
267 4811 738 4878 sacrata.Vocatnr
759 4831 939 4878 autem
970 4839 1000 4878 a
1028 4823 1255 4878 Domino
1283 4824 1400 4880 dies
1421 4825 1718 4894 dominica,
1828 4831 2004 4895 mino,
2048 4828 2148 4883 nisi
2171 4824 2500 4881 abundaverit
2535 4823 2748 4894 jnstitt‘a
2782 4833 2950 4876 vestra
2975 4819 3252 4892 plusquam
3284 4815 3431 4874 Scri-

149 4911 268 4975 quod
292 4929 404 4970 eam
437 4917 490 4972 in
523 4918 717 4973 ordine
747 4917 954 4973 dierum
987 4919 1211 4990 primam
1243 4903 1421 4988 posuit
1447 4963 1460 4986 ,
1491 4933 1544 4976 et
1577 4923 1720 4992 quod
1830 4923 2005 4978 barum
2072 4931 2118 4976 et
2165 4917 2583 4984 I’Itat'isworunt,
2640 4933 2741 4970 non
2796 4913 3054 4969 intrabitis
3111 4911 3167 4966 in
3220 4923 3433 4982 regnum

147 5013 369 5073 Superata
396 5019 599 5073 morte,
631 5025 789 5080 quam
824 5027 922 5079 pro
962 5012 1117 5067 nobis
1158 5012 1395 5084 indignis
1437 5007 1717 5087 suscepit,
1829 5018 2105 5082 caelorum;
2144 5014 2326 5070 statuit
2354 5012 2649 5068 christiana
2688 5008 2898 5078 religio,
2923 5015 2979 5061 ut
3008 5021 3114 5060 non
3138 5005 3310 5058 solum
3337 5002 3437 5058 hos

148 5095 366 5171 victoque
396 5104 648 5171 inimico,
693 5104 757 5158 de
787 5105 940 5176 cujus
970 5121 1068 5159 nos
1101 5114 1370 5174 potestate
1401 5107 1617 5177 rapuit,
1661 5107 1715 5162 in
1831 5112 2050 5182 triginta
2097 5125 2192 5165 sex
2240 5117 2458 5177 propter
2497 5104 2626 5158 anni
2657 5102 2936 5167 decimas,
2975 5099 3069 5155 sed
3100 5098 3260 5153 etiam
3308 5107 3434 5150 cum

148 5203 197 5244 ea
223 5203 458 5262 potenter
487 5211 518 5251 a
549 5199 773 5252 martuis
820 5201 1154 5264 resurrexit,
1188 5207 1242 5254 et
1287 5201 1337 5254 in
1372 5200 1578 5258 honore
1605 5218 1718 5257 sure
1829 5206 1936 5272 his,
1959 5215 2191 5277 quatuor
2219 5203 2308 5274 qui
2349 5217 2376 5254 a
2433 5198 2611 5268 Capite
2651 5194 2847 5266 jejunii
2891 5192 3146 5248 inclinant
3168 5232 3181 5255 ,
3215 5193 3440 5259 prepter

149 5289 539 5344 resurrectionis
569 5289 722 5345 nobis
751 5291 894 5356 illam
923 5293 1206 5348 colendam
1238 5294 1536 5348 constituit.
1573 5295 1718 5363 Quo—
1830 5301 1962 5357 tanti
1985 5297 2228 5371 mysterii
2255 5293 2667 5368 perfectionem,
2699 5303 2768 5343 χι
2791 5288 2910 5343 dies
2942 5287 2994 5341 iu
3021 5283 3284 5354 jejunium
3313 5295 3438 5336 mu-

148 5381 288 5437 modo
327 5384 484 5454 igitur
529 5387 775 5455 cupimus
803 5401 829 5439 a
862 5395 1036 5442 morte
1079 5387 1274 5442 animae
1303 5403 1587 5460 resurgere
1611 5431 1625 5456 ,
1675 5388 1722 5443 si
1827 5404 1987 5462 taret.
2013 5391 2127 5448 Hoc
2159 5390 2356 5446 etenim
2390 5381 2858 5458 quadragesimaie
2881 5376 3147 5452 jejunium
3183 5389 3440 5442 magnam

147 5468 268 5527 diem
294 5478 706 5533 resurrectionis
731 5479 1012 5562 dominica!
1037 5481 1289 5537 nolumus
1321 5480 1628 5538 lmuorare?
1654 5481 1723 5538 Et
1830 5491 2212 5548 auctoritatem
2251 5485 2413 5541 habet
2445 5491 2498 5538 et
2528 5496 2558 5536 a
2602 5479 2746 5551 Lege
2787 5488 2840 5532 cl
2885 5489 2914 5530 8
2952 5469 3240 5541 Ρΐορὶιοίῖε
3269 5479 3322 5524 εί
3368 5467 3442 5525 3"

149 5575 235 5631 qua
278 5569 485 5627 ratione
543 5581 789 5643 putamus
838 5584 1047 5631 mentes
1099 5585 1313 5632 nostras
1366 5593 1460 5647 per
1512 5577 1718 5650 jcjunia
1831 5583 2155 5656 Evangelio.
2184 5580 2316 5637 Nam
2348 5576 2624 5650 legislator
2657 5573 2894 5644 Moyses,
2924 5575 2982 5622 ut
3008 5566 3181 5637 legem
3223 5563 3442 5633 accipe4

210 5699 592 5795 ἛΫξίΞξίηιυψ
619 5722 721 5795 εει)
751 5715 1722 5795 cogittgalemquadragesimalitem-
1833 5737 1964 5795 pere
2005 5735 2127 5795 esse
2165 5715 2605 5795 commendatam
2632 5753 2654 5795 ,_
2687 5707 3092 5795 qttainvisgeam
3142 5717 3436 5774 numquam

153 5782 276 5864 agre
289 5775 670 5864 abstinentiam
697 5775 756 5840 in
793 5775 1142 5844 di'véaorunt'
1162 5775 1388 5864 gaudia
1410 5789 1647 5848 hmitiis
1666 5799 1727 5848 οι
1834 5775 2166 5850 agitasse.
2185 5787 2478 5864 imperavit
2499 5775 2748 5843 districta
2771 5778 3040 5838 Ecclesia.

149 5857 506 5917 cpisc0porum
543 5865 778 5911 veterum
807 5860 1243 5918 sacramentariis
1270 5861 1470 5934 eliquat
1501 5877 1730 5933 magno-
