3972 6352
544 296 648 353 6ιῖ

1043 289 1475 351 ΜΟΝΗΜΕΝΤΑ
1515 287 1796 348 VETERA
1843 285 1933 343 AD
1973 284 2145 342 ARIAI

2254 279 2382 339 ωλι
2425 277 2823 338 DOCTRINAM
2862 274 3349 336 PERTINENTIA.
3735 276 3825 335 διε

542 418 628 465 ret
649 450 665 477 ,
691 423 756 463 xt.
791 405 980 463 diebus
1003 406 1287 478 jejunavit.
1334 404 1597 462 Similiter
1649 403 1828 459 Ilelias
1869 403 2146 457 maximus
2173 403 2224 462 Α
2252 395 2406 453 Unde
2445 408 2530 454 est
2560 415 2572 453 :
2605 377 2934 464 Sacriﬁcium
2977 395 3088 451 Deo
3117 396 3329 467 spiritus
3359 390 3740 447 rontribulatus.
3773 393 3826 448 Et

544 502 960 573 Prophetarum,
994 503 1082 572 qui
1105 517 1265 556 curru
1293 502 1450 572 igneo
1474 501 1587 570 rapi
1619 502 1815 555 meruit
1835 499 1886 553 in
1911 499 2107 554 omium
2128 537 2143 561 ,

549 612 671 652 cum
699 597 1128 668 persequebatur
1152 611 1184 652 a
1207 595 1424 651 Jezabel
1443 638 1457 663 ,
1488 595 1735 666 angelico
1763 594 1992 664 primum
2027 592 2149 646 cibo

545 697 752 763 pastus,
782 696 970 758 postea
1001 688 1227 743 totidem
1257 687 1327 742 ab
1357 688 1504 742 omni
1536 702 1662 743 esca
1693 670 1954 741 abstinuit
1987 693 2036 738 ⁸.

711 825 947 882 SERMO
984 824 1071 880 111.
1115 826 1183 882 ΙΝ
1223 824 1557 883 DOMINICA
1598 822 1974 881 PASSIONIS.

622 960 674 1013 I.
712 958 1016 1015 Decedente
1041 960 1152 1028 jam
1196 959 1633 1030 Quadragesimre
1659 965 1935 1027 tempore,
1966 963 2021 1010 et
2060 969 2153 1024 ap-

548 1051 1038 1124 propinquantibus
1057 1052 1438 1108 sacratissima:
1459 1051 1896 1108 Resurrectionis
1919 1047 2152 1120 gaudiis,

549 1151 754 1206 mentio
795 1149 1088 1205 Dominica:
1133 1151 1403 1222 passionis
1449 1151 1627 1216 nobis,
1665 1149 2000 1205 dilectissimi
2049 1147 2155 1203 fra-

551 1255 683 1313 tres,
715 1247 994 1304 annuatim
1022 1249 1278 1315 occurrit,
1312 1265 1433 1320 qua:
1457 1247 1817 1304 ttniverSaIem
1848 1245 2152 1301 Ecclesiam

2254 495 2379 549 licet
2404 492 2737 564 impOSsibile
2771 493 2840 547 sit
2874 507 3193 562 corpoream
3223 488 3569 560 fragilitatem
3611 496 3822 542 nostrain

2255 587 2404 658 sequi
2421 586 2561 641 illitis
2584 586 2907 641 immensam
2934 582 3216 650 deitatem,
3242 582 3381 638 bene
3403 589 3581 636 tamen
3603 595 3719 636 eum
3746 595 3825 651 pro

2254 679 2478 734 modulo
2511 678 2866 734 humanitatis
2892 676 3206 749 sequimur,
3233 679 3276 730 sl
3307 674 3436 729 vitia
3464 673 3705 744 corporis
3747 688 3826 742 per

2249 772 2513 844 jejunium
2551 779 2608 827 et
2651 774 2927 826 orationes
2975 779 3139 841 atque
3182 769 3393 838 vigilias
3431 777 3719 821 mactamus
3750 782 3761 818 :
3787 766 3823 820 si

2256 866 2442 921 mundi
2467 875 2523 921 et
2550 865 2702 920 nitidi
2732 880 2916 921 coram
2949 864 3066 935 ejus
3094 863 3268 918 oculis
3296 878 3517 918 manere
3539 862 3822 934 gaudemus.

2256 957 2413 1015 Unde
2441 959 2701 1031 prepheta
2731 975 2742 1012 :
2777 956 3070 1024 Lavamiui,
3106 957 3285 1010 mumli
3314 966 3492 1022 estote,
3523 965 3572 1010 et
3601 956 3796 1026 reliqua.

2326 1053 2381 1106 2.
2424 1053 2530 1108 Sed
2580 1053 2854 1123 quomodo
2899 1050 3215 1106 imminente
3258 1050 3408 1106 rabie
3450 1050 3823 1120 persecutoris.

2259 1147 2420 1202 vitam
2461 1162 2558 1216 pro
2594 1161 2662 1201 eo
2703 1143 2929 1216 posituri
2969 1160 3190 1210 sumus,
3223 1144 3313 1214 qtti
3349 1159 3448 1214 pro
3485 1142 3601 1212 ejus
3635 1156 3824 1204 amore,

2258 1239 2452 1296 saltem
2479 1253 2651 1309 pauco
2683 1247 2930 1308 tempore
2955 1253 2985 1290 a
3016 1237 3158 1292 vitiis
3194 1246 3249 1291 et
3282 1253 3310 1289 a
3335 1234 3667 1311 quibuslibet
3713 1231 3856 1290 cibis‘

554 1340 716 1398 hodie
743 1343 1046 1414 lacrymoso
1073 1341 1249 1398 relatu
1280 1341 1545 1412 percellit.
1572 1342 1639 1396 Et
1665 1341 1912 1412 quamvis
1937 1338 2155 1409 plurimi
2251 1332 2501 1405 jejunare
2566 1349 2672 1387 non
2714 1331 3045 1402 possumus?
3104 1329 3161 1384 In
3199 1347 3305 1400 quo
3352 1329 3513 1400 igitur
3551 1331 3826 1400 passionem

544 1433 662 1489 dies
687 1434 965 1503 supersint
984 1435 1052 1489 ab
1081 1433 1180 1489 hac
1221 1450 1390 1504 usque
1438 1434 1504 1489 ad
1535 1435 1678 1490 illam
1699 1477 1714 1501 ,
1736 1450 1858 1505 quae
1878 1442 2154 1489 auctorem

546 1539 705 1581 suum
735 1525 1057 1581 crucifixum
1093 1526 1405 1598 specialiter
1435 1525 1620 1581 videre
1651 1528 1882 1592 meruit;
1920 1536 2099 1581 tamen
2126 1540 2157 1580 a

545 1620 755 1676 sanctis
794 1620 1036 1690 patribus
1073 1635 1171 1690 per
1213 1619 1311 1676 hos
1356 1621 1473 1676 dies
1496 1663 1510 1687 ,
1536 1622 1629 1688 qui
1666 1629 1985 1691 sequuntur,
2019 1619 2154 1674 reci-

547 1713 710 1769 tanda
755 1713 909 1769 nobis
951 1713 1144 1770 eadem
1198 1714 1376 1785 passio
1414 1715 1815 1780 committitur,
1845 1716 2082 1770 maxime
2125 1728 2156 1767 a

2261 1428 2405 1482 illius
2436 1427 2742 1493 imitamur,
2773 1425 2864 1496 qui
2895 1440 2924 1480 a
2965 1424 3131 1480 nullis
3165 1424 3444 1495 spurcitiis
3472 1438 3697 1494 corpora
3723 1438 3828 1493 pro-

2262 1519 2548 1576 hibemus?
2574 1519 2801 1590 Insuper
2823 1519 3021 1574 etenim
3039 1559 3054 1584 ,
3081 1518 3223 1589 quod
3248 1517 3400 1589 pejus
3453 1526 3539 1573 est
3557 1559 3571 1583 ,
3620 1532 3830 1588 praecep-

2261 1614 2330 1668 tis
2359 1614 2499 1668 illius
2526 1613 2743 1668 fortiter
2772 1623 3169 1682 repugnantes,
3203 1609 3356 1681 quasi
3389 1609 3610 1666 inimico
3637 1617 3827 1665 contra-

2262 1705 2327 1760 rii
2358 1720 2566 1761 sumus.
2609 1703 2743 1758 Nam
2770 1704 3038 1759 clamante
3063 1718 3129 1758 eo
3173 1703 3225 1757 in
3264 1702 3443 1758 Veteri
3476 1703 3827 1757 Testamento:

551 1803 712 1860 beato
740 1803 1027 1875 Gregorio,
1051 1805 1142 1876 qui
1175 1806 1225 1860 itt
1254 1806 1509 1861 omnibus
1535 1805 1918 1861 ecclesiasticis
1942 1805 2155 1873 ofﬁciis,
2188 1813 2235 1874 Β
2264 1798 2381 1854 Non
2411 1798 2659 1865 occides,
2721 1799 2829 1852 non
2885 1796 3086 1852 furtum
3135 1796 3332 1864 facies}
3381 1805 3437 1852 et
3487 1805 3680 1852 cwlera
3719 1796 3831 1867 legis

547 1895 758 1952 diurnis
785 1897 993 1954 scilicet
1025 1906 1078 1953 et
1102 1898 1528 1964 noctnrnalibus,
1567 1899 1694 1954 hinc
1725 1914 1892 1969 usque
1922 1898 1990 1952 ad
2023 1897 2152 1953 Pas-

548 1988 708 2046 chale
730 1988 950 2058 festum,
983 1991 1147 2046 verba
1170 2002 1223 2046 et
1251 1992 1451 2047 luctum
1484 1992 1752 2062 passionis
1785 1993 1992 2048 inducit
2024 2009 2036 2044 :
2071 1991 2154 2047 in-

549 2082 774 2137 sinuans
804 2097 902 2138 nos
946 2098 1044 2154 pro
1070 2083 1163 2138 illo
1207 2083 1405 2140 debere
1438 2083 1603 2152 ﬂere,
1636 2087 1752 2140 sine
1792 2099 1902 2157 quo
1947 2085 2149 2140 nullam

549 2173 793 2230 laetitiam
821 2174 1054 2245 perfecte
1077 2191 1364 2246 possumus
1392 2177 1612 2233 habere.
1648 2177 1985 2248 Quicumque
2023 2191 2152 2249 ergo

547 2264 932 2335 Redemptoris
973 2267 1146 2324 nostri
1175 2269 1416 2325 membra
1449 2271 1564 2327 fore
1607 2271 1928 2326 confidimus
1949 2313 1964 2338 ,
1993 2270 2150 2326 dolo-

549 2375 663 2416 rem
704 2361 1044 2433 et_injuriam
1086 2363 1217 2418 tanti
1258 2365 1450 2433 capitis
1476 2364 1798 2420 sentiamus.
1832 2363 1989 2420 Unde
2025 2381 2153 2434 pro-

547 2452 711 2525 pheta
745 2472 758 2508 :
795 2454 963 2510 Omne
1000 2466 1154 2528 caput
1184 2455 1486 2528 languidum
1508 2499 1522 2524 ,
1555 2467 1604 2512 et
1626 2474 1775 2512 omne
1794 2474 1883 2512 cor
1906 2473 2152 2524 merens;

547 2564 580 2601 a
605 2549 784 2620 planta
812 2548 958 2620 pedis
987 2565 1143 2621 usque
1169 2549 1239 2604 ad
1270 2551 1508 2605 uerticem
1535 2539 1637 2606 nou
1662 2561 1735 2606 est
1761 2552 1815 2605 iu
1842 2567 1901 2605 eo
1932 2552 2148 2606 sanitas.

550 2640 618 2698 Et
636 2642 932 2712 Apostolus
957 2660 970 2696 :
1005 2643 1068 2697 Si
1091 2646 1287 2716 patitur
1312 2661 1469 2699 unum
1491 2646 1800 2711 membrum,
1826 2647 2149 2718 compatiun-

551 2743 636 2789 tur
663 2736 840 2790 Omnia
882 2737 1128 2791 membra.
1161 2737 1297 2807 Quia
1325 2753 1456 2795 vero
1496 2740 1658 2795 altius
1691 2749 1748 2795 et
1782 2739 2154 2796 honorabilins

549 2831 853 2886 membrum
877 2873 893 2899 ,
915 2829 1189 2888 Christum
1225 2833 1514 2901 videlicet,
1547 2834 1639 2906 qui
1681 2844 1841 2906 caput
1883 2843 1940 2891 et
1967 2847 2152 2891 vertex

549 2930 738 2976 noster
757 2930 863 2991 est,
897 2937 1111 2994 passum
1144 2924 1309 2980 fuisse
1338 2927 1751 2997 cognoscimus,
1783 2941 1882 2982 nos
1910 2927 2153 2983 membra

548 3010 806 3068 inferiora
847 3021 970 3070 cum
1001 3029 1068 3072 eo
1100 3017 1368 3086 patiamur
1402 3034 1415 3071 :
1446 3017 1681 3073 maxime
1726 3034 1850 3074 eum
1901 3033 2008 3074 non
2055 3034 2153 3090 pro

549 3108 789 3180 qualibet
830 3111 912 3166 sui
948 3112 1224 3167 commissi
1273 3111 1460 3184 culpa,
1489 3112 1586 3168 sed
1635 3128 1732 3184 pro
1779 3111 2153 3184 redemptione

2262 1903 2554 1964 princepta;
2587 1891 2750 1948 veluti
2783 1893 2917 1960 iram
2945 1891 3090 1946 illius
3130 1901 3321 1946 contra
3345 1907 3446 1947 nos
3473 1901 3827 1962 provocantes,

2262 1986 2436 2040 insani
2477 1995 2531 2042 et
2561 1995 2808 2040 amentes
2844 1996 2899 2040 et
2936 1984 3305 2052 mmchantnr,
3345 1995 3401 2042 et
3431 1985 3748 2051 occidimus,
3785 1995 3831 2040 et

2261 2081 2460 2137 furtum
2511 2081 2737 2136 facimus
2766 2098 2778 2133 :
2822 2083 3044 2151 insuper
3074 2081 3254 2136 omnia
3297 2080 3458 2147 vitia,
3488 2096 3596 2152 quo
3625 2080 3832 2150 amplius

2261 2174 2416 2230 nobis
2448 2175 2714 2246 prohibita
2749 2183 2876 2230 sunt
2897 2215 2910 2241 ,
2941 2189 3006 2230 eo
3037 2175 3206 2245 magis
3233 2173 3388 2244 sequi
3416 2185 3468 2230 et
3491 2189 3672 2228 amare
3699 2187 3832 2227 cura-

2260 2286 2399 2326 mus.
2442 2269 2705 2326 Similiter
2733 2271 2971 2325 minante
3001 2284 3067 2325 eo
3112 2268 3165 2324 in
3196 2284 3338 2324 novo
3365 2267 3640 2339 Evangelii
3667 2266 3832 2322 Testa-

2259 2374 2444 2419 mento
2473 2381 2486 2417 :
2520 2363 2697 2418 omnis
2719 2404 2733 2428 ,
2769 2361 2861 2434 qui
2895 2361 3094 2418 dixerit
3133 2361 3286 2416 fratri
3325 2375 3425 2416 suo
3456 2360 3648 2426 racha,
3677 2370 3728 2415 et
3755 2357 3830 2430 qni

2257 2458 2455 2513 dixerit
2491 2456 2638 2512 fatue
2659 2498 2672 2521 ,
2703 2472 2831 2512 reus
2872 2457 2978 2511 erit
3011 2455 3278 2526 gehentuc
3319 2456 3494 2526 ignis;
3525 2470 3624 2510 nos
3663 2470 3692 2510 e
3719 2470 3829 2508 con-

2259 2559 2342 2607 tra
2369 2551 2486 2607 zelo
2514 2550 2733 2606 invidia:
2766 2550 2929 2618 tacti,
2959 2549 3138 2604 omnia
3168 2548 3622 2619 improperiorum
3668 2546 3830 2604 eonvi-

2256 2646 2338 2700 cia
2367 2643 2623 2700 fratribus
2645 2644 2846 2698 nostris
2875 2643 3109 2713 superbe
3149 2652 3206 2698 et
3233 2643 3624 2698 contumaciter
3656 2641 3829 2713 ingeri-

2260 2753 2400 2793 mus.
2433 2737 2585 2794 Unde
2611 2752 2641 2791 a
2673 2737 2871 2792 talibus
2906 2737 3054 2792 etab
3086 2735 3170 2790 his
3193 2735 3464 2790 similibus
3493 2743 3729 2791 mentem
3754 2748 3832 2788 ro-

2259 2833 2448 2888 hibere
2493 2831 2792 2898 debemus,
2841 2833 2886 2886 si
2939 2829 3334 2900 redemptionis
3378 2829 3523 2885 illius
3570 2828 3830 2900 participes

2257 2939 2380 2981 esse
2404 2939 2709 2995 speramus.
2739 2922 2860 2994 Ipse
2890 2931 2974 2980 est
3001 2923 3145 2980 enim
3177 2937 3338 2979 verus
3367 2921 3623 2978 sacerdos
3643 2932 3692 2978 et
3722 2937 3829 2992 pon-

2257 3018 2388 3075 tifex
2434 3018 2734 3074 futurorum
2777 3020 3078 3085 bonorum,
3127 3018 3218 3088 qui
3269 3017 3381 3074 Deo
3421 3016 3570 3072 Patri
3598 3031 3694 3072 suo
3740 3029 3831 3070 non

2257 3111 2573 3182 sanguinem
2601 3111 2876 3168 hircorum
2903 3121 2959 3168 et
3000 3120 3310 3179 taurorum,
3343 3110 3440 3167 sed
3469 3111 3828 3182 semetipsum,

547 3212 734 3259 nostra
764 3203 872 3274 pati
903 3204 1166 3270 voluerit,
1199 3215 1256 3260 ut
1286 3219 1384 3260 nos
1413 3206 1482 3261 ab
1499 3205 1718 3276 antiqua
1747 3206 1948 3262 diaboli
1981 3207 2154 3262 servi-
2181 3213 2226 3279 ρ
2258 3221 2455 3278 agnum
2517 3208 2770 3264 videlicet
2829 3208 3232 3264 immaculatum
3255 3249 3270 3276 ,
3337 3207 3534 3263 obtulit
3586 3207 3830 3264 mundatis

545 3303 658 3352 tute
679 3296 995 3365 redimeret,
1015 3305 1069 3354 et
1087 3299 1274 3370 patria:
1295 3297 1599 3365 etelestis,a
1621 3314 1727 3370 qua
1749 3299 1948 3370 captivi
1966 3299 2152 3355 exclu-

543 3388 847 3458 debamur,
879 3402 1170 3463 perpetuos
1223 3391 1432 3448 incolas
1481 3393 1704 3448 faceret.
1753 3393 1876 3464 Ipse
1917 3409 2152 3465 namque

546 3483 896 3540 inelfabiliter
922 3485 1237 3542 misericors
1266 3527 1280 3551 ,
1314 3501 1418 3541 non
1449 3501 1582 3542 auro
1612 3501 1708 3542 seu
1737 3487 2026 3557 cujuslibet
2054 3501 2150 3557 ge-

546 3592 680 3634 nere
709 3578 936 3644 metalli,
963 3578 1050 3634 vel
1074 3579 1313 3649 pulchra:
1341 3582 1620 3637 varietatis
1645 3581 1850 3652 palliis,
1873 3597 1971 3637 nec
1987 3581 2148 3638 etiam

545 3679 870 3726 czeterorum
912 3671 1224 3726 animalium
1257 3673 1491 3728 victimis
1515 3715 1529 3739 ,
1554 3673 1646 3729 sed
1675 3675 1901 3745 preprio
1922 3689 2150 3744 corpore

544 3761 600 3818 in
645 3779 736 3818 ara
781 3764 957 3819 crucis
993 3762 1106 3820 Deo
1142 3763 1285 3819 Patri
1326 3765 1636 3832 immolato,
1674 3777 1728 3822 et
1755 3768 2150 3838 pretiosissimo

543 3856 804 3927 sanguine
831 3855 972 3923 fuso,
1003 3865 1226 3929 peccata
1257 3866 1440 3913 nostra
1479 3868 1642 3929 atque
1671 3859 1920 3930 antiquas
1949 3860 2149 3930 iniqui-

543 3960 684 4008 tates
728 3960 949 4008 nostras
979 3967 1212 4024 purgare
1239 3952 1426 4008 voluit.
1469 3952 1626 4010 Unde
1671 3954 1977 4024 prepheta:
2017 3953 2151 4010 Vere

541 4051 818 4125 lauguores
849 4051 958 4124 ipse
985 4050 1104 4105 tulit
1124 4050 1480 4118 ,inﬁrmitates
1517 4060 1720 4106 nostras
1763 4052 1878 4120 ipse
1901 4052 2141 4124 portarit.

541 4146 610 4202 Et
631 4146 748 4218 ipse
775 4144 1045 4202 mediator
1068 4154 1252 4200 noster
1280 4143 1347 4199 ad
1379 4143 1596 4200 Patrem
1639 4143 1776 4200 dixit
1807 4156 1820 4199 :
1852 4144 2148 4200 Holocaus-

541 4247 650 4295 tum
699 4249 747 4295 et
799 4256 892 4310 pro
947 4246 1154 4310 peccato
1199 4254 1304 4293 non
1350 4237 1664 4308 postulasti:
1693 4247 1816 4292 tunc
1857 4237 1966 4292 dixi
1992 4279 2007 4303 ,
2034 4254 2149 4293 ecce

538 4335 708 4390 venio.
742 4335 810 4390 Et
837 4345 920 4390 est
953 4347 1148 4390 sensus
1174 4349 1186 4386 :
1215 4331 1296 4388 0h
1325 4333 1337 4386 !
1369 4333 1508 4388 Deus
1535 4332 1732 4399 Pater,
1761 4331 1885 4403 quia
1926 4347 2022 4401 pro
2044 4330 2145 4386 hu-

543 4428 687 4481 mani
729 4428 944 4498 generis
975 4425 1351 4498 redemptione
1397 4439 1502 4481 non
1525 4423 1632 4480 vidi
1676 4433 1727 4481 te
1771 4425 2144 4480 holocaustum

542 4519 856 4574 animalium
882 4529 1123 4588 captare,
1150 4519 1330 4574 statim
1353 4517 1499 4586 dixi,
1523 4532 1654 4574 ecce
1680 4517 1840 4573 venio
1866 4528 1923 4572 ut
1954 4518 2147 4572 immo-

2255 3301 2640 3358 conscientiam
2685 3312 2927 3358 nostram
2953 3302 3024 3357 ab
3050 3302 3310 3373 cperibus
3339 3304 3598 3368 mortuis,
3630 3303 3680 3358 id
3709 3311 3783 3359 est
3805 3318 3828 3355 ε

2257 3397 2492 3464 peccatis
2528 3415 2541 3449 :
2590 3409 2654 3449 ac
2695 3410 2792 3466 per
2814 3396 2916 3451 hoc
2936 3395 3106 3452 semel
3154 3397 3400 3451 introivit
3444 3397 3497 3450 in
3540 3398 3832 3469 sanctaﬂut

2253 3497 2513 3560 appareat
2537 3503 2680 3544 nunc
2710 3489 2880 3544 vultui
2912 3489 3005 3545 Dei
3041 3489 3216 3544 Patris
3244 3504 3342 3560 pro
3370 3489 3546 3544 nobis.
3570 3487 3677 3544 Alii
3707 3504 3830 3544 nam-

2255 3597 2358 3652 que
2399 3581 2710 3638 sacerdotes
2754 3584 3006 3638 mactatis
3051 3581 3367 3637 animalium
3409 3582 3662 3638 carnibus
3693 3583 3828 3654 juxta

2253 3689 2459 3730 morem
2489 3676 2685 3730 veteris
2711 3675 2845 3746 legis
2867 3715 2881 3740 ,
2911 3675 3139 3746 singulis
3169 3676 3328 3731 annis
3353 3677 3527 3733 semel
3559 3678 3829 3732 introibant

2253 3765 2306 3821 in
2335 3776 2559 3823 sancta:
2594 3769 2695 3823 iste
2733 3768 2993 3825 sacerdos
3026 3769 3082 3824 in
3114 3779 3414 3839 internum,
3451 3771 3546 3843 qui
3575 3788 3678 3826 non
3706 3768 3830 3827 venit

2252 3860 2424 3933 legem
2459 3863 2692 3929 solvere,
2712 3863 2806 3918 sed
2826 3863 3154 3936 adimplere,
3172 3880 3282 3920 non
3309 3866 3562 3938 singulis,
3595 3865 3690 3922 sed
3718 3865 3826 3921 ulti-

2251 3970 2341 4010 mo
2380 3957 2506 4011 vitae
2537 3971 2652 4011 sua:
2671 3971 2846 4023 anno,
2887 3965 3122 4013 mactato
3169 3972 3230 4013 se
3261 3958 3379 4030 ipso
3410 3958 3464 4013 in
3515 3974 3608 4014 ara
3635 3959 3826 4019 erucis.

2252 4050 2425 4104 semel
2455 4049 2699 4104 introivit
2718 4049 2770 4104 in
2800 4060 3008 4116 sancta,
3037 4050 3089 4105 id
3116 4058 3201 4106 est
3225 4051 3279 4107 in
3305 4051 3528 4120 coelum,
3561 4063 3616 4108 ut
3637 4051 3828 4107 famulis

2250 4156 2310 4197 se
2350 4156 2446 4212 per
2487 4140 2645 4197 fidem
2695 4143 3080 4213 sequentibus,
3133 4158 3332 4199 arcana
3386 4144 3568 4202 Patris
3606 4153 3823 4206 reseret,

2251 4249 2370 4305 qua:
2414 4244 2535 4304 post
2565 4233 2726 4290 ﬁnem
2780 4234 2912 4305 ipsis
2956 4234 3281 4306 possidenda
3325 4235 3594 4293 conferat.
3627 4238 3727 4294 Alii
3753 4251 3825 4292 sa—

2249 4325 2500 4381 cerdotes
2526 4326 2743 4397 expleto
2774 4325 3028 4382 sacrificii
3061 4336 3336 4398 tempore,
3367 4328 3436 4384 ad
3471 4331 3725 4402 templum
3755 4344 3826 4383 se-

2249 4418 2434 4489 quenti
2463 4435 2604 4474 anno
2629 4419 2938 4488 reversnri,
2967 4419 3032 4476 ad
3071 4423 3287 4493 propria
3327 4427 3524 4480 reverti
3551 4426 3822 4481 curabant:

2252 4511 2344 4568 ille
2376 4522 2598 4582 peracto
2635 4514 2906 4585 passionis
2943 4525 2997 4570 et
3037 4502 3458 4574 resurrectionis
3489 4536 3601 4576 sua:
3649 4529 3825 4592 mystc-

544 4614 625 4670 Ier
668 4627 764 4683 pro
809 4611 991 4683 populi
1025 4613 1131 4669 mei
1159 4613 1356 4667 salute.
1385 4613 1544 4679 Ecce,
1568 4611 1761 4666 fratres
1793 4610 2098 4666 charissimi
2125 4653 2139 4677 ,
2173 4617 2221 4677 ι)
2249 4609 2362 4679 rio,
2411 4608 2476 4663 ad
2528 4610 2744 4680 prepria
2780 4609 2905 4665 coeli
2951 4611 3145 4681 palatia
3187 4627 3447 4669 reversus
3479 4623 3593 4683 est,
3626 4633 3724 4671 nou
3749 4631 3818 4669 sc-

543 4708 824 4766 Christum
863 4723 976 4778 pro
1020 4707 1175 4763 nobis
1215 4708 1546 4762 immolatum
1596 4706 1898 4760 audivimus
1939 4723 1951 4758 :
1997 4703 2138 4760 unde

543 4801 836 4858 admodum
874 4800 1114 4872 gaudere
1142 4805 1199 4854 et
1244 4799 1443 4854 tristari
1489 4813 1778 4868 possumus
1811 4813 1823 4850 :
1863 4795 2099 4868 gaudere
2125 4839 2139 4860 ,

542 4899 669 4970 quia
697 4895 824 4952 felix
853 4894 1011 4964 culpa
1040 4909 1161 4965 quae
1186 4895 1346 4948 talem
1370 4909 1433 4950 ac
1462 4901 1669 4947 tantum
1699 4891 1886 4946 habuit
1910 4890 2142 4948 Redem-

541 5000 794 5063 ptorem:
827 4987 1030 5044 tristari
1062 4987 1186 5058 quia
1215 4986 1418 5041 nullum
1451 4985 1699 5040 videmus
1731 4993 1892 5039 tantm
1936 4985 2144 5056 passio-

541 5084 628 5140 nis
649 5083 998 5139 imitatorem.
1033 5079 1153 5150 Ipse
1191 5092 1420 5147 namque
1456 5078 1813 5147 corporaliter
1839 5084 2084 5132 mortuus
2121 5117 2136 5142 ,

541 5192 652 5235 non
678 5177 854 5234 solum
876 5175 944 5231 de
973 5174 1220 5244 corporis
1250 5171 1422 5227 nostri
1447 5179 1641 5236 morte,
1671 5172 1715 5226 si
1749 5186 1972 5226 necesse
2001 5181 2087 5226 est
2122 5213 2136 5238 ,

538 5270 638 5330 sed
667 5271 736 5327 de
761 5269 886 5326 vita:
915 5265 1297 5325 emendatione
1323 5275 1376 5320 et
1407 5263 1631 5334 spiritus
1658 5263 2032 5319 humiliatione
2053 5279 2139 5319 sa-

538 5367 801 5427 criﬁcium
833 5363 1080 5435 requirit.
1113 5359 1336 5418 Scilicet
1378 5368 1436 5414 ut
1463 5359 1687 5430 spiritus
1718 5367 1902 5414 noster
1931 5374 1997 5414 ex
2027 5366 2133 5412 tam

539 5473 734 5532 magna
757 5465 814 5514 et
851 5455 1113 5512 inelIabili
1159 5453 1240 5509 sui
1290 5450 1585 5507 conditoris
1629 5450 1928 5507 humilitate
1970 5450 2138 5505 admi-

537 5569 665 5612 rans
711 5555 1146 5617 contremescat,
1179 5555 1236 5603 et
1275 5544 1454 5601 carnis
1503 5543 1783 5599 illecebras
1819 5558 2084 5614 superans
2117 5585 2131 5608 ,

535 5662 659 5706 cum
708 5645 828 5717 ipso
867 5657 1026 5715 passo
1079 5638 1368 5714 quamdam
1421 5638 1856 5708 compassionem
1911 5636 2128 5694 habeat.

2247 4701 2432 4772 quenti
2461 4717 2635 4769 anno,
2665 4703 2760 4757 sed
2797 4703 2848 4757 in
2882 4702 2989 4759 fine
3023 4705 3207 4760 smculi
3262 4715 3552 4774 venturus,
3583 4719 3642 4763 ut
3667 4710 3818 4764 bono-

2250 4810 2368 4850 rum
2399 4796 2750 4851 etmalorum
2788 4797 2980 4852 merita
3008 4793 3159 4854 reeto
3185 4799 3442 4858 examine
3477 4801 3752 4866 discutiat,
3780 4810 3823 4854 et

2195 4919 2204 4928 -
2248 4887 2405 4943 bonis
2452 4890 2704 4960 praemia,
2755 4891 2914 4946 malis
2940 4893 3205 4964 supplicia
3247 4894 3460 4951 reddat.
3493 4896 3631 4965 Quid
3673 4899 3722 4952 in
3749 4895 3821 4950 illa

2247 4980 2339 5037 die
2384 4983 2555 5036 acturi
2606 4998 2824 5051 sumus,
2875 4983 3098 5052 fratres,
3152 4985 3204 5040 in
3254 5003 3358 5058 qua
3405 5004 3514 5044 non
3557 4991 3727 5045 solum
3767 4989 3822 5040 de

2246 5072 2501 5143 operibus
2542 5074 2736 5144 malis,
2769 5077 2862 5132 sed
2908 5079 3131 5149 insuper
3178 5081 3342 5134 etiam
3381 5080 3452 5137 de
3477 5082 3668 5138 otiosis
3697 5082 3823 5136 locu-

2248 5167 2485 5224 tiouibns
2514 5169 2778 5226 rationem
2809 5171 3068 5227 reddituri
3101 5177 3324 5230 sumus?
3353 5174 3421 5231 Et
3447 5176 3494 5232 si
3524 5193 3708 5233 omnes
3737 5176 3819 5230 lin-

2243 5278 2364 5334 gua:
2411 5263 2628 5334 culpas,
2700 5281 2824 5335 quae
2870 5283 2899 5321 a
2947 5267 3120 5335 nobis
3165 5285 3262 5338 pro
3307 5267 3482 5327 nihilo
3535 5272 3819 5334 ducuntur,

2244 5357 2594 5422 senserimus;
2626 5359 2752 5428 quid
2784 5359 2853 5414 de
2882 5362 3092 5426 cmteris
3124 5362 3382 5418 membris
3411 5365 3704 5422 timendum
3730 5375 3818 5428 est,

2246 5452 2496 5506 manibus
2527 5452 2734 5508 scilicet
2771 5461 2829 5508 et
2870 5455 3095 5524 pedibus
3130 5456 3390 5528 aliisque,
3423 5474 3543 5530 qua:
3601 5458 3715 5513 sine
3739 5457 3823 5511 du-

2245 5545 2332 5599 bio
2371 5546 2536 5600 multa
2587 5546 2770 5602 illicita
2818 5547 3013 5605 fecisse
3057 5554 3474 5622 cognoscimus?
3512 5553 3643 5610 Nam
3687 5555 3730 5606 si
3764 5566 3820 5606 ex

2239 5641 2491 5698 omnibus
2516 5641 2725 5713 culpis,
2774 5658 2896 5715 quat
2944 5643 3207 5716 fecimus,
3241 5661 3432 5719 prunas
3481 5648 3817 5711 solverimus,

611 5763 1002 5864 'Desideratur
1049 5801 1250 5875 aliquid
1286 5800 1353 5857 ad
1401 5797 1666 5857 sermonis
1705 5795 2042 5865 clauSulam;
2080 5805 2136 5856 et
2163 5804 2316 5856 certe
2361 5793 2669 5873 exemplum
2697 5799 2898 5859 Christi
2925 5803 3136 5860 Domini
3185 5821 3251 5862 λι.
3293 5805 3488 5868 diebus
3521 5807 3816 5882 jejunantis.
