3838 6342
56 293 182 352 649

549 291 978 353 MONUMENTA
1022 288 1302 349 VETERA
1340 290 1434 347 AD
1475 287 1883 348 ABIANORUM
1923 286 2327 346 DOCTRINAM
2365 285 2851 346 PERTINENTIA.

3274 285 3381 341 650

51 415 412 471 teternaliter
454 415 690 471 damnati
721 427 777 471 et
817 415 1012 487 perditi
1053 429 1261 470 sumus.
1319 413 1463 484 Ergo
1504 427 1672 467 unus-
1698 414 1749 475 Α
1778 418 1836 465 ut
1882 409 2235 480 Redemptori
2288 426 2387 466 suo
2432 411 2676 481 gaudens
2703 420 2992 466 occurrere
3031 404 3226 478 possit.
3265 405 3378 463 Nec

52 507 308 579 quisque
335 519 573 563 nosnum
597 517 798 579 quanto
827 509 1062 562 animant
1095 522 1250 562 suam
1279 505 1487 574 diligit,
1521 512 1673 559 tanto

53 615 305 670 peccata
332 604 600 672 praeterita
625 618 721 672 per
744 602 1117 672 ptenitentiam
1158 601 1336 656 deleat
1354 641 1369 663 ,
1401 613 1449 655 et
1478 608 1674 654 caveat

53 711 131 752 ne
165 696 292 767 ipsa
334 698 592 765 reiteret,
617 708 670 755 et
705 698 848 770 quod
879 698 1047 754 semel
1074 711 1170 769 per
1196 698 1421 768 gratiam
1452 696 1546 751 Dei
1578 712 1672 752 ex-

52 790 272 859 tinxit,
316 792 552 863 amplius
599 809 668 848 ne
716 792 1000 849 accendat.
1044 791 1147 858 Qui
1196 792 1340 846 enim
1389 802 1669 861 peccatum

50 885 209 954 quod
234 884 346 955 jam
372 884 633 955 ingemuit
661 886 911 949 reiterat,
942 886 1108 942 Deum
1152 885 1254 941 sibi
1276 884 1342 939 ad
1383 886 1518 941 iram
1547 900 1672 954 pro—

49 984 264 1045 vocat,
308 987 364 1031 ut
405 993 530 1033 eum
560 989 783 1034 vocatus
823 995 929 1035 non
958 978 1163 1034 audiat.
1196 977 1352 1035 Unde
1382 995 1477 1047 per
1511 978 1667 1035 Salo.

49 1083 288 1126 mortem
312 1069 474 1126 dicit:
508 1071 706 1127 Vocavi
725 1114 740 1138 ,
766 1082 821 1129 et
842 1073 1130 1139 reuuistis,
1160 1071 1487 1143 despexistis
1507 1086 1670 1127 omne

49 1164 356 1218 consilium
389 1179 601 1230 mcum,
630 1164 1108 1236 etincrepationes
1134 1181 1283 1221 meas
1311 1167 1665 1236 tteglexistis:

44 1272 157 1327 ego
189 1274 410 1329 quoque
438 1261 489 1314 in
523 1260 743 1315 interitu
773 1270 957 1316 Vestro
988 1260 1209 1324 ridebo,
1238 1272 1291 1314 et
1319 1260 1669 1316 subsannabo

50 1365 183 1405 enni
239 1351 393 1405 vobis
435 1352 579 1421 quod
628 1353 897 1408 lintebatis
933 1354 1231 1409 advenerit.
1276 1352 1447 1422 Quam
1483 1354 1670 1408 formi-

45 1443 242 1499 danda
272 1460 385 1510 vox,
411 1443 608 1501 fratres
622 1445 983 1513 dileCIissimi,
1006 1462 1108 1516 qua
1135 1445 1466 1513 Redemptor
1484 1456 1669 1501 nosmr

47 1537 119 1592 de
141 1547 338 1593 nostro
351 1538 575 1593 interitu
592 1554 653 1594 se
671 1540 906 1595 risurum
927 1539 1184 1595 minatur!
1199 1539 1562 1607 Quamobrem
1581 1554 1670 1593 au-

46 1648 141 1689 res
160 1643 370 1690 nostra:
392 1635 592 1690 mentis
619 1636 905 1707 praeceptis
932 1637 1077 1691 illius
1099 1636 1316 1693 assidue
1346 1638 1665 1704 pandamus,

48 1738 110 1783 ut
130 1744 267 1783 eum
288 1728 339 1784 itt
363 1729 573 1798 judicio
591 1744 697 1784 nou
727 1730 1050 1796 terribilem,
1084 1732 1177 1785 sed
1204 1731 1459 1786 blandum
1492 1730 1668 1786 videa-

1777 520 1885 560 non
1912 505 2073 559 etiam
2120 504 2238 560 dies
2266 506 2556 560 Ramorum
2588 506 2818 561 dicitur.
2862 502 2990 573 quia
3023 500 3093 556 ob
3123 500 3372 557 eamdem

1776 612 1993 653 causam
2027 612 2133 652 non
2176 599 2350 652 solum
2395 598 2609 667 palmae,
2639 598 2735 653 sed
2764 598 2927 653 etiam
2970 596 3207 651 virentes
3237 595 3374 650 rami

1774 690 1842 745 ab
1867 690 2139 746 Eettlesiae‘
2158 690 2282 745 filiis
2304 690 2467 746 hodie
2492 701 2793 757 portantur.
2825 691 3077 746 llosanna
3102 689 3372 759 siquidem

1773 780 1897 836 ideo
1948 791 2203 845 vocatur,
2259 783 2382 851 quia
2435 782 2591 852 plebs
2659 783 3012 838 llebrtrorum
3081 783 3371 839 Dominum

1772 873 2199 945 prtecedentium
2245 884 2300 930 et
2348 875 2718 942 sequentium,
2769 875 3056 939 Hosaoua,
3087 874 3230 944 quod
3269 874 3375 930 La-

1776 968 1882 1024 tine
1911 970 2297 1039 interpretatur
2344 968 2622 1034 Salvilica,
2671 969 2850 1024 eidem
2894 970 3121 1024 Domino
3146 980 3372 1024 cantare

1771 1062 2073 1116 videbatur.
2119 1061 2326 1116 Pascha
2372 1060 2595 1130 petitum
2624 1062 2740 1116 sive
2775 1062 3199 1129 compctentium
3230 1061 3371 1117 dici-

1774 1163 1889 1218 tur,
1920 1156 2045 1226 quia
2075 1154 2177 1209 hoc
2197 1154 2286 1210 die
2313 1155 2648 1227 symbolum,
2674 1156 2724 1209 id
2759 1166 2841 1211 est
2872 1158 2993 1212 lidei
3022 1168 3227 1212 sanctae
3252 1172 3374 1212 cre-

1771 1247 1974 1302 dulitas
2014 1246 2448 1318 competentibus
2486 1248 2775 1319 neopltytis
2820 1249 3163 1315 ll‘3tirbnllll‘,
3197 1251 3371 1321 utqui

1772 1344 1837 1397 ad
1864 1343 1957 1399 Dei
1996 1346 2221 1411 gratiam
2277 1341 2680 1413 percipiendam
2724 1342 2776 1396 in
2823 1343 3070 1397 Paschali
3112 1345 3375 1399 solemni-

1773 1447 1882 1492 tate
1945 1438 2303 1501 festinabant,
2370 1437 2528 1492 fidem
2589 1452 2749 1509 quam
2804 1438 3052 1492 conﬁteri
3110 1440 3374 1495 deberent

1770 1540 2148 1601 agnoscerent.
2206 1530 2594 1600 Competentes
2659 1531 2805 1586 enim
2872 1531 3159 1599 dicuntur,
3216 1532 3377 1603 quasi

1771 1624 1933 1679 simul
1962 1634 2240 1693 petentes,
2274 1624 2325 1678 id
2356 1634 2439 1680 est
2468 1626 2694 1695 gratiam
2743 1625 2839 1681 Dei
2872 1637 3141 1696 petentes.
3182 1627 3375 1697 Capita

1773 1718 2067 1773 lavantium
2113 1718 2255 1774 hunc
2294 1719 2440 1774 diem
2467 1720 2704 1789 appellat
2744 1720 2968 1789 vulgus,
3016 1722 3141 1789 quia
3185 1736 3252 1776 eo
3285 1720 3378 1778 die

48 1838 195 1877 mus.
234 1822 301 1877 Et
349 1823 625 1893 quomodo
654 1823 804 1878 illum
837 1824 1131 1878 terribilem
1164 1833 1219 1879 et
1248 1824 1444 1879 iratum
1476 1835 1658 1879 eontra

1836 1828 1888 1867 os
1913 1814 2259 1870 eratlavandi
2288 1817 2465 1885 capita
2495 1813 2808 1879 infantium,
2833 1815 2924 1885 qui
2954 1815 3188 1885 ungendi
3218 1825 3378 1873 erant

51 1931 153 1970 nos
185 1915 419 1971 sufferre
457 1917 786 1985 poterimus,
815 1916 907 1988 qui
953 1916 1005 1970 in
1038 1916 1295 1987 pra-senti
1336 1918 1441 1971 vita
1474 1933 1665 1972 corus-

50 2009 332 2065 cationem
372 2017 468 2063 aut
511 2009 806 2064 tonitruum
850 2010 994 2064 illius
1034 2011 1120 2065 vix
1151 2025 1263 2081 prte
1295 2025 1494 2079 pavore
1526 2010 1665 2064 tole-

51 2117 178 2158 rare
208 2103 542 2175 possumus?
592 2102 658 2157 Et
690 2104 735 2158 si
764 2114 913 2158 motu
942 2114 1208 2159 creatura:
1239 2105 1401 2158 unius
1437 2104 1503 2159 ad
1533 2114 1669 2160 tem-

52 2212 155 2268 pus
197 2206 504 2263 terrentur,
543 2212 649 2266 qua
684 2196 1002 2252 fortitudine
1030 2196 1347 2252 Creatorem
1375 2212 1498 2253 cum
1544 2198 1667 2268 igne

54 2291 120 2343 ad
153 2288 511 2359 judiCandum
539 2290 878 2355 venientem,
908 2298 963 2346 et
988 2307 1093 2344 nott
1125 2291 1299 2345 solum
1347 2300 1539 2359 terras,
1570 2292 1667 2348 sed

52 2385 221 2439 etiam
271 2384 442 2441 cmlos
491 2386 934 2449 coucutientem,
982 2395 1301 2455 exspectare
1332 2387 1668 2456 poterimus?

54 2477 189 2531 Nam
216 2486 280 2533 ut
305 2477 592 2533 Psalntista
614 2477 744 2533 dicit
768 2495 781 2531 :
816 2476 963 2548 Ignis
989 2482 1041 2531 in
1069 2489 1359 2549 conspectu
1380 2482 1490 2552 ejus
1515 2481 1669 2534 arde-

58 2569 151 2628 bit.
181 2580 232 2625 et
262 2571 317 2623 in
346 2570 565 2625 circuitu
591 2573 704 2644 ejus
735 2572 1007 2643 tempestas
1037 2571 1230 2627 valida.
1266 2572 1331 2629 Et
1360 2573 1477 2643 ipse
1499 2572 1665 2642 judex

58 2680 156 2735 per
187 2664 512 2735 prophetam
543 2664 711 2721 dicit:
746 2665 942 2722 Adhuc
970 2668 1173 2735 semel,
1209 2675 1265 2721 et
1304 2682 1405 2738 ego
1436 2669 1667 2724 movebo

58 2771 165 2811 non
193 2758 374 2812 solum
409 2767 609 2817 terram
630 2798 644 2823 ,
673 2756 768 2812 sed
795 2761 958 2813 etiam
990 2759 1214 2816 calum.
1249 2758 1627 2815 Pertimescite
1648 2803 1663 2828 ,

59 2847 293 2915 fratres,
327 2849 616 2904 adventum
657 2849 801 2904 illius
836 2850 1069 2920 judicis,
1102 2853 1155 2905 in
1199 2851 1357 2922 cujus
1403 2854 1660 2909 determi-

61 2955 189 2997 nato
228 2944 441 3014 judicio
474 2960 580 2999 non
609 2945 712 2999 erit
743 2946 977 3014 spatium
1022 2945 1433 3014 redemptionis.
1465 2948 1508 3001 A
1543 2962 1667 3016 pra-

59 3038 141 3091 vis
169 3039 418 3094 moribus
442 3046 498 3093 ct
526 3053 554 3091 a
582 3038 726 3093 mala
752 3038 1150 3095 consuetudine
1191 3040 1366 3109 turpis
1395 3039 1519 3094 vita:
1540 3054 1664 3095 ces-

63 3139 210 3195 sate,
246 3141 307 3187 et
334 3131 569 3201 compati
608 3146 731 3187 cum
782 3130 1145 3202 Redemptore
1188 3141 1373 3187 vestro
1410 3132 1660 3200 studete,

1770 1916 1961 1960 sancto
2008 1908 2264 1973 sabbato,
2320 1923 2389 1964 ne
2440 1907 2580 1963 forte
2624 1908 3064 1977 Quadragesimae
3107 1910 3375 1965 observa-

1771 2000 1914 2055 tione
1942 1999 2205 2056 sordidati
2224 2002 2547 2057 accederent
2570 2002 2635 2056 ad
2661 2002 2991 2058 unctionem.
3024 2002 3151 2059 lltec
3191 2014 3372 2061 autem

1772 2094 2107 2150 bebdomada
2150 2095 2271 2151 ideo
2316 2095 2490 2167 major
2518 2096 2750 2162 dicitur,
2783 2096 2868 2151 vel
2913 2097 3036 2168 quia
3078 2097 3253 2168 major
3283 2114 3367 2154 so.

1771 2188 1975 2243 brietas
2004 2189 2055 2243 in
2096 2204 2158 2243 ea
2190 2201 2473 2255 servatur,
2509 2190 2590 2245 vel
2622 2190 2745 2261 quia
2776 2189 2949 2260 majus
2985 2206 3147 2261 quam
3181 2194 3234 2247 in
3263 2207 3376 2249 cac-

1772 2283 1904 2338 teris
1931 2282 2359 2339 hebdomadibus
2388 2283 2623 2338 officium
2655 2284 2706 2337 in
2734 2299 2796 2339 ea
2826 2284 3155 2340 celebratur.

1838 2375 1895 2429 2.
1940 2375 2064 2431 Ηςιιε
2086 2375 2153 2430 de
2195 2375 2504 2431 nominibus
2547 2375 2771 2445 hujusce
2816 2375 2924 2430 diei
2957 2376 3193 2432 breviter
3228 2377 3375 2433 dicta

1769 2467 2044 2525 sufﬁciant
2066 2487 2078 2522 :
2103 2484 2332 2540 quorum
2364 2468 2609 2540 qu:edam
2644 2480 2700 2522 ut
2726 2470 2792 2522 ad
2817 2469 3051 2524 litteram
3095 2469 3377 2528 intellecta

1770 2571 1934 2627 sunt,
1964 2560 2036 2615 ita
2084 2572 2439 2631 permanent;
2482 2561 2730 2631 quaedam
2781 2560 2926 2616 aliud
2963 2562 3257 2631 allegorice
3302 2564 3379 2618 si-

1769 2654 2044 2724 gnificant.
2080 2654 2136 2708 ln
2184 2654 2331 2709 omni
2378 2652 2522 2709 enim
2582 2651 2860 2723 Scriptura
2918 2656 3118 2710 veteris
3165 2666 3217 2710 et
3252 2655 3376 2711 novi

1769 2746 2142 2813 Testamenti,
2195 2747 2371 2816 palma
2421 2762 2637 2816 semper
2689 2748 2968 2801 victoriam
3027 2747 3376 2818 significavit.

1769 2837 1873 2894 Per
1900 2853 2080 2893 ramos
2108 2837 2271 2910 igitur
2297 2839 2596 2909 palmarum
2638 2837 2728 2891 illa
2761 2837 2986 2894 vietoria
3014 2840 3336 2907 designatur
3360 2864 3376 2905 ,

1769 2948 1872 3003 qua
1906 2933 2165 2989 Dominus
2194 2942 2384 2989 noster
2410 2949 2506 3003 per
2528 2942 2757 2989 mortem
2780 2950 2933 2988 suam
2953 2976 2969 3002 ,
2994 2945 3223 2990 mortem
3280 2951 3381 2990 no-

1768 3036 1935 3082 stram
1971 3027 2275 3092 destruxit,
2308 3036 2363 3083 et
2395 3043 2490 3097 per
2531 3039 2795 3095 tropa'um
2846 3026 3025 3084 crucis
3073 3029 3378 3099 principem

1769 3120 1961 3176 mortis
1987 3121 2263 3176 diabolum
2314 3121 2609 3187 superavit.
2641 3120 2744 3174 Per
2773 3118 2936 3175 flores
2980 3120 3119 3174 odor
3160 3122 3379 3177 virtutis

63 3232 121 3278 ut
168 3236 222 3281 et
250 3241 376 3282 cum
429 3225 525 3280 illo
563 3226 632 3282 de
680 3227 903 3283 tumulis
949 3228 1200 3283 vitiorum
1235 3228 1456 3299 possitis
1486 3242 1658 3285 resur-

1836 3215 2133 3284 Lprimitur,
2162 3228 2270 3284 quo
2310 3225 2486 3283 capue
2518 3212 2705 3267 fideles
2746 3215 2940 3267 animae
2981 3228 3163 3284 regem
3217 3230 3376 3269 suum

64 3332 208 3388 gere.
236 3332 294 3376 et
320 3319 387 3376 ad
416 3321 664 3378 caelestia
693 3337 857 3393 regna
891 3330 1015 3392 post
1034 3322 1298 3395 judicium
1322 3323 1554 3381 feliciter
1583 3340 1672 3381 as-

64 3413 325 3471 cendere.
357 3414 557 3471 Amen.

201 3550 438 3609 SERMO
487 3551 576 3608 Ν.
622 3551 690 3607 IN
735 3550 1061 3608 DOMINICA
1107 3552 1517 3610 PALMARUM.

136 3668 185 3721 Vl.
260 3667 630 3724 Delectatione
683 3667 970 3737 praesentis
1013 3666 1157 3732 diei,
1210 3666 1408 3723 fratres
1454 3667 1667 3724 charis-

71 3762 232 3829 simi,
281 3763 454 3818 ltetati
505 3761 761 3834 mysteria
805 3761 1001 3833 quibus
1051 3761 1221 3832 fulget
1258 3761 1470 3817 debetis
1499 3776 1667 3833 agno-

67 3866 215 3910 scere
259 3854 521 3922 solliciti,
576 3865 633 3909 ut
673 3852 874 3909 laetitia:
914 3853 1108 3924 gaudia
1154 3870 1276 3923 qua:
1317 3855 1663 3911 celebramus

68 3949 334 4015 exterius,
368 3948 511 4004 umle
541 3948 814 4013 oriuntur,
848 3947 1006 4003 docta
1037 3963 1193 4005 mens
1237 3950 1494 4005 discutiat
1525 3950 1663 4006 inte-

70 4040 196 4095 rius.
241 4041 350 4098 Sed
403 4058 471 4097 ne
499 4042 850 4112 superﬂuitas
891 4043 1181 4098 verborum
1228 4044 1425 4099 animis
1462 4046 1663 4101 vestris

70 4133 249 4205 gignat
277 4136 516 4203 tzedium;
552 4138 787 4192 maxime
812 4151 934 4191 cum
976 4137 1138 4208 hujus
1168 4138 1274 4194 diei
1320 4139 1560 4194 oflicium
1608 4140 1661 4196 in

70 4225 399 4298 longissimis
449 4228 795 4298 protrahatur
838 4230 1090 4285 cantibus
1128 4240 1186 4286 et
1236 4232 1565 4299 gratissimis
1594 4232 1663 4288 de

72 4318 175 4374 Deo
233 4331 420 4378 nostro
465 4322 913 4394 iubilationibus;
971 4323 1041 4380 de
1096 4323 1345 4392 ejusdem
1404 4327 1657 4395 nomine,

72 4412 205 4479 quod
242 4413 474 4470 diversis
531 4415 811 4472 vocabulis
861 4416 1245 4488 distinguitur,
1292 4432 1462 4489 pauca
1511 4420 1662 4476 vobis

73 4506 296 4573 primum
338 4508 620 4578 praelibare
665 4510 918 4566 Studebo.
956 4511 1159 4567 Dicitur
1207 4511 1352 4568 enim
1390 4513 1509 4569 dies
1538 4513 1661 4569 Pal-

1771 3307 1838 3363 ad
1871 3308 2228 3373 Hierusalem,
2262 3306 2316 3361 id
2334 3317 2417 3361 est
2442 3305 2507 3361 ad
2540 3314 2780 3360 sanctam
2817 3305 3115 3361 Ecclesium
3146 3306 3379 3361 tenden-

1772 3409 1879 3457 tem
1908 3399 2270 3463 comitantur;
2300 3409 2360 3453 ut
2385 3413 2507 3452 cum
2538 3412 2605 3452 eo
2635 3396 2866 3460 Pascha,
2897 3396 2950 3451 id
2981 3406 3062 3452 est
3084 3397 3375 3453 transitum

1770 3493 2118 3551 celebrantes
2140 3508 2304 3560 ,_cum
2333 3508 2399 3548 eo
2430 3491 2495 3545 ad
2524 3490 2767 3547 cmlestia
2794 3505 3084 3560 resurgere
3129 3505 3381 3546 merean—

1771 3598 1878 3644 tur.
1912 3588 2019 3643 Per
2044 3587 2299 3642 arborum
2332 3598 2514 3641 ramos
2554 3583 2703 3639 dicta
2729 3583 3101 3653 signiﬁcantur
3129 3592 3376 3639 veterum

1769 3681 2187 3754 prophetarum,
2212 3694 2348 3751 quos
2382 3680 2469 3734 ille
2514 3678 2779 3733 collectos
2809 3677 2863 3732 in
2913 3678 2995 3734 via
3044 3679 3241 3733 sternit
3283 3679 3379 3749 qui

1766 3773 2033 3844 simplicia
2080 3772 2243 3827 corda
2275 3770 2501 3826 fratrum
2548 3779 2604 3825 et
2629 3768 2809 3825 minus
2847 3768 3058 3824 erudita
3103 3768 3379 3839 exemplis

1766 3869 2007 3934 instruit,
2037 3883 2105 3924 ne
2134 3868 2185 3922 in
2220 3866 2301 3922 via
2330 3865 2575 3922 veritatis
2602 3864 2882 3919 oberrent.
2914 3863 3048 3918 lllud
3074 3875 3253 3919 autem
3282 3863 3377 3920 bo-

1767 3975 1939 4016 sanna
1988 3960 2190 4015 totiens
2234 3975 2263 4013 a
2315 3958 2470 4028 plebe
2508 3956 2802 4025 repetitum
2854 3966 2907 4011 ct
2955 3956 3372 4027 ingeminatum,

1766 4055 2027 4111 unitatem
2061 4054 2183 4107 fidei
2218 4061 2419 4107 nostr-.e
2445 4066 2548 4121 qua
2582 4048 2763 4104 vivere
2784 4048 3047 4105 debemus
3079 4049 3373 4119 significat;

1766 4150 1893 4217 quia
1940 4147 2068 4202 licet
2112 4147 2183 4199 sit
2230 4146 2280 4200 in
2332 4145 2488 4211 plebe
2534 4143 2772 4199 ﬁdelium
2803 4154 2913 4198 tam
2956 4141 3166 4197 ordinis
3206 4158 3368 4212 quam

1766 4256 1931 4299 sexus
1980 4251 2035 4297 et
2082 4241 2258 4295 aetatis
2305 4240 2628 4304 diversitas,
2663 4253 2770 4294 uno
2820 4248 2996 4292 tamen
3046 4252 3143 4291 ore
3180 4248 3236 4291 et
3266 4253 3372 4292 una

1766 4333 2128 4391 confessionis
2162 4331 2321 4387 laude
2350 4331 2690 4387 Salvatorem
2737 4340 2981 4385 nostrum
3009 4327 3249 4383 clamare
3276 4328 3371 4384 de-

1766 4428 1957 4484 bemus
1980 4425 2237 4481 dicentlo:
2266 4424 2537 4489 llosannzt,
2560 4423 2611 4477 id
2639 4430 2726 4478 est
2746 4421 2985 4477 salvilica
3013 4420 3130 4476 sive
3157 4421 3369 4477 salvum

1765 4520 1850 4576 fac
1880 4539 1892 4575 :
1920 4529 2005 4577 est
2052 4520 2196 4576 enim
2241 4518 2528 4574 Hebraeum
2575 4517 2836 4584 verbum,
2868 4515 3012 4587 quod
3057 4516 3249 4572 Latine.
3275 4533 3371 4574 cx-

74 4613 303 4666 “laﬂlm.
334 4603 449 4657 Sive
490 4602 742 4671 Florum.
775 4614 938 4675 atque
959 4603 1287 4672 “amorum.
1331 4621 1430 4663 nec
1468 4622 1574 4662 non
1605 4616 1661 4664 et
1684 4620 1741 4681 D
1766 4630 2012 4687 pressum
2060 4622 2248 4679 sonat,
2297 4613 2557 4679 salvilira,
2590 4611 2706 4668 sive
2733 4610 2945 4668 salvum
2988 4612 3071 4667 fac
3109 4612 3367 4685 populum

77 4686 318 4749 llosanna
340 4737 355 4763 ,
392 4695 595 4751 Pascha
630 4698 854 4764 petitum
883 4698 1049 4753 etiam
1080 4714 1179 4754 seu
1204 4701 1657 4771 competentium,

74 4792 126 4840 et
150 4793 318 4855 capita
352 4791 668 4845 lavantium.
697 4788 827 4859 Qua:
872 4792 998 4848 licet
1029 4793 1239 4864 vulgari
1268 4810 1419 4851 more
1450 4793 1524 4849 ita
1558 4810 1659 4850 no-

76 4881 359 4949 minentur,
387 4886 563 4939 omnia
600 4893 780 4940 tamen
809 4894 1013 4941 certain
1045 4896 1101 4943 et
1127 4888 1539 4946 convenientem
1574 4904 1661 4946 re-

78 4972 243 5031 tinent
285 4980 759 5050 sigtttlicalioaem.
812 4981 936 5035 Dies
977 4982 1137 5052 igitur
1187 4983 1492 5039 Palmarum
1538 4986 1661 5040 ideo

78 5082 320 5137 vocatur,
368 5076 488 5144 quia
517 5077 567 5128 in
601 5093 667 5131 eo
710 5076 968 5131 Dominus
999 5089 1188 5133 noster
1216 5080 1387 5135 asello
1434 5080 1655 5148 sedens,

78 5174 170 5230 pro
204 5168 374 5224 salute
409 5168 625 5239 generis
667 5168 889 5225 humani
931 5172 1657 5245 passurus,Hierosolymam

80 5262 337 5324 perrexit;
367 5265 450 5316 cui
479 5263 710 5317 occurrit
748 5264 979 5333 plurima
1027 5265 1182 5318 turba
1226 5267 1515 5335 gaudentis
1557 5282 1656 5337 po-

81 5350 181 5414 puli
225 5367 344 5408 cum
389 5356 553 5411 ramis
597 5356 895 5426 palmarum
927 5364 984 5411 et
1020 5357 1357 5412 diversarum
1399 5360 1655 5414 arborum

83 5438 347 5500 clamando
375 5465 387 5500 :
432 5446 682 5502 Hosamta
705 5492 718 5513 ,
757 5448 1051 5503 benedictus
1086 5451 1173 5519 qui
1203 5452 1335 5504 venit
1373 5452 1425 5505 in
1456 5452 1660 5507 nomine

84 5529 301 5594 Domini.
336 5541 457 5596 Dies
483 5546 643 5597 etiam
669 5543 890 5599 Florum
920 5543 1120 5597 ideirco
1146 5543 1374 5608 dicitur,
1406 5562 1472 5600 eo
1510 5547 1655 5618 quod

84 5636 254 5683 saneta
306 5643 478 5689 mater
540 5635 804 5703 Ecclesia,
842 5638 892 5690 in
950 5638 1468 5693 commemoratione
1524 5640 1655 5695 tanti

86 5721 271 5789 gaudii,
304 5727 404 5783 hac
434 5727 521 5782 die
551 5744 661 5799 pra:
678 5730 892 5785 ceteris
918 5744 1095 5784 annua
1129 5731 1465 5787 revolutione
1494 5732 1657 5789 flores

91 5810 379 5877 benedictos
407 5831 463 5877 et
488 5833 832 5881 consecratos
860 5823 1134 5881 cantando
1161 5833 1378 5896 portare
1404 5825 1654 5893 voluerit,

345 5916 622 5980 Panos.
690 5917 860 5980 Xlll.

1765 4718 1916 4764 tttum
1936 4748 1952 4775 ,
1984 4709 2103 4763 sive
2134 4715 2305 4761 totum
2334 4706 2616 4760 mnndmn.

1835 4802 1890 4857 3.
1916 4802 2052 4868 Quia
2086 4815 2214 4856 vero
2244 4799 2368 4854 huic
2389 4798 2497 4853 diei
2533 4798 2660 4853 talia
2693 4800 2910 4853 nomina
2938 4814 3003 4853 ex
3033 4800 3367 4856 convenien-

1765 4896 1909 4952 tibus
1957 4895 2340 4967 mysteriorum
2373 4891 2860 4963 significationibus
2901 4902 3154 4963 aptantur
3180 4936 3194 4960 ,
3233 4910 3368 4963 quo-

1766 4990 1896 5045 libet
1921 4989 2259 5061 breviloquio
2303 4982 2789 5044 demonstrandum
2809 5030 2821 5049 ,
2848 4988 3179 5053 cltarissinti,
3210 4990 3366 5046 vobis

1766 5095 1887 5147 est,
1940 5083 2137 5153 quibus
2174 5082 2430 5151 operibus
2480 5081 2654 5134 noSIri
2701 5079 3001 5134 Salvatoris
3042 5080 3361 5136 illustratur.

1767 5174 1980 5230 Etenim
2009 5174 2149 5229 sicut
2175 5185 2392 5229 sanctus
2404 5173 2734 5242 evangelista
2762 5171 2951 5236 refert,
2976 5178 3103 5224 ante
3125 5187 3217 5225 sex
3242 5172 3364 5229 dies

1764 5268 1967 5324 veteris
2000 5267 2236 5338 pascha,
2268 5267 2358 5337 qui
2406 5268 2475 5322 ab
2522 5266 2773 5322 hesterna
2822 5263 2913 5318 die
2942 5273 3357 5333 computantur,

1763 5363 1908 5417 venit
1937 5361 2095 5417 Jesus
2126 5361 2442 5416 Betltattiatn
2470 5361 2522 5416 itt
2549 5361 2710 5414 domo
2728 5357 2971 5415 Simonis
3000 5357 3199 5425 leprosi
3222 5400 3237 5423 ,
3271 5360 3361 5415 ubi

1764 5453 2025 5509 Lazarum
2057 5455 2449 5521 suscitaverat,
2496 5462 2552 5507 et
2603 5450 2849 5505 fecerunt
2895 5448 2944 5504 ei
2992 5463 3199 5503 «mnam
3237 5449 3309 5503 ibi
3346 5468 3361 5505 :

1762 5565 1871 5619 quo
1915 5550 2079 5605 etiam
2128 5548 2290 5602 Maria
2339 5548 2611 5615 accipiens
2658 5543 2848 5598 libram
2902 5543 3179 5613 unguenti,
3210 5543 3367 5600 unxit

1761 5640 1925 5709 pedes
1961 5640 2209 5707 Domini,
2241 5647 2297 5695 et
2322 5638 2533 5706 capillis
2562 5636 2675 5690 suis
2706 5635 2865 5690 tersit
2892 5654 2905 5689 :
2942 5651 3039 5704 pro
3066 5650 3169 5702 qua
3196 5651 3254 5690 re
3278 5637 3363 5690 iu-

1761 5732 2016 5805 dignante
2042 5733 2179 5789 Jmla
2212 5731 2506 5803 proditore,
2532 5728 2691 5783 Jesns
2715 5730 2766 5783 itt
2800 5729 2957 5783 laude
2994 5728 3236 5784 mulieris
3278 5744 3365 5786 re-

1762 5827 2025 5899 spondit:
2060 5826 2206 5898 Opus
2238 5827 2428 5881 bonum
2453 5832 2668 5892 operata
2711 5832 2783 5877 est
2829 5822 2886 5875 in
2934 5837 3041 5887 me.
3093 5829 3149 5878 et
3167 5832 3367 5880 caetera

2792 5912 2866 5973 21
