3838 6342
73 289 165 347 657
532 285 972 345 MONUMEN'I‘A
1015 286 1295 344 VETERA
1335 290 1429 346 AD
1469 287 1877 347 ARIANOBUM
1922 289 2318 350 DOCTRINAM
2358 293 2846 354 PERTINENTIA.
3234 298 3340 355 658
3386 350 3393 358 .

74 408 263 463 Patrem
289 421 434 460 suum
460 404 659 460 dicebat
706 404 869 459 Deum
892 394 909 469 ,'
938 406 1183 474 aqualem
1218 422 1272 459 se
1297 406 1494 477 faciens
1526 405 1636 461 Deo
1665 417 1710 474 Α
1743 408 1939 462 niant?
1961 407 2152 463 Solem
2196 411 2358 465 etiam
2389 412 2595 475 dicere.
2631 414 2754 470 ideo
2794 414 2973 469 minor
3012 421 3099 469 est
3136 412 3340 481 Filius,

70 497 257 567 (Ιοαηοο
288 511 355 559 ν.
390 496 495 563 18).
530 495 670 549 Ecce
700 493 1279 565 ίηψτθιίιειυιιωυηιιη
1306 495 1640 565 ὡρίιωῳιε-
1743 506 1869 577 quia
1902 504 2171 568 visibilis.
2206 507 2367 563 Pater
2396 520 2577 565 autem
2610 511 2927 566 invisibilis.
2972 508 3090 565 Non
3137 509 3343 565 intelli-

68 590 180 651 lem,
206 597 257 641 et
285 600 386 640 nou
416 598 631 641 veretur
658 585 840 641 dicere
871 585 1214 641 Christianus
1246 588 1537 641 minorem.
1573 587 1641 641 Et
1742 609 1869 669 gum
1894 638 1909 664 ,
1943 598 2068 663 quia
2114 614 2213 653 nec
2243 600 2414 655 Filius
2446 601 2500 655 in
2531 602 2835 657 substantia
2878 603 3101 657 demtis
3132 617 3245 656 sum
3274 600 3349 655 sit

67 683 177 737 alibi
192 681 324 736 idem
348 680 685 750 Evangelista
703 681 780 734 ait
805 698 817 733 :
847 681 947 747 Qui
962 697 1062 734 non
1082 680 1392 749 houoriﬁcat
1408 679 1630 748 Filium,
1745 690 2008 753 vitibiiis,
2040 692 2139 744 nisi
2169 691 2220 745 in
2263 703 2547 762 “summa
2586 694 2828 760 homine,
2875 694 2969 764 qui
3001 701 3057 748 ει
3095 692 3348 748 οιιιιῖεωε

66 790 154 829 non
175 771 470 841 honoriﬁcat
515 772 746 839 Patrem,
776 774 863 839 qui
894 774 1031 827 misit
1075 774 1224 827 illum
1255 772 1454 845 (lbid.,
1502 774 1573 829 23

1829 785 1966 837 itur.
2000 782 2134 837 Nam
2161 781 2331 837 Filius
2358 785 2474 847 Dei,
2499 786 2547 839 id
2574 794 2659 840 est
2693 787 2950 852 Verbum,
2979 785 3122 856 quod
3151 793 3267 840 erat
3296 784 3345 838 in

65 865 286 937 rEqualiS
313 869 454 919 enim
485 864 660 920 honor
686 882 791 920 IIOII
835 866 937 921 nisi
985 866 1283 934 aequalibus
1327 866 1633 922 exhibetur.
1743 879 2014 949 principio
2066 879 2208 932 Deus
2254 876 2397 946 apud
2444 877 2613 932 Deum
2639 920 2655 944 ν
2705 894 2800 948 per
2841 894 3000 947 quem
3058 880 3192 931 facta
3223 884 3351 930 (sunt

64 962 123 1016 Et
145 960 245 1015 alio
270 960 383 1013 loco
415 958 556 1014 idem
586 960 755 1014 dicit:
787 958 937 1015 Sicut
955 959 1115 1014 Pater
1142 960 1356 1015 suscitat
1386 971 1638 1023 mortuos,
1744 973 1925 1027 omnia
1947 1013 1962 1031 ,
2010 972 2181 1025 videri
2234 972 2286 1025 in
2338 985 2435 1024 sua
2465 972 2766 1026 subsmmia
2821 985 2928 1025 non
2959 971 3133 1041 ροιιιίι
3156 1012 3171 1037 ,
3198 969 3342 1024 sicut

66 1064 105 1108 et
122 1053 345 1122 viviﬁcat,
376 1051 515 1106 itaet
539 1050 712 1106 Filius
739 1069 868 1123 quos
913 1054 1021 1108 vult
1048 1054 1269 1122 viviﬁcat
1296 1052 1486 1122 (lbid.,
1521 1053 1582 1107 2|

1832 1081 1844 1120 :
1895 1065 2056 1120 Pater
2101 1064 2156 1117 in
2188 1065 2491 1118 substantia
2542 1080 2661 1120 sua.
2706 1064 2986 1134 Interrogo
3017 1073 3197 1117 autem
3230 1062 3348 1116 sine

64 1148 184 1203 Audi
231 1147 496 1202 dicentem
527 1165 540 1200 :
575 1148 722 1204 Sicut
768 1148 926 1203 Pater
953 1191 966 1213 ,
1020 1151 1095 1203 ita
1148 1159 1194 1204 et
1242 1148 1434 1204 Filius.
1498 1149 1638 1208 Audi
1742 1155 1826 1212 sui
1861 1157 2053 1227 injuria
2089 1157 2238 1211 illum
2263 1157 2567 1227 ipsum,qui
2589 1157 2720 1211 dicit
2739 1157 2881 1227 quod
2912 1157 3059 1211 visus
3088 1157 3158 1210 sit
3180 1153 3348 1210 Filius

64 1241 517 1307 dicentemzﬂuos
546 1241 683 1307 vult,
738 1252 791 1296 et
858 1243 1122 1313 mqualem
1176 1257 1299 1297 eum
1346 1242 1531 1310 Patri,
1576 1262 1580 1292 ς

1830 1252 1841 1306 i
1869 1294 1885 1317 ,
1920 1264 2101 1307 utrum
2152 1253 2388 1306 animam
2422 1267 2573 1305 suam
2622 1252 2891 1307 visibilem
2921 1268 2987 1306 an
3016 1250 3346 1306 invisibilem

61 1349 162 1390 sua:
192 1333 460 1403 potestuis
505 1347 629 1389 esse
658 1347 966 1401 cognosce:
1001 1342 1057 1387 et
1105 1349 1211 1389 non
1264 1335 1414 1390 dicas
1469 1334 1577 1390 Deu

1832 1356 1979 1399 eatur
2012 1362 2025 1399 :
2055 1352 2111 1399 et
2136 1358 2261 1399 cum
2294 1343 2494 1398 dixerit
2523 1344 2883 1410 invisubilem,
2917 1345 3057 1398 sicut
3078 1354 3132 1397 et
3158 1355 3348 1396 verum

63 1428 325 1490 minorem,
356 1424 481 1495 quia
513 1441 777 1496 nusquam
800 1424 1169 1496 inScripturis
1198 1428 1401 1481 sanctis
1417 1426 1502 1480 vel
1526 1443 1576 1480 ιιι

1847 1481 1860 1501 ,
1886 1438 2098 1494 dicatur
2128 1437 2177 1493 ei
2210 1437 2305 1493 :Si
2338 1446 2587 1493 creatura
2610 1479 2623 1501 ,
2648 1437 2698 1490 id
2730 1446 2816 1491 est
2839 1437 3017 1491 anima
3053 1447 3174 1501 tua,
3209 1436 3348 1491 invi-

56 1518 214 1589 jorem
249 1518 411 1573 Deum
446 1519 696 1588 legimus,
728 1520 814 1574 vel
864 1520 1154 1575 minorem.
1189 1519 1340 1575 Sient
1368 1520 1486 1588 ipse
1514 1518 1571 1574 Pl

1836 1533 1923 1587 ilis
1954 1542 2040 1587 est
2063 1544 2315 1589 creatura
2346 1533 2530 1602 utique
2572 1531 2667 1587 Dei
2696 1572 2708 1586 .
2732 1545 2950 1587 creator
2980 1532 3352 1586 universitatis

60 1610 354 1680 lippodieit:
374 1609 478 1676 Qui
501 1627 579 1665 me
592 1612 749 1675 videt,
763 1611 899 1665 videt
921 1623 967 1665 et
984 1610 1192 1666 Patrem
1210 1610 1415 1683 (Joan.,
1431 1613 1576 1671 stv,9

1836 1625 2022 1679 )inodo
2069 1625 2245 1694 potuit
2275 1639 2397 1678 esse
2424 1622 2698 1679 visibilis?
2728 1622 2834 1679 Sed
2867 1625 2988 1677 ideo
3018 1623 3191 1677 induit
3238 1637 3352 1677 car-

58 1705 115 1759 Et
133 1721 147 1758 :
164 1704 342 1759 Omnia
369 1720 485 1775 qute
512 1703 670 1760 Pater
696 1706 845 1776 facit,
868 1704 979 1759 haec
991 1706 1167 1761 eadem
1194 1718 1239 1760 et
1266 1705 1437 1760 Filius
1452 1708 1569 1761 simi

1839 1734 1870 1773 n
1893 1734 2015 1789 quae
2040 1719 2216 1774 videri
2249 1728 2492 1789 poterat,
2526 1719 2651 1788 quia
2701 1717 2876 1773 deitas
2902 1718 2972 1771 ab
3005 1716 3226 1771 homine
3273 1716 3355 1770 vi-

58 1810 123 1853 ter
140 1800 260 1866 facit
287 1796 443 1866 (Joao
476 1840 490 1864 ,
526 1815 554 1850 v
579 1839 595 1865 ,
627 1799 739 1865 19).
770 1799 863 1853 Vel
911 1800 1043 1856 illud
1069 1817 1081 1853 :
1116 1800 1253 1855 Deus
1274 1813 1380 1855 erat
1414 1799 1574 1855 Verba

1838 1815 1859 1863 »ἰ
1889 1830 1995 1865 non
2026 1822 2256 1883 poterat.
2302 1811 2409 1866 Hac
2438 1827 2601 1866 carne
2626 1810 2798 1880 maior
2823 1819 2905 1865 est
2937 1809 3098 1864 Pater
3128 1827 3140 1863 :
3172 1822 3354 1878 a-qnao

57 1891 243 1962 (Joau.,
271 1890 389 1961 nl).
421 1891 481 1946 Et
506 1893 819 1961 Apostolus,
854 1902 911 1947 ut
932 1897 1388 1950 memoravimus:
1420 1894 1517 1961 Qui
1547 1913 1572 1949 e

1841 1906 2025 1962 Verbo
2057 1907 2233 1976 major
2270 1921 2434 1961 carne
2466 1923 2480 1958 :
2516 1904 2742 1976 a'qualis
2774 1904 2822 1958 ei
2847 1945 2861 1969 ,
2912 1920 3012 1974 per
3036 1918 3197 1973 quem
3227 1903 3354 1957 fecit

57 1983 233 2053 inquit.
256 1999 410 2052 super
439 1985 612 2036 omnia
638 1983 773 2038 Deus
796 1985 1091 2039 benedictus
1116 1987 1171 2040 in
1196 1988 1389 2041 strcula
1433 1987 1639 2058 (llom.,
1747 2013 1848 2051 ηοε
1869 2041 1883 2063 ,
1909 1999 2086 2067 major
2106 2013 2171 2052 eo
2199 2000 2290 2067 qui
2316 1998 2489 2051 tactus
2511 2008 2591 2052 est
2621 2003 2843 2066 propter
2891 2010 3012 2051 nos,
3042 1994 3175 2049 Nam
3205 1993 3349 2065 quod

56 2095 103 2134 ιι
126 2118 141 2144 9
188 2078 261 2147 5)
300 2078 364 2132 El
408 2077 742 2147 Αιιοδιυιυεε
780 2077 883 2145 Qui
914 2095 1029 2132 cum
1075 2080 1128 2132 ίη
1157 2084 1325 2149 forma
1360 2079 1453 2133 θεέ
1475 2090 1641 2144 εεεετ.
1747 2090 1893 2144 Deus
1920 2088 2185 2152 sitFiIins,
2214 2089 2339 2142 licet
2372 2088 2539 2141 multa
2572 2088 2881 2142 testimonia
2905 2087 3155 2158 superius
3180 2087 3351 2155 posita

56 2188 146 2226 non
164 2172 686 2242 rapinamarbilratus
705 2182 901 2226 estesse
918 2189 972 2227 se
991 2171 1240 2243 aqualem
1255 2172 1639 2246 Deo(Philip..
1747 2182 2033 2237 evidenter
2086 2180 2454 2250 perdoceaut,
2492 2192 2672 2234 tamen
2704 2179 2883 2235 adhuc
2931 2193 3105 2249 pauca
3142 2178 3353 2234 credidi

57 2282 106 2332 ιι,
131 2265 204 2337 6).
237 2266 415 2334 Quare
461 2265 608 2321 hoc?
634 2266 758 2335 quia
794 2281 954 2320 nemo
983 2266 1166 2335 rapit,
1202 2268 1303 2322 nisi
1360 2268 1503 2337 quod
1534 2284 1641 2323 non
1747 2274 2150 2343 subiungendo.
2186 2274 2242 2330 lu
2275 2274 2474 2329 Genesi
2510 2274 2773 2344 scriptum
2805 2283 2891 2329 est
2929 2273 3172 2328 :Creaoit
3208 2272 3350 2326 Deus

55 2360 223 2415 habet.
240 2359 335 2415 Ille
365 2375 499 2430 ergo
518 2358 613 2431 qui
642 2358 876 2415 habebat
899 2361 1290 2430 mquahtatem,
1315 2375 1423 2415 non
1445 2368 1529 2415 e~t
1558 2377 1644 2415 ar-
1712 2396 1715 2403 ι
1749 2373 1931 2423 caelum
1959 2367 2139 2439 (Gem,
2174 2384 2212 2427 ι.
2249 2369 2325 2439 1),
2355 2379 2408 2421 et
2441 2368 2626 2437 utique
2671 2366 3020 2437 Evangelista
3060 2366 3352 2421 conﬁrmat

56 2452 267 2509 bitratus
297 2468 391 2523 per
422 2453 666 2523 rapinam
694 2470 707 2506 :
742 2453 836 2507 sed
869 2469 1029 2523 quam
1060 2453 1280 2509 rebellis
1309 2454 1537 2524 angelus
1559 2470 1645 2509 as-
1749 2462 1931 2515 omnia
1955 2460 2137 2515 aFilio
2158 2475 2280 2515 esse
2309 2471 2489 2514 creata
2523 2460 2788 2531 (Joan.,t,
2815 2459 3040 2530 5).Item
3073 2459 3144 2513 ibi
3170 2458 3351 2527 sequi-

55 2561 256 2603 sumere
307 2545 476 2603 voluit
511 2562 605 2616 per
623 2547 869 2617 rapinam
898 2588 913 2613 ,
956 2545 1208 2603 Christus
1259 2548 1499 2618 possedit
1549 2564 1646 2619 per
1752 2554 2090 2608 tur:Creauit
2122 2552 2261 2606 Deus
2289 2553 2546 2606 hominem
2569 2552 2637 2605 ad
2666 2553 2943 2621 imaginem
2971 2561 3019 2607 et
3048 2551 3352 2607 similitudi-

57 2649 310 2694 naturam.
358 2639 499 2709 Quia
530 2654 657 2694 vero
700 2651 784 2694 est
836 2654 999 2695 verus
1056 2640 1195 2695 Deus
1216 2682 1231 2703 ,
1269 2641 1392 2694 audi
1428 2642 1642 2696 beatum
1748 2663 1865 2700 nem
1894 2663 2042 2700 suam
2064 2644 2246 2717 (Gem,
2279 2661 2317 2707 ι,
2347 2644 2614 2715 27).t.cce
2639 2648 2726 2701 hic
2750 2646 2915 2701 Deum
2941 2660 3201 2716 agnosce,
3226 2645 3352 2712 quia

58 2734 300 2791 Joannem
323 2736 594 2791 dicentem
626 2737 680 2790 in
707 2736 946 2806 Epistola
977 2751 1073 2791 sua
1100 2754 1112 2785 τ
1150 2734 1215 2789 Et
1239 2737 1419 2804 simus,
1448 2739 1643 2807 inquit,
1748 2748 1806 2797 et
1831 2739 2105 2793 hominem
2131 2739 2247 2806 ipse
2289 2740 2516 2793 creavit.
2572 2738 2637 2793 Et
2677 2739 2844 2794 Isaias
2886 2739 3016 2793 dicit
3045 2739 3113 2793 de
3143 2738 3355 2794 Joanne

57 2828 105 2881 in
134 2845 244 2883 vero
269 2828 406 2884 Filio
434 2835 550 2902 eius
577 2827 703 2884 Iesu
722 2828 929 2884 Christo
953 2847 971 2884 :
1000 2829 1084 2884 hic
1109 2840 1182 2884 est
1209 2847 1354 2884 rerus
1381 2830 1551 2897 Deus,
1599 2842 1648 2886 et

58 2925 151 2979 rita
169 2935 354 2979 teterna
396 2923 660 2997 (lJoan.,
688 2940 723 2980 v
747 2965 762 2991 ,
789 2924 905 2994 ‘20).
936 2923 1107 2978 Audis
1136 2940 1322 2980 verum
1358 2925 1525 2981 Deum
1546 2967 1561 2989 ,
1592 2933 1648 2980 ct

61 3021 326 3089 praesumis
355 3019 541 3074 dicere
585 3024 856 3073 minorem
884 3059 898 3080 ,
932 3028 987 3071 et
1016 3032 1121 3072 non
1153 3020 1432 3073 conliteris
1462 3034 1647 3088 aequa-

59 3112 196 3168 lem?
228 3113 544 3169 Dicitetiam
573 3112 764 3167 beatus
802 3111 1098 3183 Apostolus
1121 3111 1188 3165 ad
1203 3112 1414 3166 Titum:
1444 3110 1651 3180 Exspe-

1751 2848 2092 2906 prmt-ursore
2124 2833 2370 2887 Domini:
2406 2832 2594 2888 Rectus
2635 2834 2792 2902 facile
2813 2836 3021 2889 semitas
3061 2831 3157 2888 Dei
3183 2833 3347 2887 nostri

1753 2926 1918 2995 (lsa.,
1970 2942 2059 2991 se,
2090 2925 2168 2996 5).
2193 2926 2360 2995 Cujus
2407 2928 2525 2993 Dei,
2565 2927 2667 2981 nisi
2698 2929 2883 2996 utique
2917 2927 3077 2991 Filii,
3107 2943 3268 2997 quem
3299 2927 3353 2981 in

1752 3035 1918 3075 carne
1945 3021 2160 3073 venisse
2185 3033 2288 3071 non
2314 3019 2668 3073 dubitamus?
2715 3019 2783 3073 Et
2827 3019 2988 3088 paulo
3015 3029 3136 3087 post
3161 3036 3174 3072 :
3208 3017 3346 3073 Con-

1753 3114 1940 3182 fortate
1970 3127 2153 3165 manus
2202 3112 2513 3174 dissolutas,
2542 3119 2591 3164 et
2637 3128 2805 3182 genua
2849 3111 3043 3165 debilia
3084 3112 3347 3165 roborata.

64 3217 241 3260 ctantes
266 3208 464 3261 beatam
486 3223 630 3277 spem
658 3248 673 3268 ,
700 3215 750 3260 et
779 3206 1052 3260 adventum
1100 3205 1282 3276 gloria:
1326 3211 1499 3277 magni
1548 3205 1646 3261 Dei
1674 3191 1720 3253 (ἶ
1755 3204 1929 3259 Dicite
1979 3205 2326 3273 pusillanimis
2361 3202 2541 3258 :Ecce
2590 3202 2731 3257 Deus
2755 3213 2918 3257 vester
2966 3204 3020 3257 in
3050 3203 3358 3272 fortitudine

60 3296 201 3369 (Tit.,
227 3315 287 3366 ιι,
321 3299 437 3370 15).
479 3298 675 3354 Nescio
699 3315 802 3364 qua
846 3299 1022 3354 fronte
1051 3315 1226 3353 minor
1254 3313 1376 3354 esse
1410 3299 1645 3365 dicatur,

61 3406 208 3460 quem
231 3408 485 3463 magnum
519 3395 685 3447 Deum
712 3394 1005 3463 Apostolus
1028 3392 1331 3461 proﬁtetur.
1357 3392 1467 3446 lloc
1484 3394 1647 3446 etiam

60 3484 283 3554 perﬁdus
335 3500 495 3541 error
521 3486 704 3541 dicere
731 3488 906 3553 solet,
963 3486 1108 3555 quod
1157 3486 1245 3541 ubi
1277 3486 1328 3539 in
1355 3485 1651 3554 Scripturis

63 3575 276 3646 legimus
312 3588 407 3633 aut
458 3579 634 3635 solum
668 3579 875 3641 Deum‘,
931 3589 1023 3632 aut
1049 3578 1223 3633 solum
1281 3578 1603 3632 altissimum
1630 3620 1646 3643 ,

63 3684 145 3726 aut
165 3673 334 3728 solum
368 3673 693 3743 sapientem,
730 3672 833 3727 hoc
861 3686 966 3726 non
1008 3671 1075 3725 de
1107 3672 1373 3726 Trinitate
1402 3670 1528 3731 dici,
1553 3671 1681 3727 sed.

63 3764 123 3820 de
146 3769 255 3821 solo
298 3767 461 3821 Patre
482 3767 654 3835 accipi
687 3766 903 3822 debeat.
950 3764 1104 3832 Quod
1134 3780 1294 3834 quam
1354 3762 1650 3817 absurdum

63 3859 126 3913 sit
160 3862 225 3913 ita
269 3860 511 3923 sentire,
560 3859 629 3914 de
657 3861 761 3913 hoc
792 3873 899 3913 uno
942 3859 1251 3912 testimonio
1277 3858 1648 3911 convincatur.

66 3950 346 4006 Dcitenim
362 3950 966 4024 Apostolust'Cognitum
979 3951 1075 4004 soli
1087 3951 1306 4022 sapienti
1324 3948 1429 4003 Deo
1447 3949 1621 4018 (Rom.
1635 3991 1652 4016 ,

64 4062 169 4111 svr,
198 4047 310 4117 26);
347 4063 456 4101 non
484 4046 793 4117 intelligunt
818 4048 940 4114 quia
972 4060 1078 4098 non
1109 4043 1401 4098 dixit:Soli
1421 4042 1653 4110 sapienti

66 4137 223 4202 Patri,
255 4139 348 4194 sed
373 4139 519 4195 :Soli
553 4139 780 4207 sapienti
814 4138 944 4199 Deo,
972 4152 1091 4206 quae
1118 4147 1201 4190 est
1232 4134 1487 4189 Trinitas.
1520 4133 1652 4188 Nam

65 4231 182 4285 dum
220 4233 324 4287 Soli
370 4232 517 4286 Patri
574 4231 677 4286 hoc
721 4230 1024 4300 deputant,
1064 4230 1261 4284 Filium
1310 4230 1653 4297 insipientem

70 4323 457 4394 blaspliemant.
494 4324 559 4378 Et
582 4324 856 4393 quomodo
883 4338 1004 4376 eum
1022 4322 1316 4390 Apostolus
1335 4320 1654 4390 Sapientiam

70 4415 157 4469 Dei
187 4432 306 4472 esse
333 4418 487 4478 dicit.
517 4419 560 4471 si
590 4418 735 4471 solus
766 4414 926 4469 Pater
950 4426 1030 4469 est
1060 4416 1296 4480 sapiens,
1328 4428 1451 4467 cum
1476 4412 1657 4467 nullus

69 4509 273 4576 sapiens
298 4510 469 4579 possit
494 4523 618 4563 esse
647 4508 749 4562 nisi
781 4522 876 4578 per
903 4505 1223 4575 sapientiam
1254 4505 1448 4559 suam?
1478 4505 1543 4558 Et
1568 4504 1656 4558 ubi

1754 3299 1938 3361 veniet,
1973 3307 2020 3350 et
2049 3295 2265 3349 salvobit
2294 3311 2383 3350 vos
2405 3337 2419 3359 ,
2449 3306 2496 3349 et
2539 3307 2660 3349 tunc
2686 3295 2995 3369 aperiantur
3023 3294 3160 3347 oculi
3187 3309 3352 3347 ctero-

1756 3407 1873 3444 rum
1904 3387 2066 3455 (lsa.,
2100 3404 2264 3451 xxxv,
2292 3389 2379 3459 5).
2405 3388 2561 3455 Quod
2593 3392 2779 3442 utioue
2808 3389 2860 3442 in
2891 3388 3125 3442 adventu
3155 3388 3358 3443 Christi

1753 3483 2083 3552 completum
2112 3497 2235 3537 esse
2265 3483 2667 3545 εοπιιοςιςίηιιιε.
2703 3482 2985 3536 Psalmista
3011 3482 3173 3537 etiam
3197 3482 3353 3546 dicit,

1760 3575 1952 3629 Omnes
1996 3583 2170 3645 gentes
2199 3591 2547 3645 quascumque
2596 3576 2795 3646 fecisti,
2829 3577 3030 3630 venient
3050 3618 3065 3641 ,
3093 3585 3141 3629 et
3168 3576 3358 3631 adora-

1757 3669 1879 3722 bunt
1906 3684 2079 3720 coram
2108 3682 2187 3733 te,
2232 3667 2480 3721 mirabilis
2508 3677 2563 3721 tu
2592 3684 2642 3721 es
2678 3678 2725 3721 et
2755 3670 2950 3738 faciens
2974 3669 3233 3723 mirabilia
3256 3710 3271 3735 ,
3301 3678 3357 3723 tu

1756 3777 1811 3815 es
1833 3760 1976 3815 Deus
2005 3761 2148 3815 solus
2184 3760 2301 3833 (Ps.
2334 3777 2534 3825 Lxsxv,
2562 3762 2640 3830 9).
2675 3760 2793 3817 Non
2821 3773 2948 3834 puto
2974 3763 3207 3832 aliquem
3234 3777 3361 3819 e~se

1760 3869 1868 3913 tam
1894 3860 2141 3929 impium,
2177 3862 2266 3929 qui
2308 3872 2466 3931 ttegt-t
2508 3860 2701 3916 Filium
2733 3863 2829 3918 Dei
2870 3873 2921 3917 et
2969 3860 3237 3918 mirabilia
3286 3860 3363 3916 le-

1757 3950 1922 4016 cisse,
1955 3965 2007 4007 et
2034 3956 2320 4008 universas
2345 3965 2537 4026 gentes
2562 3971 2803 4016 creasse.
2826 3955 2930 4010 nisi
2962 3956 3101 4011 forte
3120 3955 3358 4011 Judazos.

1760 4043 1827 4097 Et
1854 4044 1984 4099 alibi
2008 4045 2197 4108 Isaias,
2242 4063 2363 4101 cum
2392 4049 2682 4103 adventum
2718 4048 2923 4102 Christi
2958 4063 3053 4118 per
3093 4048 3358 4117 virginem

1760 4136 2007 4203 nuntiat,
2036 4137 2167 4192 dicit
2196 4138 2340 4193 inter
2366 4150 2563 4193 ca-tera
2587 4157 2598 4191 :
2638 4138 2703 4192 Et
2746 4139 3010 4192 vocabitur
3038 4154 3219 4192 nomen
3249 4139 3363 4208 ejus

1761 4227 2102 4282 Admirabilis
2126 4270 2140 4293 ,
2175 4228 2542 4295 Consiliarius,
2580 4229 2716 4283 Deus
2760 4232 2911 4298 fortis
2957 4229 3119 4301 (lsa.,
3155 4245 3230 4296 Ix,
3281 4228 3364 4299 6).

1764 4319 1871 4374 Sed
1903 4331 1956 4375 et
1990 4321 2183 4375 beatus
2206 4321 2527 4391 Apostolus;
2556 4322 2744 4377 Omnes
2765 4324 2898 4376 enim
2924 4338 3018 4376 nos
3043 4323 3368 4394 manifestari

1765 4420 1966 4480 Oportet
2009 4423 2129 4464 ante
2176 4411 2405 4465 tribunal
2456 4411 2649 4466 Christi
2693 4410 2933 4483 (IlCor.,
2977 4428 3031 4478 v,
3062 4411 3175 4483 10).
3206 4411 3279 4467 Et
3305 4421 3367 4466 ut

1763 4518 2030 4574 agnoscas
2059 4505 2226 4558 Deum
2259 4520 2381 4558 esse
2401 4504 2698 4571 Christum,
2727 4504 2805 4559 sic
2833 4504 2959 4559 alibi
2978 4504 3107 4559 dicit
3131 4522 3144 4559 :
3175 4504 3367 4560 Omnes

69 4610 145 4653 est
174 4602 299 4655 illud
323 4644 337 4665 ,
364 4601 511 4671 quod
540 4601 606 4655 ad
655 4600 1015 4655 Colossenses
1044 4598 1183 4653 idem
1211 4597 1503 4665 Apostolus
1536 4609 1659 4665 pro-
1686 4588 1739 4649 Ι)
1762 4597 2011 4649 stabimus
2041 4605 2158 4649 ante
2185 4594 2416 4649 tribunal
2446 4593 2542 4649 Dei
2578 4596 2777 4663 illam,
2800 4612 2911 4663 stv,
2947 4594 3060 4667 10).
3106 4595 3228 4650 Vivo
3248 4613 3364 4668 ego,

70 4702 286 4750 testatur
336 4696 406 4750 de
470 4696 685 4749 Christo
747 4694 915 4749 Jrsu:
970 4691 1034 4747 Iu
1099 4707 1200 4763 quo
1256 4701 1415 4757 sunt,
1460 4691 1654 4757 inquit,

70 4804 236 4842 omnes
258 4789 490 4844 thesauri
507 4789 772 4858 sapientia:
796 4798 840 4841 et
861 4787 1085 4841 scientiae
1105 4785 1389 4839 absconditi
1408 4784 1655 4852 (Coloss.,

69 4895 119 4947 ι,
149 4882 241 4950 3)?
271 4880 429 4938 Unde
455 4892 746 4953 agnoscant
775 4922 789 4946 ,
819 4897 979 4949 quam
1007 4879 1233 4935 stultum
1263 4880 1334 4932 sit
1361 4876 1501 4947 quod
1533 4893 1660 4945 pro-

71 4984 235 5041 ninut,
265 4984 319 5029 et
342 4974 667 5044 ubicumque
694 4973 894 5043 aliquid
927 4972 1178 5027 similiter
1207 4972 1414 5042 legunt,
1437 4987 1542 5025 non
1568 4971 1662 5026 uni

71 5078 310 5132 persona:
350 5065 641 5133 deputent,
686 5065 781 5119 sed
815 5067 986 5119 beata:
1035 5064 1320 5130 Triuitati,
1374 5080 1494 5133 qua:
1545 5065 1658 5119 sola

71 5171 306 5212 sununus
335 5158 478 5214 Deus
507 5168 563 5214 et
589 5172 752 5214 verus
776 5168 882 5214 est.
907 5158 1041 5213 Nam
1067 5168 1122 5213 et
1141 5158 1210 5212 de
1241 5158 1442 5226 Spiritu
1475 5170 1664 5214 saneto

71 5252 140 5305 sic
188 5253 315 5307 dicit
344 5254 645 5322 Apostolus
676 5270 688 5305 :
725 5253 828 5306 Alii
886 5253 1093 5322 quidem
1143 5268 1231 5321 per
1271 5250 1530 5319 Spiritum
1566 5254 1666 5306 da-

74 5354 151 5397 tur
172 5361 335 5399 sermo
353 5346 623 5415 sapientia:
645 5388 661 5411 ,
690 5345 784 5399 alii
812 5356 984 5400 autent
1016 5362 1184 5399 sermo
1208 5348 1438 5401 scientia:
1484 5361 1664 5399 secun-

76 5437 436 5492 dttmeutndem
469 5438 724 5509 Spiritum
746 5438 790 5509 (l
807 5437 951 5500 Con,
975 5437 1164 5509 xu,8).
1199 5438 1253 5493 Si
1280 5454 1410 5507 ergo
1437 5437 1667 5507 perSpi—

78 5533 233 5588 ritum
275 5541 550 5599 sanctum,
612 5534 755 5589 sicut
812 5547 1004 5587 verum
1047 5541 1163 5595 est,
1199 5542 1250 5584 et
1284 5531 1567 5601 sapientiae
1613 5543 1668 5586 et

80 5631 314 5684 scientiae
337 5643 522 5683 sermo
545 5629 811 5691 donatur;
844 5624 1122 5697 quomodo
1149 5624 1321 5678 solius
1353 5626 1529 5679 Patris
1551 5639 1672 5693 per—

83 5733 226 5775 sona-
282 5721 385 5776 hoc
431 5731 609 5789 potest
657 5718 877 5784 ascribi,
938 5717 1080 5788 quod
1110 5716 1260 5770 solus
1300 5718 1372 5771 sit
1417 5720 1671 5786 sapiens,

87 5810 212 5885 nisi,
242 5824 303 5871 ot
330 5813 540 5873 dictum
567 5822 681 5871 esti
727 5825 981 5881 ωιιυωνω
1020 5807 1274 5869 Trinitati
1328 5809 1430 5864 ista
1479 5823 1675 5865 conva.

1767 4693 1896 4748 dicit
1930 4694 2212 4757 Dominus,
2241 4694 2362 4761 quia
2394 4691 2520 4745 mihi
2549 4693 2782 4763 [lectetur
2813 4708 2963 4747 omne
2988 4709 3142 4762 genu.
3170 4692 3368 4762 Utique

1771 4789 1838 4844 de
1867 4787 2089 4842 Christo
2117 4788 2270 4851 dicit,
2296 4803 2456 4857 quem
2481 4787 2546 4841 ad
2580 4786 2930 4856 judicandum
2962 4787 3118 4840 vivos
3139 4795 3193 4839 et
3222 4801 3367 4839 mor-

1773 4892 1892 4938 tuos
1913 4882 2185 4937 credimus
2216 4896 2336 4936 esse
2365 4891 2673 4934 vnttlttt'tltu.
2707 4881 2993 4937 Psalmista
3019 4895 3180 4935 voces
3204 4895 3369 4949 ange-

1772 4976 1946 5030 lorum
1973 4975 2206 5037 faciens,
2237 4990 2359 5029 cum
2389 4974 2638 5030 Christus
2686 4976 2739 5030 in
2780 4976 2949 5032 oculos
2997 4974 3365 5031 ascendisset:

1774 5067 2002 5133 Tollite,
2050 5068 2260 5136 inquit,
2309 5075 2487 5137 portas
2527 5068 2787 5137 principes
2816 5076 3039 5129 vestras,
3095 5074 3144 5120 et
3198 5065 3368 5119 eleva-

1769 5163 1895 5216 mini
1953 5172 2115 5231 portae
2163 5160 2454 5225 teteruales,
2499 5170 2547 5214 et
2584 5162 2818 5215 introibit
2866 5176 2959 5214 rex
3006 5159 3188 5230 gloria:
3232 5157 3366 5229 (Ps.

1768 5253 2080 5324 xxxur.7).
2118 5254 2340 5322 lllisque
2392 5253 2856 5323 interrogantibus
2908 5251 3031 5321 quis
3073 5258 3222 5306 esset
3261 5252 3367 5306 iste

1768 5363 1863 5404 res
1888 5347 2100 5417 gloriae,
2126 5348 2406 5416 respondit
2437 5348 2728 5402 Dominus:
2763 5344 2938 5398 Fortis
2960 5353 3009 5397 et
3040 5354 3221 5414 potens
3250 5342 3363 5398 Do-

1771 5439 1940 5493 minus
1971 5439 2249 5502 virtutum;
2272 5440 2381 5509 ipse
2410 5450 2482 5494 est
2512 5454 2606 5492 rea:
2637 5437 2819 5509 gloria:
2848 5434 3039 5505 (lbid.,
3066 5436 3121 5495 8.
3155 5434 3266 5506 10).
3302 5434 3370 5489 Et

1772 5547 1842 5586 ne
1879 5533 2015 5585 forte
2040 5531 2110 5584 de
2138 5531 2301 5585 Patre
2345 5530 2551 5584 dicttttn
2599 5535 2823 5596 potent.
2877 5525 3150 5591 quomodo
3200 5526 3369 5582 multa

1775 5625 2011 5679 absorde
2041 5625 2384 5692 intelligunt,
2412 5621 2635 5675 audiant
2664 5618 2983 5686 ApOstolnm
3033 5620 3160 5671 huic
3200 5619 3374 5674 versi-

1779 5716 1903 5770 culo
1946 5716 2382 5769 consentientem
2427 5728 2441 5764 :
2478 5711 2537 5763 Si
2567 5712 2725 5770 enim,
2752 5708 2943 5777 inquit,
2975 5710 3373 5785 cognovissent,

1785 5820 2065 5873 numquam
2084 5804 2363 5859 Dominum
2388 5802 2571 5872 gloria
2584 5798 2965 5867 cruciﬁxith
2989 5798 3031 5869 (l
3048 5798 3193 5867 Cors,
3222 5802 3281 5869 tt,
3302 5802 3357 5869 8)
3372 5836 3386 5853 .
