3972 6352
202 267 288 324 681

615 258 1051 322 ΜΟΝἨΙΕΕἿἏ
1084 260 1369 322 ὝΕἼἘΜ
1416 260 1504 322 AD
1544 259 1767 322 ARIANl

1873 263 1955 322 Dii
1990 263 2396 329 DOCWINA‘M
2430 266 2921 329 pannosum.

3355 277 3461 333 C62

200 396 381 451 sanius,
415 383 464 438 id
489 392 592 449 est,
636 382 844 452 iustitia
870 392 1086 449 sumtis,
1129 386 1431 456 eademque
1450 382 1748 456 Sapientia,
1782 385 1829 442 Α
1855 387 1990 441 risus
2020 391 2185 443 sancti
2208 391 2281 461 ‘(l‘l
2308 388 2454 455 Con.
2482 406 2559 457 Vt,
2600 394 2737 457 19)?
2783 386 2851 450 Et
2873 395 2994 463 quis
3033 404 3174 452 esset
3206 392 3311 453 iste
3334 396 3463 467 Spi-

200 483 348 535 virtus
374 478 593 533 induisti
621 518 633 542 ,
666 491 764 548 par
803 479 995 549 gloria.
1031 480 1163 546 Quae
1193 493 1317 534 cum
1362 478 1436 535 ita
1474 484 1615 541 sint.
1644 482 1757 535 dis-

198 573 358 628 sensio
400 569 695 636 auferatur,
748 580 799 623 et
833 569 969 626 fides
1014 574 1223 642 integra
1264 583 1531 628 teneatur.
1572 574 1762 630 Dicunt

195 665 522 724 etiamddeo
564 665 739 734 major
766 674 849 721 est
874 666 1055 729 Pater,
1105 668 1228 736 quia
1278 678 1363 721 est
1410 648 1758 724 immortalis.

196 761 536 833 interrogandi
566 771 712 828 sunt,
758 772 941 817 utrum
975 763 1170 819 Filium
1222 765 1274 819 in
1314 758 1616 820 substantia
1638 764 1762 819 dei—

195 860 302 913 tatis
326 871 434 911 sure
460 855 744 910 mortalem
774 871 897 911 esse
920 856 1212 912 fateantur.
1236 857 1391 926 Quod
1418 858 1469 911 si
1496 856 1755 921 dixerim,

193 960 330 1021 mrem
383 958 562 1004 contra
594 949 861 1003 rationein
893 949 1117 1012 dicant,
1169 951 1349 1005 omnis
1390 950 1553 1004 homo
1588 956 1758 1017 agno-

192 1054 324 1099 scere
340 1050 535 1113 pmest,
552 1043 640 1111 qui
656 1042 1121 1097 etiambumanam
1144 1042 1377 1097 anitnam
1395 1043 1756 1096 immortalem

191 1151 293 1194 esse
317 1150 417 1190 non
439 1135 681 1206 ambigit.
708 1134 814 1192 Sed
842 1136 946 1190 hoc
968 1137 1049 1190 eis
1065 1136 1375 1201 dicendum,
1402 1136 1542 1207 quod
1565 1150 1760 1191 secun-

191 1232 297 1288 dum
331 1234 542 1285 carnem
570 1229 782 1283 dicatur
806 1244 999 1299 passos
1024 1241 1079 1284 et
1098 1240 1366 1285 mortuus.
1401 1230 1532 1285 Nam
1568 1245 1761 1285 secun-

189 1310 296 1380 dum
341 1323 700 1389 divinitatem,
733 1340 835 1395 qua
864 1339 1083 1394 semper
1111 1326 1346 1387 exstitit,
1400 1332 1451 1380 et
1504 1327 1755 1381 universa

187 1420 399 1482 creavit,
450 1417 774 1472 immortalis
821 1427 1159 1488 permaneat.
1209 1419 1402 1473 Dicunt
1445 1420 1605 1473 etiam
1635 1434 1757 1475 esse

186 1513 460 1578 visibilem;
506 1512 654 1582 quod
685 1524 845 1581 quam
872 1510 1165 1567 absurdum
1200 1513 1302 1578 sit,
1344 1520 1639 1581 agnoscant
1664 1512 1756 1583 qui

185 1608 272 1663 hoc
292 1607 504 1669 dicunt,
531 1620 657 1661 cum
684 1621 783 1659 nec
809 1606 993 1660 anima
1020 1605 1257 1658 humana
1286 1605 1456 1675 possit
1481 1619 1601 1659 esse
1627 1605 1758 1657 ‘visi-

187 1700 289 1754 bilis
307 1743 320 1763 ,
340 1707 540 1768 quanto
564 1697 734 1769 magis
756 1698 897 1753 Deus
922 1699 974 1752 iu
1007 1713 1102 1752 sua
1127 1696 1466 1752 substantia?
1495 1696 1601 1752 Sed
1632 1696 1757 1751 illeo

1866 480 2000 534 ritus
2034 492 2259 536 sanctus
2276 524 2289 546 ,
2339 483 2494 554 cujus
2523 488 2783 555 templum
2808 498 3058 543 essemus
3079 529 3093 554 ,
3118 484 3207 542 sic
3230 488 3464 543 conclu-

1865 574 2000 630 tleus
2048 573 2389 631 demonstrat
2447 596 2461 635 :
2514 578 2843 648 Gloriﬁcate,
2895 580 3105 651 inquit,
3156 590 3213 635 et
3263 592 3465 653 portate

1867 669 2029 723 Deum
2056 669 2109 720 in
2138 680 2355 747 corpore
2380 680 2547 724 vestro
2574 667 2764 741 (Ibid.,
2790 672 3457 744 ‘20).AgnmSpiritum

1864 770 2107 818 sanctum
2131 765 2414 821 evidenter
2444 764 2610 821 usus.
2632 810 2644 829 .
2672 778 2729 821 et
2748 769 2942 823 desine
2968 770 3367 838 blasphemare.
3395 769 3463 825 Et

1865 859 1916 911 in
1949 858 2171 913 Actibus
2202 860 2586 928 Apostolorum
2612 861 2810 915 beatus
2838 862 3032 917 Petrus
3069 861 3134 916 ad
3168 862 3456 924 Ananiam.

1862 952 1949 1021 qui
1980 951 2092 1006 Deo
2114 962 2341 1007 voverat
2369 953 2731 1020 oblationem,
2780 964 2837 1008 et
2870 955 3220 1024 postmodum
3250 956 3464 1009 exstitit

1864 1044 2173 1111 iudevotus,
2200 1046 2282 1101 sic
2322 1046 2453 1101 dicit
2483 1066 2493 1099 :
2530 1048 2661 1115 Quis
2697 1049 2947 1118 compulit
2978 1057 3024 1102 te
3050 1050 3257 1103 mentiri
3286 1048 3463 1118 Spiri-

1864 1137 1940 1190 tui
1998 1138 2220 1192 sancto?
2284 1155 2389 1193 non
2433 1156 2485 1194 es
2528 1143 2778 1194 Mentitus
2836 1142 3161 1207 hminibus,
3210 1143 3301 1195 sed
3353 1141 3461 1196 Deo

1862 1230 2026 1303 (Ach,
2048 1247 2103 1295 ν,
2123 1230 2199 1295 5).
2216 1233 2355 1288 Ecce
2382 1243 2437 1289 et
2462 1234 2547 1289 hic
2569 1250 2692 1289 eum
2718 1236 3129 1291 evidentissime
3144 1237 3313 1290 Deum
3337 1248 3460 1291 esse

1862 1325 2001 1379 beati
2034 1320 2177 1381 Petri
2202 1330 2478 1383 attestatio
2504 1330 2834 1383 manifestat.
2868 1328 3001 1383 item
3033 1329 3136 1384 ibi:
3159 1329 3303 1383 Dixit
3335 1329 3462 1396 Spi-

1859 1418 1991 1471 ritus
2010 1428 2223 1474 sanctus
2248 1435 2266 1473 :
2288 1420 2568 1494 Segregate
2586 1422 2715 1475 mihi
2742 1420 2969 1475 Paulum
2994 1430 3042 1476 et
3073 1418 3365 1478 Barnabam
3391 1425 3461 1477 ad

1859 1527 2009 1580 opus,
2039 1512 2108 1566 ad
2131 1526 2257 1584 quos
2283 1514 2413 1585 elegi
2444 1528 2529 1569 eos
2548 1515 2710 1585 (Ach,
2743 1530 2857 1581 xm,
2879 1514 2961 1583 2).
3006 1516 3074 1569 Et
3106 1516 3297 1571 beatus
3317 1515 3459 1569 Pau—

1862 1606 1942 1659 lus
1977 1607 2107 1661 inibi
2152 1608 2298 1662 dixit
2331 1628 2343 1661 :
2379 1609 2653 1675 Attendite,
2708 1610 2885 1678 inquit
2906 1650 2920 1675 ,
2949 1610 3115 1673 vobis,
3145 1620 3191 1663 'et
3222 1610 3461 1665 universo

1858 1701 2028 1775 gregi,
2052 1701 2106 1754 in
2151 1716 2252 1773 quo
2288 1718 2378 1757 pos
2419 1702 2650 1772 Spiritus
2676 1711 2887 1756 sanctus
2937 1703 3109 1773 posuit
3155 1703 3459 1773 Apostolos.

184 1809 381 1848 carnem
430 1793 748 1863 asstunpsi't.
774 1807 896 1863 qua:
944 1791 1379 1862 poteratvideri,
1429 1791 1552 1861 quia
1582 1791 1756 1847 deitas
1786 1781 1836 1841 Β
1862 1809 2037 1865 regere
2088 1793 2374 1848 Ecclesium
2401 1792 2529 1859 Dei,
2571 1806 2727 1866 quam
2758 1796 3023 1866 acquisivit
3068 1790 3325 1867 sanguine
3366 1808 3461 1849 suo

183 1890 435 1959 corporeis
462 1888 639 1943 oculis
661 1902 765 1941 non
797 1888 1009 1957 poterat
1036 1887 1259 1941 intueri.
1291 1885 1416 1941 ﬂare
1444 1885 1660 1940 interim
1686 1885 1755 1941 de

183 1983 459 2055 requalitate
480 1982 661 2038 Patris
685 1996 746 2037 ac
774 1981 890 2036 Filii
916 1980 981 2035 ad
1015 1992 1258 2049 praesens
1285 1980 1428 2035 dicta
1459 1978 1750 2034 sufﬁciant.

182 2075 295 2130 Nam
324 2075 387 2130 de
414 2074 726 2145 mqualitatc
753 2086 978 2144 cperum
1008 2072 1291 2126 Trinitatis
1316 2115 1331 2139 ,
1366 2072 1417 2126 id
1441 2081 1523 2127 est
1551 2072 1751 2137 Patris,

182 2181 224 2223 et
248 2169 373 2234 Filii,
402 2176 459 2224 ct
482 2168 722 2239 Spiritus
744 2167 947 2230 sancti,
979 2166 1139 2235 paulo
1169 2172 1293 2235 post
1315 2164 1553 2220 donante
1574 2164 1756 2219 Domi-

185 2278 257 2328 no,
286 2264 347 2319 de
378 2263 676 2332 scripturis
705 2262 908 2315 sanctis
949 2259 1393 2315 monstrabimus.
1446 2257 1596 2312 Nunc
1626 2272 1756 2311 vero

184 2358 239 2413 de
262 2358 422 2413 sancti
469 2356 710 2425 Spiritus
736 2354 939 2409 deitate
970 2362 1137 2422 pauca
1176 2352 1245 2406 de
1294 2352 1478 2406 multis
1502 2350 1754 2405 testimo-

185 2451 272 2505 niis
294 2459 412 2504 sunt
435 2447 686 2520 ponenda
710 2490 724 2513 ,
748 2461 911 2518 quem
944 2460 1052 2500 non
1080 2445 1255 2499 solum
1288 2445 1557 2498 minorem
1608 2454 1757 2497 asse-

186 2558 307 2605 rere.
329 2542 419 2599 sed
448 2542 617 2598 etiam
648 2542 814 2595 Deum
844 2540 1068 2593 omnino
1103 2537 1357 2593 dicuntur
1395 2535 1640 2591 haeretici
1663 2535 1756 2589 dc-

188 2652 383 2707 negare.
439 2634 678 2690 Audiant
727 2648 894 2704 pauca
946 2632 1015 2687 de
1042 2631 1244 2687 deitate
1293 2631 1531 2700 Spiritus
1561 2630 1757 2684 sancti.

187 2728 232 2783 lu
257 2729 444 2785 Genesi
469 2728 607 2784 dicit
630 2740 814 2781 sermo
841 2725 1090 2780 divinus:
1126 2722 1356 2795 Spiritus
1391 2722 1600 2776 Domini
1626 2723 1760 2791 fereo-

186 2824 314 2876 batur
337 2838 484 2894 super
512 2836 676 2890 aquas
708 2819 885 2891 (Gem,
918 2835 957 2884 ι,
980 2817 1060 2891 2).
1092 2817 1199 2872 hoc
1230 2824 1313 2872 est
1339 2817 1634 2871 eminentia
1668 2829 1761 2883 po-

189 2917 394 2983 lestalis,
450 2922 557 2970 non
600 2914 780 2984 inopia
833 2914 1193 2968 necessitatis.
1234 2910 1300 2966 Et
1348 2911 1398 2965 in
1428 2908 1760 2979 iivaugelio:

190 3006 394 3076 Spiritus
421 3017 493 3060 est
539 3006 680 3059 Deus
714 3022 730 3058 :
774 3014 820 3059 et
847 3021 933 3059 eos
975 3005 1065 3072 qui
1103 3003 1358 3068 adorant,
1387 3003 1441 3057 in
1488 3003 1674 3070 spiritu
1717 3012 1763 3056 et

190 3101 376 3155 ret-itote
400 3109 601 3171 Oportet
628 3099 849 3154 adorare
872 3096 1079 3171 (Joan.,
1104 3112 1179 3161 tv,
1198 3095 1314 3165 24).
1338 3096 1404 3151 Et
1434 3110 1503 3151 ne
1526 3096 1666 3151 lbrtc
1696 3094 1764 3152 de

1861 1885 2022 1957 (Ach,
2038 1900 2135 1951 xx,
2158 1886 2277 1955 28).
2294 1888 2356 1941 Et
2374 1888 2497 1959 quis
2527 1897 2613 1943 est
2636 1890 2767 1953 iste,
2791 1890 2880 1959 qui
2900 1889 3192 1959 Apostolos
3211 1896 3462 1959 segregat

1859 1991 1910 2034 et
1935 1982 2093 2035 mittit
2116 2024 2128 2044 ,
2158 1983 2299 2036 idem
2323 1982 2522 2037 Paulus
2547 1980 2614 2038 ad
2638 1983 2953 2037 Corinthios
2980 1982 3225 2037 declarat
3248 1981 3457 2036 dicens:

1862 2070 1930 2125 Et
1956 2074 2206 2142 quosdam
2228 2116 2241 2137 ,
2274 2075 2471 2145 inquit,
2506 2075 2676 2143 posuit
2700 2074 2842 2129 Deus
2868 2075 2921 2128 in
2964 2070 3204 2127 Ecclesia
3232 2074 3461 2144 primum

1860 2164 2163 2236 Apostolos,
2186 2167 2415 2221 secundo
2454 2160 2742 2236 Prophetas
2758 2207 2772 2233 ,
2799 2167 2947 2221 tertio
2974 2160 3224 2221 Doctores
3239 2163 3280 2237 (l
3306 2160 3456 2231 Corn,

1860 2272 1955 2318 xu.
2013 2256 2145 2326 98),
2194 2266 2248 2312 et
2282 2259 2529 2329 reliqua.
2565 2259 2708 2314 Ecce
2758 2260 2851 2313 ubi
2898 2259 3163 2328 Spiritum
3211 2268 3460 2312 sanetum

1860 2348 2052 2415 Deum,
2084 2350 2204 2405 luce
2224 2351 2427 2405 clarius
2448 2351 2873 2417 demonstravit,
2899 2359 2953 2405 et
2975 2362 3135 2420 quem
3164 2348 3218 2403 in
3248 2347 3461 2403 actibus

1863 2444 2245 2513 Apostolorum
2303 2440 2565 2514 Spiritum
2618 2438 2864 2499 sanctum
2896 2458 3022 2498 esse
3046 2438 3208 2505 dicit,
3254 2441 3320 2495 ad
3348 2438 3460 2495 Co-

1862 2534 2093 2591 rinthios
2142 2536 2309 2591 Deum
2357 2546 2481 2591 esse
2526 2532 2819 2592 manifeste
2872 2535 3157 2591 confossus
3181 2543 3288 2589 eet.
3324 2532 3464 2587 ὒίυἰι

1863 2630 2007 2685 enim
2036 2630 2180 2684 idem
2229 2626 2327 2686 vss
2373 2631 2657 2687 electionis
2684 2630 2752 2685 ad
2779 2622 3028 2686 Judteos:
3059 2626 3199 2683 Bene
3226 2626 3461 2698 Spiritus

1862 2731 2070 2777 sanctus
2101 2724 2166 2776 de
2184 2724 2323 2778 vobis
2350 2725 2677 2796 praphetabit
2728 2738 2818 2794 per
2866 2736 2924 2776 os
2976 2720 3132 2776 Isaia
3184 2719 3462 2790 Prop/tetas

1865 2818 2034 2889 (Act.
2064 2828 2261 2883 smn,
2294 2819 2420 2889 25).
2455 2812 2522 2873 Et
2548 2818 2671 2889 quis
2710 2822 2857 2873 esset
2903 2814 3009 2872 iste
3036 2810 3275 2887 Spiritus
3302 2812 3464 2868 Sanco

1866 2922 1954 2967 tus
1982 2956 1995 2978 ,
2054 2914 2146 2983 qui
2190 2914 2246 2967 in
2298 2912 2588 2985 Propheti‘s
2637 2913 2850 2967 locutus
2896 2912 3005 2983 sit,
3051 2910 3245 2965 beatus
3293 2906 3462 2961 David

1866 3007 2154 3077 exprimit,
2225 3007 2415 3062 dicens
2456 3027 2469 3062 :
2504 3008 2728 3062 Audiam
2778 3006 2905 3076 quid
2978 3004 3216 3074 loquatur
3276 3002 3331 3055 in
3384 3014 3466 3053 me

1876 3100 2121 3153 Dominus
2172 3099 2308 3155 Det‘t's
2366 3101 2385 3173 (
2424 3099 2510 3155 Ps.
2571 3104 2804 3165 Lxxxtv,
2856 3095 2961 3169 9).
2999 3096 3066 3153 Et
3112 3097 3168 3150 in
3203 3094 3463 3149 Actibus:

190 3193 327 3249 Patre
358 3163 560 3249 dictum
616 3163 911 3262 intelligas,
955 3199 1009 3244 et
1040 3205 1145 3245 non
1180 3189 1245 3245 de
1275 3163 1493 3259 'Spir‘tu
1524 3197 1716 3245 sancto
1746 3232 1760 3255 ,
1787 3163 1835 3225 (ἶ
1874 3192 1942 3248 Ut
1971 3194 2301 3263 impleretur,
2334 3163 2538 3264 inquit,
2572 3163 2845 3264 Scriptura
3046 3188 3297 3263 prmisit
3324 3185 3465 3239 De!!!

190 3289 297 3343 audi
324 3288 461 3360 quod
503 3288 791 3358 sequitur:
824 3285 1053 3359 Spiritus
1101 3284 1187 3338 ubi
1216 3287 1322 3338 vult
1352 3284 1516 3354 spirat
1550 3282 1759 3354 (10am,

190 3396 267 3443 lli,
294 3381 366 3443 8).
396 3381 530 3436 Audi
562 3381 654 3435 ubi
700 3380 851 3462 vult,
910 3388 966 3433 ut
995 3394 1107 3434 sua!
1152 3379 1435 3448 potestatis
1488 3393 1609 3431 cum
1641 3390 1765 3431 esse

190 3484 281 3528 non
306 3474 546 3531 dubites.
574 3472 640 3528 Et
662 3472 952 3542 Apostolus
984 3471 1048 3525 ad
1074 3469 1388 3525 Corinthios
1419 3468 1582 3524 dicit:
1620 3468 1759 3522 Divi-

188 3569 335 3621 siones
355 3560 825 3640 gratiartim’suut,
874 3564 1010 3617 idem
1054 3573 1225 3617 autem
1266 3562 1605 3633 Spiritusut
1638 3561 1767 3614 divi-

191 3663 337 3714 siones
352 3661 714 3732 operationum
743 3666 890 3721 sunt,
926 3657 1060 3710 idem
1106 3665 1271 3710 autent
1304 3654 1475 3721 Dens,
1526 3655 1615 3724 qui
1646 3669 1766 3725 ape-

192 3763 318 3806 ritur
339 3755 508 3806 omnia
542 3753 594 3804 in
616 3752 849 3805 omnibus
879 3751 919 3815 (l
952 3748 1097 3816 Con,
1129 3763 1200 3802 stt
1219 3791 1231 3813 ,
1264 3747 1343 3817 4).
1368 3747 1433 3801 Et
1463 3756 1517 3801 ιιι
1539 3756 1770 3814 cognos-

192 3859 271 3900 ess
299 3850 466 3918 ipsum
511 3846 779 3916 Spiritum
807 3846 1142 3899 nominatum
1177 3844 1459 3898 Dominum
1483 3851 1531 3897 et
1576 3842 1766 3907 Deum,

194 3938 301 3992 audi
323 3941 552 3995 interius
573 3939 847 4009 quomodo
880 3937 1157 3992 concludit
1194 3957 1207 3992 :
1239 3936 1340 3990 Alii
1386 3935 1591 4006 quidem
1617 3933 1773 3987 datur

195 4047 272 4099 per
298 4033 557 4102 Spiritum
578 4046 749 4086 sentio
778 4031 1065 4101 sapientia,
1093 4030 1186 4083 alii
1213 4038 1384 4083 autem
1414 4042 1580 4080 sermo
1608 4028 1772 4081 scicn-

195 4124 268 4177 tite
292 4129 572 4179 secundum
625 4124 859 4179 eumdem
912 4123 1190 4192 Spiritum,
1235 4122 1325 4175 alii
1352 4120 1480 4190 ﬁdes
1508 4121 1563 4173 in
1593 4118 1773 4172 eodem

197 4214 379 4286 Spiritu
410 4215 607 4290 (Ibid.,
636 4217 725 4284 8),
756 4225 813 4271 et
846 4212 1079 4285 reliqua.
1104 4215 1170 4268 Et
1192 4214 1269 4267 sic
1302 4208 1614 4267 concludit:
1651 4210 1776 4265 "ac

196 4320 347 4365 autem
369 4312 546 4366 omnia
565 4320 807 4380 operatur
835 4325 969 4362 unus
993 4318 1145 4377 atque
1172 4307 1306 4360 idem
1340 4307 1572 4375 Spiritus
1596 4346 1609 4368 ,
1642 4305 1775 4357 divi-

197 4402 307 4457 dens
330 4405 549 4475 singulis
572 4411 720 4475 prout
742 4402 850 4455 vult
879 4395 1197 4471 (Ibid.,ll).
1214 4399 1312 4464 Qui
1342 4398 1524 4451 divina
1548 4408 1773 4450 munera

198 4509 337 4562 prout
410 4499 527 4551 vult
589 4495 900 4565 dispensat,
956 4495 1129 4561 legem
1179 4490 1477 4561 superioris
1543 4491 1776 4560 ignorat.

1869 3301 1958 3357 per
1987 3302 2043 3339 os
2072 3286 2437 3356 praphelarum
2466 3301 2677 3339 suorum
2704 3280 2863 3352 (Act,
2892 3298 2987 3349 ιιι,
3016 3280 3127 3352 18).
3165 3279 3228 3334 Ει
3258 3274 3348 3333 hic
3374 3290 3465 3345 ag-

1869 3392 2065 3444 nosce,
2096 3379 2239 3449 quod
2270 3382 2390 3433 etim
2426 3366 2593 3433 Deum
2632 3376 2914 3433 evidenter
2941 3368 3181 3431 declaret
3204 3414 3217 3435 ,
3249 3371 3339 3443 qui
3369 3381 3468 3441 per

1868 3485 1930 3524 os
1964 3469 2344 3539 prophetarum
2385 3470 2593 3523 locutus
2633 3464 2755 3531 est,
2799 3468 2937 3522 sicut
2982 3475 3035 3521 et
3076 3462 3370 3519 Zacharias
3412 3461 3466 3514 in

1873 3562 2163 3632 Evangelio
2194 3562 2304 3619 ait:
2340 3558 2641 3615 Benedictus
2663 3603 2675 3623 ,
2708 3560 2911 3630 inquit,
2947 3557 3088 3614 Deus
3115 3556 3319 3623 ismel,
3345 3552 3469 3619 quia

1870 3658 2156 3711 visitavitet
2186 3657 2303 3727 fecit
2329 3656 2726 3726 redemptionem
2756 3644 2916 3725 plebis
2943 3662 3050 3707 siue
3071 3646 3248 3723 (Luc.,
3280 3665 3319 3711 ι,
3345 3644 3465 3719 68),

1872 3760 1924 3803 ct
1956 3759 2075 3817 post
2101 3765 2267 3821 pauca
2293 3792 2306 3813 ,
2341 3749 2445 3803 ait:
2480 3748 2629 3804 Sicut
2661 3748 2863 3803 locutus
2886 3756 2959 3801 est
2986 3760 3077 3818 per
3098 3760 3155 3799 os
3175 3753 3468 3797 sanctorum

1874 3843 2239 3913 prophetarum
2270 3858 2478 3897 suorum
2500 3841 2673 3914 (Ibid.
2692 3884 2706 3906 ,
2734 3841 2848 3909 70).
2883 3839 3147 3910 Agnoscis
3178 3832 3467 3891 Dominum

1879 3936 2044 3990 Deum
2066 3948 2185 3991 esse
2201 3932 2462 4007 Spiritum
2482 3940 2725 3989 sanetum
2746 3975 2759 3998 ,
2778 3933 2867 4003 qui
2889 3946 2985 4001 per
3000 3936 3062 3985 os
3084 3928 3470 4000 prOphetarum

1878 4030 2087 4084 locutus
2127 4039 2211 4084 ρει
2232 4070 2245 4094 ,
2279 4026 2419 4098 quod
2460 4042 2559 4083 nec
2590 4025 2738 4096 impii
2769 4024 2940 4081 Juda‘i
2977 4023 3269 4092 denegant.
3295 4018 3397 4086 Qui
3426 4018 3472 4070 si

1881 4123 2021 4176 Deus
2048 4137 2152 4176 non
2182 4129 2355 4183 esset,
2387 4135 2492 4174 non
2522 4121 2572 4174 in
2602 4119 2867 4189 baptismo
2898 4118 2949 4169 in
2978 4129 3088 4169 uno
3115 4112 3332 4167 nomine
3358 4108 3475 4163 dci-

1880 4216 2006 4270 tatis
2052 4214 2194 4269 Patri
2241 4223 2296 4267 et
2340 4212 2477 4267 Filio
2519 4212 2851 4275 soci-iretur,
2885 4210 3024 4263 sicut
3062 4208 3324 4275 scriptum
3354 4212 3471 4264 est,

1881 4307 1969 4362 ubi
2003 4307 2239 4376 regulam
2284 4304 2532 4373 baptismi
2567 4303 2740 4374 posuit
2775 4302 2890 4371 ipso
2918 4300 3219 4354 Dominus:
3251 4296 3362 4362 Ite,
3394 4296 3475 4348 in-

1881 4401 2030 4470 quit,
2062 4401 2319 4470 baptizata
2340 4410 2516 4452 ornnes
2554 4407 2726 4468 gentes
2750 4396 2803 4449 in
2837 4393 3043 4448 nomine
3077 4392 3279 4458 Patris,
3309 4400 3353 4444 et
3385 4388 3475 4443 Fi-

1882 4494 1976 4558 lii,
2010 4502 2055 4546 et
2088 4492 2313 4563 Spiritus
2350 4484 2514 4545 sancti
2542 4487 2785 4561 (Matth,
2816 4498 3013 4553 xxvm,
3052 4485 3160 4559 l9).
3191 4484 3349 4553 Quod
3388 4497 3477 4537 so-

201 4556 430 4655 agoosce
461 4556 715 4653 tandem,
748 4588 871 4657 quin
899 4588 989 4655 qui
1012 4556 1179 4657 prout
1213 4556 1335 4638 vult
1370 4556 1596 4646 dividit‘,
1642 4581 1774 4637 nulli
1799 4556 1856 4617 D
1883 4556 1990 4640 lum
2031 4556 2399 4639 testimonium
2435 4556 2661 4637 deberet
2702 4580 2973 4635 haereticis
3012 4556 3263 4635 sufficere
3292 4577 3359 4633 ad
3400 4578 3480 4632 in-

198 4683 427 4739 snlulitus
447 4698 573 4740 esse
590 4684 866 4753 probatur,
884 4681 977 4735 sed
993 4694 1101 4735 sum
1119 4678 1403 4748 potestatis
1413 4690 1538 4732 esse
1563 4676 1752 4747 dignos
1765 4707 1781 4718 ο

200 4776 347 4831 citur.
380 4777 456 4831 Do
480 4790 691 4831 summa
724 4774 870 4830 enim
897 4782 1166 4843 potestate
1188 4772 1470 4826 descendit
1504 4771 1777 4834 voluntas,

201 4870 275 4922 cui
299 4871 439 4923 nulla
470 4868 802 4925 contradicit
823 4867 1135 4921 auctoritas.
1164 4866 1231 4919 Et
1254 4864 1321 4921 ad
1352 4863 1609 4919 Hebraaos
1634 4860 1784 4916 simi-

204 4962 314 5018 liter
332 4964 462 5020 dicit
491 4964 563 5020 de
608 4963 845 5034 Spiritus
877 4962 1047 5015 sancti
1088 4958 1563 5014 distributionibus
1592 4969 1786 5011 secun-

203 5053 315 5108 dum
341 5062 494 5111 suam
512 5056 875 5110 voluntatem.
908 5053 973 5107 Et
998 5052 1117 5122 quis
1146 5052 1250 5105 iste
1270 5052 1341 5104 sit
1375 5048 1694 5103 distributor
1719 5056 1784 5102 ac

205 5148 416 5213 divisor,
468 5150 535 5204 ad
585 5149 862 5203 Romanos
909 5146 1190 5201 evidenter
1233 5141 1505 5207 ostendi“
1558 5142 1781 5197 dicens:

208 5237 487 5311 Unicuique
527 5242 660 5295 sicut
683 5238 822 5293 Deus
863 5239 1037 5292 divisit
1082 5250 1377 5291 mmmam
1425 5234 1547 5305 ﬁdei
1577 5234 1784 5305 (Rom.,

209 5349 273 5387 xu
300 5375 313 5395 .
336 5334 414 5404 ὃ).
442 5334 509 5388 Et
533 5333 598 5387 ad
629 5329 944 5387 Corinthios
968 5348 981 5382 :
1015 5328 1243 5383 Nescitis
1263 5368 1277 5391 ,
1301 5327 1515 5397 inquit,
1547 5326 1790 5395 quoniam

209 5428 438 5499 ιρι-νίκη.
485 5425 582 5482 Dei
631 5426 752 5480 estis
771 5407 794 5489 ,’
840 5434 887 5478 et
934 5424 1149 5494 spiritus
1194 5420 1289 5475 Dei
1314 5420 1511 5474 habitat
1560 5420 1613 5473 in
1652 5418 1793 5473 vobis

213 5516 251 5587 (l
278 5518 420 5585 (Ion,
450 5534 532 5583 ιιι,
560 5516 688 5587 16)?
710 5516 772 5571 Si
799 5519 911 5585 quis
939 5525 1108 5576 autgm
1124 5514 1367 5582 templum
1394 5511 1488 5566 Dei
1510 5511 1793 5578 violaverit,

212 5615 459 5683 dispudet
503 5615 650 5669 illum
708 5612 852 5668 Deus
899 5612 1089 5683 (lbid.,
1138 5612 1248 5682 17).
1285 5613 1343 5666 Et
1373 5616 1494 5681 quis
1522 5613 1622 5666 iste
1654 5612 1799 5669 Deus

212 5710 270 5759 sit
297 5750 310 5771 ,
341 5710 495 5778 cuius
522 5708 781 5778 templum
813 5707 1065 5778 prohibet
1087 5707 1299 5770 violari,
1328 5708 1451 5762 audi
1478 5709 1529 5762 in
1561 5722 1796 5779 sequen-

218 5801 349 5864 tibus
381 5822 393 5857 :
423 5800 650 5863 Nescitis
668 5843 682 5867 ,
709 5802 830 5873 quia
872 5802 1097 5854 inetnltra
1125 5809 1291 5853 uestra
1313 5802 1555 5870 templum
1579 5812 1653 5855 est
1677 5801 1799 5874 Spi-

1884 4677 2257 4734 crednlitatem
2290 4672 2667 4746 inseparabilis
2695 4672 3016 4741 Trinitatis,
3064 4672 3190 4743 quia
3233 4674 3333 4725 nec
3377 4670 3480 4740 ipsi

1886 4769 2083 4825 audent
2132 4770 2292 4824 aliter
2342 4768 2649 4840 baptizare,
2695 4782 2762 4822 ne
2806 4766 3049 4836 regulam
3097 4762 3311 4820 Domini
3354 4776 3475 4817 cor-

1887 4881 2141 4937 rumpere
2171 4866 2473 4923 vidcantur.
2506 4866 2569 4920 Et
2601 4864 2687 4919 ubi
2719 4872 2884 4918 unum
2924 4873 3123 4917 nomen
3147 4858 3377 4920 dicitur,
3409 4854 3482 4910 ibi

1889 4968 1943 5013 et
1970 4958 2144 5027 major
2183 4966 2236 5013 et
2265 4956 2441 5011 minor
2479 4956 2805 5012 excluditur.
2829 4952 2898 5008 Et
2926 4954 2981 5008 in
3018 4949 3256 5007 secunda
3283 4949 3351 5002 ad
3381 4946 3487 5002 Co-

1892 5052 2145 5108 rinthios:
2168 5051 2351 5107 Gratia
2378 5049 2587 5104 Domini
2614 5050 2776 5104 nostri
2794 5046 2920 5101 Iesu
2943 5044 3168 5109 Christi,
3188 5052 3237 5097 et
3264 5040 3489 5094 clmritas

1900 5147 2025 5213 Dei,
2073 5155 2125 5200 et
2166 5145 2560 5199 communicatio
2606 5142 2771 5197 sancti
2820 5141 3052 5209 Spiritus
3093 5152 3208 5191 cum
3251 5132 3489 5188 omnibus

1894 5239 2035 5293 vobis
2059 5237 2108 5310 (l
2139 5236 2286 5303 Cor.,
2323 5252 2438 5304 stu,
2466 5235 2578 5307 15).
2610 5234 2681 5291 Ut
2707 5246 2968 5305 agnoscas
3000 5227 3204 5293 Patris,
3245 5233 3303 5282 et
3325 5224 3487 5290 Filii,

1897 5344 1951 5388 et
1993 5332 2227 5403 Spiritus
2255 5333 2425 5387 sancti
2468 5344 2628 5385 unam
2664 5340 2786 5383 esse
2822 5324 3182 5382 substantiam
3217 5337 3280 5377 ac
3317 5320 3491 5375 deita-

1901 5435 2006 5481 tem
2026 5468 2040 5494 ,
2069 5424 2191 5480 audi
2220 5424 2415 5481 lsaiam
2444 5422 2761 5494 prophetam
2786 5420 3089 5475 dicentem:
3118 5415 3218 5480 Qui
3246 5410 3494 5485 appendit

1899 5522 2061 5575 tribas
2087 5521 2260 5593 digitis
2282 5519 2467 5573 molem
2494 5530 2642 5573 terra!
2668 5515 2828 5587 (Isa.,
2854 5530 2920 5569 ιιι,
2946 5557 2959 5577 ,
2993 5511 3113 5583 η).
3140 5510 3272 5565 Nam
3300 5517 3354 5563 ct
3382 5508 3496 5561 sin-

1901 5610 2158 5685 gulariter
2189 5613 2497 5667 invenimus
2533 5611 2586 5664 in
2620 5607 2942 5676 Scripturis,
2984 5604 3211 5673 digitum
3242 5612 3493 5655 saucium

1903 5707 2161 5778 Spiritum
2200 5707 2566 5770 nominatum,
2596 5714 2649 5756 ut
2690 5708 2773 5756 est
2819 5700 2945 5754 illud
2980 5699 3031 5752 in
3078 5693 3372 5763 Evangelio
3406 5691 3496 5746 ubi

1906 5803 1974 5855 ait
2024 5819 2035 5853 ε
2073 5801 2131 5855 Si
2158 5816 2248 5872 rgo
2286 5801 2337 5854 in
2367 5799 2529 5868 digito
2581 5793 2675 5849 Dei
2704 5792 2960 5847 dtemonia
3006 5788 3156 5858 ejicio
3183 5785 3372 5858 (Luc.,
3408 5797 3459 5837 st
3482 5818 3501 5849 ,
