3972 6352
515 281 622 341 665
986 278 1424 339 MONUMENTA
1458 277 1740 336 VETERA
1782 278 1875 333 AD
1919 274 2326 333 ARHNORUM
2365 275 2763 333 DOCTRINAM
2803 275 3296 338 ΡΕΒΤῙΝΕΝΊἸΔ.
3663 285 3748 346 σει

512 398 642 472 10);
670 399 814 473 quod
844 399 983 455 alius
1012 397 1340 468 evangelista
1372 395 1651 460 declarat,
1679 393 1866 450 dicens
1891 411 1904 447 :
1936 393 1997 448 Si
2023 408 2116 464 ego
2141 393 2195 454 Α
2221 387 2382 447 Isaia:
2411 392 2675 463 prophetat
2704 391 2867 465 (Act,
2897 409 3093 461 xxvm,
3134 394 3251 464 25).
3290 395 3457 462 Vade,
3486 397 3657 468 inquit,
3683 417 3752 456 es-

509 498 568 551 in
596 497 800 569 Spiritu
842 494 934 548 Dei
955 496 1107 568 ejicio
1137 493 1393 548 daemonia
1438 489 1696 564 (Matth.,
1746 505 1851 554 till,
1879 487 2014 560 28).
2049 488 2114 542 Et

510 590 649 662 Magi
697 589 996 645 Pharaonis
1042 587 1168 642 victi
1213 586 1383 657 signis
1404 585 1603 640 divinis
1649 582 1870 638 dicunt:
1903 578 2112 652 Digitus

511 685 616 742 Dei
662 695 734 740 est
773 683 1009 754 (Exod,
1051 699 1174 751 vnt,
1232 680 1356 750 l9).
1388 680 1444 735 ln
1505 680 1860 736 Pentecosten
1890 719 1906 742 ,
1966 675 2110 740 quod

508 780 672 834 etiam
705 785 833 832 ante
859 776 1148 831 adventum
1175 772 1376 829 Christi
1420 771 1591 827 Jud:ei
1619 770 1909 835 colebant,
1941 767 2112 839 digito

426 859 432 866 ’
510 874 650 939 Dei,
683 873 735 928 id
766 881 850 928 est
873 873 1116 943 Spiritu,
1160 870 1446 938 inscriptas
1476 867 1688 923 tabulas
1713 866 1891 922 Moses
1916 864 2112 936 accipit

509 976 567 1023 et
603 983 724 1036 qua:
752 975 878 1021 tunc
925 965 979 1020 in
1017 963 1245 1032 lapideis
1290 963 1485 1018 tabulis
1528 963 1752 1032 ligurata
1790 967 1916 1014 sunt
1943 958 2108 1014 corda

507 1058 792 1114 durissima
834 1057 1176 1123 Judmorum,
1220 1065 1340 1124 post
1384 1055 1769 1110 Ascensionem
1801 1051 2014 1109 Domini
2055 1052 2108 1107 in

507 1151 724 1207 carneis
752 1152 976 1214 tabulis,
1009 1150 1058 1206 id
1089 1159 1173 1205 est
1213 1150 1263 1204 in
1304 1149 1558 1204 cordibus
1583 1147 2002 1218 discipulorum,
2033 1145 2109 1200 vi-

509 1247 740 1302 sibiliter
767 1245 1019 1316 dignatus
1047 1253 1132 1300 est
1167 1257 1430 1312 apparere
1461 1241 1514 1297 in
1560 1240 1675 1312 ipsa
1707 1241 1890 1310 specie
1929 1239 2068 1310 ignis
2093 1280 2107 1302 ,

509 1339 565 1393 in
608 1352 710 1406 qua
738 1337 868 1392 Mosi
917 1339 968 1390 in
1017 1335 1236 1392 deserto
1277 1334 1566 1404 apparuit,
1599 1333 1667 1388 de
1705 1349 1812 1403 quo
1839 1331 2111 1388 credimus

507 1427 700 1484 Isaiam
730 1427 940 1483 dicere:
969 1425 1107 1481 Deus
1135 1438 1304 1481 noster
1327 1426 1462 1496 ignis
1483 1440 1783 1479 consumens
1809 1433 1881 1478 est
1907 1422 2108 1495 (Deut.,

511 1537 565 1576 1v
584 1563 599 1588 ,
628 1521 734 1586 24;
766 1519 926 1585 Heb.,
955 1536 1058 1582 xu,
1086 1518 1203 1592 29).
1232 1519 1300 1574 Et
1324 1519 1462 1576 sicut
1485 1519 1747 1590 legimus,
1771 1517 1915 1588 quod
1950 1533 2110 1572 nemo

507 1617 730 1672 noverit
755 1615 1113 1684 cogitationes
1142 1615 1452 1681 hominum,
1496 1614 1598 1667 nisi
1641 1613 1813 1676 Deus,
1839 1611 2112 1676 quomodo

513 1708 748 1778 Spiritus
784 1715 1003 1762 sanctus
1030 1722 1136 1762 non
1166 1718 1249 1762 est
1283 1706 1456 1771 Deus,
1488 1705 1577 1776 qui
1606 1704 1768 1759 etiam
1800 1719 1907 1758 non
1935 1704 2108 1758 solum

2217 503 2352 540 ca'ca
2379 503 2470 540 cor
2499 488 2679 557 populi
2708 489 2867 561 hujus
2893 486 3052 556 (Isa.,
3079 505 3153 552 vt.
3185 489 3294 564 10).
3315 502 3367 548 et
3389 492 3595 564 reliqua.
3623 493 3756 552 Inter-

2217 578 2441 649 rogandi
2483 589 2612 634 sunt
2658 590 2836 636 tamen
2889 581 3172 649 haeretici,
3220 585 3369 655 cujus
3398 587 3557 655 major
3587 588 3753 645 oﬂ‘ensa

2215 671 2324 738 sit,
2352 673 2440 743 qui
2477 673 2529 728 in
2573 672 2786 729 Patrem
2817 687 3043 744 peccat,
3079 691 3148 730 an
3181 678 3267 748 qui
3296 680 3345 733 in
3385 677 3618 750 Spiritum
3656 696 3753 737 san-

2214 776 2391 832 ctum,
2420 782 2580 837 quem
2608 766 2793 823 dicunt
2837 767 3010 824 Deum
3056 785 3162 824 non
3208 785 3347 826 esse.
3379 771 3440 826 Et
3485 787 3594 828 cum
3633 775 3752 831 dise-

2214 859 2324 913 rint
2363 860 2621 930 majorem
2670 860 2930 916 offensam
2975 877 3097 918 esse
3143 863 3232 933 qui
3265 863 3316 918 in
3348 863 3543 919 Patrem
3573 880 3752 936 peccat,

2215 950 2584 1022 interrogandi
2615 963 2740 1008 sunt
2766 955 2959 1008 iterum
2997 954 3094 1009 lilii
3124 954 3284 1010 Israel
3314 965 3482 1010 utrttm
3508 956 3634 1013 Patri
3657 974 3755 1028 pec-

2213 1045 2496 1105 caverint.
2540 1059 2607 1100 an
2656 1046 2850 1102 alteri?
2896 1045 3029 1101 Cum
3071 1048 3446 1118 responderint
3489 1050 3599 1121 quia
3644 1050 3755 1108 Patri

2216 1146 2610 1205 peccaverunt,
2644 1138 2837 1193 iterum
2869 1139 3236 1209 interrogandi
3263 1151 3420 1208 sunt,
3442 1142 3484 1198 si
3505 1143 3577 1197 eis
3599 1145 3758 1199 iuerint

2214 1228 2437 1284 dimissa
2472 1240 2712 1300 peccata.
2743 1230 2940 1303 Utique
2965 1249 3071 1286 non
3119 1233 3418 1303 negabunt,
3452 1236 3566 1306 quia
3588 1247 3634 1292 et
3659 1238 3758 1309 legi-

2214 1339 2334 1380 mus
2364 1325 2509 1396 quod
2541 1327 2788 1382 conversi
2818 1326 2928 1381 sint
2953 1327 3022 1382 ad
3058 1328 3260 1394 Deum,
3286 1338 3341 1383 ct
3365 1330 3576 1384 dimissa
3602 1329 3760 1386 iuerint

2215 1419 2294 1473 eis
2324 1429 2563 1488 peccata.
2600 1419 2801 1475 Deinde
2843 1421 3214 1492 interrogandi
3247 1431 3408 1489 sunt,
3439 1436 3494 1478 ut
3535 1435 3760 1494 exponant

2213 1513 2487 1584 quomodo
2518 1514 2821 1584 intelligant
2863 1515 3066 1570 dictum
3116 1534 3145 1570 a
3191 1516 3418 1572 Domino
3449 1536 3460 1571 :
3494 1517 3761 1589 Quicumque

2212 1604 2268 1659 in
2298 1604 2503 1672 Spiritu
2541 1619 2720 1661 sancto
2766 1610 3080 1678 peccaverit,
3113 1625 3214 1663 non
3245 1611 3522 1665 remittetur
3559 1613 3599 1665 ei
3635 1629 3760 1683 neque

2213 1698 2268 1751 in
2297 1698 2393 1752 hoc
2423 1699 2635 1764 sarculo,
2675 1716 2836 1769 neque
2873 1701 2928 1754 in
2975 1704 3152 1772 futuro
3192 1701 3435 1774 (Matth,
3460 1718 3552 1760 stt.
3580 1702 3680 1774 δὲ).
3718 1705 3760 1758 Si

508 1817 632 1873 quas
667 1803 719 1856 in
763 1800 1016 1869 homine,
1048 1801 1143 1856 sed
1187 1802 1349 1857 etiam
1396 1816 1516 1871 qua:
1554 1801 1606 1855 in
1653 1800 1765 1854 Deo
1794 1809 1920 1854 sunt
1967 1799 2109 1854 scire

2215 1789 2357 1844 Dens
2399 1807 2507 1846 non
2537 1801 2623 1847 est
2647 1834 2660 1853 .
2693 1807 2862 1862 quare
2891 1800 3000 1846 tam
3033 1794 3214 1861 gravis
3241 1793 3361 1864 ejus
3403 1797 3592 1851 ollensa
3631 1813 3655 1850 a
3684 1796 3762 1852 Do-

511 1895 888 1966 dignoscitur?
919 1896 1133 1951 dicente
1177 1895 1441 1962 Apestolo
1477 1912 1490 1948 :
1520 1893 1748 1963 Spiritus
1776 1893 1909 1947 enim
1936 1893 2111 1946 omnia

405 1985 410 1990 ’
506 1997 788 2052 scrutatur,
817 1987 968 2040 etiam
995 1985 1254 2057 profunda
1279 1982 1378 2038 Dei
1399 1985 1441 2052 (l
1463 1982 1608 2050 Cor.,
1633 2000 1693 2048 ll,
1721 1984 1808 2054 10)
1833 2001 1845 2038 :
1871 1994 1926 2039 et
1951 1983 2111 2054 paulo

510 2089 636 2150 post
667 2099 679 2134 :
714 2078 800 2133 Ita
823 2096 938 2151 qua:
985 2078 1085 2135 Dei
1113 2091 1231 2133 sunt
1277 2094 1426 2133 nemo
1451 2077 1685 2149 cognovit
1705 2119 1718 2142 ,
1749 2077 1850 2131 nisi
1893 2077 2110 2147 spiritus

509 2173 613 2228 Dei
633 2171 834 2246 (Ibid.,
867 2173 976 2242 ll).
1007 2171 1112 2228 Sed
1161 2172 1298 2227 forte
1338 2171 1472 2246 dicit
1515 2171 1733 2236 aliquis,
1765 2170 1888 2226 ideo
1935 2172 2112 2226 minor

508 2277 593 2322 est
619 2309 633 2332 ,
667 2267 790 2337 quia
823 2268 1022 2322 missus
1051 2265 1264 2335 legitur.
1296 2264 1365 2320 Et
1401 2264 1527 2336 quid
1554 2264 1800 2319 dicturus
1831 2271 1916 2319 est
1939 2306 1956 2330 ,
1984 2279 2108 2319 cum

505 2357 640 2429 legit
683 2361 734 2412 in
765 2357 902 2413 Isaia
942 2359 1203 2429 prepbeta
1236 2373 1302 2414 ex
1331 2373 1564 2428 persona
1592 2357 1794 2412 Christi
1841 2347 2107 2413 dicentis:

507 2449 765 2505 Dominus
792 2451 928 2505 misit
953 2467 1053 2514 me,
1084 2461 1132 2505 et
1165 2450 1394 2520 Spiritus
1423 2453 1539 2523 ejus
1569 2446 1734 2516 (Isa.,
1769 2464 1960 2514 xum,
1994 2447 2105 2518 i6).

508 2542 578 2599 Et
622 2543 751 2598 alibi
785 2543 1057 2612 :Spiritus
1109 2542 1322 2597 Domini
1365 2559 1519 2613 super
1569 2560 1685 2610 me;
1733 2554 1943 2611 propter
1974 2543 2112 2614 quod

506 2635 712 2688 unxerit
742 2651 853 2698 me,
885 2634 953 2688 ad
1002 2635 1455 2705 euangelizandum
1499 2634 1813 2703 pauperibus
1853 2635 2113 2689 remissio-

517 2745 653 2789 nem.
685 2740 732 2784 et
772 2731 922 2784 cacis
967 2731 1154 2794 visum,
1207 2730 1522 2784 annuntiare
1564 2746 1757 2784 annum
1807 2729 2112 2796 placabilem

509 2819 724 2876 Domini
753 2821 918 2894 (Isa.,
950 2839 1059 2884 ut.
1092 2822 1169 2892 1),
1201 2832 1256 2878 et
1281 2824 1507 2893 reliqua.
1540 2823 1606 2878 Et
1636 2833 1692 2877 ut
1725 2823 1864 2877 scias
1893 2823 2114 2878 eviden-

511 2921 598 2968 ter
626 2912 694 2966 de
734 2911 966 2968 Domino
1002 2913 1204 2968 dictum
1226 2954 1241 2978 ,
1277 2913 1617 2985 Evangelista
1649 2915 1782 2970 dicit
1811 2933 1824 2970 :
1858 2917 1986 2971 Cum
2031 2932 2114 2970 ve—

509 3007 668 3060 nisset
699 3004 948 3061 Dominus
983 3004 1138 3061 Jesus
1164 3008 1219 3060 iu
1245 3024 1562 3080 synagogant
1584 3049 1598 3072 ,
1629 3007 1779 3064 datus
1808 3018 1883 3063 est
1912 3009 1958 3063 ei
1987 3008 2114 3064 liber

505 3095 667 3152 Isaia:
692 3099 956 3168 propheta
974 3141 988 3161 ,
1017 3115 1167 3170 quem
1194 3101 1431 3164 aperiens
1455 3101 1643 3155 invenit
1670 3102 1922 3172 scriptum
1940 3119 1958 3156 .'
1991 3102 2114 3172 Spi-

2215 1885 2365 1941 mino
2414 1901 2534 1941 esse
2602 1886 2836 1942 dicatur.
2882 1887 3082 1943 lterum
3140 1888 3506 1960 interrogandi
3550 1899 3692 1958 sunt,
3729 1891 3764 1944 si

2215 1981 2430 2038 fuerunt
2455 1981 2556 2056 lilii
2607 1979 2773 2036 lsracl
2819 1994 3167 2038 contumaces
3199 1983 3312 2039 Deo
3335 2025 3351 2050 ,
3405 1999 3471 2039 an
3508 1988 3636 2040 non?
3659 1983 3763 2038 Cum

2216 2091 2323 2132 non
2373 2077 2726 2146 negaverint,
2776 2078 2901 2147 quia
2946 2093 3044 2132 nec
3085 2091 3353 2148 possunt,
3406 2080 3666 2136 dicendum
3703 2092 3767 2136 est

2214 2168 2330 2236 cis,
2370 2170 2644 2242 quomodo
2684 2171 2952 2240 accipiant
3001 2171 3131 2225 illud
3163 2172 3308 2242 quod
3358 2173 3540 2228 beatus
3577 2173 3764 2242 Stepha-

2215 2275 2320 2315 tius
2363 2259 2567 2315 ludatis
2613 2261 2911 2330 exprobrat
2938 2262 3129 2319 dicens
3163 2283 3177 2320 :
3215 2264 3321 2320 Vos
3342 2283 3534 2335 semper
3557 2266 3768 2321 restitistis

2218 2352 2443 2422 Spiritui
2471 2363 2650 2409 sancto
2675 2395 2692 2421 ,
2728 2365 2776 2408 et
2797 2371 2998 2425 semper
3028 2357 3072 2410 ei
3101 2367 3430 2413 contumaces
3459 2360 3641 2430 fuistis,
3667 2359 3768 2412 sicut

2215 2455 2261 2500 et
2287 2455 2458 2517 patres
2485 2447 2634 2500 uestri
2661 2448 2824 2517 (Act..
2857 2463 2927 2502 vtI
2945 2489 2960 2512 ,
2987 2447 3103 2518 51).
3133 2449 3275 2505 Audi
3305 2452 3468 2506 etiam
3493 2451 3556 2506 ad
3575 2451 3766 2507 Thessa.

2215 2538 2553 2604 lonicenses.
2602 2540 2692 2595 ubi
2733 2541 2994 2608 Spiritum
3043 2557 3292 2599 sanctum
3344 2556 3399 2602 et
3429 2547 3644 2616 priorem
3678 2546 3770 2600 loco

2215 2632 2404 2702 ponit,
2433 2642 2488 2688 et
2515 2633 2796 2688 Dominum
2837 2645 3112 2704 nuncupat
3153 2637 3344 2692 dicens
3385 2654 3400 2694 :
3433 2638 3661 2694 Dominus
3696 2655 3769 2692 as-

2218 2733 2318 2779 tem
2349 2725 2545 2798 dirigat
2587 2727 2746 2780 corda
2776 2739 2941 2782 vestra
2981 2730 3035 2782 in
3066 2731 3321 2786 charitate
3347 2731 3475 2799 Dei,
3502 2743 3546 2786 et
3570 2733 3770 2803 patientis

2215 2816 2410 2872 Christi
2440 2817 2457 2890 (
2480 2819 2521 2872 ll
2566 2817 2802 2874 Thessal.
2824 2860 2839 2887 ,
2863 2825 3061 2890 xxxv).
3095 2822 3399 2894 Diligenter
3429 2824 3651 2891 adverte,
3677 2824 3773 2892 quia

2219 2908 2307 2965 hic
2354 2910 2589 2981 Spiritus
2635 2921 2856 2967 sanctus
2898 2924 3122 2980 oratur,
3175 2925 3234 2969 ttt
3272 2917 3439 2972 corda
3483 2917 3770 2974 credentium

2217 3001 2408 3072 dirigat
2440 3004 2492 3057 in
2521 3001 2784 3060 cbaritate
2814 3004 2909 3058 Dei
2935 3046 2949 3070 ,
2979 3014 3035 3061 et
3072 3007 3124 3062 in
3174 3009 3436 3077 patientia
3467 3009 3668 3065 Christi.
3707 3008 3773 3063 ln-

2220 3096 2530 3166 terrogandi
2579 3106 2705 3150 sunt
2761 3097 2946 3164 etiam,
2987 3099 3114 3170 quid
3156 3101 3334 3172 majus
3369 3105 3458 3166 sit,
3490 3115 3652 3160 utrum
3677 3100 3772 3158 coeli

505 3193 638 3247 ritus
669 3191 880 3248 Domini
905 3209 1062 3264 super
1087 3210 1166 3247 me
1204 3195 1224 3262 (
1243 3192 1397 3256 Luc.,
1423 3209 1495 3262 tv,
1532 3193 1647 3265 l7),
1676 3204 1730 3248 et
1759 3196 1964 3265 reliqua
1991 3211 2110 3266 qua:
2137 3185 2184 3245 C
2217 3202 2283 3243 an
2331 3190 2558 3244 virtutes
2610 3190 2912 3246 caelorum?
2941 3202 2997 3249 et
3035 3210 3158 3250 cum
3204 3196 3329 3253 sine
3378 3198 3538 3255 dubio
3579 3198 3774 3254 dixerint

508 3298 676 3355 supra
721 3285 978 3341 diximus.
1028 3284 1096 3340 Et
1143 3293 1266 3356 po~t
1312 3285 1428 3341 hrec
1468 3303 1484 3340 :
1528 3285 1762 3354 Plicuit,
1796 3288 1998 3356 inquit,
2047 3289 2112 3341 li-

510 3379 696 3445 brum,
727 3388 775 3432 et
804 3377 948 3433 dedit
987 3380 1246 3444 ministro,
1291 3389 1339 3435 et
1365 3380 1532 3436 dixit:
1563 3379 1735 3435 Hodie
1763 3383 1816 3434 in
1848 3381 1988 3435 vobis
2012 3383 2113 3436 imo

511 3473 650 3542 pleta
677 3483 750 3528 est
788 3474 1045 3541 scriptura
1081 3475 1182 3527 ista
1230 3471 1402 3542 (Ibid.
1425 3516 1440 3538 ,
1472 3474 1599 3543 ‘20).
1645 3471 1989 3530 Credi-udum
2033 3484 2118 3530 cst

511 3563 687 3629 mitti,
716 3564 808 3633 qui
845 3566 1048 3634 ubique
1075 3579 1198 3620 esse
1244 3567 1616 3636 dignoscitur?
1637 3568 1775 3622 sicut
1807 3569 1936 3622 dicit
1963 3567 2114 3622 Psal-

512 3657 674 3712 nti~ta
702 3675 715 3712 :
751 3655 864 3724 Quo
891 3656 974 3710 ibo
1010 3673 1043 3710 a
1070 3657 1276 3726 Spiritu
1307 3668 1391 3712 tuo
1412 3700 1426 3725 ,
1460 3670 1506 3712 et
1533 3676 1565 3713 a
1610 3661 1745 3729 facie
1771 3671 1859 3714 tua
1889 3677 1988 3732 quo
2026 3665 2113 3732 fu-

513 3750 654 3823 giam
677 3748 796 3822 (Ps.
822 3765 1089 3815 cxxxvm,
1117 3749 1210 3821 7)?
1238 3749 1345 3806 Sed
1375 3751 1513 3806 sicut
1543 3751 1665 3807 Filii
1697 3753 1912 3819 missio,
1939 3755 2117 3809 incar-

513 3845 665 3898 natio
691 3842 1028 3909 declaratur,
1057 3858 1180 3898 cum
1222 3858 1282 3898 se
1306 3843 1560 3915 dignatus
1589 3855 1673 3901 est
1701 3859 1793 3900 aut
1824 3847 1876 3902 in
1908 3853 2116 3903 colum-

511 3940 596 3994 bn
625 3939 808 4011 specie
835 3982 850 4006 ,
890 3940 976 3994 vel
1007 3939 1062 3994 in
1094 3941 1218 4013 igne
1239 3983 1254 4007 ,
1285 3953 1378 3998 aut
1420 3944 1654 4000 diversis
1683 3945 1995 4014 hujusmodi
2027 3962 2114 4000 as—

513 4035 746 4105 sumptis
795 4033 1010 4090 indiciis
1065 4034 1362 4092 declarare.
1419 4037 1702 4105 Quomodo
1757 4055 1887 4108 ergo
1937 4041 2114 4094 minor

512 4128 818 4184 credendus
845 4138 950 4194 est,
982 4129 1075 4199 qui
1101 4129 1265 4184 etiam
1284 4131 1473 4197 Deum,
1511 4132 1601 4200 qui
1629 4133 1768 4187 sicut
1793 4134 1906 4203 ipse
1933 4149 2115 4205 requa-

509 4219 580 4276 lis
607 4231 691 4276 est
740 4221 910 4284 Patri,
967 4221 1300 4292 approbatur
1352 4222 1418 4277 ad
1471 4232 1711 4279 nostram
1737 4224 2112 4280 remissionem

511 4314 766 4368 misisse?
791 4323 844 4369 et
873 4330 976 4368 non
1014 4314 1191 4370 solum
1224 4315 1475 4383 misisse,
1510 4316 1648 4372 sicut
1675 4332 1772 4383 per
1811 4315 2002 4372 Isaiam
2032 4317 2115 4372 di-

513 4412 659 4459 ctum
706 4408 1158 4472 memoravimus,
1208 4407 1301 4463 sed
1333 4408 1494 4463 etiam
1547 4409 1844 4464 secundum
1891 4425 2111 4466 carnem

513 4507 765 4556 creasse.
795 4500 934 4552 sicut
986 4499 1150 4553 habes
1184 4499 1236 4553 in
1273 4499 1568 4572 Evangelio
1597 4501 1847 4570 angelum
1891 4502 1958 4557 ad
1999 4501 2110 4558 Ma-

2219 3283 2446 3337 virlutes
2476 3284 2741 3340 caelorum
2770 3302 2784 3340 :
2817 3285 3108 3344 dicendum
3129 3301 3210 3345 e5t
3241 3292 3356 3348 eis:
3386 3293 3442 3348 In
3468 3303 3656 3349 tantum
3680 3291 3774 3362 Spi-

2221 3377 2359 3432 ritus
2383 3387 2602 3432 sanctus
2624 3380 2800 3435 minor
2829 3397 2935 3436 non
2959 3393 3073 3451 est,
3098 3384 3192 3440 sed
3215 3401 3464 3443 summus
3483 3397 3590 3454 t-st,
3611 3399 3656 3441 ιιι
3677 3399 3772 3442 cunt

2219 3469 2386 3524 verbo
2435 3470 2653 3527 Domini
2683 3473 2935 3530 dicantur
2987 3476 3112 3531 εωιί
3144 3471 3356 3545 creati,
3402 3481 3593 3550 Spiritu
3625 3486 3774 3533 sancto

2218 3566 2446 3620 virtutes
2497 3568 2786 3622 caelorum.
2831 3569 3034 3640 Act-ipe
3079 3571 3258 3626 adhuc
3310 3575 3401 3628 ubi
3447 3583 3648 3631 creator
3684 3572 3772 3627 evi-

2219 3659 2412 3714 denter
2436 3659 2672 3730 Spiritus
2697 3673 2921 3718 sanctus
2949 3662 3301 3721 describitur.
3343 3665 3446 3723 Job
3483 3668 3608 3723 dicit
3633 3683 3647 3723 :
3676 3664 3772 3734 Spi-

2219 3756 2348 3811 ritus
2375 3758 2580 3814 dirinus
2601 3762 2822 3833 quifecit
2845 3779 2924 3816 me
2951 3763 3118 3831 (Job.,
3145 3781 3341 3832 sum,
3361 3767 3442 3841 4).
3480 3767 3544 3822 Et
3569 3767 3772 3821 divinant

2220 3852 2407 3922 utique
2437 3863 2744 3910 creatorem
2775 3871 2886 3911 uno
2919 3857 3195 3914 versiculo
3221 3859 3610 3917 demonstravit
3639 3879 3650 3913 :
3675 3872 3772 3914 cum

2217 3943 2459 4000 divinum
2506 3949 2781 4016 appellat,
2812 3959 2867 4004 et
2909 3950 3076 4005 Deum
3122 3960 3179 4007 et
3213 3965 3518 4011 creatorem
3557 3953 3772 4010 ostendit.

2216 4037 2368 4092 Sicut
2395 4049 2449 4093 et
2479 4039 2647 4094 David
2673 4041 2802 4096 dicit
2827 4060 2840 4096 :
2879 4041 3070 4098 Emitte
3100 4045 3359 4117 Spiritum
3388 4058 3549 4108 tuum,
3577 4059 3620 4104 et
3659 4063 3772 4101 crea-

2218 4130 2440 4197 bantur,
2489 4143 2538 4186 et
2592 4134 2860 4190 renouabis
2907 4138 3094 4206 faciem
3143 4147 3293 4194 terra:
3340 4139 3470 4212 (Ps.
3527 4157 3643 4203 cm.
3682 4138 3771 4208 30).

2216 4221 2590 4294 lnterrogaudi
2637 4228 2800 4281 etiam
2848 4237 3012 4293 sunt,
3056 4230 3100 4284 si
3151 4242 3406 4287 creatura
3456 4233 3640 4303 ubique
3679 4244 3774 4284 esse

2219 4324 2428 4383 potest,
2458 4331 2524 4369 an
2556 4318 2697 4372 non?
2726 4317 2938 4375 Etcum
2968 4321 3389 4392 responderint,
3419 4326 3539 4395 quia
3567 4340 3664 4381 non
3687 4322 3774 4377 nhi-

2217 4419 2355 4476 que,
2389 4407 2529 4464 sicut
2573 4420 2628 4464 et
2659 4427 2844 4466 verum
2876 4422 2996 4479 est,
3042 4415 3331 4471 dicendum
3366 4420 3569 4489 abSquc
3608 4418 3771 4480 dubio,

2218 4498 2453 4567 Spiritus
2482 4510 2703 4558 sanctus
2730 4502 2870 4558 Deus
2897 4516 3015 4572 est,
3043 4517 3100 4561 et
3127 4525 3234 4562 non
3265 4520 3514 4567 creatura
3534 4554 3550 4577 ,
3580 4511 3659 4582 qui
3684 4509 3776 4564 ulti-

511 4587 650 4642 riam
683 4589 884 4644 dixisse
911 4609 924 4644 :
959 4591 1220 4658 Spiritus,
1262 4592 1435 4672 inquit
1459 4633 1476 4658 ,
1507 4604 1713 4647 sanctus
1739 4595 1901 4648 veniet
1930 4597 1986 4648 in
2026 4606 2073 4650 te
2095 4638 2108 4661 ,
2139 4579 2194 4640 D
2219 4608 2323 4661 que
2348 4608 2472 4649 esse
2501 4594 2846 4650 describitur.
2882 4598 2956 4653 De
2978 4614 3088 4669 quo
3109 4642 3124 4665 ,
3158 4599 3301 4656 sicut
3327 4603 3440 4672 jam
3469 4579 3656 4658 dictum
3676 4610 3772 4662 est,

513 4683 676 4737 uirtus
707 4682 955 4738 Altissimi
984 4683 1298 4739 obumbrabit
1329 4669 1422 4740 tibi
1444 4684 1633 4757 (Luc.,
1658 4703 1708 4751 ι,
1739 4688 1865 4757 55),
1896 4699 1952 4744 et
1979 4687 2112 4743 reli-

513 4790 639 4848 qua.
672 4773 788 4830 Non
819 4777 964 4830 enim
999 4779 1380 4845 generatione,
1414 4779 1510 4833 sed
1537 4781 1818 4848 jussione,
1852 4793 1906 4837 et
1949 4782 2114 4838 bene-

513 4868 751 4925 dictione
778 4867 950 4923 sancti
977 4868 1209 4938 Spiritus
1231 4880 1528 4939 conceptus
1551 4880 1635 4926 est
1659 4871 1912 4928 Christus
1929 4916 1942 4937 ,
1971 4877 2114 4930 sicut

513 4973 568 5018 et
595 4963 735 5018 alius
764 4962 1098 5034 evangelism
1125 4963 1236 5017 ait:
1271 4962 1487 5019 Inventa
1518 4975 1589 5019 est
1611 5008 1628 5032 ,
1671 4967 1882 5034 inquit,
1924 4967 2112 5022 habens

510 5055 566 5108 in
597 5063 742 5108 utero
775 5054 838 5108 de
865 5053 1066 5125 Spiritu
1097 5065 1274 5108 sancto
1303 5053 1556 5126 (Matth,
1595 5072 1643 5120 ι,
1665 5057 1791 5127 ‘28).
1823 5058 2108 5129 Propheta:

509 5156 692 5200 autem
718 5145 902 5200 dicunt
951 5145 1263 5216 frequenter
1283 5187 1297 5212 ,
1327 5148 1467 5201 sicut
1506 5148 1617 5214 jatn
1651 5153 2070 5206 memoravimus
2091 5194 2104 5215 ,

511 5237 642 5294 Haec
677 5239 805 5294 dicit
849 5239 1120 5295 Dominus.
1157 5240 1224 5296 Et
1260 5237 1388 5310 quis
1417 5241 1489 5294 sit
1517 5239 1620 5296 iste
1662 5241 1921 5298 Dominus
1948 5287 1962 5307 ,
2005 5243 2104 5300 Mi-

508 5337 691 5390 chaeas
721 5338 982 5405 propheta
1007 5334 1290 5391 evidenter
1314 5335 1572 5398 ostendit,
1618 5350 1738 5391 cum
1771 5337 2010 5408 loquitur
2036 5339 2102 5394 ad

505 5424 697 5482 Achab
722 5425 936 5481 dicens:
969 5426 1030 5482 Si
1059 5437 1115 5480 tu
1143 5426 1206 5482 de
1228 5426 1410 5496 prtelio
1452 5443 1611 5482 sanus
1647 5428 1860 5486 redieris
1885 5472 1899 5497 ,
1944 5433 1998 5486 in
2026 5449 2106 5486 me

505 5536 610 5574 non
659 5528 732 5573 est
771 5519 971 5573 locutus
1011 5518 1151 5575 Deus
1193 5519 1293 5591 (Ill
1327 5518 1482 5590 Reg.,
1525 5535 1672 5587 ult,
1698 5520 1821 5594 28).
1871 5523 1938 5578 Et
1982 5524 2104 5596 quis

501 5612 608 5668 iste
641 5613 781 5668 Deus
810 5613 921 5680 sit,
954 5615 1045 5685 qui
1075 5616 1129 5670 in
1173 5614 1458 5685 Pr0phetis
1502 5616 1710 5671 locutus
1753 5616 1859 5681 sit,
1905 5617 2103 5676 Paulus

505 5706 783 5772 apostolus
813 5707 1154 5763 demonstrat
1178 5748 1191 5773 ,
1223 5723 1345 5763 cum
1371 5707 1502 5764 dicit
1541 5709 1608 5764 ad
1637 5708 1853 5765 .lud.eos
1880 5729 1893 5766 :
1926 5710 2099 5780 Bene,

505 5798 720 5869 inquit,
753 5800 816 5855 de
846 5802 986 5856 vobis
1015 5801 1242 5871 Spiritus
1287 5813 1496 5858 sanctus
1538 5805 1858 5874 prophetarit
1905 5821 2000 5875 per
2045 5823 2102 5862 os

2217 4685 2488 4756 Propheta
2540 4688 2987 4759 omnipotentiattt
3027 4693 3148 4761 ejus
3196 4703 3448 4751 metuens
3487 4698 3646 4751 dit-it:
3687 4692 3774 4760 Qu

2212 4780 2296 4834 ibo
2323 4798 2355 4834 a
2379 4782 2568 4849 spiritu
2596 4793 2683 4836 tuo
2701 4825 2713 4844 ,
2737 4795 2785 4838 et
2805 4800 2837 4836 a
2859 4787 3023 4854 facie,
3053 4804 3157 4857 quo
3181 4790 3378 4858 fugiant
3401 4789 3516 4864 (Ps.
3541 4803 3773 4852 csnvnt,

2216 4872 2310 4941 7)?
2341 4878 2588 4944 Agnosco
2628 4891 2758 4946 ergo
2790 4877 2998 4932 nullum
3030 4894 3154 4936 esse
3186 4881 3362 4937 locum
3385 4925 3401 4951 ,
3433 4884 3519 4939 tibi
3557 4898 3654 4939 non
3679 4897 3773 4936 om-

2218 4968 2517 5037 nipotentia
2571 4970 2806 5041 Spiritus
2856 4975 3030 5030 sancti
3079 4991 3322 5046 prmsens
3365 4995 3492 5035 esse
3536 4979 3772 5050 probetur.

2213 5060 2352 5118 ltetn
2388 5064 2798 5132 interrogandi,
2831 5077 3008 5123 utrum
3041 5071 3213 5140 possit
3251 5073 3390 5129 alius
3421 5085 3612 5144 prater
3638 5074 3773 5129 Deum

2212 5164 2432 5223 peccata
2463 5155 2776 5224 dimittere;
2821 5169 2877 5214 et
2905 5177 3026 5216 cum
3059 5166 3444 5234 responderint
3468 5168 3586 5238 quia
3624 5164 3774 5221 nullus

2213 5251 2315 5306 nisi
2365 5253 2533 5316 Deus,
2566 5253 2689 5324 quia
2737 5257 3000 5326 scriptum
3039 5269 3122 5314 est
3155 5278 3168 5314 :
3209 5259 3377 5317 Nemo
3406 5274 3568 5334 potest
3601 5267 3774 5335 peccata

2211 5343 2470 5399 dimittere
2498 5346 2599 5400 nisi
2627 5347 2770 5403 solus
2801 5349 2940 5404 Deus
2964 5350 3146 5421 (Luc.,
3177 5371 3209 5408 v
3228 5397 3243 5421 ,
3270 5357 3387 5427 26),
3418 5357 3686 5413 dicendum
3707 5361 3772 5407 est

2209 5436 2289 5490 eis
2319 5436 2438 5490 sine
2467 5437 2634 5492 dubio
2662 5439 2900 5510 Spiritus
2926 5457 3149 5502 sanctus
3183 5447 3320 5503 Deus
3345 5461 3430 5505 est
3449 5493 3464 5515 ,
3491 5450 3578 5522 qui
3614 5446 3772 5504 remis

2209 5529 2420 5584 sionem
2451 5541 2796 5597 peccatorum
2827 5535 3084 5596 conferre
3122 5539 3485 5610 dignoscitur,
3532 5541 3659 5597 sicut
3683 5539 3766 5593 Do-

2211 5623 2390 5678 minus
2425 5624 2566 5680 dixit
2589 5643 2603 5680 :
2632 5629 2861 5701 Accipite
2888 5630 3149 5701 Spiritum
3177 5647 3446 5703 sanctum;
3475 5652 3676 5707 quorum
3699 5647 3766 5687 re-

2211 5718 2449 5771 miseritis
2479 5731 2688 5787 peccata
2715 5725 3038 5778 remittemur
3067 5728 3139 5781 eis
3162 5727 3386 5800 (Joan.,
3415 5745 3484 5784 xx
3505 5769 3524 5797 ,
3552 5729 3660 5799 9.2).
3684 5724 3765 5795 ρπί

2209 5812 2373 5868 etiam
2406 5812 2461 5869 in
2490 5814 2760 5887 baptismo
2787 5833 2909 5876 cum
2941 5820 3190 5897 Patreqet
3230 5823 3368 5880 Filio
3409 5823 3678 5898 baptisatis
3700 5820 3763 5877 rei
