3972 6352
178 258 278 319 665

666 255 1097 315 MONUMENTA
1140 257 1427 316 VETERA
1456 257 1549 314 AD
1579 255 1987 316 ARIANORUM
2015 259 2419 321 DOCTRINAM
2449 263 2943 323 PERTINENTIA:

3361 267 3466 324 666

176 375 488 433 missionem
545 374 725 430 tribuit
782 385 1147 447 peccatorum.
1202 374 1344 431 Audi
1400 374 1563 431 etiam
1623 372 1763 444 quod
1792 374 2005 435 Astola
2052 377 2195 436 Petri
2243 382 2511 449 apostoli,
2567 380 2914 454 Mortiﬁcatus
2958 399 3144 451 carne,
3188 383 3473 453 viuiﬁcatus

176 472 405 542 Spiritus
439 481 674 527 sanctus
708 471 847 526 Deus
882 479 996 537 est,
1038 472 1127 540 qui
1159 470 1472 541 frequenter
1505 484 1626 524 cum
1670 468 1769 523 Pa-

175 575 253 621 tre
281 575 333 619 et
366 563 512 619 Filio
543 564 846 634 cepnlatur.
875 562 958 619 Ad
993 561 1343 630 Corinthios,
1376 562 1516 617 sicut
1548 562 1657 631 jam
1688 560 1770 616 di-

175 667 310 715 ctum
333 665 449 722 est,
484 655 697 721 Gratia,
726 656 930 727 inquit,
962 656 1174 711 Domini
1202 656 1363 710 nostri
1390 654 1517 710 Jesu
1544 654 1763 723 Chrisli‘,

175 763 218 807 et
237 752 463 805 charitas
480 750 599 814 Dei,
622 760 670 805 et
692 752 1084 805 communicatio
1104 750 1267 805 sancti
1288 750 1516 822 Spiritus
1538 765 1651 802 cum
1668 766 1770 802 ont-

178 847 315 903 nibus
336 846 479 901 vobis
504 844 569 918 (ll
589 844 735 911 Cor.,
759 861 885 910 xm,
910 842 1022 917 15).
1042 844 1143 913 Qui
1172 844 1216 897 si
1240 860 1347 898 non
1370 853 1518 899 esset
1547 844 1689 897 Deus
1714 851 1769 897 et

177 951 412 999 creatura
432 949 605 1006 esset,
628 941 764 996 sicut
785 940 1126 1011 blasphemat
1144 941 1454 1007 haereticus,
1476 955 1766 1005 numquam

178 1035 225 1091 in
246 1034 538 1104 baptismo,
561 1033 651 1087 ubi
678 1034 825 1088 salus
846 1033 1066 1088 humani
1088 1034 1305 1104 generis
1325 1034 1522 1103 agitur,
1549 1031 1695 1087 Patri
1713 1040 1768 1087 et

177 1127 306 1184 Filio
318 1128 689 1196 capularetur.
706 1126 839 1183 Nam
852 1126 993 1197 quod
1010 1127 1169 1181 unius
1183 1126 1498 1181 substantiae
1518 1127 1587 1180 sit
1605 1124 1768 1181 Pater

177 1233 226 1278 et
262 1220 427 1276 Filius
457 1231 516 1276 et
545 1220 782 1292 Spiritus
812 1230 1063 1287 sanctus,
1093 1220 1260 1276 Isaias
1305 1219 1567 1291 propheta
1596 1218 1763 1287 dicit,

176 1298 306 1368 sicut
327 1312 439 1382 jam
466 1313 891 1367 memoravimus
914 1353 929 1377 ,
964 1312 1093 1380 Quis
1122 1312 1373 1381 appendit
1404 1312 1564 1366 tribus
1595 1313 1767 1380 digitis

177 1406 349 1460 molem
377 1416 531 1460 terrte
554 1402 717 1478 (Isa..
743 1420 831 1470 χι..
860 1402 987 1475 12)?
1016 1406 1135 1472 Quo
1160 1406 1280 1459 loco
1312 1420 1409 1475 per
1437 1413 1545 1459 tres
1570 1403 1765 1474 digitos

176 1496 224 1551 in
254 1496 421 1551 tribus
447 1497 703 1565 personis
731 1511 889 1550 unam
916 1494 1273 1550 substantiam
1303 1509 1424 1550 esse
1461 1492 1760 1563 perdocuit.

176 1589 315 1659 Quod
345 1589 645 1660 Apostolus
673 1590 740 1644 de
779 1589 1044 1644 Triuitate
1073 1588 1275 1645 dictum
1318 1587 1628 1656 intelligens
1656 1587 1763 1653 ait,

180 1683 351 1738 Omnia
374 1699 440 1738 ea:
482 1684 636 1753 ipso,
669 1692 715 1737 et
757 1698 846 1754 per
875 1682 1076 1753 ipsum,
1108 1689 1153 1735 et
1198 1680 1250 1733 in
1289 1680 1402 1748 ipso
1445 1686 1564 1733 sunt
1595 1679 1765 1732 omnia

1872 484 2043 525 autem
2073 471 2277 537 Spiritu
2306 473 2353 541 (Ι
2374 472 2519 544 Pet.,
2549 490 2627 539 ut,
2661 476 2771 546 18).
2816 476 2883 533 Ει
2913 477 3111 533 Paulus
3153 477 3432 545 apostolus
3455 519 3471 544 ,

1873 561 2102 631 Littera,
2136 566 2346 637 inqttit,
2385 567 2604 633 occidit,
2653 569 2867 639 spiritus
2902 579 3073 625 autem
3113 570 3337 639 uiviﬁcat
3381 571 3400 638 (
3430 568 3472 625 Il

1872 654 2018 725 Cor.,
2049 672 2138 725 ut,
2170 659 2246 730 6).
2280 660 2344 714 Et
2388 659 2439 714 in
2470 660 2760 731 Evangelia
2781 704 2797 728 ,
2829 661 3057 731 Spiritus
3083 674 3155 717 est
3194 662 3280 730 qui
3307 662 3475 733 viviﬁ-

1871 759 1973 817 cat,
1999 768 2119 805 nam
2158 768 2280 807 caro
2310 769 2412 807 non
2444 754 2653 823 prodest
2678 754 2957 825 quidquam
2992 755 3202 828 (Joan.,
3234 772 3285 811 vt
3306 797 3318 819 .
3353 754 3468 827 61).
3534 760 3541 767 “

1870 842 2020 899 Sicut
2063 844 2255 900 liberat
2283 845 2473 913 Pater,
2507 846 2579 902 ita
2626 847 2829 915 Filius,
2874 849 2944 903 ita
2987 858 3041 904 et
3070 848 3305 920 Spiritus
3345 863 3470 904 sau-

1871 945 2011 990 ctus.
2044 936 2121 991 De
2166 938 2354 1005 Patre,
2408 938 2547 996 Deus
2589 941 2819 997 excelsus
2850 941 3096 997 liberator
3124 960 3298 998 eorum
3347 942 3464 1016 (Ps.

1871 1045 2097 1094 Lxxvu,
2126 1033 2194 1099 5,
2221 1032 2301 1104 5).
2335 1034 2409 1089 De
2452 1033 2591 1090 Filio
2632 1036 2682 1090 in
2709 1035 3043 1107 Evangelia,
3080 1036 3140 1093 Si
3167 1053 3253 1092 vos
3284 1038 3471 1092 libera-

1869 1125 2027 1188 verit,
2058 1142 2172 1181 vere
2190 1126 2334 1182 liberi
2379 1128 2521 1182 eritis
2541 1170 2556 1192 .
2588 1140 2637 1183 et
2665 1129 2850 1183 veritas
2876 1130 3108 1185 liberabit
3134 1146 3219 1185 vos
3262 1130 3470 1202 (leam,

1869 1231 2002 1278 vui,
2050 1218 2151 1281 56‘,
2187 1218 2300 1290 32).
2351 1219 2425 1274 De
2472 1220 2677 1290 Spiritu
2727 1236 2948 1288 saneto,
2999 1222 3228 1294 Spiritus
3273 1222 3469 1278 vittein

1871 1310 2076 1366 Christo
2099 1309 2224 1367 Jesu
2241 1313 2471 1368 liberavit
2486 1330 2565 1370 me
2588 1332 2620 1367 a
2643 1314 2753 1385 lege
2776 1315 2968 1378 peccati
2990 1325 3036 1369 et
3062 1316 3240 1369 mortis
3259 1313 3468 1388 (Ront.,

1869 1420 1992 1473 vui,
2018 1405 2095 1477 2).
2128 1407 2291 1478 Eligit
2316 1408 2477 1463 Pater
2498 1448 2513 1473 ,
2548 1410 2620 1466 ita
2652 1408 2850 1472 Filius,
2884 1410 2957 1465 ita
2997 1418 3054 1465 et
3084 1410 3318 1481 Spiritus
3347 1426 3467 1464 sau-

1868 1507 2007 1555 ctus.
2066 1499 2140 1555 De
2185 1499 2345 1557 Patre
2395 1503 2720 1572 Apostolus,
2764 1501 3071 1558 Benedictus
3100 1501 3241 1560 Deus
3281 1514 3328 1559 et
3364 1502 3469 1557 Pu-

1868 1601 1941 1646 ter
1964 1591 2175 1647 Domini
2199 1593 2361 1647 nostri
2386 1592 2510 1648 Jesu
2534 1593 2756 1661 Christi,
2785 1595 2872 1666 qui
2898 1596 3045 1665 elegit
3073 1613 3166 1651 nos
3191 1605 3307 1651 ante
3328 1613 3471 1651 mun-

1868 1688 1922 1743 di
1951 1690 2364 1745 constitutionem
2391 1690 2610 1763 (Ephes.
2637 1708 2678 1757 ι,
2707 1690 2787 1763 3).
2819 1692 2895 1748 De
2919 1691 3094 1748 Filio:
3128 1692 3250 1749 Non
3277 1709 3364 1749 vos
3385 1709 3465 1748 me

179 1780 364 1853 (Rom,
388 1795 440 1835 xi
463 1820 478 1843 ,
526 1777 645 1850 56),
678 1778 730 1833 id
775 1787 857 1833 est
880 1819 893 1842 ,
924 1793 988 1832 ex
1018 1776 1210 1842 Patre,
1243 1787 1298 1830 et
1327 1773 1465 1829 Filio
1489 1816 1503 1839 ,
1537 1783 1591 1829 el
1638 1772 1760 1842 Spi-
1790 1772 1835 1833 Β
1863 1782 2109 1853 elegistis,
2140 1784 2229 1838 sed
2265 1799 2356 1855 ego
2386 1783 2517 1854 elegi
2541 1800 2628 1839 vos
2660 1783 2868 1858 (Joan.,
2894 1801 2982 1853 xv,
3015 1786 3126 1857 16).
3159 1786 3233 1842 De
3262 1786 3467 1858 Spiritu

174 1874 271 1928 ritu
309 1879 497 1926 sancto
527 1871 713 1925 omnia
762 1870 1129 1925 continentur.
1164 1868 1294 1924 Item
1337 1867 1402 1921 ad
1450 1865 1765 1921 Corinthios

177 1964 293 2020 dicit
328 1964 473 2020 idem
506 1964 837 2033 Apostolus,
870 1962 1005 2017 Deus
1035 1962 1124 2027 qui
1152 1960 1285 2015 dixit
1328 1960 1391 2014 de
1438 1958 1652 2013 tenebris
1683 1958 1765 2013 lu-

174 2074 276 2111 nten
306 2055 700 2125 splendescere,
733 2056 820 2125 qui
864 2055 1036 2110 illuxit
1067 2053 1306 2107 cordibus
1349 2052 1538 2106 nostris
1564 2051 1764 2105 illumi-

173 2150 412 2205 nationem
442 2149 679 2204 scientia:
708 2148 961 2202 claritatis
990 2146 1088 2201 Dei
1115 2147 1168 2201 in
1201 2146 1389 2215 faciem
1418 2142 1608 2199 Christi
1637 2144 1764 2198 Jesu

176 2245 235 2316 (ll
260 2244 399 2314 Cor.,
424 2260 502 2301 tv.
539 2244 620 2317 6).
657 2245 777 2313 Quo
801 2245 921 2300 loco
951 2242 1389 2298 manifestissime
1416 2241 1651 2296 Trinitas
1683 2240 1766 2295 in-

175 2338 432 2410 lelligilur.
460 2335 612 2394 Deus
653 2339 743 2409 qui
787 2338 920 2393 dixit
949 2337 1013 2393 de
1050 2337 1270 2391 tenebris
1315 2336 1488 2389 lumen
1528 2334 1766 2405 splendeo

174 2449 327 2499 scere,
355 2433 599 2503 Spiritus
640 2445 864 2488 sanctus
914 2432 1229 2503 agnoscitur
1260 2449 1271 2483 :
1303 2437 1361 2486 et
1386 2428 1476 2485 ubi
1504 2429 1655 2495 dicit,
1688 2426 1763 2483 Il-

177 2526 553 2580 luminationem
599 2526 827 2581 scientia:
864 2525 1115 2579 claritatis
1146 2522 1276 2589 Dei,
1312 2522 1470 2577 Pater
1512 2520 1764 2592 intelligi-

177 2627 287 2675 tur:
315 2619 364 2675 in
394 2635 460 2675 eo
485 2633 626 2675 vero
657 2619 746 2673 ubi
777 2617 931 2683 dicit,
966 2615 1031 2671 In
1060 2617 1243 2687 {aciem
1275 2614 1464 2669 Christi
1494 2612 1653 2679 Jesu,
1677 2613 1766 2668 Fi-

178 2711 269 2767 lius
295 2711 636 2783 designatur.
669 2710 811 2766 Audi
862 2710 1074 2776 adhuc,
1104 2710 1229 2779 quia
1268 2708 1505 2763 Trinitas
1545 2708 1598 2761 in
1647 2706 1767 2761 uni-

181 2814 276 2861 tate
314 2815 492 2862 mauet
526 2848 542 2871 ,
587 2813 645 2861 et
693 2804 871 2859 unitas
922 2805 973 2858 iu
1020 2803 1322 2867 Trinitate,
1354 2800 1671 2871 angelorum
1710 2808 1766 2854 et

181 2898 616 2969 archangelorum
658 2912 821 2953 voces
864 2895 1144 2952 declarant
1173 2895 1226 2948 in
1269 2894 1439 2957 lsaia,
1474 2892 1561 2947 ubi
1606 2892 1767 2948 Sera-

183 2990 313 3060 phim
353 2992 619 3063 hymnum
669 2992 925 3045 scribitur
953 2990 1166 3055 dicere,
1212 2988 1470 3053 Sanctus,
1505 2985 1762 3051 Sanctus,

186 3084 387 3140 Sanctus
418 3085 680 3140 Dominus
706 3083 845 3139 Deus
868 3084 1095 3140 Sabaoth
1122 3082 1281 3156 (lsa.,
1305 3097 1378 3148 vr,
1400 3082 1457 3146 5)
1476 3122 1490 3146 ,
1522 3094 1626 3135 non
1654 3088 1766 3133 tres

1867 1884 2055 1931 sancto
2087 1877 2138 1931 in
2172 1876 2396 1933 Actibus
2416 1919 2432 1946 ,
2467 1877 2595 1933 Cum
2623 1895 2747 1950 ergo
2769 1882 3101 1953 jejunassent
3127 1890 3175 1935 et
3202 1889 3466 1944 orassent,

1868 1968 2002 2021 dixit
2027 1969 2102 2022 eis
2135 1968 2366 2037 Spiritus
2400 1979 2609 2024 sanctus
2630 2014 2643 2036 ,
2679 1970 2963 2041 Segregate
2990 1971 3118 2024 mihi
3165 1969 3466 2026 Barnabam

1865 2071 1913 2115 et
1942 2059 2170 2116 Paulum
2197 2065 2266 2117 ad
2289 2080 2419 2131 opus
2443 2064 2582 2133 quod
2612 2063 2744 2134 elegi
2770 2081 2853 2119 eos
2879 2064 3018 2139 (Act.
3043 2080 3137 2121 xttt
3156 2107 3171 2134 ,
3201 2066 3280 2136 2).
3307 2066 3467 2122 Crea-

1869 2164 1954 2209 tor
1981 2154 2180 2209 dicitur
2208 2154 2399 2220 Pater,
2434 2156 2506 2210 ita
2537 2154 2707 2211 Filius
2728 2198 2743 2221 ,
2772 2158 2847 2211 ita
2873 2166 2927 2213 et
2955 2156 3195 2228 Spiritus
3221 2168 3465 2214 sanctus.

1872 2249 1947 2304 De
1976 2248 2137 2305 Patre
2164 2250 2489 2319 Apostolus,
2534 2250 2667 2315 Quae
2693 2249 2760 2304 sit
2788 2249 3107 2320 dispensatio
3154 2252 3469 2305 sacramenti

1869 2343 2158 2400 absconditi
2180 2362 2211 2399 a
2237 2344 2345 2400 Deo
2375 2346 2465 2413 qui
2483 2345 2657 2399 omnia
2687 2345 2877 2400 creavit
2897 2343 3145 2416 (Ephes.,
3167 2360 3247 2403 ut.
3274 2341 3351 2416 9).
3388 2344 3465 2401 De

1868 2434 2008 2490 Filio
2034 2435 2099 2489 ad
2146 2435 2538 2502 Colossenses,
2572 2436 2706 2501 Quia
2735 2436 2799 2489 ab
2828 2436 2943 2505 ipso
2970 2445 3141 2489 creata
3176 2446 3295 2491 sunt
3343 2438 3465 2490 unia

1868 2542 2045 2592 versa,
2070 2537 2115 2581 et
2146 2528 2393 2581 omniain
2422 2528 2534 2598 ipso
2554 2536 2791 2581 constant
2815 2525 3061 2600 (Coloss.,
3098 2543 3146 2593 ι,
3177 2528 3286 2599 17);
3318 2539 3371 2585 et
3411 2529 3464 2586 itt

1870 2620 2166 2689 Evangelio
2192 2662 2206 2684 ,
2244 2619 2433 2675 Omnia
2464 2637 2554 2688 per
2580 2622 2752 2687 ipsum
2782 2623 2919 2692 facta
2949 2629 3067 2675 sunt
3092 2618 3272 2692 (Joan.
3300 2638 3314 2677 t
3343 2664 3357 2686 ,
3387 2622 3468 2692 5),

1871 2715 1946 2769 De
1987 2713 2189 2783 Spiritu
2235 2724 2420 2768 sancto
2448 2713 2500 2767 in
2537 2714 2858 2779 Salomone,
2891 2713 2955 2768 Et
2986 2715 3111 2769 vidit
3150 2726 3197 2769 et
3237 2716 3467 2771 dinume-

1867 2786 1999 2861 rarit
2020 2848 2034 2871 ,
2064 2816 2110 2861 et
2140 2823 2346 2861 mensus
2376 2816 2450 2860 est
2495 2808 2668 2861 omnia
2689 2849 2703 2871 ,
2738 2808 2849 2875 ipse
2905 2809 3093 2862 creavit
3138 2825 3197 2862 ea
3228 2825 3317 2880 per
3347 2809 3472 2879 Spi-

1867 2901 2025 2955 ritum
2064 2911 2300 2955 sanctum
2342 2898 2532 2968 (Eccli.
2564 2916 2615 2961 ι,
2648 2899 2703 2971 9)
2740 2918 2752 2954 :
2797 2910 2850 2955 et
2889 2901 2943 2957 iu
2993 2902 3241 2971 Psaltnu,
3277 2903 3468 2960 Emitte

1871 2993 2125 3063 Spiritum
2154 3003 2328 3059 tuum,
2363 3003 2410 3047 et
2436 2992 2742 3047 creabantur
2765 2992 2882 3066 (Ps.
2908 3010 2998 3050 cut
3019 3038 3034 3062 ,
3058 2996 3152 3067 30)
3181 3008 3278 3056 :et
3308 2998 3469 3063 alibi,

1856 3086 2105 3157 'Spiritus
2131 3087 2235 3140 oris
2279 3089 2393 3159 ejus
2423 3086 2589 3140 omnis
2630 3088 2791 3141 rirtns
2821 3104 2998 3142 eorum
3026 3088 3145 3162 (Ps.
3176 3106 3351 3152 χχιιι.
3387 3090 3464 3161 6).

184 3180 551 3247 sanctos,sed
588 3190 668 3235 ter
708 3188 950 3234 sanctum
980 3177 1248 3247 conclusit
1292 3176 1553 3241 dicendo,
1588 3173 1764 3228 Domi—
1792 3166 1838 3229 C
1872 3180 2020 3237 Sicut
2072 3179 2322 3250 praedixit
2377 3179 2574 3245 Pater,
2638 3181 2709 3234 ita
2761 3181 2928 3235 Filius
2953 3224 2968 3245 ,
3016 3183 3086 3237 ita
3128 3193 3184 3238 ct
3235 3183 3470 3251 Spiritus

186 3288 266 3326 nus
291 3270 425 3327 Deus
459 3272 738 3329 Sabaoth:
769 3273 820 3327 id
858 3281 943 3327 cst
970 3281 1028 3326 ut
1075 3282 1183 3325 tres
1212 3284 1472 3340 personas
1501 3276 1554 3323 et
1599 3281 1762 3321 unum

189 3363 336 3420 Deum
366 3366 666 3436 intelligas.
702 3365 819 3421 Non
860 3364 1027 3421 semel
1058 3364 1280 3428 dicunt,
1310 3377 1377 3418 ne
1423 3360 1767 3432 singularita-

190 3464 281 3512 tem
307 3457 493 3513 credas
524 3477 538 3511 :
570 3474 675 3512 non
722 3458 806 3513 bis
830 3498 844 3523 ,
892 3473 958 3512 ue
1002 3457 1262 3526 Spiritum
1290 3463 1534 3511 sanctum
1580 3453 1766 3509 exclu-

190 3549 305 3605 das:
334 3568 437 3607 non
464 3553 642 3607 sancti
678 3551 889 3606 Domini
911 3550 1149 3606 Sabaoth
1175 3591 1189 3612 ,
1216 3565 1286 3605 ne
1314 3559 1423 3604 tres
1451 3548 1584 3604 deos
1615 3561 1766 3602 more

190 3649 441 3717 gentilium
489 3650 737 3704 fatearis.
770 3648 876 3703 Sed
925 3648 1151 3710 dicunt,
1205 3646 1457 3709 Sanctus,
1502 3643 1761 3707 Sanctus,

194 3739 391 3797 Sanctus
419 3741 679 3798 Dominus
706 3742 845 3796 Deus
875 3738 1127 3801 Sabaoth.
1158 3750 1213 3794 et
1238 3748 1321 3795 est
1346 3737 1601 3793 Trinitas.
1627 3737 1766 3792 Deus

191 3833 440 3897 laudatur.
470 3838 563 3907 qui
604 3845 687 3891 est
736 3836 933 3901 Pater,
965 3846 1019 3891 et
1050 3833 1217 3889 Filius
1240 3874 1256 3898 ,
1286 3841 1341 3887 et
1383 3832 1617 3901 Spiritus
1642 3845 1766 3884 san-

194 3938 313 3983 ctus.
370 3929 540 3998 Quem
598 3929 761 3984 etiam
819 3928 987 3981 Deum
1031 3942 1194 3992 esse,
1251 3942 1318 3980 cx
1389 3926 1764 3995 operationum

195 4022 494 4091 tequalitate,
528 4024 617 4093 qui
643 4024 833 4077 oculos
857 4020 1039 4076 cordis
1064 4036 1225 4076 sanos
1253 4018 1453 4084 habet,
1494 4019 1648 4074 facile
1674 4033 1768 4088 po-

197 4117 302 4171 terit
329 4120 662 4189 approbare,
710 4120 851 4174 sicut
894 4118 946 4172 in
980 4116 1330 4188 sequentibus
1371 4114 1771 4169 demonstrabi-

198 4221 321 4264 mus.
351 4212 499 4267 Sicut
528 4214 700 4266 salvat
731 4211 918 4277 Pater,
951 4211 1022 4264 ita
1050 4221 1104 4264 et
1132 4209 1329 4273 Filius,
1360 4209 1427 4262 ita
1457 4216 1513 4262 et
1535 4207 1767 4277 Spiritus

198 4313 408 4362 sanctus.
451 4307 526 4362 De
550 4306 740 4373 Patre,
778 4304 935 4360 Salva
981 4321 1093 4370 nos,
1141 4302 1280 4356 Dens
1323 4313 1523 4366 noster,
1556 4312 1604 4355 et
1641 4318 1767 4355 con-

201 4408 335 4467 grege
360 4415 447 4453 nos
472 4400 538 4453 de
565 4398 858 4453 nationibus
882 4396 999 4469 (Ps.
1025 4412 1089 4451 cv
1109 4439 1123 4459 ,
1164 4394 1278 4466 47).
1310 4396 1382 4449 lle
1413 4394 1577 4458 Filio,
1626 4393 1771 4448 Venit

203 4485 243 4540 Γ
244 4489 354 4545 ilius
379 4492 599 4548 hominis
624 4494 824 4547 saluum
855 4496 1028 4561 facere
1051 4490 1189 4561 quod
1219 4490 1439 4560 perierat
1467 4488 1615 4550 (Luc.
1644 4504 1731 4543 χιε
1750 4531 1765 4553 ,

1866 3281 2110 3328 sanctus.
2151 3273 2225 3328 De
2272 3273 2467 3340 Patre,
2502 3271 2640 3327 Deus
2681 3284 2887 3339 autem,
2937 3276 3027 3345 qui
3073 3276 3315 3346 piwdixit
3363 3278 3473 3349 pati

1870 3367 2132 3423 Christum
2162 3383 2345 3433 suum,
2377 3365 2604 3437 implevit
2643 3365 2807 3431 (Λα,
2838 3382 2894 3421 ιιι
2915 3409 2930 3433 ,
2969 3368 3079 3439 18).
3107 3369 3196 3425 Sic
3224 3369 3293 3424 de
3332 3370 3473 3427 Filio

1870 3461 1922 3516 in
1951 3458 2244 3529 Evangelia
2272 3458 2511 3530 Angelus
2535 3458 2670 3513 dixit
2701 3459 3049 3525 mulieribus,
3084 3459 3165 3514 Ite
3193 3472 3239 3516 et
3268 3479 3469 3516 annun-

1871 3555 1993 3609 tiute
2036 3553 2319 3619 fratribus,
2354 3553 2476 3617 quia
2512 3551 2754 3621 praecedit
2801 3567 2888 3606 uos
2937 3553 2989 3605 in
3035 3550 3306 3608 Galilwam
3335 3595 3349 3618 ,
3395 3554 3469 3609 ibi

1867 3665 1983 3702 eum
2012 3646 2268 3712 uidebitis,
2308 3646 2441 3700 sicut
2461 3644 2704 3714 praedixit
2748 3643 2891 3698 vobis
2936 3643 3152 3714 (Marsa,
3200 3662 3318 3711 xu,
3353 3647 3463 3719 17).

1870 3742 1946 3798 De
1970 3743 2176 3814 Spiritu
2200 3748 2389 3795 sancto
2416 3740 2467 3793 in
2494 3739 2717 3793 Actibus
2747 3738 2972 3804 Petrus,
3024 3737 3235 3806 Oportet
3262 3740 3467 3806 impleri

1868 3839 2215 3907 scripturam,
2255 3850 2410 3902 quam
2458 3834 2698 3902 praedixit
2744 3832 2974 3899 Spiritus
3020 3846 3231 3887 sanctus
3278 3851 3370 3902 per
3412 3851 3470 3889 Os

1870 3930 2044 3985 Dauid
2070 3929 2231 4001 (Act.,
2260 3944 2309 3992 ι,
2344 3927 2457 3995 16).
2481 3927 2705 3994 Magnus
2737 3924 2931 3989 Pater,
2963 3925 3032 3979 ita
3069 3924 3236 3979 Filius
3257 3966 3271 3989 ,
3303 3926 3373 3980 ita
3415 3936 3471 3980 et

1872 4024 2107 4093 Spiritus
2138 4031 2378 4076 sanctus.
2425 4020 2500 4075 De
2543 4019 2704 4074 Patre
2726 4061 2739 4081 ,
2772 4017 2995 4088 Magnus
3040 4016 3185 4071 Deus
3226 4029 3399 4072 noster
3426 4030 3471 4072 et

1869 4118 2150 4172 laudabilis
2183 4115 2302 4185 (Ps.
2334 4130 2472 4169 van
2493 4155 2507 4178 ,
2536 4113 2616 4181 2).
2656 4114 2727 4166 lie
2761 4110 2899 4165 Filio
2928 4110 2994 4165 ad
3019 4110 3199 4165 Titum
3226 4152 3241 4174 ,
3267 4108 3470 4180 Exspe-

1870 4223 2067 4270 ctantes
2102 4212 2305 4266 beatam
2342 4226 2487 4278 spem
2508 4250 2523 4275 ,
2554 4219 2599 4262 et
2630 4210 2904 4261 adventum
2952 4206 3133 4275 gloria:
3174 4207 3345 4277 magni
3372 4202 3472 4259 Dei

1873 4307 2161 4364 Saluatoris
2191 4305 2354 4359 nostri
2378 4301 2505 4357 Jesu
2531 4300 2725 4357 Christi
2752 4300 2880 4373 (Tit.
2907 4314 2942 4353 tt
2963 4342 2976 4361 .
3013 4300 3124 4369 15).
3162 4300 3235 4353 De
3263 4299 3469 4367 Spiritu

1871 4409 2059 4455 sancto
2090 4400 2144 4453 iu
2192 4398 2398 4467 Regum
2427 4398 2502 4449 ait
2550 4395 2808 4449 Dominus
2830 4395 2894 4445 ad
2929 4392 3133 4446 lleliam
3157 4434 3171 4458 ,
3203 4392 3338 4448 Ecce
3365 4394 3473 4449 Do-

1874 4494 2043 4546 minus
2072 4490 2310 4553 transiit,
2338 4498 2384 4543 et
2417 4488 2648 4557 Spiritus
2674 4494 2909 4553 sanctus,
2942 4494 2989 4539 et
3030 4486 3179 4554 {ortis
3203 4484 3290 4557 (Ill
3315 4486 3471 4560 Reg,

206 4578 310 4651 10);
339 4594 387 4639 et
418 4586 578 4642 alibi.
613 4583 739 4655 Ipse
765 4558 901 4639 enim
938 4558 1134 4639 salvum
1164 4558 1316 4655 faciet
1343 4583 1591 4653 p0pulum
1620 4598 1768 4636 suum
1797 4558 1851 4618 D
1879 4601 1963 4641 xix
1984 4627 1998 4651 ,
2036 4583 2148 4655 11).
2181 4584 2332 4637 Sicut
2357 4582 2593 4636 charitas
2627 4580 2803 4634 Patris
2825 4621 2840 4644 ,
2877 4580 2943 4633 ita
2977 4578 3138 4643 Filii,
3170 4580 3239 4634 ita
3273 4591 3321 4637 et
3353 4558 3474 4653 Spi-

204 4690 231 4727 α
264 4682 467 4743 peccatis
498 4696 675 4735 eorum
702 4678 949 4752 (Matth.,
975 4694 989 4733 t
1012 4719 1026 4743 ,
1059 4676 1174 4748 ‘25).
1209 4677 1285 4731 De
1331 4676 1535 4743 Spiritu
1582 4684 1771 4729 sancto

206 4769 261 4823 ad
285 4771 451 4829 Titum
471 4818 485 4841 ,
520 4774 703 4829 Salvos
728 4791 821 4828 nos
850 4773 969 4844 fecit
998 4788 1088 4843 per
1129 4772 1395 4825 lauacrum
1424 4769 1769 4842 regeneratio-

207 4863 274 4916 nis
297 4875 338 4918 et
377 4869 715 4922 renovationis
760 4865 988 4935 Spiritus
1013 4863 1178 4918 sancti
1201 4861 1356 4932 (Tit.,
1389 4876 1443 4915 ut
1468 4903 1480 4925 ,
1512 4861 1591 4926 5).
1622 4860 1773 4915 Sicut

207 4960 447 5015 confortat
472 4962 667 5025 Pater,
701 4959 769 5013 ita
809 4958 980 5013 Filius
1001 4999 1016 5022 ,
1067 4958 1136 5011 ita
1168 4967 1222 5009 et
1267 4955 1500 5023 Spiritus
1529 4961 1770 5008 sanctus.

210 5045 384 5105 Esther
406 5054 472 5109 de
516 5054 702 5119 Patre,
734 5051 985 5120 Conforta
1036 5066 1117 5104 me
1144 5065 1257 5112 rex,
1302 5058 1348 5102 et
1393 5045 1530 5102 Deus
1562 5048 1773 5101 deorum

212 5139 418 5212 (Esther,
461 5162 551 5202 xlv
572 5188 586 5212 ,
614 5146 727 5217 12).
761 5146 837 5201 De
885 5145 1022 5199 Filio
1052 5143 1378 5212 Apostolus,
1429 5141 1636 5196 Gratias
1674 5158 1772 5210 ago

217 5231 408 5295 Domino
451 5251 626 5296 nostra
664 5239 792 5295 Jesu
820 5238 1060 5303 Christo,
1110 5237 1197 5303 qui
1239 5252 1318 5291 me
1359 5235 1697 5302 confortavit,
1726 5244 1774 5289 et

217 5327 398 5393 ﬁdelem
425 5335 735 5389 existimavit
777 5333 821 5406 (Ι
847 5331 982 5387 Tim.
1011 5347 1058 5397 ι,
1092 5330 1200 5399 12).
1236 5331 1309 5384 De
1338 5331 1540 5400 Spiritu
1585 5336 1775 5385 sancto

214 5419 262 5475 in
301 5424 612 5500 Evangelia:
648 5427 784 5482 Puer
826 5436 996 5481 autem
1037 5425 1289 5479 crescebat
1316 5435 1361 5478 et
1390 5423 1774 5495 con/artabatur

220 5513 394 5585 Spiritu
420 5532 589 5578 sancto
633 5520 814 5587 (Luc.,
844 5536 882 5586 ι,
915 5519 1029 5588 80).
1065 5519 1320 5577 Vivilicat
1343 5519 1533 5583 Pater,
1584 5518 1656 5571 ita
1687 5515 1778 5571 Fi-

219 5602 338 5673 lius,
366 5611 433 5667 ita
459 5626 507 5669 et
534 5614 1034 5684 Spiritus-sanctus.
1064 5611 1121 5665 ln
1155 5610 1474 5680 Evangelia,
1509 5608 1777 5665 SicutPa-

221 5706 285 5752 ter
313 5707 505 5761 suscitat
533 5718 757 5762 mortuos
780 5749 794 5775 ,
843 5716 891 5760 et
930 5706 1186 5774 niuiﬁcat,
1232 5707 1307 5759 ita
1350 5714 1398 5759 et
1447 5703 1614 5759 Filius
1651 5721 1777 5775 quos

223 5792 311 5847 vult
336 5798 541 5871 riviﬁcat
569 5799 753 5877 (lauit;
776 5814 810 5858 ν
830 5839 845 5870 ,
875 5797 991 5867 Ἡ).
1022 5799 1097 5857 De
1122 5799 1324 5871 Spiritu
1351 5796 1538 5855 sancto
1568 5800 1619 5856 in
1651 5798 1777 5869 Epi-

1874 4679 2011 4733 ritus
2039 4678 2235 4733 sancti.
2274 4676 2348 4731 De
2392 4675 2549 4729 Patre
2568 4681 2601 4735 ,'
2620 4672 3072 4742 Superabnndavit
3106 4683 3274 4728 autem
3304 4677 3477 4746 gratia

1879 4771 2089 4826 Domini
2130 4769 2291 4824 nostri
2318 4766 2448 4821 Jesu
2490 4764 2685 4820 Christi
2710 4808 2722 4824 .
2758 4774 2803 4817 et
2833 4765 3062 4818 churitas
3092 4763 3194 4818 Dei
3237 4768 3401 4820 nostri
3427 4767 3471 4838 (I

1875 4862 2040 4931 Tim,
2088 4879 2140 4929 t,
2184 4862 2294 4933 14).
2317 4862 2405 4937 “De
2430 4859 2602 4916 Filio.
2634 4856 2874 4912 Charitas
2916 4859 3050 4911 enim
3097 4856 3288 4911 Christi
3326 4871 3474 4931 urget

1877 4975 1969 5014 nos
2002 4958 2069 5030 (ll
2100 4955 2245 5018 σον..
2277 4970 2305 5006 v
2327 4995 2340 5017 ,
2370 4954 2482 5025 M).
2515 4953 2589 5005 De
2619 4951 2826 5019 Spiritu
2864 4960 3084 5013 sancto,
3120 4950 3261 5018 Quid
3290 4954 3472 5017 vultis,

1876 5052 1930 5105 in
1961 5052 2102 5121 virga
2132 5050 2329 5103 veniam
2375 5048 2443 5101 ad
2483 5062 2600 5111 vos,
2632 5063 2699 5100 an
2747 5046 2801 5098 in
2862 5044 3115 5098 charitate
3159 5044 3388 5112 Spiritus
3428 5046 3473 5113 (Ι

1876 5143 1997 5200 Cor.
2030 5159 2119 5207 tv,
2164 5140 2295 5212 2i)?
2340 5150 2396 5195 et
2442 5139 2610 5202 alibi,
2645 5136 2885 5192 Charitas
2926 5135 3022 5191 Dei
3067 5135 3264 5202 dillusa
3307 5148 3379 5193 est
3420 5140 3473 5193 in

1877 5235 2120 5290 cordibus
2150 5234 2340 5288 nostris
2382 5248 2471 5301 per
2502 5230 2757 5301 Spiritum
2806 5239 3040 5281 sanctum
3081 5229 3167 5298 qui
3206 5232 3359 5283 datus
3403 5240 3477 5285 est

1878 5327 2025 5383 nobis
2068 5326 2271 5398 (Rana,
2298 5339 2329 5378 v
2350 5367 2362 5388 ,
2392 5325 2471 5393 5).
2505 5322 2681 5376 Vitam
2733 5329 2990 5375 aiternatu
3036 5320 3128 5375 dat
3153 5321 3353 5387 Pater,
3403 5323 3473 5377 ita

1881 5421 2080 5485 Filius,
2111 5420 2181 5474 ita
2229 5418 2465 5487 Spiritus
2512 5422 2753 5470 sanctus.
2805 5416 2878 5469 De
2926 5414 3085 5469 Patre
3126 5415 3178 5469 in
3232 5414 3471 5485 Epistola

1879 5517 2105 5573 Joannis
2127 5558 2142 5580 ,
2171 5513 2426 5580 Quoniam
2455 5513 2611 5566 vitam
2639 5521 2883 5565 teternam
2913 5508 3057 5563 dabit
3087 5509 3232 5563 nobis
3259 5507 3402 5563 Dens
3431 5509 3475 5578 (l

1879 5610 2134 5677 Joan.,v.
2164 5608 2275 5679 11).
2307 5612 2379 5662 Ile
2407 5607 2548 5662 Filio
2567 5606 2618 5660 in
2644 5604 2971 5675 Evangelia;
3000 5604 3132 5660 Oves
3160 5622 3285 5659 mea!
3305 5622 3475 5660 uocem

1878 5721 2045 5759 meam
2071 5703 2319 5772 audiunt,
2343 5713 2389 5757 et
2412 5710 2693 5772 sequuntur
2710 5716 2789 5753 me
2812 5740 2824 5764 ,
2847 5709 2893 5752 et
2919 5715 3013 5771 ego
3040 5700 3194 5752 uitam
3231 5711 3475 5755 cateruam

1880 5797 1949 5851 do
1971 5797 2043 5854 eis
2083 5794 2261 5871 (Joan.
2284 5811 2345 5865 κ,
2368 5795 2484 5866 27).
2514 5795 2589 5851 De
2633 5794 2838 5865 Spiritu
2888 5802 3077 5851 sancto
3117 5793 3185 5851 ad
3220 5792 3479 5863 Galatas,
