3972 6352
152 283 245 340 069

699 276 1125 335 ΜΟΝΟΜΕΝΤΛ
1157 277 1441 337 νΕτιξιιΑ
1474 278 1566 333 AD
1594 273 1729 339 ΑΒΗ

1834 273 2011 333 illi}!
2041 275 2445 335 DOCTRINAM
2466 274 2960 333 PERTINENTIA.

3328 276 3434 332 670

151 400 290 472 [aluit
310 414 377 453 es;
417 406 623 471 aquaet
651 395 853 468 Spiritu
883 406 1091 462 sancto,
1118 411 1225 449 non
1263 394 1497 450 introibit
1540 393 1597 453 in
1643 408 1725 447 re:
1756 389 1808 463 Α
1834 406 1930 447 nus
1968 390 2130 461 (Jer.,
2158 408 2323 459 wn,
2352 392 2469 463 ει).
2500 393 2576 447 De
2612 393 2751 448 Filia
2785 394 2833 449 iu
2865 393 3049 460 A1051!
3076 394 3145 458 lo,
3180 390 3436 447 Dominus

148 509 287 563 guunt
318 492 566 551 octonm
608 489 792 562 (lana.
836 504 893 547 ut
916 530 930 555 ,
962 489 1040 559 5).
1069 488 1378 547 Besuscitat
1414 487 1573 545 Peter
1593 527 1609 553 ,
1634 501 1728 542 re-

146 586 353 647 suscitat
402 583 609 648 Fdius,
659 582 947 645 resuscitat
984 590 1041 637 et
1088 581 1325 650 Spiritus
1372 589 1613 636 sanctus.
1649 577 1726 633 De

149 678 295 735 Putre
318 676 369 731 iu
402 675 622 735 Aet-ibus
644 715 662 742 ,
700 674 835 733 Deus
858 683 1066 743 patrum
1088 683 1418 738 nostrorum,
1445 672 1532 740 qui
1560 670 1726 731 susci-

149 769 258 827 ιιιυᾶ
279 766 486 832 Iesum,
510 780 557 825 at
580 784 674 825 nos
700 766 964 823 suscitabit
990 783 1080 839 per
1105 766 1384 835 potentiam
1412 779 1558 819 suam
1580 763 1721 834 (Act.

151 878 202 927 ν,
230 860 339 932 50).
376 861 450 915 De
480 860 622 917 Filio
656 862 706 916 in
740 861 1072 931 Evangelia,
1110 860 1373 919 Venerunt
1403 858 1582 914 Judtei
1622 875 1725 914 non

145 957 295 1015 solum
331 965 541 1026 propter
565 955 748 1013 desum
769 997 784 1022 ,
812 957 904 1012 sed
944 969 996 1010 ut
1027 954 1287 1011 Lazarum
1324 955 1549 1009 viderent
1575 969 1722 1024 quem

146 1050 386 1109 suscitavit
414 1067 447 1105 ιι
488 1052 708 1109 Mortuis
734 1048 944 1119 (Jama,
980 1066 1080 1117 xtl,
1113 1050 1191 1119 9).
1224 1049 1299 1105 De
1343 1048 1550 1116 Spiritu
1596 1061 1723 1101 san-

145 1156 222 1203 cta
245 1144 564 1215 Apostolus,
600 1144 661 1202 Si
686 1153 861 1201 autem
887 1144 1117 1210 Spiritus
1140 1144 1255 1214 ejus
1274 1183 1289 1209 ,
1329 1143 1415 1212 qui
1460 1141 1724 1196 suscitavit

144 1240 304 1295 Iesum
328 1257 359 1294 a
385 1241 636 1305 mortuis,
666 1239 864 1296 habitat
890 1240 946 1294 in
985 1238 1160 1302 vobis,
1204 1236 1477 1307 vivificabit
1506 1246 1551 1293 et
1581 1250 1721 1289 mor-

146 1334 255 1387 talia
304 1349 524 1402 corpora
576 1343 745 1389 vostra
796 1342 1007 1405 propter
1056 1331 1433 1389 inhabitantem
1465 1330 1720 1402 Spiritum

146 1425 240 1494 ejus
263 1424 315 1477 in
342 1423 482 1478 vobis
512 1423 694 1493 (Rom.
725 1440 818 1478 vnt
837 1465 853 1490 ,
881 1423 990 1494 11).
1019 1420 1205 1479 Gratia
1233 1422 1327 1479 Dei
1356 1421 1532 1479 Patris
1553 1462 1567 1485 ,
1596 1435 1721 1492 grs-

145 1516 204 1569 tia
234 1515 346 1569 Fllll
370 1558 382 1580 ,
414 1518 591 1588 gratia
644 1526 699 1572 et
743 1515 976 1587 Spiritus
1025 1515 1221 1571 sancti.
1257 1515 1332 1570 De
1358 1514 1553 1580 Patre,
1591 1512 1720 1580 Quis

143 1623 210 1661 me
242 1605 469 1661 liberabit
512 1608 578 1662 de
613 1624 827 1679 corpore
856 1608 1031 1662 martis
1077 1607 1265 1669 huius?
1290 1607 1457 1675 gratia
1500 1603 1599 1658 Dei
1630 1622 1719 1675 per

141 1697 300 1753 Jesum
328 1699 591 1755 Christum
615 1699 816 1770 (Rom.,
841 1717 912 1756 vtt
935 1742 949 1767 ,
989 1699 1106 1774 24).
1137 1701 1214 1754 De
1255 1698 1394 1753 Filio
1436 1698 1502 1754 ad
1526 1697 1717 1754 Corin-

1829 494 2002 539 autem
2028 486 2239 558 impleat
2260 488 2419 545 corda
2447 498 2616 542 vestra
2632 529 2647 552 ,
2673 497 2720 542 et
2742 488 3011 555 conﬁrmet
3037 487 3089 543 in
3116 487 3260 545 omni
3283 503 3435 559 opere

1829 586 1877 630 et
1894 593 2137 639 sermone
2157 579 2288 639 bona
2312 579 2354 651 (l
2377 579 2642 646 Thessat.,
2666 595 2704 633 ιι
2729 620 2744 645 ,
2769 578 2883 649 16).
2912 576 2981 634 Et
3012 580 3066 633 in
3102 576 3430 649 Evangelia,

1830 667 1907 726 De
1944 671 2269 743 plenitudine
2304 673 2415 743 ejus
2454 688 2631 726 omnes
2668 672 2959 742 accepimus
2989 660 3197 742 (10am,
3238 686 3277 734 ι,
3314 668 3429 742 16).

1827 764 1905 821 De
1928 766 2131 835 Spiritu
2156 775 2345 823 sancto
2369 769 2420 822 in
2454 766 2704 830 Actibus,
2737 765 2977 832 Implevit
2996 782 3199 827 omnem
3225 767 3391 821 locum
3409 805 3424 829 ,

1824 859 1914 915 ubi
1948 869 2092 919 erant
2130 860 2374 923 discipuli
2402 859 2697 930 congregati
2728 858 2878 927 (Act.
2907 874 2972 923 ιι,
3002 857 3081 930 2).
3126 856 3233 922 Et,
3273 855 3429 911 Iesus

1826 954 2010 1024 plenus
2045 954 2247 1026 Spiritu
2276 965 2453 1009 saneto
2490 970 2751 1027 regressus
2780 962 2855 1007 est
2880 952 2945 1008 ab
2982 950 3217 1007 Iordane
3246 950 3425 1023 (Lua,

1824 1062 1906 1114 tv,
1940 1048 2017 1115 1).
2048 1045 2306 1117 Loquitur
2337 1046 2497 1101 Pater
2519 1087 2532 1109 ,
2568 1045 2811 1115 loquitur
2851 1043 3020 1101 Filius
3042 1086 3055 1109 ,
3090 1043 3329 1114 loquitur
3373 1050 3429 1098 et

1823 1141 2053 1210 Spiritus
2092 1152 2333 1199 sanctus.
2360 1140 2437 1197 De
2462 1139 2651 1203 Patre,
2689 1137 2828 1193 Deus
2867 1138 3073 1197 locutus
3101 1146 3175 1195 est
3214 1136 3269 1191 ia
3307 1152 3428 1189 saa-

1820 1246 1902 1291 cto
1929 1250 2023 1295 suo
2046 1234 2173 1305 (Ps.
2208 1251 2292 1297 ιιι
2315 1277 2330 1303 ,
2361 1232 2439 1307 8).
2471 1235 2545 1289 De
2573 1233 2709 1288 Filio
2728 1274 2743 1299 ,
2772 1230 3036 1303 Loquentc
3058 1228 3187 1286 Jesu
3217 1230 3285 1283 ad
3317 1241 3425 1283 tur-

1821 1329 1913 1384 bas
1948 1327 2167 1400 (Matth.
2201 1344 2271 1383 χιι
2293 1369 2309 1393 ,
2344 1324 2457 1397 46).
2492 1328 2568 1383 De
2612 1326 2813 1397 Spiritu
2856 1332 3044 1379 sancta
3066 1364 3080 1389 ,
3114 1321 3207 1377 Est
3237 1323 3323 1393 qui
3350 1322 3429 1376 lo—

1820 1421 1995 1492 quitur
2020 1421 2074 1475 in
2104 1420 2243 1481 vobis
2283 1418 2525 1491 (Matth.,
2555 1435 2583 1474 ι
2606 1461 2619 1481 ,
2646 1417 2759 1489 20).
2793 1416 3063 1488 Apparuit
3100 1416 3283 1485 Pater,
3325 1431 3422 1485 ap-

1822 1517 1999 1587 paruit
2022 1515 2217 1579 Filius,
2251 1515 2495 1585 apparuit
2540 1522 2595 1567 et
2622 1512 2857 1583 Spiritus
2881 1520 3119 1566 sanctus.
3158 1511 3233 1565 De
3264 1510 3425 1565 Patre

1820 1610 1874 1664 in
1927 1610 2192 1674 Actibus,
2249 1608 2390 1662 Deus
2443 1607 2624 1679 gloria:
2670 1607 2918 1677 apparuit
2962 1605 3193 1678 patribus
3237 1606 3427 1659 nostris

1820 1703 1984 1778 (Act.,
2012 1719 2112 1764 vtt,
2142 1702 2218 1773 2).
2271 1702 2349 1756 De
2397 1700 2533 1755 Filio
2572 1702 2623 1755 in
2666 1700 2897 1773 epistola
2919 1699 3144 1754 Joannis
3170 1738 3184 1758 .
3220 1699 3299 1751 Ad
3331 1699 3426 1753 hoc

139 1790 291 1859 thios,
320 1791 476 1847 Scitis
497 1794 637 1848 enim
660 1793 884 1867 gratiam
912 1791 1125 1855 Domini
1150 1792 1314 1849 nostri
1336 1790 1462 1847 Jesu
1491 1790 1717 1858 Christi,
1746 1781 1796 1847 Β
1823 1797 2067 1867 apparuit
2116 1792 2320 1859 Filius,
2364 1803 2418 1848 ut
2447 1794 2715 1849 solvantur
2760 1808 2919 1861 opera
2974 1792 3163 1851 diaboli
3201 1792 3243 1862 (Ι
3267 1790 3424 1844 Joan.

140 1884 244 1953 quia
270 1894 476 1952 propter
508 1902 598 1939 vos
628 1872 799 1956 factus
822 1897 899 1940 est
940 1902 1134 1954 pauper
1172 1890 1287 1937 cum
1312 1893 1442 1938 esset
1469 1883 1608 1936 dives
1648 1878 1716 1953 (ll

140 1975 261 2039 Con.
284 1988 393 2044 vut.
418 1977 503 2049 '9).
534 1978 614 2033 De
638 1978 845 2049 Spiritu
877 1990 1064 2035 sancto
1086 1979 1143 2035 in
1170 1976 1416 2041 Actibus,
1454 1976 1518 2033 Et
1547 1975 1721 2033 obsta-

142 2082 337 2137 puerunt
371 2071 459 2137 qui
480 2086 605 2135 cum
634 2069 795 2135 Petro
822 2080 1093 2133 veneth.
1119 2071 1365 2145 quoniam
1406 2070 1461 2124 in
1482 2069 1719 2142 gentibus

142 2163 287 2233 gratia
315 2160 550 2234 Spiritus
578 2166 747 2219 sancti
779 2162 972 2232 di/fusa
998 2175 1072 2219 est
1118 2163 1258 2235 (Act.
1284 2181 1350 2230 χ,
1386 2164 1501 2231 45).
1533 2161 1723 2235 Signat

145 2253 309 2321 Pater,
335 2256 518 2325 signat
559 2256 729 2312 Filius
752 2297 769 2322 ,
800 2258 991 2328 signat,
1014 2267 1072 2313 et
1101 2257 1334 2327 Spiritus
1362 2264 1601 2311 sanctus.
1649 2256 1724 2311 De

145 2345 281 2401 Patre
311 2346 374 2401 ad
405 2349 757 2417 Corinthios,
784 2349 852 2403 Et
891 2351 979 2420 qui
1002 2351 1220 2423 signavit
1260 2366 1347 2404 vos
1378 2349 1646 2403 nobiscum
1670 2350 1723 2403 in

148 2438 355 2507 Christo,
380 2450 427 2494 et
452 2442 547 2512 qui
576 2442 720 2497 unxit
750 2459 842 2497 nos
869 2442 1009 2497 Deus
1040 2442 1105 2514 (ll
1135 2440 1283 2508 Con,
1311 2458 1358 2507 I,
1383 2441 1500 2512 3|).
1533 2441 1608 2496 De
1634 2434 1724 2496 Fi-

148 2532 209 2583 lia
235 2532 293 2585 ad
321 2533 592 2602 Ephesios
611 2576 626 2600 ,
657 2534 936 2590 Audientes
979 2535 1184 2590 verbum
1213 2536 1473 2600 veritatis,
1509 2550 1728 2606 evange-

150 2627 454 2685 [ἕκαάώ
468 2638 681 2693 ναίω,
701 2629 756 2683 in
783 2645 886 2700 quo
905 2629 1092 2699 signati
1121 2628 1509 2700 estis(Epltes.,
1539 2644 1588 2693 ι,
1617 2626 1727 2698 15).

154 2718 217 2775 De
232 2720 430 2792 Spiritu
454 2730 657 2789 sancto
679 2723 769 2778 ubi
794 2737 959 2793 supra
981 2765 996 2790 ,
1020 2722 1202 2778 Nolite
1228 2724 1533 2778 contristare
1560 2723 1732 2795 Spiris-

155 2822 241 2865 nun
278 2824 513 2879 sanetum
537 2856 551 2879 ,
575 2817 630 2870 its
654 2832 756 2886 quo
794 2817 988 2886 signati
1025 2817 1146 2871 estis
1168 2817 1225 2870 in
1251 2816 1335 2871 die
1362 2815 1733 2886 redemptionis

1822 1907 1912 1959 ιιι,
1940 1889 2018 1963 8).
2067 1890 2145 1947 De
2181 1891 2383 1962 Spiritu
2416 1900 2608 1945 sancto
2641 1892 2692 1945 in
2735 1890 2869 1957 Job,
2908 1880 2972 1942 Et
3003 1887 3218 1957 spiritus
3265 1903 3429 1957 appa-

1820 1987 1926 2045 rttit
1970 1987 2023 2041 in
2072 1986 2238 2042 oculis
2277 1987 2438 2050 meis,
2482 1994 2530 2041 et
2568 1987 2755 2043 horror
2781 1984 2941 2039 irruit
2978 1984 3033 2036 in
3074 1980 3307 2052 me(Job,
3343 1994 3427 2045 tv,
3536 2038 3545 2043 _

1824 2078 1934 2152 lii).
1969 2079 2181 2145 Veritas
2219 2080 2413 2145 Pater,
2444 2079 2646 2133 veritas
2686 2078 2890 2145 Filius,
2922 2077 3125 2131 veritas
3166 2085 3220 2131 et
3251 2074 3428 2145 Spiri-

1826 2181 1912 2227 tus
1941 2180 2183 2226 sanctus.
2214 2170 2291 2226 De
2328 2168 2489 2226 Patre
2524 2171 2575 2224 in
2618 2166 2855 2235 Psaltno,
2887 2166 3291 2233 Redemistime,
3323 2164 3431 2219 Do-

1827 2266 1963 2320 mine
1988 2261 2127 2320 Deus
2153 2264 2379 2321 veritatis
2404 2264 2522 2338 (Ps.
2555 2281 2658 2318 xxx
2684 2306 2697 2330 ,
2722 2264 2800 2335 6).
2832 2264 2907 2319 De
2936 2263 3073 2318 Filio
3091 2305 3104 2326 ,
3143 2262 3347 2316 Veritas
3369 2261 3434 2315 de

1829 2369 1967 2413 terra
2001 2369 2114 2414 orta
2153 2367 2226 2413 est
2264 2357 2382 2427 (Ps.
2427 2373 2660 2424 Lxxxw,
2706 2356 2817 2427 12).
2870 2357 2932 2409 Et
2991 2358 3041 2409 in
3096 2355 3389 2424 Evangelia
3417 2394 3432 2419 ,

1833 2450 1943 2523 Ego
1973 2468 2087 2506 sunt
2102 2452 2207 2518 via,
2239 2442 2447 2515 vetitas,
2477 2460 2525 2505 et
2548 2451 2651 2505 vita
2678 2448 2884 2522 (Joan.,
2909 2464 2998 2502 xtv
3021 2489 3035 2513 ,
3070 2447 3181 2515 16).
3216 2449 3290 2502 De
3316 2445 3437 2516 Spi-

1830 2544 1936 2599 ritu
1960 2555 2153 2599 sancto
2180 2545 2230 2598 in
2267 2543 2579 2613 Evangelia,
2609 2541 2737 2598 Cum
2764 2543 2951 2596 venerit
2984 2542 3214 2610 Spiritus
3243 2539 3433 2593 verita-

1832 2640 1933 2704 tis,
1964 2639 2168 2692 docebit
2220 2653 2311 2692 vos
2350 2648 2550 2692 omnem
2596 2636 2860 2691 veritatem
2910 2633 3095 2707 (Joan.
3144 2649 3237 2689 xvt
3264 2676 3277 2699 ,
3322 2632 3431 2703 15).

1836 2731 1977 2787 Ecce
2024 2732 2285 2787 unitatem
2325 2731 2511 2801 aperis
2538 2772 2552 2797 ,
2592 2746 2700 2784 non
2740 2728 2958 2785 dubites
2995 2728 3264 2783 unitatem
3309 2741 3436 2782 cre-

1834 2826 1966 2882 dere
1992 2826 2292 2882 Trinitatis.
2336 2826 2527 2882 Dicere
2566 2824 2730 2881 etiam
2779 2823 2960 2877 solent
3004 2823 3074 2877 de
3122 2821 3434 2891 baptisma,

155 2905 371 2978 (δράσι,
394 2925 471 2974 tv,
506 2908 623 2980 50).
654 2910 875 2965 “abitat
902 2910 1063 2965 Pater
1084 2910 1138 2965 in
1168 2911 1548 2975 crmleutibus,
1582 2909 1729 2964 lubi-

1836 2917 1980 2988 qttod
2014 2919 2065 2972 itt
2097 2934 2164 2974 ea
2195 2918 2390 2975 melius
2417 2918 2489 2973 sit
2516 2919 2730 2972 illarum
2764 2916 3121 2986 baptismum,
3147 2929 3309 2985 quam
3343 2928 3441 2968 no-

157 3011 221 3059 tat
246 3003 438 3071 Filius,
473 3003 689 3060 habitat
712 3014 773 3061 et
819 3005 1056 3075 Spiritus
1086 3016 1327 3060 sanatus.
1374 3005 1449 3060 De
1478 3004 1637 3059 Patre
1680 3004 1733 3059 in
1837 3020 2043 3075 suum;
2076 3011 2199 3082 quia
2228 3011 2320 3082 qui
2364 3010 2434 3067 de
2481 3010 2588 3065 illis
2627 3009 2694 3064 ad
2738 3023 2837 3063 nos
2877 3014 3299 3071 convertuntur,
3331 3020 3440 3061 non

159 3093 302 3160 Isaia.
341 3098 560 3156 Servate
590 3100 727 3153 diem
764 3099 970 3156 sabbati
990 3139 1006 3167 ,
1046 3110 1093 3153 et
1142 3099 1460 3169 sanctiﬁcata
1489 3114 1638 3161 eum.
1680 3107 1736 3153 ut
1839 3119 1935 3160 eos
1965 3104 2364 3174 rebaptisamus
2387 3146 2402 3171 ,
2436 3102 2531 3159 sed
2562 3118 2661 3173 per
2698 3110 2891 3157 manus
2922 3100 3324 3171 impositionem
3356 3114 3443 3154 re-

157 3188 353 3245 habitem
377 3192 430 3245 in
470 3192 646 3247 media
672 3194 825 3251 vestri
861 3192 1026 3266 (Jan,
1071 3209 1209 3257 xvn,
1233 3192 1353 3259 22).
1390 3190 1621 3246 DeFilio
1662 3188 1729 3245 ad

1840 3192 2215 3256 conciliamus.
2258 3201 2336 3256 Illi
2370 3216 2536 3266 vero,
2573 3201 2616 3255 si
2653 3190 2790 3268 quos
2829 3199 2898 3254 de
2937 3198 3139 3252 nostris
3177 3197 3442 3252 seducere

160 3280 433 3351 Ephesios,
480 3285 735 3341 Habitare
761 3285 1029 3342 Christum
1068 3303 1163 3357 per
1194 3287 1347 3355 ﬁdem
1392 3288 1444 3340 in
1493 3284 1734 3340 cordibus

158 3377 311 3430 restris
346 3377 593 3451 (Ep/ses"
640 3396 697 3435 tu
720 3380 868 3453 ,l't).
902 3382 978 3437 De
1004 3381 1209 3450 Spiritu
1256 3392 1477 3445 sancta,
1508 3380 1735 3435 Nescitis

156 3470 370 3536 quoniam
418 3473 667 3541 templum
720 3472 814 3528 Dei
856 3477 1010 3533 estis.
1043 3484 1091 3528 et
1131 3476 1364 3546 Spiritus
1401 3474 1494 3528 Dei
1536 3474 1733 3527 habitat

158 3563 202 3615 in
232 3565 362 3619 vobis
402 3566 446 3635 (1
468 3562 622 3634 σοι,
653 3583 740 3633 ιιι,
773 3568 903 3635 1611
928 3569 1210 3625 Scrutatur
1240 3568 1429 3634 Pater,
1462 3575 1736 3625 scrutatur

160 3654 334 3722 Filius,
361 3669 638 3719 Scrutatur
672 3669 727 3715 et
771 3659 1008 3729 Spiritus
1054 3670 1295 3717 sanctus.
1350 3661 1426 3715 Da
1475 3662 1631 3715 Patro
1676 3662 1734 3716 in

164 3747 375 3818 Pssimo,
410 3752 670 3809 Scrutaris
696 3753 857 3809 corda
880 3764 929 3809 et
957 3769 1104 3809 renes
1147 3753 1286 3807 Deus
1327 3752 1447 3819 (Ps.
1478 3769 1582 3819 vn,
1619 3752 1731 3825 10).

162 3838 224 3895 Ἶο
258 3841 387 3898 Filio
424 3845 479 3907 in
525 3844 846 3915 Apocalypsi
869 3884 884 3909 .
919 3844 987 3901 Et
1033 3847 1194 3902 scient
1234 3860 1412 3900 anates
1446 3844 1695 3900 Ecclesia'
1716 3884 1733 3912 ,

170 3934 261 3998 Illa
277 3952 367 4007 ego
388 3953 501 3995 sunt
534 3948 792 3997 scrutator
812 3938 985 3992 cordis
1003 3947 1052 3992 et
1080 3938 1280 3993 renium
1298 3938 1484 4010 (Apoc.
1514 3953 1549 3994 tt
1571 3979 1587 4002 ,
1616 3938 1734 4009 95).

163 4026 227 4082 De
262 4027 455 4100 Spiritu
501 4039 693 4091 sancto
724 4030 775 4085 in
804 4030 1096 4100 Apostolo,
1135 4031 1367 4104 Spiritus
1396 4033 1569 4087 omnia
1595 4048 1739 4087 σενα*

162 4128 281 4174 tatur
305 4124 457 4185 etiam
497 4123 761 4195 profunda
803 4122 901 4178 Dei
943 4123 990 4195 (l
1034 4122 1158 4180 Cor.
1202 4141 1273 4190 tt,
1306 4122 1417 4197 10).
1461 4124 1739 4181 Testilicet

168 4213 331 4280 Patet.
360 4217 621 4279 laetiﬁcat
648 4216 848 4283 Filius,
883 4216 1133 4277 testiﬁcat
1154 4226 1210 4275 et
1236 4216 1473 4289 Spiritus
1497 4226 1734 4275 sanctus.

164 4303 228 4359 De
249 4306 398 4373 Patre
427 4310 478 4365 in
512 4309 759 4375 Pssimo.
794 4309 1165 4371 Testimonium
1191 4307 1291 4363 Dei
1319 4308 1502 4377 ﬁdele,
1535 4308 1739 4380 sapien-

162 4399 269 4455 tiatu
291 4413 540 4471 primane
568 4403 802 4474 parvulis
829 4403 951 4475 (Ps.
975 4420 1135 4468 svnt,
1166 4404 1247 4473 8).
1282 4403 1358 4459 De
1385 4402 1523 4459 Filia
1551 4403 1617 4457 ad
1649 4402 1740 4459 Tl-

164 4495 413 4561 lltotltcum
431 4540 448 4563 ,
484 4498 743 4568 Prtecipio
773 4498 865 4555 tibi
889 4515 1064 4555 coram
1093 4496 1235 4563 Deo,
1258 4498 1347 4566 qui
1378 4498 1599 4566 viviﬁcat
1627 4513 1737 4552 om-

165 4590 266 4655 nia.
304 4604 350 4649 et
390 4595 599 4651 Christo
635 4594 799 4659 Jesu,
837 4595 928 4667 qui
976 4584 1322 4650 testimonium
1372 4593 1598 4649 reddidit
1637 4594 1729 4651 sub
1759 4571 1814 4632 D

168 4679 332 4743 Pontio
357 4685 531 4743 Pilato
557 4686 600 4758 (1
624 4686 761 4742 Tim.
789 4703 861 4754 vt,
890 4688 1004 4757 l3).
1039 4688 1117 4743 De
1133 4686 1338 4757 Spiritu
1367 4697 1559 4747 sancto
1586 4688 1731 4758 Apo-

164 4772 346 4839 Blolus,
378 4775 751 4835 Testimonium
797 4777 1027 4847 perhibet
1048 4777 1276 4846 Spiritui
1316 4786 1493 4833 nottra
1519 4777 1725 4848 (Rom,

166 4877 271 4932 tm,
299 4867 403 4938 18).
453 4870 705 4941 Ostendit
741 4870 939 4937 Peter,
968 4871 1204 4927 ostendit
1242 4871 1446 4934 Filius.
1496 4872 1736 4929 ostendit

168 4963 212 5010 et
230 4956 449 5027 Spiritus
475 4970 717 5021 sanctus.
750 4963 828 5019 De
858 4963 1017 5021 Patre
1045 4962 1113 5019 ad
1155 4963 1500 5021 Timotheum
1522 5005 1537 5031 ,
1571 4964 1735 5033 Quem

166 5049 256 5105 suis
278 5055 577 5125 temporibus
598 5055 869 5113 ostendens
887 5056 1067 5112 beatus
1088 5066 1134 5112 et
1156 5057 1297 5112 solas
1310 5067 1490 5127 patens
1509 5058 1552 5131 (I
1574 5056 1737 5125 Titu.,

170 5155 244 5207 vt.
268 5144 375 5211 lli).
404 5147 480 5203 De
508 5148 648 5205 Fillo
676 5149 729 5205 in
770 5149 1066 5219 Evangelia
1093 5150 1210 5219 ipse
1249 5149 1415 5205 Filius
1441 5151 1607 5213 dicit.
1643 5150 1741 5206 0s-

169 5235 350 5301 tendam
375 5250 543 5299 autem
571 5241 713 5299 vobis
750 5258 899 5312 quem
939 5242 1159 5301 timentis
1198 5241 1377 5315 (Luc.,
1402 5260 1503 5310 sn,
1537 5243 1615 5315 5);
1644 5253 1700 5301 et
1722 5285 1738 5313 ,

172 5323 317 5384 Multa
342 5332 472 5393 bona
499 5350 656 5407 opera
681 5336 882 5393 ostendi
910 5335 1050 5390 vobis
1079 5353 1111 5389 a
1144 5335 1299 5390 Patre
1325 5352 1438 5395 mea
1470 5336 1650 5409 (Joan.
1682 5352 1737 5405 κ,

172 5416 268 5490 32).
294 5422 366 5481 De
385 5424 586 5496 Spiritu
609 5436 796 5487 sancto
824 5428 890 5485 ad
913 5428 1224 5485 Corinthios
1241 5471 1255 5495 ,
1292 5429 1601 5487 Prtedicatio
1628 5448 1741 5489 mea

174 5514 375 5583 nonfuit
410 5518 465 5572 in
506 5520 925 5589 persuasibilibus
967 5522 1209 5585 humanas
1233 5525 1501 5594 sapientiae
1537 5526 1701 5582 verbis
1722 5567 1738 5593 ,

174 5606 248 5659 sed
268 5608 315 5663 in
341 5620 620 5673 ostensione
641 5616 859 5687 spiritus
884 5613 925 5688 (I
956 5616 1099 5685 Cora,
1129 5633 1189 5684 tt,
1220 5617 1303 5689 4).
1332 5617 1527 5689 Implet
1555 5620 1737 5687 Pater.

177 5696 341 5769 implet
375 5704 559 5779 Filius,
597 5709 788 5780 implet
822 5719 876 5767 et
906 5711 1144 5785 Spiritus
1181 5723 1421 5781 sanctus.
1456 5717 1533 5773 De
1577 5716 1741 5777 Patro

180 5792 454 5859 Hieremias
472 5846 488 5872 ,
516 5804 707 5865 Cretum
735 5817 782 5864 et
812 5816 1002 5867 terram
1030 5826 1120 5881 ego
1152 5809 1374 5881 impleo,
1406 5811 1529 5875 dicit
1558 5814 1738 5873 Dami-

1841 3304 2101 3364 pussttnt,
2143 3294 2620 3349 inconsideronter
2657 3292 3026 3361 rebaptizant.
3068 3290 3170 3356 Qui
3213 3293 3443 3344 interro-

1838 3386 1998 3456 gandi
2043 3397 2199 3442 sunt:
2233 3387 2507 3457 Baptism:
2536 3386 2675 3441 istud
2707 3386 2849 3455 quod
2890 3385 3022 3437 dant
3051 3398 3205 3439 suum
3258 3382 3444 3437 dicunt

1836 3497 1992 3546 esse,
2021 3496 2091 3537 an
2121 3481 2403 3535 nostrum?
2432 3481 2490 3535 Si
2520 3488 2760 3534 nostrqu
2791 3488 2876 3533 est
2895 3520 2911 3544 ,
2944 3472 3113 3547 quare
3145 3478 3275 3532 Illud
3302 3490 3442 3546 pra:-

1836 3583 2055 3630 sumunt
2074 3615 2090 3641 ,
2120 3574 2376 3629 similiter
2401 3585 2456 3629 ut
2491 3587 2591 3628 nos
2615 3572 2978 3644 baptizando?
3004 3573 3047 3626 si
3081 3572 3295 3626 illurttm
3322 3580 3438 3635 est,

1838 3684 2008 3737 quare
2046 3668 2177 3723 illud
2215 3666 2421 3723 violant
2464 3667 2747 3723 iterando?
2791 3667 2896 3724 Sed
2937 3678 3036 3722 nos
3078 3666 3439 3721 reverentiam

1839 3760 2102 3817 habemus
2144 3762 2440 3821 Dominicis
2470 3763 2673 3829 verbis,
2716 3771 2769 3817 et
2793 3761 3065 3831 quomodo
3105 3761 3436 3829 ipsejussit:

1838 3858 1910 3913 ita
1931 3866 1987 3913 et
2011 3857 2377 3927 baptizamus,
2406 3860 2459 3911 in
2492 3858 2712 3912 nomine
2742 3855 2950 3922 Patris,
2978 3864 3031 3909 et
3057 3854 3209 3920 Filii,
3236 3862 3290 3909 ct
3320 3853 3443 3923 Spi-

1840 3952 1977 4007 ritus
2015 3952 2207 4006 sanetl.
2251 3950 2357 4008 Sed
2398 3961 2453 4006 ct
2499 3951 2622 4005 illus
2670 3952 2749 4005 sic
2776 3959 2983 4005 certum
3011 3958 3096 4003 est
3133 3948 3436 4017 baptizare.

1839 4044 1973 4101 Nam
2000 4045 2047 4101 si
2076 4046 2157 4101 sic
2180 4042 2513 4116 baptizarettt
2542 4046 2615 4101 illi
2656 4045 2927 4116 quomoda
2956 4043 3221 4107 credunt,
3258 4043 3311 4096 in
3343 4057 3441 4097 no-

1841 4142 1987 4195 mina
2012 4141 2188 4199 Patris
2218 4140 2474 4210 majoris,
2508 4149 2562 4194 et
2594 4141 2644 4193 in
2679 4139 2900 4193 nomine
2936 4136 3057 4191 Filii
3090 4136 3316 4189 tttiuoris
3340 4178 3352 4200 ,
3387 4143 3442 4190 et

1840 4235 1895 4289 in
1933 4235 2153 4291 nomine
2183 4234 2419 4304 Spiritus
2458 4234 2630 4288 sancti
2673 4232 2843 4287 multo
2889 4232 3145 4296 minaris,
3180 4239 3306 4283 tunc
3344 4226 3440 4283 de-

1841 4342 1988 4382 mum
2038 4340 2144 4380 non
2197 4326 2529 4382 lterabamus
2578 4325 2902 4393 baptismum
2931 4364 2946 4388 ,
2985 4323 3079 4377 sed
3135 4320 3437 4386 dabamus,

1838 4419 1965 4490 quia
1994 4434 2101 4474 non
2127 4417 2423 4474 secundum
2452 4417 2692 4486 regulam
2721 4431 2883 4487 quam
2919 4413 3178 4468 Dominus
3216 4411 3442 4469 tradidit

1842 4510 2208 4581 baptizabant.
2238 4510 2345 4566 Sed
2376 4509 2503 4580 quid
2539 4507 2806 4563 facimus?
2838 4507 2976 4563 bene
3002 4506 3274 4574 baptizant
3297 4548 3310 4571 ,
3342 4504 3439 4561 sed

1841 4606 1982 4663 male
2009 4605 2275 4660 ereduntl
2310 4604 2447 4659 bene
2479 4602 2755 4672 baptizsnt
2775 4645 2788 4668 ,
2821 4600 2917 4656 sed
2951 4600 3150 4654 malum
3179 4609 3263 4655 est
3292 4597 3439 4670 quod

1841 4698 2199 4769 rebaptizant.
2241 4696 2579 4768 Regulsrlter
2618 4694 2836 4766 quidem
2875 4694 3148 4764 baptizant
3174 4734 3189 4758 ,
3237 4690 3331 4747 sed
3374 4690 3440 4745 tl-

1840 4791 1966 4846 dem
1992 4790 2131 4846 male
2161 4790 2454 4845 insinuant.
2486 4789 2552 4844 Et
2576 4789 2701 4843 dum
2734 4788 3027 4843 carnaliter
3045 4786 3245 4857 gradus
3277 4787 3328 4840 in
3360 4785 3442 4840 di-

1842 4886 2066 4941 vinitate
2093 4883 2328 4946 iaciunt,
2363 4882 2623 4939 oll‘ensom
2652 4880 2949 4937 divinitatis
2979 4881 3260 4933 incurrunt
3288 4896 3299 4931 :
3333 4894 3441 4932 non

1843 4985 2151 5031 metuentes
2176 4974 2307 5029 illtnl
2331 4973 2471 5044 quod
2502 4975 2758 5028 Dominus
2785 4972 2919 5025 dixit
2949 4988 2960 5024 :
2991 4971 3092 5038 Qui
3122 4969 3279 5025 semel
3307 4970 3443 5024 lotus

1841 5077 1957 5135 est,
1990 5084 2091 5122 non
2125 5069 2321 5137 indiget
2365 5068 2549 5121 iterum
2594 5076 2649 5121 ut
2693 5067 2891 5121 lavetur
2934 5064 3116 5137 (Joan.
3163 5079 3294 5127 xm.
3328 5063 3441 5135 10).

1843 5164 1990 5217 Dixit
2014 5162 2159 5218 enim
2186 5162 2445 5217 Dominus
2467 5162 2517 5215 in
2549 5160 2845 5230 Evangelia
2863 5201 2876 5225 ,
2913 5158 3018 5214 Vos
3043 5158 3164 5212 estis
3189 5157 3270 5211 sal
3297 5166 3445 5212 terra:

1844 5256 2085 5328 (Matth,
2119 5268 2180 5319 v,
2214 5254 2331 5325 l5);
2364 5262 2418 5307 ct
2448 5254 2771 5322 quicumque
2801 5252 3021 5321 sapiens
3048 5260 3160 5315 est,
3194 5263 3298 5303 non
3346 5250 3446 5303 hac

1844 5350 1963 5405 sine
2001 5364 2161 5403 causa
2206 5348 2407 5402 dictum
2449 5348 2727 5417 intelligit.
2760 5346 2852 5402 Sal
2898 5344 3042 5398 enim
3070 5358 3133 5398 ex
3181 5358 3316 5411 aqua
3351 5342 3446 5408 llt,

1845 5439 1940 5495 sed
1968 5440 2012 5495 si
2044 5442 2237 5495 iterum
2269 5440 2320 5494 in
2360 5454 2554 5511 aquam
2595 5437 2859 5501 mittitur,
2898 5435 3148 5505 liquescit
3189 5444 3242 5488 et
3284 5435 3443 5504 perit.

1846 5533 1938 5590 Sic
1993 5536 2083 5604 qui
2115 5534 2285 5590 semel
2325 5533 2628 5603 baptizatus
2656 5541 2738 5586 est
2769 5545 2834 5585 es
2876 5544 3014 5600 aqua
3041 5570 3056 5594 ,
3089 5528 3165 5583 sal
3208 5537 3291 5582 est
3320 5529 3450 5583 elle-

1844 5638 2002 5683 ctus:
2036 5627 2133 5683 sed
2159 5628 2204 5682 si
2236 5628 2433 5683 iterum
2475 5624 2732 5697 baptizari
2763 5638 2823 5678 se
2863 5622 3179 5690 permittat,
3212 5621 3278 5675 ad
3309 5620 3451 5676 nihl-

1845 5722 1955 5777 lum
1978 5722 2119 5781 sicut
2135 5719 2213 5776 sal
2233 5724 2283 5776 in
2307 5736 2446 5794 aqua
2471 5721 2694 5776 missum
2726 5717 3013 5789 redigitur,
3044 5725 3096 5771 et
3122 5716 3300 5769 anima
3333 5715 3451 5786 ejus

1847 5825 2108 5893 perpetua
2154 5825 2327 5873 marte
2376 5816 2615 5891 punitur.
2659 5812 2797 5873 Dicit
2845 5812 2996 5868 enim
3045 5808 3335 5883 Apostolus
3382 5809 3452 5869 de
