3972 6352
513 259 613 318 671

1451 260 1592 320 DUO
1629 259 2079 318 KALENDARIA
2121 257 2448 329 ANTIQUA.
2493 256 2889 316 PREFATIO.

3687 259 3774 316 lii!

513 380 760 438 Ecclesia
786 423 802 449 ,
847 381 1109 448 Quoniam
1159 397 1292 436 unus
1331 397 1508 452 panis,
1539 397 1700 434 unum
1745 395 1936 447 corpus
1973 378 2123 434 multi
2149 383 2203 443 Α
2229 388 2536 446 terramque
2565 378 2919 434 convertitur.
2949 377 3038 434 Sic
3065 379 3187 433 talis
3221 377 3452 434 efﬁcitur
3488 377 3773 450 quicumque

517 491 696 530 sumus
726 473 777 546 (I
807 472 928 530 Cor.
963 489 997 528 ι
1021 515 1038 540 ,
1079 473 1211 545 l7):
1247 471 1372 544 quia
1419 473 1561 527 sicut
1598 487 1666 528 ex
1715 471 1901 528 multis
1937 472 2120 542 granis

517 582 658 622 unus
689 568 840 636 panis
867 565 1121 630 tellit-itur.
1168 568 1241 622 ita
1269 583 1332 622 es
1376 567 1558 622 multis
1603 566 1812 637 populis
1861 580 1964 638 una
2013 565 2117 621 Ec-

517 660 681 718 clesia
721 670 1100 732 congregatur.
1145 659 1213 714 Et
1237 659 1411 731 panis.
1443 668 1500 713 ut
1543 673 1735 714 omnes
1766 669 1994 724 norunt,
2022 673 2120 729 per

515 765 708 823 aquam
751 752 1076 817 coniicitur,
1138 761 1191 806 et
1242 766 1335 820 per
1401 752 1576 820 ignem
1645 750 2001 822 excoquitur.
2067 759 2122 805 et

517 845 698 900 omnis
756 842 1099 900 Christianus
1159 857 1255 912 per
1311 843 1560 912 baptismi
1605 837 1799 914 aquam
1839 853 1894 897 et
1946 843 2119 913 ignem

517 940 690 996 sancti
745 938 978 1009 Spiritus
1012 937 1215 992 oblatio
1281 936 1375 992 Dei
1434 945 1519 992 est
1586 935 1838 999 eti'ectus,
1907 935 2121 990 dicente

520 1033 752 1090 Domino
797 1050 811 1086 :
846 1033 906 1088 Si
933 1033 1048 1100 quis
1081 1048 1182 1086 non
1223 1040 1432 1086 renatus
1463 1031 1619 1101 fuerit
1657 1046 1721 1084 ea:
1749 1046 1885 1098 aqua
1914 1041 1960 1083 et
1993 1029 2120 1100 Spi~

519 1129 623 1182 ritu
657 1135 857 1191 sancto,
901 1141 1003 1180 non
1023 1124 1232 1180 intrabit
1271 1125 1325 1178 in
1373 1140 1589 1196 regnum
1634 1122 1882 1178 caelorum
1928 1121 2117 1197 (Joan.

517 1237 598 1289 111,
633 1223 712 1292 5).
741 1221 846 1278 Sed
875 1223 1020 1276 sicut
1045 1236 1235 1292 panem
1253 1222 1362 1292 jam
1391 1222 1561 1277 semel
1585 1229 1819 1288 coctum,
1851 1221 1896 1276 si
1927 1219 2124 1290 aliquis

522 1315 762 1372 remittat
811 1315 862 1368 in
889 1329 1115 1386 aquam,
1149 1324 1206 1369 et
1245 1315 1374 1370 velit
1412 1315 1833 1370 recommiscere
1873 1322 1930 1369 et
1969 1327 2123 1368 reco-

521 1424 714 1482 quere,
748 1408 924 1477 perdit
949 1409 1231 1480 pristinam
1259 1409 1598 1479 dignitatem,
1627 1410 1757 1464 etin
1791 1407 2125 1479 nigredinem

1695 1547 1948 1555 Ἣ

865 1547 1630 1560 -_.__._____________
1695 1544 2165 1555 _._..__.____.__.
2399 1545 2488 1550 _-
2547 1543 3546 1552 __.___.________..______.

531 1543 3781 1607 Mm

1951 1544 2165 1554 .——————-—

745 1730 2058 1878 KALENDABIA
2175 1723 2615 1876 DUO
2715 1725 3612 1910 ANTIQUA

2230 473 2285 527 in
2309 487 2371 528 se
2399 472 2658 542 permittit
2681 472 3002 541 baptismum
3025 473 3230 527 iterari.
3259 473 3323 528 Et
3341 472 3460 527 ideo
3474 472 3626 530 debet
3641 490 3774 531 unus-

2224 569 2453 637 quisque
2512 580 2681 636 usque
2721 565 2788 620 ad
2843 574 3073 620 mortem
3104 565 3428 636 baptismum
3473 583 3640 636 suum,
3686 569 3775 625 Deo

2226 659 2516 729 adjuvante
2537 672 2781 724 servare,
2815 659 2858 712 si
2882 659 2997 713 vult
3021 657 3087 712 ad
3112 673 3272 729 regna
3295 659 3553 715 ctelorum
3580 661 3776 718 lideliter

2227 749 2532 821 pervenire.
2574 749 2704 804 Nam
2736 751 3061 818 quicumque
3087 765 3147 804 se
3178 751 3499 820 rebaptizari
3531 751 3773 820 permittit,

2229 848 2342 916 ipse
2402 844 2736 916 blaSphetnat
2783 845 2838 899 in
2879 844 3082 916 Spiritu
3133 859 3341 911 sancto,
3391 846 3514 900 dum
3567 861 3620 902 se
3647 857 3776 918 negat

2229 939 2605 1003 christianum,
2660 949 2713 994 et
2764 954 2860 1009 per
2909 941 3102 1008 aqu‘am
3144 953 3207 994 ac
3258 939 3514 1008 Spiritum
3565 952 3772 996 sanctum

2229 1032 2390 1089 tuisse
2423 1043 2690 1088 renatum.
2711 1031 2779 1087 Et
2801 1048 3022 1089 necesse
3041 1043 3125 1088 est
3149 1042 3208 1087 ut
3237 1033 3405 1098 illam,
3425 1049 3578 1102 quam
3602 1049 3775 1090 metuo-

2234 1127 2500 1189 r:ivimus,
2537 1125 2745 1180 Domini
2768 1126 3093 1180 sententiam
3122 1127 3504 1180 comminantis
3531 1127 3738 1194 excipiat
3766 1145 3776 1179 :

2235 1217 2554 1288 Quicumque
2585 1216 3007 1288 blasphemaverit
3055 1218 3108 1271 in
3153 1217 3361 1284 Spiritu
3399 1229 3591 1284 sancto,
3639 1234 3724 1272 non
3747 1221 3783 1274 ei

2232 1314 2519 1368 remittetur
2584 1328 2744 1379 neque
2805 1313 2860 1365 in
2913 1313 3009 1366 hoc
3063 1313 3290 1377 alecula,
3339 1327 3498 1383 neque
3541 1314 3593 1366 in
3643 1316 3783 1383 futuro

2235 1405 2454 1479 (Matth.
2488 1421 2564 1461 XII
2579 1449 2592 1472 ,
2628 1407 2743 1478 52).

2399 1545 2488 1550 --
2547 1544 2634 1550 _.._.
2658 1543 2763 1550 .——_.
2783 1543 3546 1552 ———————-————_—_

576 1968 627 2029 A
677 1963 924 2028 FURIO
967 1961 1350 2025 DIONYSIO
1393 1959 1853 2024 PHILOCALO
1903 1959 2035 2020 AN.
2059 1956 2368 2027 CCCLIV,
2396 1955 2499 2016 ET
2550 1955 2932 2018 POLEMEO
2974 1955 3242 2017 SlLVlO
3275 1957 3409 2020 AN.
3455 1955 3760 2030 CCCCllL,

819 2085 1348 2162 CONSCRIPTA,
1393 2084 1496 2146 ET
1541 2083 1658 2145 EX
1692 2080 1990 2169 ’CODICE
2041 2079 2170 2143 MS.
2215 2077 2547 2140 JOANNIS
2591 2077 3043 2141 CUSPINIANI
3088 2079 3548 2142 DESUMPTA.

1656 2206 1911 2271 (Bolland.
1937 2213 2041 2255 acta
2065 2205 2229 2255 Sanct.
2253 2203 2406 2266 Junii,
2430 2211 2549 2254 tom.
2575 2202 2713 2270 VII.)

1968 2319 2288 2330 ———_

1505 2389 2158 2478 PREFATIO
2233 2397 2868 2481 EDITORIS.

1985 2548 2398 2566 *1.-

599 2611 653 2667 l.
684 2608 970 2665 Promissio
999 2610 1248 2667 Bollandi
1276 2612 1341 2666 de
1370 2613 1564 2668 edendo
1593 2612 1840 2671 Polemeo
1872 2614 2137 2670 811100.-
2167 2614 2214 2674 Β
2241 2609 2477 2665 maxima
2511 2621 2638 2677 pars
2673 2605 2953 2678 prioribus
2980 2603 3225 2670 sarculis,
3258 2603 3457 2660 saltem
3486 2613 3604 2660 ante
3629 2619 3789 2659 annum

525 2704 772 2762 Tandem
806 2707 1182 2774 pervenimus,
1215 2705 1327 2762 Deo
1360 2707 1620 2777 proliitio,
1643 2711 1708 2762 ad
1738 2709 1944 2764 calcem
1980 2708 2136 2778 primi

528 2799 814 2853 semestris
841 2799 982 2853 sacri
1013 2799 1082 2854 de
1114 2801 1265 2854 Actis
1295 2813 1631 2856 sanctorum.
1665 2801 1815 2868 lude,
1845 2812 2134 2873 antequam

531 2890 697 2962 plene
728 2891 1073 2958 imponamus
1107 2894 1294 2959 linem,
1326 2893 1492 2949 redeo
1521 2894 1586 2949 ad
1623 2896 1944 2965 principium
1973 2895 2139 2952 totius

528 2985 712 3054 Oporis
739 3025 753 3049 ,
785 2999 995 3040 memor
1020 3026 1036 3050 ,
1069 2985 1388 3042 Bollandum
1420 2987 1474 3042 in
1508 2990 1830 3046 l’rtelatione
1857 2993 2134 3061 generali,

531 3078 995 3146 quemadmodum
1034 3077 1061 3150 §
1101 3080 1132 3134 7
1175 3080 1449 3149 promisit,
1476 3082 1612 3135 alias
1661 3082 1864 3138 editum
1907 3083 1972 3138 iri
2007 3101 2034 3136 a
2078 3098 2136 3140 sc

529 3169 975 3241 Martyrologium
1027 3171 1256 3227 U~uardi
1303 3173 1477 3227 nativa
1521 3175 1858 3242 simplicitate
1901 3192 2027 3240 sua;
2063 3176 2136 3230 ita

535 3260 564 3334 ς
592 3261 627 3316 5
653 3277 805 3327 spem
840 3261 1038 3319 fecisse
1067 3263 1329 3330 futurum,
1355 3275 1412 3320 ut
1439 3267 1744 3321 laterculum
1777 3266 2006 3324 Polemei
2029 3268 2140 3326 Sil-

532 3353 598 3407 vii
628 3353 915 3421 aliquando
945 3371 976 3410 c
1002 3357 1194 3411 codice
1225 3373 1327 3412 tus.
1374 3358 1642 3429 vulgaret.
1693 3359 1956 3416 Neutrum
2003 3377 2142 3432 prte-

531 3446 714 3514 stitit,
768 3450 893 3518 quia
943 3450 1116 3504 otium
1162 3465 1269 3504 non
1319 3449 1556 3518 invenit;
1607 3465 1891 3526 postquam
1939 3454 2141 3524 grande

533 3553 696 3610 Opus,
729 3541 872 3609 qttod
907 3541 1300 3610 meditabatur,
1328 3545 1476 3600 serio
1505 3561 1792 3618 aggressus
1819 3556 1934 3610 est;
1965 3547 2141 3618 quod-

533 3647 640 3702 que
687 3639 900 3686 tantum
933 3634 1134 3704 tichtii
1159 3636 1372 3705 optimo
1401 3639 1518 3691 viro
1557 3640 1727 3701 dedit.
1758 3647 1851 3705 ttt,
1883 3641 2144 3708 seposttis

537 3723 735 3779 alienis
761 3726 828 3777 ab
857 3740 1025 3795 opere
1045 3739 1302 3798 succepto
1327 3731 1496 3795 curis,
1520 3731 1679 3786 etiam
1709 3732 2012 3801 adjutoretn
2042 3731 2142 3787 sibi

2241 2702 2591 2758 millesimum
2643 2699 2972 2753 ﬂoruerunt.
3043 2695 3193 2752 Inter
3250 2684 3347 2752 illa
3401 2713 3631 2768 praesens
3669 2695 3790 2752 Silvii

2241 2795 2562 2864 opusculum
2597 2792 2833 2848 habetur
2863 2806 2984 2862 pag.
3017 2790 3110 2846 94.
3159 2790 3384 2845 Initium
3432 2791 3546 2861 ejus
3580 2791 3791 2861 produxit

2241 2887 2537 2943 Bollandus
2569 2885 2690 2939 loco
2719 2885 2886 2938 citato
2927 2898 3048 2936 cum
3078 2881 3397 2937 Kalendarii
3431 2897 3608 2936 mense
3633 2881 3792 2936 Janua-

2242 2982 2327 3038 rio
2354 2982 2584 3049 aliisque
2615 2977 2924 3042 nonnullis;
2953 2977 3275 3047 notariique
3309 2991 3421 3032 non
3453 2977 3616 3039 male;
3647 2985 3792 3029 attete-

2245 3093 2359 3132 rem
2404 3075 2582 3144 potius
2627 3071 2696 3125 P.
2740 3071 2996 3124 Anneium
3037 3070 3302 3134 Silvium,
3332 3086 3494 3140 quam
3543 3069 3791 3124 Polemeum

2247 3168 2508 3231 Sittium,
2543 3165 2934 3220 nominandum
2981 3179 3125 3220 esse.
3159 3163 3398 3235 Srripsit
3442 3176 3643 3228 auctor,
3667 3163 3728 3217 ttti
3751 3161 3790 3216 in

2243 3261 2515 3331 adiunctis
2540 3270 2592 3315 et
2627 3260 2890 3314 immixtis
2914 3257 3244 3314 Kalendario
3271 3260 3398 3314 aliis
3427 3258 3683 3328 opusculis
3705 3259 3790 3325 ipse

2243 3356 2432 3419 refert,
2464 3371 2608 3410 anno
2637 3357 2876 3426 vulgaris
2903 3370 3029 3410 tunc
3058 3370 3252 3411 0000111
3283 3367 3341 3410 et
3371 3357 3523 3410 initio
3541 3351 3789 3423 sequentis.

2245 3447 2419 3503 Habet
2464 3449 2610 3502 enini
2661 3449 2764 3502 sub
2815 3449 2919 3504 ltoc
2961 3449 3128 3503 titulo
3173 3463 3276 3501 suo
3308 3465 3325 3504 :
3362 3447 3583 3503 Nomina
3609 3446 3790 3500 omnium

2246 3543 2536 3613 principum
2562 3541 2914 3596 Romanorum
2935 3559 2954 3609 ;
2979 3543 3032 3597 in
3057 3543 3164 3597 line
3187 3544 3472 3612 sequentia
3492 3563 3502 3593 ε
3520 3539 3580 3596 ι).
3610 3538 3674 3594 Ν.
3699 3537 3792 3592 Pla-

2246 3637 2393 3692 cidus
2427 3636 2858 3702 Valentinianus;
2885 3638 2978 3691 sub
3008 3639 3192 3708 quibus
3225 3635 3458 3692 Joannes
3488 3649 3708 3709 tyrannus
3726 3647 3792 3684 rx-

2247 3729 2462 3782 stinctns
2510 3739 2626 3795 est;
2671 3739 2718 3782 et
2747 3747 2778 3783 a
2807 3731 2991 3798 quibus
3035 3747 3155 3784 cum
3198 3729 3318 3784 υο.
3367 3742 3528 3785 matre
3576 3727 3787 3789 Placidia,

538 3815 606 3868 ad
635 3815 782 3869 aliud
815 3819 1246 3884 promovendum
1278 3820 1586 3877 adsciscere
1616 3839 1744 3878 mox
1770 3835 1994 3880 c0actus
2029 3825 2146 3880 11111-
2170 3797 2215 3858 C
2249 3840 2408 3878 uxore
2453 3821 2716 3888 Eudoxio,
2747 3823 2998 3895 Augustis
3021 3865 3036 3889 ,
3062 3842 3197 3878 nunc
3224 3826 3502 3896 imperium
3525 3821 3787 3896 possidetur.

537 3909 631 3962 rit.
682 3907 868 3963 Fidem
905 3909 1150 3966 Bollandi
1201 3930 1300 3982 pro
1342 3918 1515 3985 prima
1563 3928 1751 3985 parte;
1783 3935 1956 3989 nuper
1984 3921 2147 3974 Solvit

543 4002 750 4074 collega
785 4012 972 4060 noster
1001 4005 1242 4062 Joannes
1293 4008 1536 4078 Baptista
1567 4011 1864 4077 Sollerius,
1898 4013 2146 4084 diligenti

543 4095 726 4152 studio
753 4107 808 4153 et
833 4101 1184 4156 accuratione
1229 4112 1494 4171 praestans
1515 4148 1530 4173 ,
1574 4106 1716 4175 quod
1753 4106 1846 4162 ille
1879 4109 2144 4176 promise-

539 4200 625 4247 rat
683 4191 734 4246 111
781 4191 999 4248 edendo
1052 4194 1496 4268 Martyrologium
1561 4197 1792 4255 Usuardt
1849 4203 2145 4272 genuinum

539 4296 762 4354 suaeque
789 4287 987 4341 nativa:
1013 4287 1347 4358 simplicitati
1379 4291 1982 4357 restitututn,rescissis
2011 4295 2150 4350 mul-

543 4384 722 4432 torum
771 4379 1191 4448 additamentis;
1226 4399 1347 4454 qua:
1394 4394 1599 4452 tamen,
1633 4402 1700 4442 ne
1750 4388 1984 4445 lectores
2013 4389 2150 4446 late-

542 4479 708 4536 rent,
742 4472 976 4528 seorsim
1019 4475 1318 4545 subjunxit.
1372 4477 1644 4534 Dividitur
1691 4491 1861 4536 10111111
1907 4499 2047 4554 opus
2094 4485 2146 4538 in

546 4572 731 4632 partes
759 4564 917 4630 duas,
941 4567 1153 4624 duabus
1179 4573 1677 4643 supplementorum
1701 4576 1850 4633 Junii
1879 4579 2144 4648 partibus,

547 4653 602 4709 id
648 4663 732 4709 est
783 4667 932 4712 101110
971 4660 1091 4730 ejus
1128 4678 1183 4716 vt
1223 4675 1276 4717 et
1311 4680 1380 4719 ru
1413 4668 1687 4736 (quamvis
1717 4669 1880 4724 etiam
1911 4674 2146 4726 seorsim

547 4749 874 4816 impres-utn
925 4755 1029 4821 sit)
1080 4759 1509 4814 subnectendas.
1575 4763 1828 4820 Proxime
1881 4766 2027 4820 enim
2081 4765 2147 4820 ad

545 4846 682 4899 Acta
710 4857 1024 4901 Sanctorum
1051 4859 1259 4919 spectat
1291 4853 1729 4925 lllrtrtyroIOgium
1763 4857 1918 4922 illud,
1949 4873 2019 4914 ex
2043 4874 2150 4930 quo

546 4949 804 5008 antiquus
832 4950 887 4994 et
918 4938 1194 5010 legitimus
1234 4946 1473 5000 omnium
1505 4946 1650 5013 fere,
1681 4949 1772 5018 qui
1800 4959 1924 5004 octo
1959 4951 2150 5018 primis

549 5039 606 5086 et
637 5029 866 5086 ditnidio
905 5050 1032 5089 mra:
1060 5035 1376 5090 christiano:
1408 5043 1623 5096 sarculis
1658 5043 2016 5100 sanctimonia
2046 5043 2149 5098 llu-

551 5134 810 5188 ruerunt,
841 5128 1022 5181 cultus
1050 5127 1100 5181 in
1134 5127 1374 5183 Erclesia
1405 5129 1632 5188 ﬁrmiter
1658 5138 2074 5203 comprobatur.

2255 3917 2408 3982 Quod
2437 3915 2782 3971 Postumam‘o
2813 3927 2860 3970 et
2900 3916 3108 3972 Zenone
3136 3920 3259 3973 uiris
3289 3920 3585 3974 clarissimis
3613 3914 3792 3970 consuli-

2252 4013 2346 4064 bus
2391 4011 2653 4068 annotavi.
2703 4011 2924 4066 Certum
2977 4020 3062 4065 est
3105 4012 3362 4066 consules
3405 4012 3490 4067 hic
3541 4011 3790 4066 nominatus

2251 4105 2586 4176 processisse
2613 4119 2676 4158 ac
2708 4104 2990 4173 prml‘oisse
3017 4121 3162 4160 anno
3185 4105 3392 4161 Christi
3422 4121 3620 4162 CCCCtll.

2324 4199 2378 4254 3.
2421 4196 2495 4252 ιΕ
2502 4212 2579 4252 tas
2608 4199 2898 4271 scripturis.
2917 4227 2990 4239 ---
3010 4199 3234 4254 Additur
3273 4198 3638 4254 Kalendariuut
3661 4193 3788 4249 aliud.

2251 4321 2324 4332 -—
2349 4291 2480 4346 Item
2511 4291 2612 4346 sub
2636 4291 2792 4346 titulo
2818 4307 2832 4345 :
2859 4289 3182 4348 Breviorium
3203 4304 3508 4364 ternporum,
3530 4291 3612 4362 qui
3636 4287 3790 4344 Kalen-

2254 4382 2408 4439 dario
2434 4425 2448 4445 ,
2485 4393 2606 4449 post
2659 4400 2904 4440 mensem
2961 4386 3288 4455 Augustum,
3338 4385 3618 4448 inseritur;
3647 4377 3789 4434 isthrc

2248 4477 2524 4545 leguntur.
2553 4479 2718 4532 etiam
2753 4477 2818 4532 ad
2846 4477 3050 4533 calcem
3085 4494 3099 4532 :
3129 4475 3295 4551 Cujus
3315 4479 3460 4552 regni
3479 4478 3787 4533 Romanorum

2257 4569 2349 4640 (de
2382 4569 2526 4625 illius
2557 4571 2755 4640 quippe
2785 4570 3024 4639 regibus,
3055 4571 3376 4626 COIIsnlibllS
3416 4583 3472 4627 et
3510 4561 3791 4638 imperatori-

2253 4660 2354 4716 bus
2384 4663 2584 4732 agitur)
2611 4663 2674 4714 ab
2707 4659 2860 4716 Urbis
2882 4662 3096 4716 exordio
3128 4663 3272 4716 mille
3295 4671 3340 4717 et
3365 4662 3588 4718 ducentis
3614 4655 3790 4726 comple-

2254 4754 2320 4808 tis
2361 4756 2542 4820 annis;
2568 4753 2907 4809 Postumiana
2941 4766 2991 4810 et
3029 4754 3237 4810 Zenone
3280 4759 3605 4819 consulibus;
3632 4749 3788 4806 Asteria

2251 4851 2501 4915 consule,
2560 4861 2820 4920 tamquam
2870 4851 3068 4921 primus
3115 4867 3286 4906 annus
3341 4851 3540 4922 incipit.
3593 4846 3788 4904 Fuerunt

2253 4941 2635 4998 Postumianus
2675 4950 2731 4998 et
2767 4941 2916 4997 Zeno
2963 4944 3242 5007 consules,
3287 4945 3365 4997 uti
3407 4943 3515 5012 jam
3560 4937 3786 4994 diximus.

2253 5052 2398 5090 anno
2425 5051 2652 5100 ccccut;
2685 5036 2781 5090 fuit
2812 5037 3062 5090 Asterius
3091 5051 3239 5090 anno
3269 5035 3538 5106 sequenti.
3566 5030 3681 5086 Hac
3700 5039 3788 5088 σου

2253 5129 2470 5204 (loquor
2496 5131 2678 5186 verbis
2709 5129 2978 5200 Bollnndi)
3011 5130 3217 5196 scripsit
3249 5129 3449 5184 Silvius
3477 5142 3602 5180 anno
3621 5132 3786 5178 ccccm.

621 5219 676 5272 ἓ.
719 5215 1006 5274 Promissio
1027 5219 1111 5275 hic
1131 5221 1366 5276 solvitur.
1386 5251 1458 5263 ——
1481 5224 1718 5280 Alteram
1753 5227 1995 5282 Bollandi
2025 5243 2148 5293 pro-
2175 5197 2230 5258 D
2253 5236 2302 5280 et
2330 5225 2482 5279 initio
2519 5224 2806 5291 sequentis,
2831 5240 2950 5276 cum
2991 5223 3210 5277 necdum
3252 5221 3431 5276 Roma:
3471 5224 3684 5279 sciretur.
3703 5209 3787 5281 qm

549 5314 864 5371 mis~ionem
889 5315 958 5370 de
978 5315 1240 5370 laterculo
1269 5316 1508 5371 Polemei
1535 5317 1622 5372 hic
1642 5320 1928 5376 solvimus.
1960 5320 2144 5376 Codex

548 5419 768 5473 noster.
803 5411 854 5463 in
894 5424 1003 5478 quo
1033 5408 1324 5464 laterculus
1379 5413 1693 5466 continetur
1715 5454 1728 5475 ,
1759 5416 2148 5470 membraneus

550 5511 717 5561 estet
752 5504 1004 5573 spissus,
1049 5503 1291 5576 pbilyras
1336 5519 1542 5559 ccxxxt
1598 5491 1928 5569 numerans;
1956 5507 2149 5562 chara-

550 5608 702 5653 ctere
729 5596 939 5652 minuto
963 5639 977 5663 ,
1005 5599 1100 5652 sed
1129 5608 1341 5662 Stante,
1373 5600 1609 5669 scriptus
1639 5599 1708 5653 ab
1741 5599 1934 5655 eadem
1985 5617 2148 5655 manu

553 5706 582 5746 a
612 5691 793 5763 Cupite
823 5688 890 5745 ad
919 5691 1123 5745 calcem
1149 5731 1165 5757 ,
1200 5707 1309 5746 non
1337 5689 1458 5748 sine
1489 5692 1721 5746 mendis.
1753 5689 2150 5764 Comptecsitur

556 5783 705 5838 varia
735 5783 869 5838 varii
901 5773 1212 5853 argumenti
1238 5784 1498 5854 opuscula
1532 5785 1884 5857 scriptorum.
1917 5801 2146 5858 quorum

2257 5317 2704 5389 Constantinopoli
2757 5318 2941 5372 consul
2989 5329 3166 5383 esset;
3214 5317 3302 5387 qui
3355 5313 3646 5384 Protogenes
3697 5304 3786 5376 {Illo

2257 5411 2353 5466 llis
2382 5413 2678 5480 prmtnissis
2699 5453 2715 5478 ,
2741 5421 2800 5467 ιιι
2826 5413 2894 5466 de
2917 5419 3078 5465 relate
3107 5409 3392 5480 scriptoris
3422 5407 3579 5463 uestri
3605 5405 3784 5459 constet.

2254 5510 2457 5565 accedo
2506 5509 2571 5564 ad
2622 5508 3008 5564 Kalendarinm
3061 5507 3270 5574 ipsum,
3320 5503 3460 5574 quod
3503 5500 3682 5554 dudum
3717 5502 3786 5562 per

2257 5603 2467 5658 litteras
2518 5603 2810 5657 multorum
2865 5600 3036 5672 rogati
3083 5597 3316 5662 fuimus;
3361 5597 3623 5666 ipsumque
3668 5597 3786 5640 eco-

2256 5696 2377 5752 dice
2417 5698 2584 5752 citato
2626 5711 2868 5767 promam
2911 5705 3073 5767 prout
3104 5695 3175 5749 ibi
3207 5695 3435 5764 legitur;
3461 5698 3608 5758 atque
3631 5697 3691 5739 ex
3713 5689 3786 5767 ott-

2259 5789 2436 5860 posito
2505 5764 2858 5847 00111111111111111
2913 5764 3188 5860 apponam
3255 5781 3618 5841 Kalendarittm
3673 5764 3780 5828 1111111
