3838 6342
18 292 107 348 375

926 287 1068 347 Ι)υο
1106 288 1560 350 KALENDARIA
1596 285 1928 357 ANTIQUA.
1972 285 2366 347 PREFATIO.

3204 280 3312 349 θη

18 404 245 478 :jusdetn
280 406 672 477 propemodum
703 405 915 473 formate,
945 418 998 460 at
1046 407 1204 462 annis
1236 407 1350 464 fere
1379 419 1599 466 centum
1628 408 1679 469 Α
1708 405 1965 460 mittentia!
1978 405 2262 474 digitorum
2283 420 2627 459 marmoreum
2650 404 2800 477 lcgile
2817 404 2886 457 ad
2908 404 3096 460 missas
3109 414 3157 459 et
3177 422 3312 461 terra

16 515 148 567 irtus
193 498 473 569 vulgatum
507 515 536 554 a
567 498 729 553 Furio
777 498 1025 570 Dionysio
1056 497 1332 554 Philocalo
1354 543 1370 570 ,
1404 511 1461 556 et
1497 500 1598 555 Va-

16 592 193 645 'entino
223 632 237 657 ,
268 591 459 646 nescio
487 592 575 646 cui
603 633 616 655 ,
647 591 986 662 inscriptum.
1042 589 1174 645 lllud
1207 607 1237 645 e
1267 608 1368 646 ms.
1413 591 1602 647 itidem

16 694 217 750 tostro,
272 683 372 738 sed
412 682 796 740 deﬁcientibus
846 692 1075 755 quatuor
1123 686 1427 753 mensibus,
1473 686 1603 741 olim

15 778 170 835 :didit
196 778 453 850 Egidius
480 779 781 835 Bucherius
813 779 865 834 itt
897 780 1291 835 commeutario
1321 781 1388 835 de
1416 780 1605 836 Victo-

14 871 63 926 rii
113 871 378 940 Aquitani
437 886 646 927 eanoue
700 874 972 939 paschali;
1024 884 1167 943 quoa
1220 873 1603 930 Kalendarium

14 980 144 1020 anno
172 962 379 1019 Christi
408 965 613 1035 vulgari
642 980 829 1020 cccuv
860 967 1231 1037 conscriptum
1269 968 1388 1022 fuit.

70 1056 122 1110 4.
152 1055 230 1110 De
256 1057 562 1129 supradicta
590 1056 914 1112 Kulendaria
942 1061 1198 1128 prtefutur
1221 1058 1608 1125 Buclterius.-—-

11 1152 79 1207 Ad
125 1149 520 1206 Kalendariutn
566 1151 695 1205 illud
742 1152 821 1206 sic
862 1150 1126 1221 praefatur
1158 1152 1462 1206 Bnclierius
1496 1169 1510 1205 :
1545 1151 1610 1207 Si

12 1250 134 1321 quod
161 1251 226 1303 de
251 1247 444 1303 horum
482 1248 844 1318 opusculorum
875 1248 1018 1319 (qum
1044 1264 1111 1304 ex
1142 1248 1337 1304 eodem
1370 1266 1473 1304 ms.
1511 1265 1611 1304 no-

11 1350 111 1397 stro
133 1341 246 1411 jam
280 1341 641 1411 impresserat
670 1356 770 1395 sun
801 1340 854 1396 in
887 1342 1312 1411 commentario)
1342 1353 1492 1397 aetate
1513 1343 1612 1396 du-

11 1435 136 1488 bium
183 1443 510 1499 superesset,
554 1435 650 1488 hac
678 1435 831 1488 unico
882 1432 1204 1488 Kalenduria
1250 1433 1367 1487 tolli
1416 1446 1609 1501 posset.

10 1527 311 1597 Pra’cipuas
344 1529 479 1582 enim
508 1526 833 1582 Constantini
866 1527 1045 1599 Magni
1083 1528 1281 1598 filiique
1320 1526 1612 1583 Constantii

10 1623 61 1674 de
88 1621 328 1692 tyrannis
357 1620 692 1690 barbarisque
718 1620 982 1683 victorias,
1003 1621 1141 1673 velut
1167 1619 1338 1673 adhuc
1365 1621 1610 1684 calentes,

10 1715 224 1779 exhibet,
258 1723 308 1768 et
339 1715 449 1767 suis
494 1714 675 1767 diebus
720 1715 971 1780 assignat.
1020 1711 1160 1777 Quin
1190 1724 1234 1767 et
1263 1715 1317 1765 in
1349 1711 1613 1767 Casurum

1707 501 2018 572 cmnpanula
2054 499 2124 551 ad
2168 499 2499 553 elevationem
2530 499 2754 564 Itastiw;
2785 514 2900 568 qua:
2929 499 3041 568 ipse
3070 496 3311 553 oculatus

1706 596 1812 649 ridi
1838 606 2095 649 scrutator
2119 594 2494 648 exactissimus.
2520 592 2646 648 Htec
2673 592 2941 659 Lubinus,
2966 592 3058 664 qui
3082 593 3308 648 nimium

1707 703 1808 742 nos
1838 697 2079 742 moratus
2107 685 2198 739 hic
2223 695 2330 741 cst.

1976 780 2243 852 appellata
2269 788 2379 846 est,
2411 795 2514 834 non
2542 780 2608 834 ab
2637 778 2745 834 alia
2780 778 3061 834 Valentino
3086 779 3175 849 qui
3198 778 3320 835 inde

1710 889 1811 927 non
1843 882 2011 944 potest
2039 872 2142 926 dici
2179 872 2492 927 christianus
2524 889 2654 929 esse.
2677 902 2748 913 —
2772 872 2877 928 Ista
2911 872 3072 941 igitur
3115 872 3175 929 S.
3212 871 3315 927 Va-

1710 967 1897 1023 lentini
1939 968 2160 1021 basilica
2189 966 2257 1021 ab
2284 966 2404 1036 ipso
2435 977 2625 1021 sancto
2655 966 2736 1021 sic
2768 966 3113 1022 denominata
3147 968 3314 1021 exsti-

1710 1061 1773 1116 tit
1818 1077 1922 1115 uou
1966 1075 1996 1114 a
2036 1059 2322 1114 Valentino
2363 1060 2636 1129 quondam
2684 1059 2805 1128 ejus
2851 1061 3173 1126 conditore,
3226 1058 3319 1130 qui

1711 1155 1889 1210 nullus
1925 1153 2011 1209 hic
2040 1153 2157 1208 fuit.
2212 1153 2398 1221 Neque
2439 1154 2485 1207 is
2530 1152 2626 1206 illo
2675 1167 2742 1209 ex
2783 1152 2962 1222 capite
3002 1152 3107 1207 dici
3140 1159 3319 1223 potest

1710 1247 2045 1302 christianos
2076 1246 2264 1301 fuisse.
2294 1245 2353 1301 Si
2374 1246 2502 1316 quid
2528 1245 2711 1300 iudieii
2741 1244 2979 1300 hominis
3006 1244 3312 1310 christiani,

1712 1350 1806 1394 aut
1839 1341 1891 1393 in
1920 1340 2225 1409 scriptore,
2257 1348 2351 1392 aut
2381 1340 2432 1392 in
2468 1338 2560 1393 illo
2591 1338 2677 1393 cui
2727 1338 3048 1409 inscriptum
3081 1352 3321 1408 opuscu-

1713 1432 1825 1487 lnm
1869 1442 1990 1497 est,
2021 1433 2318 1502 qoaritur;
2346 1433 2462 1485 erui
2514 1430 2566 1485 id
2612 1430 2871 1497 deberet,
2899 1433 2980 1487 vel
3029 1447 3094 1486 ex
3137 1430 3321 1487 tabula

1715 1525 1853 1594 picta
1903 1540 2023 1592 qua:
2070 1524 2398 1593 praeligitur,
2430 1523 2514 1579 vel
2553 1539 2624 1579 ex
2662 1524 2857 1579 litteris
2894 1524 3321 1581 dominicatihus

1714 1629 1921 1689 septem
1963 1633 2081 1687 quae
2113 1617 2343 1687 singulis
2380 1616 2574 1673 diebus
2601 1631 2755 1673 more
2778 1616 3202 1673 clristianorum
3227 1633 3320 1673 or-

1717 1711 1843 1766 dine
1889 1726 2011 1774 suo,
2045 1726 2149 1765 una
2187 1727 2312 1766 cum
2349 1724 2473 1766 octo
2510 1710 2919 1771 nundinalibns,
2950 1722 3318 1783 apponuntur.

8 1805 268 1861 natalibus
306 1806 547 1859 eumdem
577 1803 938 1859 Constantium
959 1845 973 1867 ,
1007 1820 1134 1869 non,
1168 1815 1223 1858 ut
1248 1806 1473 1875 reliquos
1512 1806 1613 1858 im-
1640 1797 1691 1858 Β
1718 1806 1947 1877 Reliqua
1980 1806 2124 1861 enim
2159 1808 2338 1861 omnia
2371 1818 2635 1879 apparent
2669 1809 2894 1879 profana
2923 1822 3068 1863 esse.

8 1912 265 1970 peratares
306 1915 539 1955 mortuos
563 1943 576 1964 ,
620 1914 814 1963 unus;
846 1899 937 1954 sed
977 1911 1030 1952 ut
1061 1901 1232 1953 adhuc
1262 1901 1608 1971 superstitem,

8 2007 234 2048 omnium
285 1991 548 2063 appellat.
606 1991 862 2052 Opusculi
910 1992 1132 2060 pretium
1178 1995 1465 2047 accendunt
1512 2009 1614 2048 non

8 2102 189 2156 pauca,
228 2098 338 2138 tum
371 2084 441 2138 ad
469 2099 708 2143 sacrant.
743 2093 852 2138 tum
879 2084 947 2138 ad
988 2084 1191 2139 civilem
1223 2085 1501 2140 historiam
1527 2085 1614 2140 hic

6 2179 230 2247 prodita.
264 2177 393 2232 aliis
422 2179 650 2243 intacta;
681 2188 735 2231 ut
767 2186 875 2231 tute
900 2177 1063 2231 lector
1087 2219 1103 2244 ,
1136 2180 1313 2233 statim
1342 2195 1610 2250 agnosces.

7 2271 327 2337 Dalendum,
357 2283 586 2342 quatuor
616 2271 899 2337 mensibus,
928 2272 1143 2338 Martio,
1168 2272 1363 2345 Aprili,
1399 2274 1544 2328 Maia
1568 2282 1616 2328 et

6 2363 161 2419 lunia
213 2376 521 2419 truncatum
549 2365 619 2420 ad
650 2384 741 2421 nos
769 2369 1135 2438 pervenisse...
1197 2368 1468 2424 Valentino
1500 2370 1614 2424 cui-

9 2460 121 2512 dam
150 2459 485 2524 inscribitur,
508 2460 638 2513 milti
666 2461 911 2514 hactenus
931 2461 1144 2531 ignoto;
1174 2461 1277 2514 nisi
1295 2462 1434 2532 quod
1456 2464 1616 2532 paulo

8 2566 123 2607 ante
151 2552 232 2625 (in
260 2554 530 2623 Catalogo
560 2553 880 2608 Pontiﬁcqu
912 2554 1308 2623 ROmanOIum)
1348 2557 1618 2610 basilicum

9 2665 37 2702 a
60 2645 207 2702 Julia
240 2647 492 2719 pontiﬁce
526 2649 607 2701 via
629 2644 919 2713 Flaminia,
954 2647 1204 2701 milliaria
1236 2648 1460 2702 secunda
1486 2664 1615 2702 can—

11 2753 293 2806 structam,
348 2740 610 2796 Valentini
645 2740 968 2812 appellatam
1000 2749 1190 2795 notem.
1231 2740 1310 2794 An
1341 2742 1476 2795 idem
1514 2742 1615 2808 sit,

13 2841 352 2911 cogitandum
384 2840 641 2909 relinquo.
672 2837 788 2891 Non
820 2844 1028 2907 putem.

78 2934 129 2989 5.
175 2931 421 2987 Ecclesia
466 2930 529 2987 S.
591 2929 854 2985 Valentini
892 2929 955 2983 ab
987 2930 1103 2999 ipso
1143 2939 1321 2983 sancta
1352 2929 1620 3000 appellata

14 3028 360 3095 est—Quia
414 3025 537 3082 istic
582 3026 688 3082 loci
735 3025 821 3079 Via
873 3024 1136 3080 Flatttittia
1182 3025 1323 3079 haud
1374 3026 1617 3092 procula

17 3134 173 3192 ponte
198 3120 389 3176 Milvio
422 3118 666 3175 Ecclesia
695 3117 828 3173 olim
860 3117 1046 3180 stetit.
1078 3132 1106 3171 a
1130 3128 1313 3172 sancto
1345 3116 1621 3172 Valentino

15 3217 281 3287 appellata
318 3255 336 3280 ,
393 3229 501 3268 non
550 3229 579 3266 a
635 3211 924 3266 Valentino
992 3209 1225 3278 quodam
1291 3192 1697 3275 conditorc;C

18 3326 132 3365 cont
165 3313 284 3383 ipsa».
309 3311 491 3366 Julius
522 3323 684 3379 supra
706 3306 921 3363 dicatur
949 3307 1094 3361 illam
1118 3306 1460 3372 condidisse;
1482 3305 1625 3376 quod

18 3410 174 3461 etiam
208 3406 449 3460 aflirmat
492 3403 835 3468 Anasta~ius,
868 3419 1025 3455 unam
1056 3402 1228 3469 ipsum
1256 3400 1524 3455 basilicam
1554 3405 1628 3473 fe-

21 3498 148 3554 cisse
164 3502 332 3573 juxta
374 3502 567 3569 forum,
607 3508 656 3551 et
682 3497 841 3550 aliam
870 3497 953 3549 via
984 3492 1288 3561 Flaminia;
1316 3495 1401 3548 ubi
1434 3505 1489 3551 et
1519 3511 1630 3552 caa-

24 3591 307 3645 meterinm
366 3589 527 3653 fecit,
555 3597 610 3644 et
655 3602 856 3657 corpus
882 3586 940 3643 S.
977 3586 1247 3642 Valentini
1275 3629 1289 3653 ,
1321 3589 1510 3644 eadem
1543 3589 1628 3644 via

23 3688 119 3741 sub
149 3686 388 3742 Claudio
437 3688 568 3755 imp.
600 3686 853 3742 decollati
874 3728 888 3753 ,
922 3688 1121 3757 posuit.
1159 3686 1363 3742 Eadem
1398 3686 1630 3742 ecclesia

26 3779 219 3850 legitur
241 3780 390 3851 apud
416 3779 669 3835 eumdem
702 3782 1076 3845 Anastasium,
1098 3780 1297 3836 deinde
1322 3779 1502 3850 magni
1534 3793 1629 3833 no-

26 3873 205 3939 minis,
238 3882 297 3929 et
325 3890 355 3925 a
388 3874 552 3927 variis
584 3874 938 3943 pontificibus
970 3883 1353 3940 restauratam,
1383 3883 1629 3928 ornatam

26 3977 76 4023 et
119 3966 427 4022 honoribus
471 3975 684 4020 auctam
736 3964 936 4031 fuisse,
968 3976 1093 4037 puta
1126 3982 1154 4019 a
1186 3965 1498 4031 Theodoro,
1531 3966 1632 4020 sub

28 4075 225 4115 annum
278 4074 519 4123 nccnv;
570 4059 862 4114 Benedicm
895 4059 937 4114 ll
966 4101 979 4125 ,
1007 4076 1290 4124 ncuxxv;
1320 4059 1560 4115 Adriano
1588 4060 1629 4124 l,

31 4167 309 4217 Dccuxtt;
345 4151 529 4207 Leone
558 4151 624 4206 Ill
644 4194 659 4217 ,
686 4161 740 4207 et
771 4151 1038 4222 Gregorio
1070 4151 1160 4207 IV.
1191 4151 1324 4207 Cum
1365 4167 1496 4207 vero
1533 4152 1633 4206 du-

30 4246 153 4302 dum
198 4247 351 4302 varia
400 4254 702 4316 temporum
747 4243 963 4300 fortuna
1007 4247 1173 4299 fuerit
1197 4244 1459 4316 collapsa.
1497 4248 1633 4300 situs

33 4349 209 4396 tamen
240 4340 365 4409 ejus
392 4339 653 4394 memoria
682 4353 790 4394 non
826 4338 1054 4392 omnino
1078 4336 1316 4402 interiit;
1342 4337 1635 4393 scribenti-

33 4433 127 4488 bus
156 4433 446 4499 Panvinio,
472 4431 634 4487 Bosio
675 4441 732 4487 et
774 4430 1136 4497 Floravante,
1171 4430 1337 4485 fuisse
1378 4430 1430 4485 in
1478 4432 1635 4486 vinea

34 4527 232 4582 ibidem
266 4525 375 4581 loci
398 4567 412 4592 ,
445 4542 562 4597 quae
592 4540 735 4580 nunc
768 4525 995 4579 fratrum
1027 4525 1084 4580 S.
1116 4524 1403 4593 Augustini
1434 4534 1537 4582 est.
1567 4524 1634 4579 Et

1990 1898 2300 1955 christianus
2340 1918 2449 1957 esse
2493 1917 2512 1955 :
2561 1900 2743 1955 Posset
2796 1905 2934 1973 forte
2980 1901 3214 1956 aliunde.
3251 1929 3327 1944 -

1717 1993 1924 2049 Tabula
1948 1994 2004 2049 in
2035 1994 2374 2063 frontispicio
2406 1994 2580 2066 posita
2610 2005 2969 2065 repraesentat
2997 2006 3210 2068 portam
3238 1996 3328 2053 cui

1721 2095 1901 2146 vetnm
1932 2090 2319 2161 praetenditur,
2352 2091 2403 2145 in
2429 2105 2604 2160 eoque
2634 2106 2850 2147 summo
2878 2093 2999 2148 loco
3030 2089 3324 2161 scriptum,

1726 2183 2001 2238 Valenline
2022 2225 2036 2249 ,
2068 2185 2261 2254 ﬂoreas
2290 2185 2344 2237 in
2371 2182 2506 2238 Deo.
2543 2182 2597 2238 In
2631 2183 2811 2240 Inedia
2841 2185 3180 2255 conspicitur
3208 2197 3327 2239 mo-

1720 2291 2061 2345 uogramma,
2086 2276 2293 2331 circulo
2317 2276 2586 2331 inclusum
2614 2292 2736 2332 cum
2766 2276 2917 2332 hist-e
2940 2277 3156 2339 litteris,
3178 2276 3329 2333 varie

1717 2371 1864 2427 inter
1890 2385 1951 2426 se
1978 2369 2263 2440 implexis:
2290 2369 2331 2424 ι.
2364 2369 2428 2423 ll.
2458 2370 2524 2424 A.
2556 2368 2618 2424 F.
2650 2368 2719 2424 γ.
2749 2369 2813 2425 '1'.
2848 2368 2911 2424 E.
2948 2367 3198 2437 (Etlipns
3225 2383 3329 2423 ex-

1722 2464 1915 2533 plicet,
1944 2477 2053 2519 non
2085 2478 2206 2534 ego.
2242 2460 2384 2518 Infra
2424 2461 2534 2518 duo
2572 2462 2716 2532 genii
2745 2461 2872 2517 hinc
2898 2472 2955 2517 ct
2984 2460 3111 2517 inde
3136 2468 3329 2517 tenent

1723 2556 1957 2612 tabulam
1974 2556 2355 2628 oblongamnin
2368 2556 2524 2625 cujus
2537 2557 2806 2625 utrimque
2823 2557 2975 2611 ansis
2998 2559 3114 2611 base
3128 2555 3325 2612 verba:

1722 2647 1917 2705 Furius
1940 2648 2227 2722 Dionysius
2253 2649 2557 2705 Philocalus
2583 2650 2847 2715 titularit;
2892 2653 2944 2706 in
2975 2651 3154 2705 tabula
3198 2664 3331 2708 vero

1723 2740 1859 2811 ipsa,
1881 2744 2064 2797 medio
2101 2743 2223 2799 loco
2261 2754 2315 2798 et
2352 2742 2667 2813 maiusculis
2688 2744 2951 2812 scriptum
2983 2762 2995 2798 :
3029 2743 3325 2813 Valentine,

1723 2836 1833 2909 lege
1848 2837 2093 2908 feliciter;
2111 2838 2455 2893 dextrorsum
2480 2849 2660 2894 autem
2689 2858 2702 2894 :
2740 2837 3027 2906 Valentine,
3046 2839 3203 2905 vittas,
3230 2841 3332 2910 ﬂa-

1723 2947 1868 2996 reas;
1898 2939 1954 2985 et
1972 2932 2349 2987 sinistrorsum
2372 2953 2386 2989 :
2408 2931 2697 2993 Valentine.
2721 2933 2878 2999 vivas,
2901 2934 3144 3005 gaudeas.
3172 2932 3335 2989 Genii

1724 3025 1813 3095 qni
1841 3033 2055 3093 portant
2082 3024 2210 3080 alati
2233 3034 2380 3089 sunt,
2404 3036 2567 3097 atque
2594 3026 2765 3081 videri
2797 3036 3046 3098 possunt,
3072 3028 3118 3083 si
3161 3026 3333 3083 ubera

1726 3128 1943 3189 spectes
1994 3119 2441 3190 protuberantia,
2487 3120 2773 3191 gentilium
2820 3136 2941 3178 esse
2997 3121 3239 3191 pictura;
3286 3120 3334 3176 si

1731 3213 1976 3282 pudenda
2012 3214 2170 3284 peplo
2200 3213 2436 3269 sollicite
2470 3223 2634 3279 tecta,
2665 3215 2888 3286 angelos
2914 3216 3126 3271 diceres
3150 3222 3336 3271 :certe

1729 3308 2023 3362 Occultatio
2052 3307 2186 3372 ha-c,
2216 3307 2515 3378 gentilibus
2545 3309 2782 3373 insolita,
2814 3310 3017 3381 aliquid
3047 3308 3334 3366 modestite

1730 3407 1893 3470 atque
1938 3400 2281 3456 verecundiae
2324 3399 2637 3456 christiana:
2687 3402 2851 3470 sapit.
2889 3401 2994 3457 Sed
3035 3417 3211 3472 neque
3249 3400 3339 3458 iu-

1730 3493 1957 3562 scriptin
1987 3482 2172 3563 ﬂoreas
2193 3496 2247 3548 in
2270 3491 2404 3558 Deo,
2432 3493 2803 3562 gentilismum
2831 3493 2979 3549 olet:
3005 3509 3180 3566 neque
3206 3509 3340 3565 gen-

1732 3585 1845 3641 tilis
1871 3584 2030 3641 facile
2059 3586 2208 3641 credi
2243 3596 2421 3657 potest
2450 3586 2504 3642 in
2530 3602 2631 3640 suo
2658 3585 2988 3643 Kalendario
3016 3587 3338 3659 apposuisse

1735 3691 1894 3736 notas
1943 3680 2368 3737 cbristianornm
2424 3680 2802 3737 dominicales.
2872 3681 3109 3737 Facilius
3157 3688 3339 3753 potest

1733 3774 1921 3841 credi,
1971 3773 2330 3829 christianum
2390 3774 2504 3829 suis
2553 3773 2973 3830 dominicalibus
3019 3773 3337 3845 adjnnxisse

1737 3868 2065 3923 nundinales
2096 3883 2162 3924 ex
2194 3885 2293 3923 usu
2330 3869 2558 3940 antiquo
2597 3868 2664 3923 ad
2704 3869 3116 3940 intelligentiam
3157 3868 3335 3941 genti-

1737 3961 1890 4027 lium,
1924 3970 2048 4016 tunc
2079 3960 2256 4015 adhuc
2288 3961 2448 4016 nimis
2477 3961 2795 4018 multorum.

1807 4057 1860 4111 8.
1897 4054 1973 4111 De
2012 4056 2310 4125 praemissis
2350 4066 2551 4110 statuat
2578 4056 2807 4127 quisque
2835 4064 2893 4110 ut
2933 4055 3100 4111 volet.
3141 4054 3336 4110 Moneo

1736 4148 1806 4205 de
1836 4150 2192 4221 sequentibus
2234 4148 2574 4205 Kalendariis
2606 4163 2795 4219 pauca.
2846 4147 3088 4203 Primum
3135 4149 3278 4218 quod
3308 4161 3340 4201 a

1737 4243 2009 4299 Bucberin
2037 4245 2245 4300 editum
2272 4243 2423 4310 dixi,
2459 4258 2564 4297 non
2595 4257 2660 4298 ex
2688 4243 2805 4311 ipso
2836 4240 2923 4296 hic
2954 4240 3195 4311 protero,
3217 4239 3345 4310 quia

1739 4349 1939 4408 prazter
1985 4338 2090 4392 alia
2136 4337 2315 4391 minus
2361 4345 2648 4402 correcta,
2696 4334 2959 4389 dellciunt
3006 4328 3079 4389 ibi
3125 4347 3346 4390 menses

1738 4443 1970 4501 quatuor
2001 4429 2288 4496 :Martius,
2320 4427 2545 4497 Aprilis,
2572 4427 2744 4482 Maius
2774 4435 2829 4482 et
2855 4425 3071 4481 Junius.
3102 4425 3346 4491 Inspexi-

1740 4541 1860 4580 nius
1901 4539 2000 4580 nos
2046 4523 2267 4580 Vienna:
2306 4521 2543 4580 Austrite
2586 4536 2732 4577 anno
2779 4535 3124 4577 uacuuvm
3152 4519 3347 4575 biblio-

33 4620 554 4691 nuperAngustinus
573 4619 748 4674 Lnbin
773 4619 824 4672 in
851 4617 1052 4673 Notitia
1075 4618 1413 4673 abbatiarum
1438 4617 1629 4685 Italite,
1659 4596 1950 4675 I)thecatn
2005 4618 2355 4684 Ctesaream,
2413 4618 2465 4673 in
2515 4630 2689 4688 eaque
2742 4615 2988 4672 codicem
3027 4614 3342 4684 Cuspiniani

34 4726 152 4781 pag.
180 4712 315 4777 546,
337 4713 416 4768 sic
441 4723 627 4768 narrat
655 4714 723 4768 de
751 4713 984 4769 ecclesia
1012 4722 1067 4768 et
1093 4712 1409 4768 ctetncterio
1436 4713 1493 4769 S.
1530 4712 1634 4768 Va-

37 4806 252 4869 lentini.
282 4826 310 4859 a
338 4806 483 4862 Julia
512 4807 841 4863 constructis
873 4823 888 4860 :
924 4805 1038 4861 Hoc
1076 4809 1190 4875 ipsa
1221 4818 1507 4875 momenta,
1536 4824 1635 4880 qua

35 4900 131 4955 ista
156 4902 465 4969 scribimus,
498 4901 667 4958 medio
694 4902 893 4956 scilicet
918 4900 1180 4958 Januario
1208 4920 1347 4959 anno
1376 4920 1633 4973 locscnt,

37 4995 210 5066 aliqua
241 4997 389 5051 nobis
418 5012 706 5069 apparuere
731 4997 966 5068 uestigia.
999 4997 1138 5052 Dum
1163 4999 1297 5053 enim
1321 5002 1437 5055 navi
1463 5002 1633 5070 cedi/i-

39 5089 105 5141 cii
130 5090 456 5144 construitur
488 5107 672 5144 murus
695 5133 710 5157 ,
743 5102 947 5162 reperta
970 5102 1088 5146 sunt
1117 5093 1273 5163 plura
1303 5096 1532 5160 antiqua:
1560 5111 1643 5149 ec-

41 5183 209 5239 clesite
275 5183 506 5252 indicia,
566 5186 808 5255 sepulcra
860 5187 1131 5252 videlicet,
1186 5190 1643 5259 sepulcrorumque

40 5276 431 5345 inscriptiones.
459 5277 689 5343 plurima
720 5278 1087 5349 defunctorum
1118 5297 1270 5345 assa;
1300 5291 1348 5335 et
1375 5282 1645 5337 christiani

43 5370 314 5423 carmeterii
339 5370 705 5442 irrefmgabile
725 5383 1088 5444 argumentum
1117 5375 1316 5427 concha
1341 5377 1644 5447 sepulcralis

45 5461 238 5530 lapidis
274 5460 445 5527 l’arii,
475 5465 674 5535 egregie
700 5467 905 5528 sculpta
944 5465 1159 5519 undosis
1190 5469 1471 5529 meandris.
1496 5471 1641 5524 cubi-

48 5556 137 5609 tali
164 5557 334 5610 crucis
376 5558 524 5627 signa
554 5557 935 5627 superscalpto.
962 5575 1078 5611 cum
1110 5560 1272 5612 tribus
1303 5563 1494 5614 craniis
1521 5564 1643 5633 plu-

49 5647 290 5719 ribusque
324 5659 642 5703 mortuorum
671 5650 873 5706 ossibus
898 5665 917 5705 :
940 5650 1073 5719 lapis
1100 5667 1299 5722 quoque
1329 5669 1645 5711 marmoreus

51 5756 166 5794 cum
196 5757 350 5796 cruce
372 5740 633 5798 bicubitali
663 5746 880 5816 desuper
908 5736 1173 5814 insculpta
1219 5761 1236 5799 :
1276 5746 1499 5804 duorum
1528 5767 1647 5819 pra-

1741 4712 1975 4768 similem
2008 4712 2108 4778 illi,
2136 4727 2205 4767 ex
2228 4727 2338 4783 quo
2364 4710 2692 4783 ccgrapltunt
2719 4709 2972 4766 Bucherii
2999 4709 3344 4779 desumptum

1743 4804 1939 4872 fuerit;
1973 4816 2133 4877 atque
2178 4805 2359 4861 omnia
2406 4806 2476 4861 ab
2522 4807 2640 4877 ipso
2688 4805 2981 4877 impressa,
3014 4803 3194 4860 denuo
3219 4803 3347 4859 inde

1742 4899 2164 4970 descripsimus,
2193 4900 2359 4955 etiam
2404 4898 2816 4965 Kalendarium,
2847 4899 2918 4955 de
2956 4913 3066 4968 quo
3112 4896 3346 4967 agimus,

1743 4995 1942 5050 additis
1991 5007 2224 5067 quatuor
2273 4997 2588 5065 mensibus,
2634 5011 2754 5066 qua:
2800 4994 3071 5049 Bucberio
3120 4992 3345 5046 desunt.

1743 5090 1889 5148 Idem
1920 5109 1986 5147 ex
2018 5092 2210 5148 eodem
2242 5091 2432 5147 eodice
2461 5091 2785 5161 impressum
2827 5102 3046 5160 quoque
3085 5086 3235 5141 dedit
3271 5085 3352 5139 in.

1747 5199 1959 5257 tegrnm
2003 5186 2200 5243 Petrus
2230 5186 2553 5242 Lambecius
2585 5194 2734 5241 tomo
2775 5190 2973 5255 quarto
2998 5179 3348 5237 Biblimbeca:

1744 5279 2033 5345 Caesareas,
2064 5282 2346 5353 pag.277;
2377 5280 2611 5351 indeque
2637 5281 2811 5350 ipsnm
2846 5276 2933 5330 hic
2957 5272 3271 5329 recndimus
3293 5272 3348 5327 in

1750 5373 1919 5445 prima
1963 5375 2280 5445 paginarum
2327 5376 2614 5438 columna;
2663 5371 2715 5427 in
2765 5369 2938 5422 altera
2985 5382 3053 5421 cx
3093 5365 3348 5436 opposito

1752 5468 2073 5539 productnri
2100 5469 2344 5524 ecodice
2375 5477 2565 5523 nostra
2610 5479 2712 5520 ms.
2762 5459 3149 5535 Kalendarinm
3195 5456 3351 5513 Pole-

1751 5564 1856 5618 mei
1888 5563 2065 5628 Silvii,
2085 5572 2144 5617 ut
2171 5564 2313 5618 inter
2340 5575 2399 5618 se
2428 5558 2647 5631 propius
2679 5571 2776 5628 per
2802 5554 3049 5625 singulos
3072 5554 3191 5608 dies
3218 5566 3351 5607 con-

1752 5655 1979 5712 siderari
2026 5655 2345 5727 possint,et
2395 5651 2645 5717 facilius,
2696 5647 2825 5721 quid
2873 5647 2964 5704 tttti
3012 5647 3177 5713 desit,
3219 5643 3351 5716 quid

1755 5749 1912 5808 alteri
1935 5751 2262 5817 accesserit,
2292 5748 2488 5806 notari.
