3838 6342
44 247 150 305 695
1269 247 1616 306 εΡιδτοιΔ
1653 247 2121 307 DEDICA'I‘ORIA
2136 293 2150 307 .
3251 253 3359 312 694

37 353 253 400 ctantes
285 359 389 400 nos
423 351 484 400 et
515 343 715 414 ingenii
749 342 917 398 nostri
953 341 1215 397 tenuitate
1244 339 1558 395 difﬁdentes
1587 340 1639 394 in
1672 351 1876 395 certam
1908 356 2061 412 spem
2094 345 2418 413 excitemur,
2460 345 2576 403 fore
2615 347 2870 403 nimirum
2894 388 2908 410 ,
2943 352 2998 400 ut
3037 343 3180 416 quod
3221 358 3251 400 a
3283 345 3362 399 Te

36 438 327 510 probatum
373 437 543 496 fuerit
569 479 584 504 ,
621 446 945 492 cactcrorum
984 449 1201 505 quoque
1225 434 1431 504 judicio
1463 433 1898 488 commendatum
1939 449 2077 506 opus
2118 445 2235 492 tuto
2274 439 2326 493 in
2367 441 2710 510 amplissimo
2749 437 3032 492 doctorum
3074 436 3359 493 hominum

35 539 336 601 conspectu
377 533 690 587 consistere
733 530 925 600 possit.
967 527 1103 584 Nam
1145 537 1434 598 antequam
1480 527 1530 580 in
1574 527 1903 596 Aliostolicat
1941 523 2097 584 Sedis
2140 531 2299 586 ﬁdem
2352 542 2513 604 atque
2553 525 2868 588 clientelam
2915 544 3098 588 nostra
3153 533 3206 588 in
3262 529 3366 588 ltoc

34 638 202 693 opere
239 621 594 694 perﬁciundo
623 622 796 676 studia
831 621 1233 691 reciperentur,
1271 619 1335 672 iis
1365 617 1589 673 latebris
1629 627 1791 689 atque
1831 619 2096 690 angustiis
2137 621 2341 676 inclusa
2369 665 2382 686 ,
2424 623 2616 692 quibus
2659 623 2852 692 privati
2891 622 3144 678 homines
3181 623 3362 682 solent

33 717 337 784 contineri,
387 733 568 788 neque
606 729 927 785 emergere,
972 729 1146 783 neque
1206 711 1478 783 publicam
1527 705 1706 765 lucem
1747 709 1947 766 intueri
1987 711 2187 766 nedum
2243 715 2515 769 sustinere
2555 707 2867 780 audebant,
2909 724 2968 771 ut
3022 715 3255 772 fortasse
3305 715 3361 770 in

35 820 222 866 nostro
251 809 670 882 quodammodo
701 810 825 863 sinu
857 805 1245 861 conn‘noritura
1280 819 1401 859 esse
1431 802 1771 859 viderentur.
1807 806 1875 858 At
1909 813 2262 875 posteaquam
2296 803 2600 861 Romanum
2633 803 2955 863 Pontiiicem
2987 801 3361 863 venerabundi

34 916 89 964 et
138 907 424 978 supplices
465 905 771 970 adivimus,
808 912 866 957 ut
897 902 1014 972 ejus
1047 899 1353 971 patrocinio
1396 914 1456 954 ea
1493 909 1806 970 tegerentur
1833 897 2288 971 lovercnlurqne,
2315 903 2723 971 expostulantes
2751 947 2762 967 ,
2789 903 2880 957 ubi
2924 920 3022 959 nos
3061 913 3109 958 ct
3154 901 3357 974 perhu-

35 999 268 1056 maniter
297 999 393 1055 illa
429 996 605 1069 excipi
639 996 943 1060 sensimus,
977 1004 1032 1048 ct
1061 992 1348 1048 Pontiﬁcio
1381 992 1567 1046 favore
1599 990 1757 1063 digna
1789 993 2040 1058 censeri,
2077 1001 2184 1048 tum
2218 993 2438 1048 demum
2484 997 2695 1050 animos
2730 998 2943 1067 erigere
2983 999 3080 1051 visi
3122 1015 3308 1051 minus
3331 1041 3346 1062 ,

32 1100 84 1146 et
113 1089 534 1160 nobismetipsis
565 1088 728 1144 veluti
761 1086 1018 1157 plaudere
1039 1128 1053 1153 ,
1090 1101 1151 1140 ac
1186 1100 1350 1140 ttnunt
1384 1083 1518 1138 illud
1551 1085 1794 1154 cogitare
1815 1125 1831 1152 ,
1864 1086 2141 1156 quomodo
2170 1085 2378 1142 Summi
2415 1077 2726 1144 llierarclue
2758 1106 3050 1160 propensae
3089 1106 3217 1162 erga
3257 1107 3358 1147 nos

33 1183 293 1238 voluntati
323 1224 339 1248 .
375 1183 825 1254 gravissimeque
863 1196 927 1236 ac
967 1195 1098 1234 vere
1140 1179 1380 1234 maximo
1420 1179 1570 1232 illius
1603 1177 1812 1248 judicio
1854 1179 2333 1250 respondercmus.
2393 1179 2512 1237 Etsi
2553 1193 2732 1239 autem
2773 1184 3032 1256 Majestas
3071 1185 3162 1242 illa
3189 1229 3204 1253 ,
3247 1202 3352 1258 qua

32 1272 276 1344 proxime
309 1271 534 1326 accedis
563 1270 630 1325 ad
667 1271 832 1325 Deum
860 1313 874 1336 ,
905 1269 1212 1326 deterreret
1245 1285 1343 1324 nos
1375 1270 1443 1324 ab
1473 1284 1538 1324 eo
1569 1269 1880 1339 exoptando
1902 1313 1916 1338 ,
1949 1271 2091 1342 quod
2135 1281 2226 1327 tuo
2266 1275 2500 1329 maxime
2542 1275 2806 1332 beneﬁcio
2845 1293 3034 1334 sumus
3073 1279 3353 1346 assecuti,

31 1373 265 1421 attamen
301 1364 584 1436 integrum
618 1365 773 1422 nobis
807 1381 910 1420 non
944 1373 1063 1420 erat
1093 1380 1160 1419 ne
1193 1361 1472 1419 modestiae
1501 1363 1719 1434 quidem
1749 1375 1914 1419 causa
1953 1365 2081 1420 huic
2123 1368 2277 1436 Operi
2320 1369 2539 1425 aliunde
2579 1372 2885 1442 auspicium
2915 1382 3082 1444 atque
3122 1374 3359 1444 patroci—

32 1462 178 1517 nium
207 1460 548 1516 adsciscere.
581 1459 947 1516 Admirabiles
977 1459 1122 1515 enim
1157 1459 1290 1513 tanti
1324 1457 1424 1512 viri
1467 1457 1912 1526 lucubrationes,
1947 1461 2148 1530 quibus
2188 1462 2449 1516 invictum
2492 1463 2614 1532 ejus
2652 1463 2820 1518 animi
2865 1467 3056 1529 robur,
3098 1467 3236 1520 mira
3277 1464 3360 1518 di—

31 1552 181 1609 cendi
211 1553 294 1608 vis
319 1594 333 1619 ,
367 1567 583 1608 sunnna
616 1553 924 1607 divinarum
957 1552 1263 1606 litterarum
1298 1549 1521 1603 scientia
1552 1563 1651 1620 pro
1681 1548 1943 1618 religione
1972 1559 2024 1605 et
2059 1552 2368 1607 innocentia
2401 1554 2600 1609 tuenda
2627 1597 2642 1621 ,
2674 1555 3102 1628 detegendisque
3141 1555 3364 1612 hmreti-

32 1661 210 1704 eorum
251 1645 508 1710 insidiis,
544 1661 642 1718 pro
673 1645 940 1716 improbis
967 1647 1020 1698 in
1051 1653 1264 1699 rectum
1306 1651 1528 1705 aeternae
1561 1639 1689 1696 vita:
1729 1642 2006 1698 tramitem
2043 1647 2407 1714 revocandis,
2451 1643 2724 1718 bonisque
2764 1649 3018 1706 omnibus
3061 1651 3114 1704 in
3154 1665 3354 1705 aerum-

37 1755 223 1798 narum
257 1741 555 1796 tolerantia
593 1739 830 1810 ﬁdeique
858 1737 1118 1793 ﬁrmitate
1149 1733 1484 1793 sustinendis
1505 1779 1518 1800 ,
1555 1735 1770 1791 tandem
1802 1750 1900 1807 pro
1932 1736 2254 1792 vindicanda
2285 1739 2528 1810 pluribus
2561 1742 2616 1796 in
2645 1741 3012 1813 legationibus
3040 1741 3356 1813 Apost‘olica

32 1837 366 1895 Auctoritate
397 1837 634 1902 enituit,
667 1835 736 1890 ab
766 1834 1011 1892 Romano
1041 1833 1304 1889 Pontiiice
1335 1831 1577 1887 alienare
1601 1874 1614 1896 ,
1655 1842 1715 1888 ut
1750 1833 1821 1888 ita
1861 1833 2036 1889 dicam
2060 1876 2074 1900 ,
2117 1834 2334 1906 alioque
2371 1845 2624 1892 avertere
2663 1835 2949 1906 cujusdam
2991 1836 3146 1908 quasi
3187 1835 3358 1892 sacri-

31 1931 149 2002 legii
179 1932 302 1987 loco
334 1929 726 1994 duxissemns;
758 1929 1064 2000 przcsertim
1098 1941 1222 1982 cum
1257 1924 1400 1980 felici
1436 1937 1569 1979 sane
1599 1923 1839 1980 Luciferi
1871 1925 1982 1980 fato
2014 1929 2264 1982 evenisse
2304 1938 2428 1984 ante
2465 1924 3017 1985 animadverterimus
3038 1972 3054 1998 ,
3093 1931 3188 1996 ut,
3225 1936 3353 1985 cum

31 2024 141 2094 ejus
171 2023 296 2078 libri
329 2038 360 2078 e
393 2022 640 2077 tenebris
669 2021 813 2077 eruti
843 2021 895 2075 in
927 2019 1104 2074 lucem
1141 2018 1314 2088 primo
1345 2016 1566 2071 fuerunt
1595 2015 1817 2081 emissi,
1853 2017 1977 2073 huic
2005 2017 2218 2074 Sanctm
2249 2020 2380 2076 Sedi
2407 2021 2519 2092 jam
2545 2025 2674 2076 tum
2717 2021 2900 2078 devoti
2940 2021 3357 2095 consecratique

35 2119 184 2173 unice
214 2118 283 2172 ab
317 2119 437 2187 ipsa
468 2123 852 2173 ornamentum
886 2115 989 2168 sibi
1021 2113 1156 2184 ipsis
1183 2127 1246 2166 ac
1275 2111 1594 2181 pra'sidium
1620 2153 1634 2178 ,
1668 2125 1878 2180 suoque
1906 2113 2113 2167 auctori
2143 2113 2521 2170 celebritatem
2554 2115 2988 2189 comparandam
3031 2131 3154 2173 esse
3193 2125 3356 2188 puta-

33 2213 241 2268 verint:
276 2211 424 2267 unde
449 2211 563 2265 bac
591 2211 756 2281 plane
798 2207 1059 2264 divinitus
1097 2203 1331 2272 accidit,
1363 2213 1421 2258 ut
1453 2198 1614 2258 iidem
1637 2243 1654 2271 ,
1688 2205 1778 2275 qui
1809 2203 1908 2259 Pio
1935 2203 1982 2255 ν
2011 2202 2276 2262 Pontiﬁce
2305 2203 2542 2263 Maximo
2579 2218 2634 2264 et
2671 2217 2903 2280 patrono
2937 2219 2992 2266 et
3028 2209 3257 2280 auspice
3293 2209 3350 2263 in

35 2306 295 2377 publicum
328 2305 435 2360 tuti
474 2305 821 2374 prodierunt,
859 2301 1254 2371 benignissima
1285 2301 1666 2372 Auspiciorum
1702 2307 1922 2354 tuorum
1953 2297 2464 2368 commendatiOne,
2491 2303 2588 2375 ‘qui
2629 2306 2962 2362 san’ctissimi
3001 2301 3165 2376 hujus
3205 2301 3356 2360 Prte-

33 2398 331 2455 decessoris
365 2399 445 2453 tui
481 2413 681 2453 nomen
732 2414 791 2451 re
823 2411 952 2451 vera
986 2397 1174 2466 geris,
1220 2403 1275 2450 ct
1311 2393 1520 2449 insistis
1551 2392 1822 2463 'vcsﬁgiis,
1865 2395 2020 2449 novis
2059 2396 2202 2467 typis
2237 2395 2433 2452 iterum
2469 2399 2816 2469 'evulgentur.
2853 2401 2991 2467 Quae
3030 2407 3150 2455 cu‘m
3189 2401 3263 2453 ita
3294 2407 3354 2451 se

36 2494 297 2560 habeant,
340 2507 512 2548 nemo
557 2491 806 2562 profecto
848 2489 1008 2546 nobis
1037 2487 1283 2544 audaciae
1310 2489 1574 2553 verterit,
1605 2487 1748 2558 quod
1787 2485 2022 2543 Luciferi
2051 2486 2228 2558 Opera
2271 2489 2478 2545 nostris
2508 2493 2654 2547 edita
2689 2493 2836 2548 euris
2863 2489 2998 2560 tibi,
3032 2489 3356 2548 Beatissi'me

37 2585 207 2654 Pater,
241 2583 447 2642 oiferre
483 2602 587 2640 non
625 2583 1077 2640 dubitaverimus.
1109 2579 1216 2638 Sed
1246 2589 1330 2637 est
1362 2589 1664 2651 praetcrea,
1697 2588 1784 2636 est
1825 2593 1992 2647 satre,
2027 2598 2126 2636 cur
2154 2581 2430 2639 nobismet
2469 2583 2569 2654 ipsi
2601 2585 2765 2640 etiam
2811 2586 3176 2657 gratulemur,
3208 2575 3354 2656 quo‘d

38 2680 242 2736 labores
273 2687 499 2735 nostros
531 2687 622 2733 tuo
653 2677 885 2733 Nomine
917 2671 1142 2732 inscribi
1175 2685 1324 2730 tanta
1358 2673 1695 2745 benignitate
1725 2687 1984 2730 assensns
2012 2675 2161 2730 ultro
2203 2667 2374 2733 fuisti.
2416 2677 2516 2734 Cui
2561 2680 2706 2735 enim
2750 2680 3030 2751 singulare
3069 2677 3202 2734 illud
3235 2685 3352 2735 siu-

38 2771 173 2826 dium
199 2781 254 2828 et
285 2771 468 2843 pietas
514 2771 712 2825 eximia
762 2778 1045 2842 perSpccta
1078 2783 1185 2823 non
1231 2776 1389 2834 sunt,
1427 2767 1625 2838 quibus
1655 2766 1710 2821 in
1744 2765 1990 2837 legendis
2029 2767 2471 2842 meditandis-que
2505 2779 2758 2829 veterum
2791 2771 3016 2828 Patrum
3061 2771 3221 2829 libris
3243 2816 3256 2840 ,
3288 2779 3352 2828 ac

41 2861 391 2918 Conciliorum
421 2905 436 2928 ,
475 2863 858 2933 universasque
889 2861 1278 2916 ecclesiastica:
1320 2858 1661 2929 antiquitatis
1702 2861 2072 2915 monumentis
2115 2860 2258 2917 adeo
2295 2865 2471 2919 temet
2505 2864 2596 2919 vel
2629 2875 2658 2919 a
2687 2865 2897 2921 teneris
2927 2861 3220 2922 exercuisﬁ
3244 2908 3258 2933 ,
3285 2865 3351 2919 "ut

39 2955 422 3025 amplissimum
461 2955 700 3010 caelestis
733 2951 1015 3024 sapientiae
1044 2962 1097 3008 et
1127 2950 1620 3022 pulcherrimarum
1652 2949 1915 3005 virtutum
1948 2951 2100 3020 quasi
2132 2954 2520 3023 patrimonium
2556 2953 2626 3008 ab
2653 2953 2768 3012 illis
2797 2953 3050 3011 reli‘c'ttnn
3092 2951 3213 3026 ipse
3255 2955 3352 3010 tibi

43 3046 339 3101 avidissime
377 3043 836 3117 camparaveris?
862 3043 981 3114 Quo
1014 3046 1062 3097 in
1091 3043 1214 3097 loco
1235 3053 1335 3097 tua
1359 3046 1571 3096 utinam
1605 3053 1707 3097 nos
1736 3042 2003 3098 modestia
2031 3044 2270 3110 sineret,
2304 3045 2628 3104 Beatissim’e
2655 3041 2841 3117 Pater,
2869 3058 2930 3104 tit
2959 3050 3119 3104 fama!
3147 3059 3272 3104 tuas
3293 3049 3351 3103 in

43 3135 212 3192 laudes
238 3136 484 3190 omnium
517 3136 716 3207 ubique
747 3135 940 3205 plausu
971 3133 1220 3188 excitata:
1251 3133 1752 3189 oiasccundarcvbus
1771 3175 1784 3200 ,
1813 3141 1867 3187 et
1897 3145 2020 3206 qua:
2045 3137 2101 3192 in
2129 3138 2413 3194 hominum
2440 3149 2534 3195 ore
2561 3151 2868 3208 Versantur,
2901 3151 2964 3198 ea
2991 3133 3183 3198 hu‘miii
3214 3155 3352 3212 quo-

43 3243 137 3299 que
153 3243 402 3284 sermone
427 3239 619 3285 nostro
642 3229 1022 3299 qualicumque
1044 3223 1489 3283 celebrarentur!
1511 3229 1850 3298 Quamquam
1873 3243 1986 3284 non
2011 3239 2118 3285 tam
2139 3229 2420 3290 voltm'tate
2441 3239 2660 3303 nostra,
2685 3245 2846 3307 quam
2875 3251 2973 3292 suo
2999 3235 3114 3306 ipsa
3138 3235 3345 3306 impetu

42 3323 261 3396 quodam
299 3323 409 3380 huc
446 3334 640 3396 sponte
682 3323 956 3380 delabitur
983 3324 1160 3378 oratio
1186 3365 1200 3387 ,
1227 3333 1291 3376 ut
1329 3335 1428 3378 nec
1458 3323 1717 3378 sustineri
1749 3323 1974 3378 omnino
1997 3366 2010 3391 ,
2052 3333 2156 3380 nec
2186 3327 2437 3381 revocari
2472 3328 2664 3397 l‘DSSll.
2705 3321 2842 3384 Nam
2874 3327 3004 3384 licet
3044 3325 3354 3383 inofficioso

45 3435 198 3490 prope
217 3420 438 3476 silentio
460 3430 566 3476 tam
581 3419 772 3482 multa,
789 3427 1010 3489 tamque
1033 3417 1326 3488 conspicua
1349 3418 1641 3487 prasterire
1656 3430 1937 3488 cogamur,
1961 3429 2082 3488 quae
2102 3417 2308 3474 nullum
2335 3429 2440 3475 tua:
2465 3420 2588 3476 vitae
2607 3420 2752 3476 diem
2771 3437 2797 3474 a
2813 3421 3035 3492 pietate,
3055 3419 3324 3493 religione
3345 3466 3360 3493 ,

45 3527 304 3569 sacrarum
330 3515 638 3570 litterarum
665 3513 878 3579 studiis,
901 3516 1252 3583 omniumque
1275 3513 1538 3566 virtutum
1561 3512 1719 3582 vigili
1740 3513 2135 3568 exercitatione
2159 3521 2388 3570 vacuum
2415 3513 2801 3586 praedicarent,
2827 3511 3008 3573 facere
3031 3525 3209 3572 tamen
3235 3529 3346 3572 non

46 3623 342 3679 possumus,
363 3609 733 3667 Sanctissime
761 3609 946 3673 Pater,
969 3609 1099 3680 quin
1133 3609 1276 3664 illius
1305 3605 1416 3663 diei
1449 3606 1892 3671 meminerimus,
1925 3606 2082 3678 cujus
2116 3605 2499 3666 recordatione
2523 3610 2702 3666 adhuc
2729 3610 2858 3666 boui
2881 3623 3074 3667 omnes
3095 3611 3336 3683 gaudent

46 3703 413 3774 exsultantque
439 3745 452 3768 ,
482 3703 613 3775 quin
647 3715 861 3772 tempus
889 3699 1022 3756 illud
1053 3703 1106 3754 in
1139 3701 1456 3755 memoriam
1487 3713 1808 3754 revocemus
1832 3743 1844 3762 ,
1872 3699 2016 3770 quod
2052 3701 2194 3756 Deus
2219 3701 2288 3758 ab
2326 3701 2476 3758 omni
2505 3701 2811 3759 mterttitate
2841 3701 3078 3758 l‘austum
3111 3705 3349 3759 maxime

46 3811 100 3852 ac
126 3797 364 3855 salutare
390 3797 696 3854 Catholicae
729 3797 989 3852 Ecclesiae
1021 3811 1144 3851 esse
1172 3796 1378 3863 voluit,
1413 3793 1548 3850 illud
1582 3793 1841 3849 nimirum
1874 3805 2084 3864 tempus
2108 3838 2122 3861 ,
2151 3795 2294 3850 diem
2331 3798 2485 3853 illum
2509 3841 2522 3866 ,
2558 3809 2681 3852 cum
2715 3798 2795 3853 Tu
2825 3789 2964 3853 nihil
2993 3800 3176 3853 minus
3202 3798 3350 3868 cogi-

49 3900 188 3956 tans,
223 3909 316 3949 seu
356 3893 538 3965 potius
577 3889 648 3946 nil
692 3891 801 3946 tale
843 3900 1124 3957 metuens,
1167 3899 1273 3942 tam
1313 3887 1490 3942 subita
1533 3889 1701 3943 totius
1736 3886 2036 3958 Aposmlici
2061 3886 2297 3943 Senatus
2319 3889 2689 3944 consensione
2715 3880 2971 3945 Pontifex
3001 3890 3350 3944 renuntiatus

46 4000 116 4039 es.
145 3986 349 4060 Quippe
381 4002 494 4042 non
521 3986 742 4060 generis
773 3985 1052 4050 nobilitas,
1083 3997 1193 4053 qua
1219 3981 1551 4050 castcmquin
1585 3980 1821 4035 maxime
1851 3975 2181 4050 praestabas,
2213 3991 2319 4035 non
2351 3979 2645 4037 eblanditae
2672 3979 3203 4044 commendationes,
3237 3985 3347 4035 nun

50 4077 298 4152 magnifici
342 4062 646 4156 apparatus
685 4077 1007 4147 cultuSqne,
1052 4095 1079 4132 a
1122 4077 1318 4149 quibus
1353 4075 1676 4133 Christianae
1718 4073 2048 4130 humilitatis
2077 4073 2260 4157 studio
2292 4075 2507 4147 penitus
2549 4069 2921 4142 abhorrebas,
2953 4078 3096 4130 viam
3141 4074 3238 4129 tibi
3279 4071 3346 4131 ad

49 4170 418 4231 Pontiﬁcatum
451 4174 770 4229 munierunt
797 4189 808 4225 :
838 4169 1028 4226 eadem
1068 4169 1160 4226 ilia
1189 4170 1394 4236 virtus,
1432 4185 1552 4240 qua:
1580 4165 1656 4223 Te
1684 4167 1752 4222 ab
1784 4167 1918 4239 ipsis
1958 4167 2306 4223 incunabulis
2339 4181 2658 4238 susceptum
2693 4171 2744 4224 iu
2775 4171 2896 4224 sinu
2928 4183 3027 4224 suo
3055 4167 3352 4236 enutrivit,

49 4274 198 4338 atque
227 4271 290 4326 ad
320 4271 463 4326 hanc
494 4267 915 4340 amplitudinem
949 4264 1116 4328 aluit,
1140 4263 1219 4319 Te
1249 4263 1302 4318 in
1331 4260 1434 4318 hac
1465 4261 1769 4318 celsissima
1801 4273 1853 4317 et
1885 4261 2027 4319 (telo
2067 4257 2313 4333 proxima
2357 4259 2585 4316 honoris
2627 4269 2689 4317 ac
2729 4259 3008 4333 dignitatis
3045 4259 3188 4317 Sede
3231 4263 3348 4316 suis

53 4362 266 4430 ipsamet
289 4367 544 4422 manibus
583 4359 912 4418 conlocavit.
959 4355 1057 4414 ilic
1096 4374 1226 4413 vero
1268 4355 1399 4412 nihil
1432 4347 1519 4411 ea
1543 4358 1690 4426 quod
1724 4363 1970 4422 metuas,
2005 4371 2071 4410 ne
2097 4355 2152 4409 in
2187 4353 2442 4410 laudibus
2483 4356 2591 4409 tuis
2633 4355 2986 4409 recensendis
3033 4351 3350 4425 progredia-

53 4471 191 4524 mur;
221 4473 286 4513 eo
324 4461 473 4516 enim
497 4459 612 4529 jam
644 4463 863 4512 ventum
892 4467 969 4508 es!
995 4495 1008 4519 ,
1047 4463 1103 4506 ut
1136 4451 1294 4505 nobis
1334 4452 1518 4520 potius
1555 4447 1853 4504 verendum
1883 4449 1956 4504 sit
1977 4492 1990 4516 ,
2020 4453 2122 4515 ne,
2161 4449 2204 4502 si
2229 4448 2360 4520 quid
2397 4450 2537 4504 ultra
2573 4459 2855 4517 conemur,
2887 4449 3010 4520 plus
3037 4447 3351 4520 suscepisse

51 4549 313 4605 videamur
339 4566 502 4623 quam
533 4548 676 4621 quod
710 4545 908 4616 ingenii
945 4545 1116 4599 nostri
1149 4541 1495 4598 imbecillitas
1528 4550 1790 4612 praestare
1823 4543 2014 4612 possit.
2044 4541 2438 4612 Relinquamus
2465 4553 2602 4599 sane
2631 4541 2865 4614 posteris
2897 4541 3171 4615 ingentem
3203 4537 3344 4599 hanc

53 4653 272 4714 segetem
295 4686 311 4715 ,
347 4646 399 4702 in
436 4661 539 4717 qua
571 4652 625 4699 et
651 4643 771 4698 sine
803 4641 908 4696 ulla
938 4640 1012 4693 tui
1044 4635 1346 4692 oilensione
1384 4643 1437 4690 et
1478 4633 1670 4703 majori
1699 4649 1822 4688 cum
1851 4633 2013 4689 laude
2039 4632 2216 4690 libere
2247 4633 2584 4706 ﬁdenterque
2611 4630 2818 4696 versari
2845 4639 3122 4706 poiet'nut.
3154 4635 3350 4706 Stispis

53 4735 185 4790 cient
214 4736 288 4795 illi
316 4748 371 4794 et
397 4738 566 4810 aequis
597 4736 851 4793 laudibus
879 4733 1102 4790 eil‘ercnt
1138 4729 1512 4810 intaminatant
1543 4743 1754 4783 morum
1783 4743 1847 4783 ac
1876 4729 2001 4782 vitre
2027 4729 2394 4785 innocentiam
2418 4774 2432 4796 ,
2459 4729 2878 4788 admirabuntur
2904 4731 3263 4802 compositam
3294 4731 3348 4786 in

57 4840 188 4890 tanta
216 4804 477 4910 dignitate
495 4836 831 4904 facilemque
861 4840 1106 4886 naturam
1127 4870 1140 4890 ,
1165 4804 1403 4882 mentem
1431 4823 1786 4895 animumque
1814 4823 2068 4879 maximis
2095 4824 2442 4896 minimisque
2470 4825 2634 4882 rebus
2656 4825 2875 4883 assidue
2906 4829 3172 4884 intentum
3197 4870 3210 4894 ,
3239 4827 3353 4881 fere

57 4930 248 4988 nullum
274 4934 589 4993 reﬁciendis
619 4931 830 4987 viribus
857 4925 1219 4994 curanda-que
1246 4919 1543 4976 valetudini
1574 4920 1809 4990 spatium
1841 4933 2164 4974 concessum
2187 4963 2200 4986 ,
2230 4918 2346 4976 dies
2375 4930 2670 4992 noctesque
2694 4923 2867 4978 sacris
2893 4915 3351 4993 occupationibus

59 5037 115 5078 ac
137 5031 404 5098 perpetuis
435 5028 719 5100 religionis
749 5025 1076 5095 pietatisque
1099 5020 1292 5075 ofﬁciis
1317 5019 1700 5082 conlinuatas;
1730 5026 1784 5072 et
1814 5018 2026 5088 qttnties
2054 5019 2106 5072 in
2134 5031 2324 5072 eorum
2357 5019 2551 5074 animis
2572 5011 2674 5074 Tui
2709 5019 2887 5090 imago
2916 5018 3246 5082 versabitur,
3269 5017 3354 5072 to-

60 5112 151 5171 ties
178 5134 353 5176 verum
384 5121 658 5194 quoddam
686 5117 884 5174 summi
916 5113 1220 5170 Sacerdutii
1249 5112 1556 5181 exemplum
1587 5109 1786 5166 intueri
1819 5109 1923 5164 sibi
1954 5109 2304 5165 videbuntur.
2333 5103 2400 5165 Ut
2431 5121 2613 5165 autem
2650 5103 2778 5165 illuc
2809 5111 3174 5172 revertamur,
3211 5101 3355 5162 unde

63 5221 156 5264 non
183 5213 330 5270 inviti
358 5216 750 5276 discessimus,
785 5210 987 5266 nemini
1015 5209 1207 5263 mirum
1241 5221 1365 5261 esse
1394 5205 1583 5272 debet,
1614 5205 1757 5277 quod
1790 5215 2076 5275 tantopere
2105 5201 2266 5260 nobis
2293 5201 2363 5258 sit
2387 5205 2683 5259 lactandum
2706 5247 2720 5271 ,
2749 5199 3159 5259 lucubrationes
3189 5195 3356 5255 hasce

61 5309 254 5358 nostras
279 5316 369 5363 tuo
395 5309 628 5366 Nomine
656 5307 953 5376 inscriptas
984 5295 1230 5372 prodire,
1259 5312 1463 5371 tuoque
1493 5299 1799 5370 patrocinio
1825 5298 2045 5372 gloriari
2069 5343 2083 5368 ,
2111 5307 2232 5355 cum
2261 5297 2338 5356 ’l‘e
2369 5301 2676 5357 intueamur
2705 5297 2872 5354 lautis
2901 5289 3027 5353 licet
3053 5293 3356 5353 distentum

60 5395 194 5451 curis
222 5398 274 5454 in
303 5405 493 5460 eodem
524 5401 812 5458 evolvendi
841 5397 1293 5470 pr.estantissim:t
1324 5405 1564 5450 veterum
1594 5391 1816 5450 Patrum
1847 5406 1900 5449 et
1927 5393 2268 5465 Scriptorum
2308 5389 2584 5448 volumina
2623 5391 2804 5447 studio
2845 5389 3167 5460 persistere,
3207 5385 3354 5442 unde

62 5489 302 5561 consilia,
343 5497 482 5552 unde
523 5511 806 5560 normam,
852 5472 994 5548 unde
1032 5491 1246 5545 animos
1285 5502 1470 5542 sumas
1507 5485 1571 5542 ad
1611 5485 1935 5542 difﬁcillima
1976 5491 2204 5557 qua‘qne
2244 5481 2502 5542 Ecclesiae
2542 5479 2815 5539 universae
2862 5482 3078 5552 negotia
3123 5473 3358 5535 l'clicitcr

66 5581 399 5647 expedienda.
429 5587 538 5642 Nec
567 5601 732 5658 porro
761 5580 1120 5639 dubitandum
1151 5589 1267 5646 est,
1300 5577 1428 5649 qttin
1455 5575 1520 5632 ad
1549 5587 1695 5632 tuam
1723 5578 1951 5647 gratiam
1979 5581 2030 5634 et
2058 5575 2406 5632 clementiam
2436 5577 2478 5630 is
2509 5589 2726 5644 semper
2751 5565 2929 5628 aditus
2960 5577 3137 5644 pateat
3165 5569 3357 5628 studiis

68 5678 268 5743 nostris,
296 5697 451 5752 quem
479 5697 755 5754 propensa
785 5681 1064 5735 voluntate
1093 5688 1180 5732 tua
1213 5691 1386 5744 nuper
1414 5675 1700 5744 aperuisti,
1727 5675 1819 5730 ubi
1849 5683 2091 5731 nostram
2121 5689 2365 5745 operam,
2393 5673 2891 5743 quantulacumque
2920 5676 3011 5735 sit,
3045 5672 3099 5726 in
3128 5669 3357 5726 edendis

71 5767 284 5858 Luciferi
323 5775 474 5835 libris
509 5777 820 5834 rectissimo
856 5774 1047 5858 judicii
1082 5775 1154 5831 tui
1197 5773 1512 5846 teatimOnio
1549 5772 1940 5848 benignissime
1970 5769 2354 5852 comprobasti.
2398 5769 2577 5844 Atque
2614 5765 2696 5822 hie
2732 5767 2949 5854 quidem
2988 5777 3112 5826 sunt
3149 5781 3356 5846 causa,
