3972 6352
509 256 619 314 695
1545 257 1842 319 LUCIFER
1882 260 2260 320 EPISCOPUS
2293 258 2809 317 CALARITANUS.
3671 265 3757 322 ῦξιϐ

505 377 839 434 Beatissime
875 377 1060 444 Pater,
1103 391 1199 434 cur
1237 377 1359 434 Tibi
1405 379 1678 451 praecipue
1714 389 1771 436 et
1803 381 1927 450 jure
1961 395 2122 453 quam
2164 377 2371 450 optimo
2409 379 2663 434 volumen
2695 378 2837 435 istud
2866 378 3169 436 debeatur:
3201 380 3380 452 inqua
3405 379 3635 436 obeunda
3661 397 3759 451 pro-

505 471 686 529 vincia
731 471 910 543 siquid
955 471 1158 528 nostris
1202 473 1412 544 vigiliis
1451 489 1515 530 ac
1559 474 1835 531 laboribus
1875 475 2190 541 elfecimus,
2233 473 2411 531 nihilo
2443 473 2614 544 magis
2651 488 2753 530 nos
2788 473 3088 546 profecisse
3123 473 3492 546 intelligimus,
3518 488 3660 546 quam
3688 477 3760 546 qui

509 565 745 636 plantat,
771 572 866 620 aut
892 565 1056 636 rigat,
1089 565 1246 637 cujus
1274 577 1510 622 conatus
1537 567 1762 624 inutiles
1789 576 1951 639 atque
1979 567 2174 623 inanes
2199 576 2428 625 testatur
2453 566 2749 638 Apostolus
2769 609 2784 634 ,
2824 567 2924 622 nisi
2961 565 3188 622 alterius
3222 565 3517 638 benignitas
3547 576 3596 623 et
3627 567 3763 625 bene-

509 657 726 714 ficentia
757 659 1088 726 accesserit,
1121 659 1212 730 qui
1243 670 1295 715 et
1327 675 1464 732 opus
1495 670 1713 734 urgeat,
1748 671 1804 717 et
1835 661 2239 718 incrementum
2272 662 2528 732 prtebeat.
2561 659 2742 730 Quare
2769 669 2882 716 tum
2915 660 3084 717 debiti
3123 659 3284 716 officii
3316 660 3522 717 ratione
3546 660 3759 718 adducti.

505 765 620 809 tum
654 763 842 808 nostro
872 753 1114 824 quodam
1145 755 1409 811 instinctu
1441 766 1497 812 et
1537 756 1732 812 intimo
1769 757 1940 812 animi
1983 770 2148 812 sensu
2191 755 2408 827 impulsi
2447 755 2596 828 Opus
2629 756 2806 826 ipsum
2849 755 3001 821 Tibi,
3028 754 3275 812 Pontifex
3306 754 3516 825 Optime
3544 756 3760 824 Maxime,

505 849 753 904 dicamus
780 862 1196 919 sacramusque.
1229 848 1364 905 Illud
1393 850 1669 920 reliquum
1695 855 1813 917 est,
1845 859 1904 906 ut
1926 865 1989 904 ea
2019 849 2135 918 ipsa
2165 849 2492 916 clementia,
2525 865 2628 920 qua
2653 858 2985 905 cancrorum
3018 849 3070 903 in
3101 847 3402 918 hujusmodi
3431 849 3653 905 colendis
3675 861 3765 906 stu-

505 940 614 996 diis
640 940 960 1012 diligentem
993 940 1320 996 industriam
1351 942 1497 998 soles
1531 943 1747 1009 fovere,
1780 941 1884 998 hoc
1913 940 2301 1012 quodcumque
2327 956 2524 995 munus
2553 941 2805 1012 accipere
2835 940 2969 996 velis
3001 950 3200 1009 tuoque
3231 940 3523 1010 patrocinio
3549 943 3693 1006 tueri,
3721 955 3764 999 ut

508 1035 654 1090 idem
685 1046 741 1090 et
773 1035 930 1092 testis
962 1047 1068 1090 tua:
1097 1051 1225 1107 erga
1257 1053 1356 1092 nos
1383 1038 1680 1110 singularis
1705 1038 2014 1094 clementize
2035 1078 2050 1104 ,
2073 1046 2130 1093 et
2158 1053 2397 1109 perenne
2423 1036 2494 1092 sit
2523 1044 2724 1092 nostra:
2749 1050 2877 1108 erga
2898 1034 2976 1092 Te
3001 1033 3361 1091 observantia:
3387 1045 3762 1092 monumentum.

592 1123 816 1180 Venetiis
847 1141 912 1180 ea:
941 1123 1178 1180 .(Edibus
1207 1129 1436 1199 paternis
1466 1144 1522 1183 ιιι
1556 1127 1679 1184 Kal.
1715 1127 1940 1184 Martias
1968 1142 2338 1184 IDCCLXXVIII.

1653 1314 2682 1485 PR/EFATIO‘.

1949 1525 2448 1556 ᾧ·-

749 1617 813 1671 ln
843 1632 1029 1672 novam
1049 1615 1282 1687 Operam
1308 1615 1538 1688 Luciferi
1567 1615 1870 1670 editionem.
2141 1619 2188 1679 Α
2220 1615 2530 1689 impendisse
2549 1659 2565 1685 ,
2593 1627 2937 1692 paratumque
2965 1636 3077 1675 esse
3106 1621 3175 1674 ad
3209 1619 3582 1693 procurandum
3615 1620 3767 1677 editio-

582 1711 761 1782 Opera
785 1709 1022 1765 Luciferi
1047 1709 1294 1780 Episcopi
1321 1708 1620 1764 Calaritaui
1649 1725 1681 1766 e
1709 1707 1938 1764 vetustis
1956 1706 2118 1763 Codi.

510 1802 672 1858 cibus
688 1801 960 1873 descripta
984 1802 1194 1873 primus
1213 1801 1384 1858 edidit
1397 1801 1798 1857 Parisiensibus
1815 1799 2120 1872 typisloan-

515 1911 616 1950 nes
646 1894 821 1950 Tilius
848 1895 1154 1966 Episcopus
1183 1894 1479 1951 Meldeusis
1508 1910 1656 1950 anno
1687 1894 1848 1961 1568,
1877 1903 1932 1950 et
1954 1893 2052 1949 Pio
2077 1892 2119 1948 V

515 1986 770 2043 Pontifici
805 1987 1038 2042 Maximo
1059 1986 1281 2043 dicavit.
1308 1987 1356 2042 ls
1379 1987 1602 2058 quidem
1627 1987 1968 2058 aliquantum
1993 2000 2124 2056 ope-

515 2097 591 2137 rte
620 2096 684 2138 ac
714 2082 917 2138 laboris
947 2083 1001 2136 in
1033 2082 1100 2137 iis
1129 2081 1470 2152 corrigendis
1500 2080 1804 2152 impendit,
1836 2080 2124 2153 subjectis-

514 2193 624 2250 que
653 2179 798 2234 n0tis
827 2177 1086 2234 difficiles
1123 2177 1388 2248 quasdam
1426 2177 1693 2248 cujusque
1733 2177 1895 2242 libri,
1938 2187 1995 2232 et
2027 2177 2124 2231 ob-

512 2287 704 2330 scuras
733 2273 1073 2340 locutiones,
1103 2287 1169 2329 ac
1193 2272 1498 2328 sententias
1526 2271 1804 2342 explicare
1830 2271 1981 2327 nisus
2007 2279 2121 2336 est;

515 2364 614 2421 sed
655 2363 828 2420 multo
873 2363 1063 2434 plura,
1111 2378 1173 2419 ea
1218 2363 1564 2433 praesertim,
1606 2377 1728 2434 qua:
1771 2368 2021 2433 spectant
2054 2351 2159 2416 ad'

514 2457 830 2514 testimonia
861 2471 1032 2512 sacrae
1063 2456 1398 2526 Scriptura),
1431 2457 1611 2511 lectori
1639 2457 1842 2522 minus,
1873 2470 2037 2526 quam
2079 2455 2124 2509 is

512 2557 666 2614 erat,
697 2559 950 2621 occupato
981 2547 1276 2620 colligenda
1303 2553 1360 2603 et
1398 2545 1742 2602 emendanda
1784 2545 2029 2618 reliquit,
2065 2554 2126 2602 ut

517 2642 638 2712 ipse
673 2641 877 2696 fatetur
907 2642 958 2694 in
989 2639 1235 2710 Epistola
1271 2639 1339 2694 ad
1379 2638 1723 2694 Pontiﬁcem.
1755 2639 1971 2707 Quare,
2000 2653 2122 2694 cum

517 2733 587 2790 ab
609 2733 934 2788 Auctoribus
955 2732 1336 2803 Lugdunensis
1353 2731 1710 2788 Bibliotheca:
1733 2732 1950 2788 Patrum
1967 2775 1982 2800 ,
2003 2747 2125 2803 quae

515 2827 721 2884 Tomos
738 2829 1129 2899 septemdecim
1147 2828 1521 2898 complectens
1537 2828 1682 2885 edita
1705 2839 1786 2886 est
1804 2843 1949 2884 anno
1965 2829 2119 2895 1687,

517 2919 695 2992 Opera
718 2937 940 2994 quoque
961 2921 1305 2980 Luciferiana
1335 2923 1510 2980 Tomo
1535 2923 1602 2981 ιν
1639 2924 1842 2981 inserta
1866 2925 2122 2994 fuissent,

2225 1722 2371 1775 nem,
2403 1709 2446 1763 si
2477 1709 2667 1764 librum
2695 1711 2926 1782 aliquem
2955 1727 3052 1766 ms.
3092 1722 3276 1766 nactus
3317 1713 3484 1780 fuero.
3520 1711 3582 1768 Ut
3604 1713 3642 1766 si
3666 1715 3769 1785 forte

2223 1803 2275 1856 in
2303 1819 2488 1858 manus
2519 1813 2669 1872 tuas,
2699 1814 2792 1859 aut
2822 1807 3060 1861 notitiam
3089 1807 3324 1871 venerit,
3364 1822 3552 1860 mecum
3586 1823 3768 1862 conmm-

2227 1898 2401 1950 nicare
2428 1913 2532 1951 non
2563 1897 2862 1970 dedignaris
2883 1941 2898 1966 ,
2928 1899 3190 1954 hominem
3220 1916 3326 1954 non
3355 1901 3606 1972 ingratum
3631 1899 3768 1973 singu-

2224 1990 2326 2044 lari
2355 1991 2602 2062 beneﬁcio
2633 1993 2722 2048 tibi
2753 1993 3106 2048 devincturus.
3151 1993 3220 2050 At
3249 1993 3524 2049 dolendum
3551 2008 3663 2049 sane
3684 2004 3766 2062 est,

2224 2081 2404 2152 inquit
2429 2081 2642 2140 Caveus
2670 2085 2722 2142 in
2751 2085 2890 2141 Hist.
2921 2085 3054 2141 Litt.
3080 2085 3147 2141 ad
3175 2101 3269 2141 an.
3295 2086 3400 2142 554
3418 2129 3432 2150 ,
3457 2101 3578 2141 saec.
3597 2086 3766 2150 Atiam,

2224 2189 2408 2230 novam
2437 2174 2578 2232 hanc
2607 2176 2839 2245 Luciferi
2869 2176 3165 2235 Calaritani
3192 2177 3469 2236 editionem
3492 2222 3507 2247 ,
3535 2195 3668 2252 quam
3689 2195 3768 2234 nu-

2225 2267 2420 2324 ditatus
2443 2278 2519 2322 est
2549 2267 2645 2323 Vir
2663 2267 2746 2324 Cl.
2767 2268 2803 2324 Ι
2814 2312 2828 2328 .
2852 2269 2917 2324 Β.
2947 2269 3238 2327 Cotelerius
3257 2313 3274 2339 ,
3296 2272 3508 2346 ipsemet
3527 2280 3662 2340 teste,
3682 2269 3767 2325 Νο-

2224 2361 2289 2414 tis
2317 2361 2388 2414 ad
2415 2359 2602 2420 Patres
2629 2362 2958 2434 Apostolicos
2986 2381 3108 2436 pag.
3140 2364 3270 2430 177,
3296 2380 3482 2437 magna
3509 2364 3768 2434 antiquitatit

2225 2455 2588 2510 ecclesiastij
2621 2460 2839 2531 jactura
2871 2474 2988 2512 cum
3015 2459 3112 2514 viri
3159 2459 3494 2514 eruditissimi
3534 2469 3673 2513 morte
3699 2475 3766 2531 pe-

2225 2546 2392 2601 riisse.
2429 2547 2604 2603 Aliam
2638 2558 2816 2605 tamen
2848 2564 3102 2615 causam,
3137 2565 3239 2606 cur
3262 2551 3564 2608 Cotelerius
3587 2565 3676 2607 non
3697 2549 3769 2604 ab-

2225 2639 2456 2694 solverit
2485 2655 2632 2711 opus.
2650 2649 3001 2713 susceptum,
3036 2641 3244 2698 indicat
3279 2643 3553 2699 Fabricius
3582 2645 3626 2697 in
3659 2641 3764 2696 Bibl.

2225 2731 2414 2790 Graeca
2441 2734 2510 2790 de
2543 2735 2796 2792 Lucifero
2826 2735 3104 2793 disserens
3133 2738 3368 2810 ejusque
3397 2738 3558 2803 libris,
3588 2752 3644 2792 ne
3667 2735 3766 2791 Gal-

2225 2827 2421 2882 liarum
2451 2828 2595 2900 regis
2621 2831 2862 2884 animum
2894 2829 3154 2899 hederet,
3180 2831 3276 2904 qui
3310 2842 3418 2886 tum
3446 2831 3655 2886 maxime
3673 2825 3768 2882 Cal-

2225 2922 2458 2978 vinianis
2484 2935 2606 2980 erat
2635 2924 2912 2994 infensus;
2946 2925 3014 2982 de
3037 2941 3144 2997 qua
3172 2925 3398 2998 quidem
3430 2923 3598 2981 infecti
3625 2923 3766 2993 operis

517 3013 662 3070 hanc
686 3029 875 3070 curam
906 3017 941 3071 ii
967 3027 1354 3087 susceperunt,
1389 3029 1445 3073 ut
1474 3018 1563 3074 illa
1590 3017 1964 3074 emendatiora
1990 3035 2120 3092 pro-
2153 3030 2202 3091 Β
2230 3014 2443 3070 ratione
2468 3015 2702 3072 aliorum
2731 3027 2849 3072 esto
2871 3017 3159 3089 judicium.
3190 3016 3406 3074 Interea
3437 3031 3538 3072 non
3562 3014 3764 3076 deluere.

513 3107 760 3176 ferrent;
791 3109 887 3165 sed
916 3109 1248 3181 imprudenti
1271 3112 1526 3178 consilio,
1549 3127 1760 3184 suoque
1784 3128 2011 3184 prorsus
2033 3128 2121 3169 ar-

519 3202 687 3258 bitrio
719 3203 790 3257 ita
821 3217 1013 3258 manus
1045 3202 1096 3259 in
1130 3220 1191 3258 ea
1221 3203 1519 3262 immittere
1549 3205 1667 3262 ausi
1695 3217 1853 3274 sunt,
1886 3216 1946 3263 ut
1974 3208 2120 3264 nulla

517 3303 762 3351 veterum
789 3294 1088 3365 Codicum,
1119 3297 1269 3353 nulla
1299 3297 1590 3356 doctorum
1620 3299 1902 3357 hominum
1930 3309 2120 3358 aucto-

517 3391 681 3447 ritate
711 3389 838 3447 freti
878 3391 1074 3458 verba;
1125 3393 1459 3461 sententias,
1502 3393 1762 3465 ipsasque
1805 3395 2125 3466 interpunc-

518 3483 702 3538 tioncs
734 3482 1164 3550 immutaverint,
1194 3494 1270 3549 et,
1302 3484 1448 3554 quod
1476 3486 1651 3556 magis
1680 3485 2118 3556 improbandum,

519 3587 806 3630 sacrorum
837 3573 1134 3630 Bibliorum
1169 3576 1484 3631 testimonia
1505 3617 1521 3641 ,
1552 3576 1754 3647 quibus
1780 3576 2126 3633 refertissimi

522 3677 648 3723 sunt
683 3666 914 3722 Luciferi
947 3667 1068 3722 libri
1089 3709 1103 3730 .
1135 3667 1202 3723 ad
1235 3668 1519 3740 exemplar
1549 3668 1796 3740 Vulgata:
1826 3669 2124 3725 Bibliorum

521 3758 794 3814 Editionis
831 3758 1150 3829 exegerint,
1192 3773 1256 3815 ac
1295 3760 1543 3830 pluribus
1579 3763 1632 3816 in
1673 3761 1810 3816 locis
1847 3776 1946 3831 pro
1983 3763 2128 3831 ipso-

520 3868 642 3909 rum
672 3853 828 3908 libito
857 3853 1206 3922 corruperint
1237 3856 1446 3923 potius,
1480 3871 1640 3924 quam
1669 3847 2085 3912 emendaverint
2109 3897 2124 3924 ,

524 3945 704 4002 Latini
736 3954 918 4002 tamen
949 3945 1148 4002 Latinii
1178 3946 1617 4004 observationibus
1647 3958 1693 4004 et
1723 3951 2128 4005 correctionibus

521 4041 852 4114 quandoque
897 4039 1190 4108 adhibitis,
1237 4043 1490 4111 notisque
1536 4042 1766 4098 Tilianis
1810 4043 1878 4099 ad
1923 4045 2127 4100 calcem

519 4134 774 4206 adjectis.
799 4135 900 4203 Qui
929 4150 1062 4194 vero
1085 4144 1212 4192 ante
1235 4135 1628 4208 Lugdunenses
1651 4138 1918 4195 Auctores
1939 4140 2129 4196 eadem

524 4228 763 4286 Luciferi
788 4230 962 4298 Opera
993 4229 1044 4284 in
1077 4229 1353 4300 prioribus
1383 4231 1604 4288 Patrum
1633 4232 1986 4290 Bibliothecis
2011 4235 2128 4290 edi-

519 4325 695 4393 dere,
737 4325 914 4383 nihilo
954 4327 1302 4394 diligentius,
1343 4337 1438 4384 aut
1478 4329 1777 4388 studiosius
1816 4332 1869 4386 in
1909 4331 2128 4389 illorum

2222 3108 2317 3179 qui
2343 3107 2413 3164 de
2439 3107 2797 3165 emendandis
2821 3108 3060 3166 Luciferi
3089 3110 3244 3164 libris
3287 3109 3568 3181 quidquam
3604 3104 3765 3176 cogita-

2223 3210 2380 3269 rent;
2414 3217 2540 3258 nam
2570 3212 2776 3275 praeter
2800 3204 3062 3261 Cotelerii
3089 3204 3470 3261 correctiones
3495 3200 3766 3262 nonnullas,

2224 3313 2360 3369 quas
2389 3297 2478 3354 vel
2507 3298 2652 3353 notis
2681 3297 2735 3354 in
2764 3298 3204 3354 Constitutiones
3235 3297 3574 3370 Apostolicas
3605 3295 3766 3363 insper-

2226 3389 2329 3455 sit,
2359 3389 2447 3446 vel
2487 3389 2854 3446 Monumentis
2885 3389 3034 3446 Eccl.
3067 3389 3279 3447 Graeca:
3310 3390 3560 3455 inseruit,
3587 3385 3766 3443 Latinus

2227 3481 2474 3538 Latinius
2502 3483 2554 3538 in
2585 3483 2846 3539 Biblioth.
2877 3499 3029 3541 sacra
3056 3493 3112 3540 et
3145 3483 3375 3556 profana
3408 3499 3526 3557 pag.
3555 3483 3660 3548 157,
3683 3479 3768 3534 sin-

2227 3575 2382 3646 gulos
2421 3575 2657 3632 Luciferi
2696 3577 2865 3632 libros
2905 3576 3155 3648 pluribus
3193 3575 3612 3634 correctionibus
3643 3570 3767 3628 modo

2230 3667 2374 3731 suis,
2424 3665 2586 3722 modo
2629 3664 2883 3723 Cousalvi
2928 3667 3117 3724 Poncii
3166 3668 3460 3738 diligenter
3499 3667 3766 3727 notavit;et

2229 3758 2540 3816 Ludovicus
2570 3759 2618 3814 la
2646 3757 2822 3815 Cerda
2854 3760 2908 3815 in
2939 3760 3054 3816 suis
3084 3759 3431 3816 Adversariis
3457 3757 3622 3816 Sacris
3653 3767 3767 3810 eum-

2229 3851 2353 3908 dem
2401 3853 2643 3908 laborem
2696 3853 2980 3924 suscepit;
3031 3851 3202 3908 Multa
3249 3853 3395 3909 enim
3443 3861 3586 3916 sunt,
3633 3843 3766 3916 inquit

2230 3959 2354 4016 cap.
2387 3945 2477 4010 57,
2519 3961 2634 4017 qua:
2677 3955 2826 4020 egent
2873 3945 3329 4014 consideratione;
3371 3947 3423 4001 in
3467 3961 3592 4014 quo,
3629 3939 3672 3995 id
3705 3946 3767 3992 est

2232 4035 2524 4102 Lucifero,
2585 4035 2904 4092 illustrando
2956 4053 3060 4091 non
3110 4037 3349 4092 inutilem
3400 4048 3590 4108 operam
3635 4026 3766 4101 ρωυὶι

2230 4127 2461 4186 Joannes
2503 4129 2671 4186 Tilius
2711 4131 3001 4204 Episcopus
3041 4129 3328 4187 Meldeusis
3355 4147 3372 4186 :
3400 4131 3554 4185 multa
3586 4135 3766 4186 autem,

2231 4223 2420 4278 subdit
2453 4239 2578 4295 cap.
2613 4223 2683 4280 58
2705 4265 2721 4291 ,
2761 4224 3093 4292 addidimus,
3134 4224 3544 4293 detraximusque
3567 4234 3622 4275 ex
3657 4213 3767 4270 notis

2232 4319 2490 4374 nimirum
2539 4317 2803 4385 Tilianis;
2845 4320 3072 4390 diuque,
3119 4317 3273 4374 addit
3313 4333 3437 4390 cap.
3471 4316 3559 4384 47,
3593 4309 3698 4367 laesi
3727 4307 3765 4360 in

521 4417 964 4474 emendationem
1007 4419 1395 4477 incubuerunt.
1436 4419 1571 4476 Cum
1613 4423 1794 4493 itaque
1823 4424 2126 4494 corruptis-

2236 4411 2482 4483 Lucifero
2519 4411 2644 4467 Tilii
2684 4427 2840 4485 opera
2877 4421 2928 4468 et
2967 4427 3080 4466 mea
3119 4427 3286 4477 usus;
3325 4411 3516 4482 quibus
3550 4399 3768 4494 capitibus

527 4509 671 4565 sima
697 4510 975 4569 ferrentur
999 4514 1181 4571 adhuc
1206 4516 1258 4572 in
1286 4517 1482 4588 vulgus
1506 4516 1742 4574 Luciferi
1770 4519 2132 4590 exemplaria,

524 4602 766 4660 Joannes
787 4604 1027 4677 Baptista
1049 4607 1357 4666 Cotelerius
1379 4611 1463 4667 vir
1488 4613 1738 4683 apprime
1765 4612 1958 4668 domus
1988 4614 2130 4668 hanc

526 4709 753 4766 operam
781 4710 996 4754 summo
1025 4701 1207 4758 studio
1227 4717 1516 4774 aggressus
1546 4714 1660 4773 est,
1685 4714 1745 4760 ut
1776 4705 1945 4762 libros
1969 4705 2130 4762 Luci-

528 4787 632 4845 feri
663 4803 696 4845 e
725 4788 942 4845 mendis
970 4793 1222 4849 omnibus
1261 4804 1550 4866 purgatos,
1595 4795 1977 4869 integrosque,
2018 4813 2128 4869 quo

526 4881 764 4940 tamdem
792 4882 954 4940 modo
983 4883 1036 4939 id
1065 4883 1178 4941 fieri
1213 4887 1438 4953 liceret,
1469 4889 1809 4945 eruditorum
1842 4891 2124 4946 hominum

524 4973 732 5048 judicio
754 4975 1066 5046 probandos
1088 4976 1303 5047 publice
1328 4978 1646 5047 exhiberet;
1671 4991 1730 5037 ut
1753 4982 1872 5052 ipse
1899 4991 2140 5039 testatus

529 5075 618 5122 est
643 5067 698 5121 in
726 5065 944 5122 Tomo!
971 5065 1123 5123 Patr.
1151 5067 1344 5139 Apost.
1377 5080 1432 5126 et
1459 5080 1583 5126 nota
1611 5071 1850 5142 subjecta
1878 5087 2002 5143 cap.
2035 5073 2128 5141 56,

527 5157 628 5214 lib.
660 5173 699 5212 ιι
728 5157 962 5215 Constit.
994 5159 1190 5232 Apost.
1221 5177 1236 5214 :
1269 5160 1374 5216 Hic
1402 5163 1490 5217 ubi
1519 5163 1692 5218 locum
1720 5162 1948 5236 Luciferi
1974 5163 2129 5220 illus-

527 5258 668 5304 trare
687 5259 904 5306 conatus
933 5268 1048 5306 sum
1067 5293 1082 5319 ,
1125 5252 1370 5309 Auctoris
1405 5255 1668 5321 omnium,
1698 5255 1837 5326 quod
1865 5272 2014 5312 nemo
2041 5273 2134 5312 ne-

535 5345 651 5410 scit,
695 5343 1128 5417 deprat'atissimi,
1171 5345 1433 5401 utilissimi
1464 5358 1634 5402 tamen
1671 5347 1738 5402 ad
1781 5349 2131 5418 cognitionem

533 5435 929 5510 Scripturarum
949 5479 964 5505 ,
993 5437 1316 5494 admonitum
1347 5452 1396 5495 te
1425 5439 1576 5494 velim
1597 5481 1613 5507 ,
1653 5439 1840 5494 Lector
1869 5439 2127 5507 candide,

532 5547 616 5588 me
655 5535 710 5588 in
746 5532 1024 5608 purgando
1054 5551 1117 5589 eo
1145 5533 1331 5606 Augia:
1365 5533 1568 5590 stabulo
1601 5534 1890 5607 plurimum
1928 5535 2128 5590 laboris

2232 4521 2426 4562 omnes
2446 4547 2461 4572 ,
2493 4521 2631 4578 quas
2663 4507 2778 4578 ipse
2809 4505 3106 4562 meditatus
3133 4515 3253 4572 est,
3288 4505 3344 4560 in
3375 4500 3659 4560 Luciferum
3680 4491 3769 4547 ani-

2234 4597 2646 4654 madversiones
2681 4597 3070 4669 complectitur
3106 4607 3309 4669 praeter
3336 4605 3554 4652 caeteras
3580 4591 3625 4644 in
3651 4597 3763 4657 qui"

2233 4691 2359 4746 dam
2397 4690 2516 4746 loca
2548 4704 2718 4746 sacrae
2747 4689 3047 4762 Scriptura:
3068 4731 3085 4756 ,
3113 4691 3184 4746 de
3211 4691 3409 4762 quibus
3443 4685 3663 4744 inferius.
3688 4676 3767 4734 Ve-

2235 4798 2356 4838 rum
2395 4780 2512 4838 hare
2553 4783 2739 4839 omnia
2782 4784 2836 4838 in
2878 4783 3060 4854 plures
3099 4783 3350 4855 dispersa
3391 4782 3587 4842 libros,
3614 4787 3696 4832 nec
3716 4769 3766 4824 ad

2233 4877 2620 4933 inveniendum
2671 4877 2858 4933 facilia
2911 4879 3049 4934 nihil
3099 4880 3346 4949 profecto
3393 4874 3687 4948 proderant.
3725 4871 3768 4919 ut

2229 4969 2332 5026 sub
2376 4985 2486 5024 uno
2534 4976 2759 5039 aspectu
2808 4970 3018 5040 integra
3066 4984 3132 5026 ac
3174 4983 3434 5042 germana
3474 4959 3679 5023 Luciferi
3709 4959 3767 5009 fl-

2231 5065 2345 5120 cies
2382 5063 2635 5120 omnibus
2675 5063 2899 5119 visenda
2932 5072 3172 5134 pateret;
3207 5065 3337 5135 quin
3378 5060 3595 5133 plurima
3629 5049 3766 5109 adhuc

2233 5157 2501 5225 deerant,
2547 5173 2670 5229 quae
2711 5160 2958 5215 nativum
2999 5160 3228 5215 omnino
3269 5158 3501 5214 hominis
3543 5152 3765 5209 colorem,

2235 5253 2558 5325 vultumque
2580 5253 2978 5323 exprimerent.
3010 5254 3306 5325 Propterea
3335 5250 3571 5308 Andreas
3591 5241 3766 5302 Gallae-

2233 5343 2361 5401 dius
2402 5344 2701 5418 Presbyter
2732 5345 2954 5402 Venetzn
2993 5344 3250 5402 Neriana:
3279 5342 3610 5403 Sodalitatis,
3638 5335 3767 5390 viret

2235 5436 2484 5492 doctrina
2522 5447 2578 5493 et
2616 5437 2928 5496 eruditione
2970 5439 3302 5510 prmclarus,
3332 5453 3451 5493 cum
3489 5435 3628 5490 novis
3651 5421 3766 5483 curis

2235 5529 2543 5600 studiisque
2569 5539 2821 5587 ornatam
2853 5539 2910 5588 et
2947 5542 3163 5588 auctam
3191 5541 3434 5588 veterum
3474 5527 3666 5582 Patrum
3698 5515 3764 5572 Bi-

600 5679 626 5707 ιι
654 5667 714 5725 In
745 5671 846 5725 hac
874 5668 1190 5740 praefatione
1215 5683 1338 5725 cum
1365 5683 1510 5738 saepe
1535 5670 1735 5740 saepius
1775 5669 1842 5726 ad
1872 5669 2019 5725 varia
2049 5666 2378 5740 Veronensis
2422 5666 2678 5724 editionis
2708 5669 2842 5740 loca
2889 5669 3062 5726 lector
3087 5677 3388 5738 revocetur,
3416 5681 3529 5731 nos,
3563 5669 3612 5718 ut
3630 5669 3758 5740 expc;

529 5739 783 5813 ditiorem
813 5731 1094 5796 lectionem
1120 5731 1494 5812 procuretnus,
1525 5731 1836 5799 columnam
1867 5748 2067 5798 nostrae
2090 5739 2342 5798 editionis
2372 5741 2568 5811 cuique
2595 5739 2807 5812 pagina:
2835 5741 3015 5799 citate
3042 5731 3455 5813 respondentem
3483 5731 3760 5810 parenthesi:

530 5811 632 5866 bus
656 5811 918 5870 inclusam
945 5811 1339 5882 espreSsimus.
1382 5813 1514 5868 Eon.
