3972 6352
164 316 254 373 697
820 274 830 280 ’
1579 316 1732 373 eum

1846 317 1966 375 ΙῚΟ.
3307 311 3414 369 698

164 428 459 488 bliotbecam
510 424 728 481 Venetis
775 424 917 497 typis
955 424 1122 481 edere
1165 424 1525 495 instituisset,
1578 428 1713 485 nihil
1741 432 1795 493 Α
1820 430 2061 487 barbaro
2106 429 2344 487 hominis
2366 428 2510 501 ston
2532 441 2655 484 esse
2687 424 3032 493 tribuendos,
3062 441 3227 497 quam
3257 425 3427 481 libra-

162 522 249 579 sibi
276 519 419 576 duxit
442 516 966 591 praetermittendum
987 557 1003 584 ,
1031 531 1139 589 quo
1162 515 1505 574 Lucifer-lana
1535 519 1713 591 Opera
1816 521 2023 577 riorum
2053 521 2247 593 culpae.
2281 520 2457 575 Alium
2491 529 2757 591 praeterea
2790 518 3039 575 codicem
3071 516 3231 573 nobis
3258 516 3418 573 adbi-

162 615 328 688 prima:
353 610 637 683 integritati
668 609 1098 677 restitueret,et
1123 610 1717 679 collectis,undecum-
1819 614 2057 670 bendum
2111 613 2302 669 tribuit
2356 612 2782 667 humanissimus
2833 626 2966 668 sane
3014 620 3069 667 et
3122 611 3416 684 multiplici

163 724 251 782 que
278 705 474 779 potuit,
505 704 730 760 Critices
760 703 1019 759 subsidiis
1061 703 1286 759 nitidius
1308 746 1323 772 ,
1365 720 1523 775 quam
1566 707 1718 777 quis-
1819 712 2127 768 eruditione
2158 709 2388 767 illustris
2419 709 2717 781 Presbyter
2747 708 2810 764 D.
2844 708 3135 764 Matthtcus
3162 708 3422 780 Aloysius

163 806 285 876 piam
312 811 499 867 antea,
541 800 879 856 illustraret:
923 813 1030 870 qua
1071 798 1140 854 de
1180 814 1240 855 re
1282 809 1502 869 prmstat
1546 798 1718 870 ipsius
1818 803 2079 861 Canonici
2122 804 2258 859 civis
2305 801 2542 858 Venetus
2580 818 2611 857 e
2653 816 2750 856 sua
2791 799 3131 857 Bibliotheca
3162 799 3423 856 vetustis-

160 897 454 956 seutetttiam
496 894 778 965 ipsiusmel
807 892 991 948 verbis
1021 891 1335 947 deScl’ibeI‘e
1364 907 1429 947 ex
1458 890 1616 947 Tom.
1648 890 1718 947 VI
1819 899 2117 963 simorum,
2143 897 2446 970 prmsertim
2470 895 2800 951 Biblicorum
2822 893 3087 951 Codicum
3120 894 3416 951 ditissima.

162 992 232 1047 sui
267 988 480 1059 Operis,
525 987 611 1043 cui
654 984 849 1041 inserti
887 995 1017 1041 sunt
1064 984 1301 1040 Luciferi
1331 984 1493 1051 libri,
1526 999 1651 1057 pag.
1683 984 1718 1041 6

1852 992 2002 1049 todex
2035 994 2168 1058 iste,
2201 1007 2361 1064 quem
2392 989 2661 1046 Venetum
2693 987 3064 1060 appellamus,
3095 996 3222 1042 ante
3248 1002 3420 1043 annos

164 1079 567 1152 Prolegom.:De
588 1089 935 1152 operanostra
956 1079 1011 1133 in
1031 1079 1094 1132 iis
1113 1078 1329 1134 edendis
1350 1078 1587 1135 adhibita
1608 1079 1719 1135 Iure
1821 1086 1936 1144 fere
1990 1086 2331 1157 octingentos
2384 1084 2619 1155 scriptus
2674 1082 2956 1137 Athanasii
3010 1089 3066 1137 ει
3119 1080 3421 1136 Athanasio

162 1176 313 1247 paucis
337 1175 528 1247 accipe.
565 1173 858 1245 Principem
889 1171 1012 1227 Titii
1039 1172 1347 1237 editionem,
1389 1190 1546 1243 quam
1580 1190 1720 1229 anno
1821 1180 2068 1253 quaedam
2116 1179 2375 1235 attributa
2418 1192 2587 1249 opera
2638 1177 2920 1240 continet,
2975 1175 3028 1231 in
3078 1174 3254 1245 iisque
3302 1176 3423 1230 lon-

162 1266 279 1326 16M
305 1267 460 1322 secuti
488 1276 609 1321 sunt
642 1263 964 1321 Parisienses
990 1306 1005 1330 ,
1039 1266 1174 1338 typis
1204 1266 1565 1321 excutiendam
1614 1277 1719 1323 sta-

1849 1275 2030 1342 ;iorem
2069 1273 2229 1345 hujus
2269 1273 2558 1344 epistolam
2597 1271 2663 1326 ad
2703 1270 3020 1327 Luciferum
3047 1311 3063 1338 ,
3106 1270 3264 1340 cujus
3312 1284 3417 1325 ms.

163 1363 343 1417 luimus.
377 1360 501 1415 Eam
532 1375 651 1414 vero
679 1358 1012 1413 librariorum
1042 1359 1165 1413 vitio
1203 1376 1327 1414 sane
1365 1360 1722 1431 inquinatissi—
1822 1366 2129 1439 exemplum
2167 1382 2292 1422 cum
2334 1365 2543 1421 Tiliana
2579 1363 2690 1435 jam
2728 1363 2874 1419 edita
2914 1363 3270 1418 contulimus,
3314 1362 3419 1418 ιιο-

161 1456 552 1529 mam,ftedisque
566 1456 766 1512 mendis
782 1457 998 1512 obsitum
1015 1458 1313 1530 proviribus
1330 1460 1719 1515 emaculandam
1823 1476 1940 1515 rum
1972 1458 2139 1532 igitur
2165 1458 2430 1515 Codicum
2463 1458 2819 1525 auctoritate,
2856 1465 2968 1512 tum
2996 1472 3061 1511 ex
3088 1454 3243 1521 Tilii,
3279 1454 3425 1510 Lati-

161 1552 436 1606 curavimus.
461 1550 709 1606 Subsidia
732 1552 994 1606 contulere
1015 1553 1242 1607 virorum
1266 1553 1555 1620 doctorum,
1585 1569 1713 1627 prte-
1823 1554 1897 1608 nii
1922 1596 1936 1619 ,
1969 1552 2153 1607 Poneii
2174 1594 2187 1615 ,
2221 1551 2269 1607 la
2299 1549 2519 1618 Cerdze,
2558 1549 2842 1621 ipsiusque
2872 1546 3143 1605 Gallandii
3175 1548 3418 1603 notatio-

160 1644 283 1716 cipue
318 1659 429 1698 vero
468 1642 663 1698 Latiuii
691 1655 735 1699 et
769 1643 1012 1699 Cotelerii
1041 1645 1407 1718 castigationes
1439 1656 1484 1701 et
1516 1647 1723 1718 conjec-
1825 1647 1983 1702 nibus
2009 1688 2023 1713 ,
2067 1646 2189 1701 aliis
2220 1661 2349 1701 vero
2383 1644 2437 1700 in
2468 1644 2730 1715 epistolas
2771 1642 3145 1699 Luciferianas
3178 1643 3425 1698 collectis

160 1746 271 1791 tura:
289 1778 301 1801 ,
329 1736 506 1807 quibus
535 1735 656 1791 alite
679 1753 880 1808 quoque
906 1749 1231 1793 accesserunt
1251 1755 1423 1808 ,.quas
1453 1743 1721 1797 occasione
1825 1755 1888 1795 ex
1921 1740 2155 1794 Baronio
2173 1782 2188 1806 ,
2213 1737 2567 1805 Constantio,
2599 1734 2905 1803 Chifﬂetio,
2938 1735 3344 1807 Papebrocltio,
3372 1745 3429 1792 et

160 1839 340 1901 accepta
363 1829 414 1883 in
439 1829 663 1883 aliorum
689 1831 896 1902 scriptis
924 1830 1231 1887 deteximus.
1275 1832 1354 1887 Ae
1387 1833 1547 1902 paulo
1578 1833 1714 1890 infe-
1750 1834 1792 1893 Β
1820 1830 2227 1887 Montfauconio
2258 1830 2533 1901 subjectus
2560 1828 2895 1885 confecimus
2921 1829 3266 1896 notationes,
3299 1829 3423 1898 qui-

160 1922 254 1976 rius
284 1938 297 1975 :
344 1920 712 1976 Verumtamen
758 1921 989 1993 Luciferi
1036 1923 1194 1979 libros
1234 1925 1441 1997 penitus
1486 1927 1717 1981 detersos
1824 1926 1925 1981 bus
1956 1935 2012 1980 et
2042 1934 2246 1981 nostrae
2276 1935 2403 1980 sunt
2432 1924 2690 1980 admixtze
2718 1965 2731 1989 ,
2764 1938 2846 1979 eae
2876 1922 3227 1995 potissimum
3255 1962 3271 1989 ,
3304 1936 3428 1992 quae.

158 2018 276 2072 haud
294 2019 677 2090 prastiterimus
700 2035 718 2073 :
743 2019 866 2089 quin
889 2019 1047 2073 immo
1070 2020 1124 2074 in
1149 2019 1210 2073 iis
1240 2020 1565 2075 recensendis
1587 2038 1720 2077 nou-
1823 2016 1890 2072 ad
1921 2017 2352 2072 ecclesiasticam
2383 2016 2669 2072 historiam
2700 2017 3008 2088 pertinent,
3041 2029 3288 2087 quasque
3318 2014 3421 2070 mi-

160 2110 281 2164 nulla
306 2110 402 2181 ipsi
428 2109 902 2182 deprehendimus,
927 2127 1043 2181 qua:
1070 2112 1125 2166 in
1154 2112 1525 2169 Emendandis
1551 2114 1723 2169 adhuc
1824 2125 1917 2167 ror
1965 2128 1994 2165 a
2035 2108 2325 2167 Gallandio
2365 2109 2765 2178 praetermissus
2804 2107 3013 2175 fuisse,
3056 2122 3180 2163 cum
3227 2108 3382 2177 plura
3412 2149 3427 2173 ,

158 2204 270 2273 forte
313 2205 619 2279 corrigenda
672 2207 1085 2275 proposuimus:
1137 2215 1194 2260 ut
1246 2217 1518 2278 propterea
1570 2210 1722 2279 plura
1825 2219 1948 2274 quae
1997 2204 2187 2259 scribit
2235 2201 2492 2270 Lucifer,
2543 2206 2676 2258 Acta
2728 2200 3149 2257 Mediolanensis
3198 2197 3427 2256 Concilii

158 2296 405 2350 etiamnum
425 2298 478 2351 iu
499 2297 754 2367 Lucifero
778 2313 1066 2367 superesse,
1088 2314 1203 2368 quin
1227 2315 1441 2353 manum
1468 2300 1722 2357 medicam
1825 2298 1953 2352 anui
1982 2297 2120 2362 555,
2147 2306 2204 2351 et
2226 2295 2514 2352 Athanasii
2545 2296 2710 2351 vitam
2737 2296 2973 2351 maxime
3004 2295 3275 2350 illustrent
3301 2336 3315 2361 ,
3347 2302 3431 2349 at-

158 2401 409 2461 cxspectent
436 2390 681 2445 codicum
719 2406 845 2444 mss.
881 2408 977 2463 ope
1014 2392 1302 2460 pra’sertim
1331 2393 1604 2462 adjutam,
1634 2394 1720 2448 ul-
1826 2406 1932 2461 que
1964 2390 2291 2445 Arianorum
2336 2389 2390 2443 in
2433 2387 2747 2444 Catholicos
2790 2388 3010 2444 fraudes
3052 2402 3119 2443 ac
3161 2388 3427 2443 stevitiem

159 2491 221 2536 tro
238 2498 594 2553 agnoscamus.
619 2482 871 2537 Caeterum
892 2500 991 2554 quo
1013 2484 1250 2555 deinceps
1272 2482 1725 2555 Luciferianorum
1828 2485 2088 2555 detegant
2115 2502 2128 2539 :
2160 2482 2228 2539 de
2260 2484 2403 2540 notis
2432 2494 2615 2539 autem
2647 2482 2878 2554 adjectis
2905 2482 2973 2537 ad
3005 2482 3215 2554 singula
3255 2496 3430 2536 sacrte

159 2576 282 2630 lectio
324 2577 532 2645 pronior
582 2578 891 2649 faciliorque
934 2576 1211 2643 succedat,
1256 2578 1415 2633 libros
1451 2597 1625 2636 omnes
1672 2583 1725 2635 in
1830 2580 2126 2649 Scriptura:
2162 2578 2467 2633 testimonia
2496 2588 2684 2648 postea
2706 2576 2972 2632 dicemus.
3006 2574 3121 2630 Non
3146 2576 3428 2630 itatameu

157 2668 373 2724 set-tiones
397 2670 757 2724 distinximus.
804 2668 1002 2734 Quibus
1033 2678 1281 2729 praeterea
1312 2671 1595 2726 nonnullas
1622 2673 1727 2727 sive
1832 2671 2025 2727 horum
2053 2682 2337 2727 auctorum
2364 2671 2590 2726 critica’s
2616 2669 3117 2725 animadversiones
3144 2668 3439 2739 exscripsi-

158 2760 357 2833 ejssdem
389 2760 645 2829 Luciferi,
675 2762 781 2816 sive
810 2761 1036 2816 aliorum
1061 2762 1128 2816 ad
1154 2763 1321 2834 ipsum
1349 2761 1615 2835 Epis:olas
1645 2781 1728 2821 re-
1830 2779 1953 2821 mtts
1974 2806 1989 2830 ,
2023 2774 2081 2819 ut
2110 2763 2259 2819 illico
2288 2778 2384 2818 cas
2418 2763 2779 2835 probaremus
2804 2779 2817 2829 ;
2851 2777 3044 2818 omnes
3073 2761 3292 2833 quidem
3323 2761 3436 2816 suis

158 2855 358 2924 cognitas
386 2866 432 2910 et
461 2857 755 2911 illustratus
785 2854 1095 2930 adjecimus.
1830 2873 2077 2931 quasque
2118 2858 2253 2914 locis
2294 2858 2446 2929 leges
2473 2858 2708 2913 insertas
2729 2900 2743 2923 ,
2778 2873 2883 2911 non
2914 2870 3107 2913 omnes
3139 2855 3394 2925 probatas
3422 2872 3435 2908 :

216 2946 298 3003 llis
322 2949 499 3019 itaque
526 2965 563 3004 a
594 2948 749 3004 nobis
776 2948 1203 3017 animadversis,
1233 2965 1431 3005 novum
1457 2951 1525 3007 de
1563 2951 1729 3009 eden-
1834 2968 2012 3025 neque
2036 2952 2089 3009 in
2108 2952 2284 3023 ipsum
2308 2950 2541 3007 Luciferi
2564 2952 2848 3022 exemplar
2874 2965 3066 3006 manus
3092 2952 3164 3005 ita
3187 2948 3439 3020 injicien-

159 3038 229 3093 dls
262 3034 484 3098 Luciferi
526 3042 687 3097 libris
730 3041 1025 3097 Consilium
1069 3044 1353 3114 cepimus,
1394 3054 1449 3100 et
1485 3047 1729 3102 exsecuti
1834 3047 1932 3104 das
1963 3048 2238 3113 duximus,
2256 3046 2567 3102 utaliorum
2600 3046 2723 3101 licet
2750 3047 3064 3102 testimonio
3092 3054 3145 3101 et
3175 3045 3440 3114 opinione

158 3133 247 3203 jam
273 3150 450 3191 sumus
478 3154 490 3193 :
525 3137 599 3191 de
622 3152 731 3208 quo
757 3136 969 3207 praefari
1002 3138 1228 3192 omnino
1251 3153 1478 3195 necesse
1500 3147 1615 3207 est,
1637 3150 1726 3208 ut,
1832 3139 1989 3196 fretis
2016 3140 2183 3196 verba
2214 3153 2521 3211 sensusque
2552 3148 2645 3194 aut
2700 3140 3083 3206 interverterc,
3112 3148 3205 3194 ant
3237 3140 3436 3193 immu-

161 3241 260 3296 quze
301 3228 721 3298 praestiterimus
746 3269 760 3294 ,
805 3244 926 3299 qua:
978 3227 1141 3284 nobis
1180 3228 1496 3299 adjutuenta
1539 3229 1739 3288 fuerint
1764 3231 1809 3294 C
1842 3242 1981 3301 tare,
2006 3242 2100 3288 ant
2125 3232 2292 3289 etiam
2324 3232 2511 3288 delere
2544 3232 2702 3287 nobis
2725 3232 2915 3287 liceret
2953 3249 2964 3284 :
2998 3246 3212 3303 a'quum
3246 3230 3296 3286 id
3329 3245 3437 3285 non

161 3331 471 3393 comparata,
519 3322 655 3394 quid
700 3323 753 3378 in
802 3323 922 3391 ipso
968 3321 1260 3387 Lucifero.
1310 3322 1537 3395 ejusque
1580 3324 1734 3381 libris
1836 3338 1975 3395 erat,
2011 3342 2186 3399 neque
2238 3327 2406 3382 rectis
2447 3326 2673 3382 criticcs
2717 3326 2925 3396 legibus
2949 3333 3382 3381 consentaneum
3420 3342 3432 3389 ;

162 3412 350 3485 dignttm
381 3418 453 3471 sit
479 3416 695 3483 visum,
728 3415 873 3487 quod
914 3415 1125 3471 critica:
1166 3415 1454 3486 quastioni
1499 3416 1732 3487 subjice-
1837 3420 2084 3491 satisque
2116 3420 2240 3488 fuit,
2274 3433 2397 3490 qua:
2452 3418 2657 3473 intacta
2714 3418 2951 3487 relinqui
3001 3416 3152 3471 nullo
3182 3425 3435 3487 poterant

162 3521 305 3576 retur.
337 3513 400 3570 iis
432 3514 726 3585 perspicue
765 3522 978 3584 pateat.
1019 3513 1111 3585 qui
1152 3514 1206 3569 in
1244 3510 1437 3571 iisdem
1480 3513 1734 3585 legendis
1837 3512 2104 3578 modo,ea
2135 3510 2457 3575 emendare,
2484 3519 2682 3564 etetera
2713 3519 2892 3564 atttem
2911 3508 3117 3579 judicio
3141 3507 3435 3578 legentium

162 3608 340 3661 versari
372 3607 502 3663 utile
532 3606 641 3662 sibi
674 3606 927 3662 duxerint
954 3621 1076 3662 esse
1098 3606 1165 3661 ad
1190 3607 1500 3663 doctrinam
1524 3617 1580 3664 et
1604 3623 1733 3663 eru-
1839 3615 1996 3662 notas
2021 3605 2361 3676 permittere.
2391 3604 2594 3658 Practer
2627 3602 2743 3656 iure
2782 3601 2911 3667 alio,
2945 3615 3005 3654 ac
3037 3600 3165 3655 editi
3198 3600 3438 3664 fuerunt,

164 3697 394 3755 ditionem
416 3744 432 3769 ,
470 3711 573 3757 aut
610 3700 679 3755 ad
715 3700 1088 3758 curiositatem
1138 3701 1446 3757 honestum.
1497 3703 1573 3758 Ac
1622 3704 1732 3773 pri-
1838 3699 2036 3754 ordine
2066 3698 2237 3753 libros
2268 3695 2513 3769 singulos
2541 3694 2941 3763 diSposuimus,
2974 3709 3096 3748 cum
3125 3709 3300 3764 neque
3332 3708 3442 3747 uno

166 3807 287 3847 mum
314 3793 485 3864 ipsam
515 3793 644 3849 'I‘ilii
693 3793 1193 3850 editionem'nobis
1232 3793 1564 3864 sequendam
1609 3809 1739 3864 pro-
1839 3810 2034 3851 omnes
2073 3794 2274 3849 calami
2301 3808 2485 3857 cursu.
2530 3805 2708 3861 neque
2737 3805 2843 3845 uno
2872 3798 3122 3859 tempore
3156 3788 3442 3843 existime-

165 3887 447 3956 posuimus,
485 3890 697 3961 quippe
741 3905 862 3960 qua:
904 3898 1151 3944 veterum
1195 3889 1489 3957 Codicum,
1521 3889 1661 3945 unde
1690 3889 1736 3945 is
1840 3904 2011 3945 musa
2036 3888 2292 3944 Lucifero
2319 3886 2491 3942 fuisse
2508 3883 3095 3955 compositos.Ceusuit
3117 3881 3332 3953 quidem
3353 3881 3445 3936 Ti-

166 3983 369 4043 Luciferi
412 3988 588 4044 libros
631 3987 841 4058 primus
868 3987 1042 4053 eruit,
1089 3987 1387 4057 genuinum
1433 3987 1505 4042 sit
1552 4002 1738 4043 exem-
1841 3983 1947 4038 lius
1976 3983 2029 4037 in
2063 3981 2296 4052 epiStola
2338 3978 2404 4034 ad
2434 3978 2591 4033 Pium
2627 3975 2945 4032 Pontificetn
3000 3984 3166 4028 totum
3206 3974 3441 4027 volumen

167 4080 324 4149 plum;
367 4098 545 4153 neque
592 4081 739 4138 enim
782 4098 902 4152 qua:
946 4082 1023 4136 illi
1072 4086 1259 4139 insunt
1303 4082 1498 4138 menda
1526 4124 1541 4148 ,
1583 4090 1739 4154 typu-
1842 4091 1964 4132 esse
1990 4091 2124 4141 apus
2165 4082 2330 4128 tractu
2359 4088 2462 4126 uno
2498 4069 2808 4138 imperatori
2837 4066 3143 4122 Constantio
3172 4066 3442 4120 continua-

165 4176 332 4244 graphi
386 4179 603 4248 magis,
658 4190 818 4247 quam
861 4176 1215 4248 antiquorum
1264 4176 1614 4231 librariorum
1658 4179 1742 4230 in-
1842 4170 2167 4240 tum,ipsum
2189 4177 2357 4220 tamen
2380 4166 2431 4218 iu
2463 4163 2667 4218 libellos
2691 4161 2943 4231 partitum
2969 4159 3036 4213 :-h
3059 4156 3439 4211 auctorezsed

165 4266 315 4320 seitia:
343 4280 434 4322 aut
474 4267 708 4324 incuriae
745 4276 873 4322 sunt
909 4267 1230 4337 tribuenda,
1274 4269 1351 4324 uti
1374 4267 1604 4323 inferius
1627 4282 1744 4323 mo-
1843 4264 2001 4317 aliter
2026 4267 2363 4316 censuerunt
2385 4257 2663 4311 Baronius
2680 4254 2747 4309 ad
2780 4268 2982 4306 annum
3011 4249 3139 4316 ⁵556,
3162 4248 3433 4313 num.65;

165 4359 389 4416 nebimus
420 4379 432 4414 :
475 4371 697 4416 eceterae
725 4375 858 4415 vero
891 4360 1195 4425 editiones,
1236 4360 1281 4415 si
1321 4359 1736 4414 Gallandianam
1846 4355 2258 4427 Papebroehius
2283 4362 2417 4407 tom.
2450 4367 2501 4406 tv
2532 4350 2677 4413 Maii,
2709 4347 2850 4403 Boll.
2879 4348 2930 4399 in
2955 4345 3172 4400 Comm.
3201 4343 3340 4398 Hist.
3374 4342 3445 4397 de

165 4454 403 4525 excipias,
439 4466 653 4510 tantum
686 4454 1030 4509 auctoritatis
1060 4469 1171 4524 prae
1201 4467 1261 4508 se
1290 4467 1396 4507 non
1429 4451 1649 4519 ferunt,
1684 4460 1742 4506 ut
1843 4450 2044 4507 Sancto
2090 4445 2340 4502 Lucifero
2369 4458 2494 4514 cap.
2529 4442 2584 4503 4,
2619 4451 2675 4496 et
2702 4438 3024 4496 Gallattdius
3048 4437 3103 4491 in
3124 4435 3443 4506 Prolcgom.

165 4545 267 4603 illas
294 4558 405 4603 tuto
434 4548 592 4619 sequi
626 4561 940 4617 possemus,
966 4561 1091 4602 cum
1121 4545 1393 4601 editorum
1426 4545 1738 4609 arbitrium,
1844 4542 1910 4597 ad
1946 4552 2078 4597 tom.
2110 4556 2159 4594 vr
2193 4536 2455 4594 Biblioth.
2508 4535 2611 4590 PP.
2632 4577 2645 4598 ,
2683 4532 3009 4604 quibuscum
3041 4531 3439 4594 convenimus;

167 4656 254 4695 non
301 4658 448 4713 aequa
503 4641 939 4706 animadversio,
996 4655 1218 4696 errores
1268 4639 1406 4694 forte
1455 4638 1735 4695 sustulerit

1882 4645 1901 4690 t
1934 4632 2158 4689 Lucifer
2185 4633 2305 4698 ipse
2334 4630 2385 4686 in
2419 4629 2513 4684 lib.
2550 4626 2883 4682 Moriendum
2924 4640 3033 4681 esse
3054 4639 3149 4694 pro
3178 4620 3320 4677 Filio
3348 4620 3448 4675 Dei

165 4734 374 4805 aliluol,
414 4753 525 4793 non
563 4749 768 4807 paucos
803 4743 957 4791 certe
994 4736 1046 4790 in
1084 4734 1306 4790 easdem
1349 4733 1631 4797 intulerit;
1670 4733 1738 4788 de
1847 4726 2081 4795 idipsum
2140 4722 2298 4779 nobis
2328 4720 2643 4786 confirmat,
2674 4720 2875 4775 librum
2927 4733 3084 4772 stium
3107 4723 3171 4771 de
3222 4715 3448 4807 Regibus

166 4840 255 4895 quo
295 4829 451 4897 paulo
490 4806 749 4899 superius
793 4826 1003 4882 dictum
1045 4836 1152 4882 est.
1193 4825 1301 4882 Sed
1348 4840 1475 4881 cum
1532 4823 1738 4881 codicis
1846 4817 2161 4892 Apostaticis
2186 4815 2537 4883 distinguens
2557 4827 2623 4869 ac
2646 4813 2942 4882 sejungens
2969 4824 2997 4863 a
3031 4809 3280 4873 caeteris;
3316 4806 3444 4873 Qua:
3504 4872 3513 4881 _

165 4918 369 4992 alicujus
406 4937 571 4991 opem
614 4921 771 4977 nobis
810 4935 934 4977 esse
976 4918 1342 4976 necessariam
1388 4918 1702 4974 videremus
1726 4962 1739 4984 ,
1844 4915 1917 4968 ita
1944 4930 1998 4968 se
2042 4911 2229 4966 habere
2253 4912 2309 4965 in
2341 4909 2494 4972 libro,
2524 4909 2613 4979 qui
2658 4907 2898 4962 titulatur
2923 4909 2991 4959 de
3033 4902 3274 4975 Regibus
3301 4903 3447 4971 Apo-

166 5026 372 5081 qnocum
398 5014 612 5069 'l‘iliana
642 5012 811 5069 editio
837 5011 1203 5079 conferretur,
1243 5012 1390 5067 illum
1430 5021 1740 5083 opportune
1846 5005 2078 5070 staticis,
2108 5007 2233 5077 quia
2261 5006 2365 5065 iam
2393 5002 2594 5074 aperui,
2618 5012 2728 5055 etc.
2772 4997 2877 5055 Sed
2906 5013 3015 5069 quo
3043 4998 3277 5067 quisque
3308 5003 3449 5050 tem-

167 5102 210 5158 in
258 5106 506 5163 Vaticana
566 5106 906 5163 Bibliotheca
957 5106 1103 5161 nacti
1152 5119 1344 5159 sumus
1395 5103 1626 5168 saeculo,
1685 5112 1743 5156 nt
1850 5115 1985 5171 pore
2019 5098 2158 5153 liber
2185 5112 2215 5151 a
2238 5094 2497 5151 Lucifero
2523 5094 2764 5163 scriptus
2795 5091 2978 5156 fuerit,
3008 5088 3111 5143 alia
3135 5086 3294 5143 nobis
3324 5086 3446 5157 opi-

167 5197 331 5265 aiunt,
363 5214 510 5255 nono
541 5199 915 5269 descriptum,
961 5207 1018 5254 et
1059 5199 1111 5253 in
1151 5196 1346 5253 loculis
1386 5196 1742 5252 Bibliotheca:
1851 5194 1944 5249 nio
1970 5193 2136 5255 inest,
2166 5204 2327 5258 quam
2362 5187 2599 5243 laudatis
2638 5183 2992 5246 auctoribus;
3042 5196 3147 5253 qua
3179 5179 3249 5236 de
3277 5195 3339 5235 re
3380 5181 3447 5234 ad

166 5287 458 5347 distinctum
492 5306 645 5346 num.
680 5291 783 5358 75,
818 5292 919 5346 litt.
952 5289 1017 5345 Ν.
1047 5290 1107 5345 Ρ.
1140 5291 1296 5361 cujus
1328 5288 1564 5345 diversae
1592 5307 1622 5342 a
1653 5287 1747 5343 Ti-
1852 5288 2102 5359 singulos
2150 5300 2254 5342 suo
2307 5285 2428 5338 loco
2456 5281 2816 5337 disseremus.
2848 5278 3078 5334 Tiliante
3124 5285 3306 5332 autem
3334 5274 3449 5330 edi-

168 5377 309 5437 iianis
360 5383 634 5439 dictiones
691 5384 982 5454 exscripta?
1039 5383 1107 5438 ad
1168 5397 1269 5438 nos
1334 5383 1746 5452 perhumaniter
1855 5382 1988 5437 tioni
2022 5370 2142 5436 haec
2189 5376 2520 5442 addidimus,
2549 5389 2670 5444 qua:
2720 5370 2900 5428 omitti
2932 5380 3087 5426 certe
3142 5384 3250 5424 non
3299 5376 3451 5437 pote-

168 5479 481 5534 transmissa:
510 5485 643 5533 sunt
667 5496 680 5532 :
714 5477 811 5534 sed
843 5492 952 5533 non
983 5476 1251 5548 ejusmodi
1279 5485 1442 5543 sunt,
1466 5489 1590 5545 quae
1619 5488 1745 5530 sen-
1853 5484 2000 5540 rant,
2028 5481 2084 5530 et
2112 5468 2473 5528 Lueiferianis
2501 5468 2657 5523 libris
2676 5465 2962 5536 praeposita
2998 5465 3251 5534 leguntur
3275 5477 3291 5527 ;
3320 5460 3449 5531 Epi-

172 5574 375 5628 tentiam
430 5575 761 5642 immutent,
816 5582 876 5630 et
926 5572 1106 5627 varias
1163 5570 1491 5641 plerumque
1540 5584 1746 5636 voces,
1852 5570 2055 5629 stolam
2112 5568 2347 5638 primum
2396 5562 2634 5621 Luciferi
2660 5576 2784 5618 cum
2813 5557 3100 5631 legationis
3144 5571 3261 5611 sua:
3288 5555 3453 5610 sociis

171 5666 306 5721 varia
353 5668 422 5723 ab
472 5666 633 5724 editis
683 5684 748 5725 ex
793 5666 1005 5723 Tiliano
1046 5665 1237 5721 codice
1281 5662 1503 5719 nomina
1545 5663 1751 5719 solum-
1855 5661 2145 5721 Pancratio
2173 5669 2231 5716 et
2266 5657 2474 5715 Hilario
2504 5656 2762 5725 scriptam
2796 5652 2863 5707 ad
2900 5649 3196 5707 Eusebium
3224 5647 3449 5704 Vercel-

171 5758 322 5814 modo
350 5760 651 5829 exhibent;
684 5760 830 5817 unde
857 5759 1120 5832 conjicias
1143 5800 1156 5825 ,
1190 5758 1409 5829 plures,
1439 5756 1532 5827 qui
1562 5757 1752 5827 legun-
1855 5756 2068 5813 lensem
2097 5754 2440 5825 episcopum.
2477 5748 2677 5807 deinde
2733 5746 2898 5803 aliam
2922 5743 3126 5801 Liberii
3174 5742 3451 5812 pontiﬁcis

174 5840 250 5905 ttir
266 5854 550 5913 erroresin
584 5854 733 5914 libris
767 5854 1039 5923 Luciferi,
1078 5852 1283 5911 inculto
1315 5850 1499 5921 potius
1523 5864 1588 5907 ac
1615 5865 1751 5921 pene
1859 5852 1926 5909 ad
1956 5848 2272 5908 Luciferum
2302 5844 2499 5906 exsilio
2525 5845 2636 5915 jam
2667 5841 2985 5899 damnatum
3017 5837 3219 5896 :hasee
3244 5834 3457 5895 litteras
