3972 6352
172 268 258 323 7m
1591 254 1985 315 ΡΒΑΞΡΑΊΊΟ.

3334 263 3442 321 703

169 387 302 439 rium:
327 380 626 436 fatebantur
652 376 701 430 in
723 376 934 445 vulgus.
968 376 1024 430 Νι
1049 392 1083 433 c
1108 376 1266 431 aliter
1290 376 1463 433 sensit
1491 374 1745 431 Nobilius
1771 375 1817 445 Α
1850 374 2155 445 Augustino
2184 376 2281 431 lib.
2327 393 2391 443 u,
2428 378 2498 434 de
2544 378 2700 435 Doet.
2732 379 2964 447 Christ.,
2997 380 3268 436 uerborum
3295 391 3442 438 tena~

168 482 211 535 in
238 476 551 534 Prtel'atione
580 472 786 529 Latina:
815 472 1075 528 editionis
1107 471 1369 529 Remanae
1388 470 1741 542 Septuaginta

167 574 541 641 Interpretum;
572 566 659 625 Ita
697 581 837 622 vetus
886 575 959 621 est
989 564 1131 619 Itala
1158 564 1516 637 interpretatio
1538 606 1553 629 ,
1594 573 1649 618 ut
1678 580 1738 619 ea

163 685 250 723 non
271 667 413 720 modo
443 665 503 717 S.
538 663 859 733 Augustinus
887 662 942 715 in
974 661 1221 734 Speculo,
1249 660 1338 715 sed
1364 660 1576 731 Lucifer
1632 657 1735 715 Ca-

165 761 399 815 laritanus
426 767 476 812 et
501 755 559 810 S.
585 755 889 810 Ambrosius
929 763 975 808 et
1027 753 1090 810 S.
1121 753 1415 825 Cyprianus
1457 765 1505 809 et
1535 753 1629 808 alii
1651 770 1735 808 re-

161 856 270 909 tusti
313 851 600 922 Scriptores
631 859 869 904 utantur:
916 848 1118 904 idcirco
1151 848 1294 904 haud
1329 856 1474 904 recte
1504 848 1738 917 scripse—

160 948 221 1003 rit
251 946 294 1000 la
322 943 498 1000 Cerda
528 958 647 1014 cap.
680 941 785 997 165
816 941 1046 997 Advers.
1077 942 1259 1008 Sacr.,
1292 941 1602 998 Luciferum
1638 957 1737 996 suo

161 1042 314 1111 ipsum
344 1035 570 1091 arbitrio
599 1034 788 1092 Grmca
843 1035 1154 1090 testimonia
1187 1051 1284 1104 pro
1316 1051 1373 1090 rc
1399 1045 1524 1089 nata
1570 1035 1738 1091 latine

159 1135 551 1200 interpretatum
579 1143 725 1184 esse.
753 1127 827 1181 Ita
848 1128 915 1183 ad
941 1128 1095 1183 Deut.
1118 1144 1225 1182 xvtt
1251 1144 1370 1198 pag.
1394 1128 1480 1181 hic
1504 1126 1573 1183 60
1607 1126 1734 1198 (col.

157 1222 297 1295 823;):
321 1220 503 1276 Totum
526 1223 656 1292 fere,
682 1220 876 1291 inquit,
901 1230 1055 1291 caput
1086 1221 1157 1274 ita
1180 1222 1448 1291 transfert,
1473 1230 1531 1273 ut
1552 1219 1740 1274 mirere

160 1316 357 1371 hominis
380 1316 431 1369 in
462 1313 819 1384 transferendo
842 1314 1096 1369 licentiam
1116 1314 1232 1382 jam
1260 1312 1596 1376 detrahentis,
1624 1312 1739 1382 jam

160 1409 373 1462 addentis
394 1451 407 1473 ,
426 1409 547 1481 jam
576 1408 917 1474 immutantis;
941 1422 1063 1462 cum
1092 1416 1271 1461 tamen
1293 1405 1442 1461 [tabe
1463 1407 1629 1461 veteri
1659 1406 1736 1458 itt-

158 1501 511 1573 terprtrtationi
546 1508 726 1556 textus
754 1501 840 1556 hic
862 1501 1106 1572 apprime
1126 1500 1488 1571 respondeat:
1521 1500 1591 1552 ita
1609 1513 1741 1555 cou-

155 1596 284 1651 venit
302 1611 418 1651 cum
446 1595 532 1649 illa
559 1606 614 1649 et
638 1604 815 1650 textus
832 1609 900 1649 ex
921 1594 943 1651 Ι
965 1593 1094 1664 Reg.
1117 1610 1167 1649 tv
1185 1593 1491 1663 descriptus
1512 1607 1631 1662 pag.
1652 1591 1741 1646 hic

155 1689 212 1743 63
237 1688 355 1757 (col.
374 1687 505 1756 834)
528 1687 593 1743 de
613 1702 720 1759 quo
743 1687 791 1742 la
821 1686 996 1743 Corda
1019 1706 1034 1743 :
1054 1685 1259 1758 Lucifer
1280 1685 1449 1740 reddit
1477 1685 1659 1749 sic,ita
1686 1694 1741 1739 ut

1843 468 1951 523 cior
1962 486 2083 523 cum
2104 471 2475 541 perspicuitate
2500 475 2786 529 sententiae.
2810 474 2924 530 liae
2954 474 3118 545 igitur
3141 490 3302 531 usum
3325 490 3450 533 esse

1846 560 2181 631 Luciferum,
2208 563 2349 621 hanc
2380 580 2490 635 prin
2520 567 2772 623 manibus
2820 568 3080 625 habuisse
3130 583 3197 624 eo
3243 570 3449 626 certius

1842 655 2220 723 conﬁrmatur,
2252 657 2397 726 quod
2446 673 2600 713 sacra
2632 660 2948 715 testimonia
2978 660 3051 714 ab
3070 675 3138 715 eo
3168 662 3446 734 exscripta

1840 762 1871 800 α
1902 744 2085 801 erco
2108 756 2250 803 textu
2276 747 2533 804 hodierno
2570 751 2656 805 vix
2694 750 2966 818 differant,
2993 752 3171 823 inquit
3198 752 3446 811 Sabatia-

1843 840 1956 897 rius
1986 860 2000 894 :
2034 836 2194 914 idque
2240 843 2349 913 iam
2382 844 2591 900 viderat
2610 844 2687 900 La
2715 845 2893 901 Cerdo
2921 846 3031 901 adl
3061 846 3198 917 Reg.
3224 862 3354 902 xxvs
3375 864 3457 904 et

1842 931 2093 988 Lucifero
2123 950 2137 986 :
2173 932 2241 988 Et
2272 934 2387 990 licet
2416 936 2505 990 ille
2528 936 2771 995 alicunde
2798 938 3142 1005 transtulerit,
3170 939 3250 993 uel
3270 956 3334 994 ea:
3358 941 3443 995 in-

1840 1028 2014 1097 genita
2062 1027 2268 1082 licentia
2315 1029 2542 1095 verterit,
2596 1029 2878 1085 maximam
2924 1041 3124 1103 partem
3174 1030 3330 1087 habet
3377 1050 3446 1089 ea:

1843 1116 2192 1192 Septuaginta
2214 1139 2378 1189 vero;
2408 1132 2464 1179 ct
2485 1123 2552 1179 ad
2578 1140 2701 1196 cap.
2724 1124 2791 1181 Ill
2808 1126 3074 1182 Malach.:
3103 1127 3451 1200 Septuaginta

1839 1212 2195 1285 Interpretum
2210 1218 2541 1273 translationi
2554 1218 2735 1281 haret,
2751 1231 2799 1275 et
2820 1202 2984 1274 multa
3003 1220 3174 1290 addit,
3186 1237 3304 1293 quat
3316 1221 3444 1277 diui-

1843 1310 2048 1364 natione
2064 1326 2194 1381 apus
2212 1321 2285 1366 est
2303 1322 2354 1365 ut
2370 1311 2656 1383 intelligas,
2671 1313 2810 1382 quod
2833 1313 2922 1367 ille
2936 1314 3067 1368 dicit
3086 1330 3151 1369 ets
3163 1313 3444 1384 Scriptura

1843 1418 1993 1467 esse;
2045 1413 2157 1456 tum
2188 1402 2254 1456 ad
2286 1401 2350 1457 Ill
2400 1402 2532 1473 Reg.
2564 1419 2719 1471 xvttt,
2756 1420 2876 1475 pag.
2911 1404 2999 1460 hic
3030 1406 3099 1462 75
3120 1405 3437 1479 (col.841):

1844 1496 2041 1553 lnstitit
2088 1496 2299 1570 Lucifer
2346 1500 2567 1555 versioui
2611 1500 2954 1572 Septuaginta
3000 1500 3179 1555 multis
3222 1502 3439 1572 additis,

1844 1592 2083 1647 detractis
2106 1636 2119 1658 ,
2152 1594 2455 1658 immutatis,
2506 1602 2562 1648 ut
2594 1594 2764 1649 solens
2806 1604 2903 1649 est.
2940 1593 3137 1649 Verum
3166 1596 3446 1655 enimvero

1845 1701 2019 1757 neque
2048 1685 2195 1740 addit
2210 1685 2446 1751 Lucifer,
2476 1702 2576 1741 nec
2598 1686 2845 1752 detrahit,
2865 1702 2964 1743 nec
2994 1688 3249 1753 immutat,
3280 1705 3342 1743 ea:
3362 1690 3444 1744 in-

157 1796 233 1835 nec
259 1796 341 1852 pes
367 1796 455 1832 nec
484 1790 641 1852 caput
669 1780 757 1835 uni
783 1780 1049 1834 conveniat
1080 1784 1262 1851 fornnc
1297 1795 1315 1844 ;
1340 1788 1541 1832 tantum
1576 1786 1740 1833 servet
1771 1770 1816 1830 B
1846 1781 2017 1852 genita
2030 1780 2254 1834 licentia.
2275 1779 2469 1837 Vctsio
2490 1781 2711 1851 antiqua
2735 1780 2898 1835 latina
2917 1796 3020 1836 una
3037 1782 3294 1851 primitus
3314 1783 3441 1847 luit;

154 1872 449 1927 sententiam:
463 1882 517 1928 et
532 1872 599 1928 ad
612 1872 843 1928 alterum
862 1874 877 1925 l
895 1872 1030 1944 Reg.
1047 1888 1156 1936 XIX,
1175 1888 1225 1940 p.
1242 1870 1624 1942 70.(col.83tr).
1637 1870 1739 1937 Ita,

157 1964 338 2035 Lucifer
352 1967 719 2032 circumvertit,
741 1975 794 2018 ut
810 1965 1027 2037 difﬁcile
1041 1966 1104 2019 sit
1124 1963 1314 2028 dicere,
1333 1978 1445 2026 qua:
1468 1978 1589 2032 pars
1605 1962 1743 2031 parti

159 2062 439 2130 respondeat
472 2080 491 2129 ;
522 2063 623 2117 etsi
647 2062 788 2117 haud
828 2062 986 2117 aliter
1010 2063 1113 2116 hoc
1161 2061 1527 2116 testimonium
1556 2060 1737 2131 expri-

160 2162 314 2209 matur
335 2153 384 2209 in
409 2153 543 2211 ltala
566 2155 1036 2225 interpretatione,
1061 2155 1132 2208 uti
1158 2166 1210 2209 et
1243 2153 1372 2209 illud
1394 2152 1418 2208 1
1442 2154 1738 2224 Reg.xxvt,

158 2264 258 2320 pag.
280 2249 360 2304 bic
390 2251 457 2305 75
475 2249 601 2321 (col.
623 2249 776 2321 839),
797 2250 942 2321 quod
969 2250 1013 2304 is
1039 2259 1291 2305 autumat
1310 2250 1741 2322 paraphrasticés

156 2356 457 2396 conversum
509 2342 679 2398 fuisse
727 2358 758 2397 a
783 2341 1036 2399 Lucifero
1062 2344 1113 2398 in
1146 2344 1367 2399 latinum
1407 2358 1736 2398 sermonem.

159 2434 279 2490 Fieri
306 2435 521 2506 quidem
574 2437 749 2506 potuit
782 2436 1096 2507 aliquando,
1131 2446 1207 2503 ut,
1241 2436 1333 2508 qui
1355 2437 1502 2495 inter
1530 2437 1739 2508 gravis-

156 2527 268 2581 sima
286 2530 459 2586 exsilii
478 2530 825 2587 ineorumoda
846 2532 1013 2588 hosce
1031 2532 1199 2587 libros
1216 2533 1511 2600 scribebat,
1526 2532 1743 2589 Lucifer

160 2619 319 2677 latinis
368 2632 588 2679 careret
618 2624 921 2691 codicibus,
936 2636 991 2680 et
1017 2635 1109 2680 aut
1134 2643 1164 2681 c
1180 2628 1441 2682 memoria
1462 2628 1627 2681 multa
1643 2626 1738 2683 de-

160 2726 416 2783 promeret
441 2717 745 2774 Bibliorum
778 2720 1109 2786 testimonia,
1139 2733 1231 2775 aut
1260 2738 1324 2775 cx
1354 2721 1560 2777 Cnet-is
1588 2721 1742 2777 libris

160 2808 233 2863 illa
260 2809 575 2866 exscribens
605 2811 774 2867 latine
826 2812 1281 2883 interpretaretur
1307 2831 1321 2879 ;
1351 2830 1449 2869 nec
1473 2814 1613 2869 sacri
1648 2830 1744 2871 co-

160 2902 285 2956 dices
330 2904 555 2957 omnino
588 2906 871 2959 detucraut
901 2905 1171 2971 Lucifero,
1206 2908 1282 2960 uti
1341 2906 1580 2962 indicant
1622 2909 1739 2962 hanc

160 2996 298 3051 verba
351 2997 661 3053 Marcellini
689 3010 741 3053 et
775 2997 1017 3053 Faustini
1072 2999 1140 3054 de
1169 3000 1439 3071 Eutychio
1468 3000 1740 3068 Episcopo

159 3086 710 3161 Eleutheropolitauo,
743 3090 970 3162 ejusque
1001 3093 1231 3148 asseclis
1276 3092 1330 3147 iu
1364 3093 1571 3149 Libellu
1605 3094 1731 3148 Pre-

1847 1876 2103 1947 quatnris,
2120 1875 2293 1944 inquit
2314 1875 2647 1930 Sabatierius
2662 1884 2801 1945 part.
2826 1874 2952 1946 t§2,
2970 1885 3137 1931 textus
3149 1874 3447 1947 primigenii

1848 1969 2135 2036 discrepent
2163 1968 2296 2023 inter
2324 1985 2376 2023 se
2403 1969 2685 2037 aliquando
2717 1969 2978 2035 lectiones,
3016 1967 3270 2039 uariisque
3284 1968 3445 2022 dissi-

1848 2060 1999 2113 deant
2022 2060 2205 2123 verbis,
2223 2069 2373 2130 atque
2386 2060 2675 2125 sententiis;
2690 2060 2918 2129 quamvis
2941 2061 3099 2115 parite
3116 2062 3168 2115 in
3185 2061 3445 2115 codicibus

1847 2160 2119 2207 occurrant
2130 2152 2514 2220 discrepantia,
2530 2168 2646 2221 qua
2663 2153 2830 2208 uarias
2846 2153 3296 2224 interpretationes
3308 2171 3340 2208 a
3356 2169 3445 2209 va-

1846 2249 1943 2302 riis
1961 2247 2252 2303 elaboratas
2270 2246 2635 2317 interpretibus
2658 2247 2955 2317 signiﬁcare
2977 2248 3252 2302 rideantur
3272 2265 3291 2314 ;
3318 2263 3442 2304 cum

1846 2339 1928 2395 luo
1953 2340 2200 2397 nimirum
2221 2340 2700 2409 discrepantia,ait
2726 2340 2887 2410 paulo
2910 2340 3166 2410 superius
3181 2380 3195 2403 ,
3219 2342 3448 2408 plerum.

1845 2450 1942 2505 que
1964 2450 2069 2489 uou
2099 2444 2204 2488 tam
2233 2434 2403 2487 uarios
2430 2434 2755 2503 interpretes,
2784 2449 2938 2501 quam
2966 2433 3201 2488 diuersos
3220 2443 3447 2506 arguant

1846 2526 2107 2591 librarios,
2137 2528 2442 2596 eosdemque
2482 2536 2572 2580 aut
2598 2525 2870 2581 oscitantes
2901 2535 2992 2580 aut
3014 2527 3316 2582 audaciores
3355 2527 3448 2598 qui

1844 2636 1939 2673 suo
1969 2619 2177 2689 singula
2214 2618 2470 2675 arbitratu
2498 2618 2575 2674 uel
2626 2618 2938 2689 negligentia
2968 2618 3193 2689 plurima
3219 2628 3449 2675 mutare-

1844 2722 1963 2768 rnnt
1994 2713 2169 2785 :quod
2191 2713 2352 2769 etiam
2381 2712 2588 2769 Graeca:
2614 2712 2975 2783 Septuaginta
3005 2712 3451 2784 Interpretationi

1846 2806 2047 2862 factum
2082 2822 2203 2862 esse
2230 2816 2447 2863 constat
2475 2822 2540 2862 ex
2572 2806 2779 2862 scholis
2814 2806 3074 2863 Romanae
3131 2811 3325 2863 horum
3362 2808 3450 2863 ln-

1846 2901 2386 2971 tcrprctntneditinui
2410 2916 2440 2955 a
2461 2899 2672 2955 Nobilio
2700 2901 2997 2982 subjectis;
3023 2901 3186 2972 idque
3215 2902 3267 2956 iu
3292 2901 3446 2958 Novo

1843 3010 2058 3064 quoque
2106 2994 2457 3051 Testamento
2497 2993 2963 3063 deprehendimus
2987 3008 3057 3049 ex
3105 2994 3271 3049 variis
3301 3010 3442 3066 prae-

1845 3090 2032 3143 sertim
2079 3087 2405 3144 lectionibus
2442 3085 2645 3142 Graecae
2668 3085 2925 3142 editionis
2966 3087 3258 3142 Millinnae:
3300 3088 3448 3144 unde

154 3194 254 3235 cum
278 3196 290 3234 :
318 3179 553 3250 Negerst,
594 3183 639 3237 si
685 3199 788 3236 non
841 3183 993 3238 hodie
1046 3184 1185 3251 apud
1231 3201 1284 3239 se
1317 3192 1494 3239 sancta
1520 3186 1735 3255 mystica
1763 3170 1806 3229 (ἒ
1845 3194 2023 3237 tamen
2080 3181 2375 3238 verendum
2419 3181 2642 3235 minime
2672 3189 2776 3247 est,
2805 3196 2868 3235 ne
2894 3180 3017 3235 dum
3062 3181 3236 3234 uarios
3268 3190 3445 3236 textus

157 3286 276 3331 rasa.
306 3290 417 3343 quin
450 3285 569 3331 tum
607 3275 761 3347 impie
793 3274 1037 3345 Lucifero
1058 3276 1403 3342 diripuerunt,
1440 3294 1556 3333 cum
1575 3295 1679 3332 sact
1694 3280 1739 3334 is

154 3363 398 3419 codicibus
426 3366 705 3437 possident
732 3384 750 3420 .'
782 3367 876 3422 sed
912 3378 1057 3423 tanta
1090 3368 1445 3424 Luciferiauu:
1474 3372 1737 3441 interpre—

156 3459 350 3515 tationis
374 3460 767 3516 Ctzttvenicutia
792 3477 916 3517 cum
949 3464 1117 3518 veteri
1164 3463 1367 3529 Italica,
1394 3480 1513 3535 qua:
1544 3467 1737 3533 partim

158 3551 197 3605 in
218 3567 337 3608 mss.
371 3554 677 3610 Bibliorum
701 3554 1006 3621 codicibus,
1034 3556 1230 3627 partim
1256 3558 1308 3611 in
1332 3557 1484 3612 libris
1516 3558 1737 3614 Latino.

160 3663 257 3701 rum
282 3648 507 3703 Patrum
538 3649 604 3705 ad
640 3660 881 3705 nostram
928 3664 1098 3720 usque
1138 3660 1352 3706 aetatem
1381 3665 1593 3706 servata
1619 3651 1736 3717 fuit,

156 3753 451 3813 argumento
518 3743 676 3799 nobis
705 3753 809 3811 Bal,
843 3742 1154 3800 Luciferum
1217 3745 1360 3799 illam
1395 3745 1738 3816 plerumque,

159 3848 214 3886 ne
258 3850 468 3908 semper
502 3836 755 3896 dixerim.
786 3852 908 3892 esse
938 3844 1205 3893 secutum.
1242 3839 1311 3892 At
1335 3847 1542 3892 certum
1606 3854 1741 3908 prte-

162 3937 291 3983 terea
316 3938 419 3993 est.
453 3931 653 3985 latinas
674 3930 1154 3999 interpretationes
1181 3930 1431 4001 antiquas
1457 3947 1737 3988 sacrorum

160 4019 399 4075 librorum
446 4021 716 4093 plurimas
770 4022 899 4076 olim
945 4021 1112 4077 fuisse
1139 4039 1154 4088 ;
1184 4038 1330 4089 nam,
1366 4032 1422 4079 ut
1465 4024 1735 4081 scribitS.

159 4114 464 4185 Augustinus
498 4116 551 4170 in
576 4116 669 4171 lib.
696 4132 731 4177 tt
764 4116 830 4171 de
861 4116 1043 4172 Doctr.
1073 4116 1303 4182 Chl‘i>l.,
1347 4133 1442 4188 pro
1469 4134 1553 4186 ca,
1578 4134 1738 4190 quam

158 4206 359 4280 quisque
383 4209 487 4264 sibi
518 4208 717 4265 habere
746 4209 1029 4266 videbatur
1075 4225 1267 4283 graecae
1308 4221 1362 4267 et
1404 4212 1585 4267 latina:
1637 4213 1741 4267 liu-

157 4296 618 4369 gnrelacultatem,
661 4303 822 4359 simul
854 4318 915 4359 ac
953 4304 1202 4363 Graecum
1248 4303 1502 4362 Ccdicem
1556 4313 1743 4365 nactus

158 4402 276 4460 erat,
308 4393 811 4466 interpretationem
842 4396 1060 4469 aggredi
1110 4398 1344 4454 audebat
1372 4417 1383 4453 :
1417 4398 1540 4455 licet
1596 4410 1744 4455 recte

157 4485 534 4546 animadvertat
563 4490 803 4547 Morinos
832 4490 883 4544 in
914 4490 1126 4545 l’raelat.
1158 4489 1226 4545 de
1268 4488 1446 4547 Textu
1478 4489 1666 4549 Grrcco
1688 4499 1742 4547 et

159 4576 409 4637 llebraico
459 4597 631 4638 sacrae
681 4582 976 4653 Scriptura:
1022 4582 1245 4653 prtelixa
1298 4583 1523 4639 editioni
1591 4556 1818 4639 Pari-D

160 4672 307 4730 siensi
338 4674 698 4747 Septuaginta
727 4675 1088 4747 Interpretum
1112 4673 1515 4733 Graeco-latinae
1537 4676 1603 4733 ad
1630 4676 1739 4741 Ro-

160 4781 356 4824 manam
385 4784 664 4841 expressa:
684 4811 699 4837 ,
729 4770 1119 4841 quadringentis
1150 4769 1323 4835 annis,
1351 4768 1449 4825 hoc
1478 4778 1549 4825 est
1578 4770 1646 4823 ad
1672 4770 1737 4825 S.

160 4856 550 4935 Hieronymum,
598 4862 798 4917 nullum
822 4861 1143 4918 catholicum
1174 4865 1327 4919 aliter
1346 4872 1561 4929 vertere,
1584 4880 1739 4936 quam

160 4950 490 5027 Septuaginta
534 4957 983 5031 prtescripserant,
1034 4974 1220 5012 ausum
1248 4973 1377 5013 esse.
1415 4956 1741 5015 Translatio-

160 5066 235 5104 ues
264 5049 546 5109 Catholica:
571 5063 818 5127 quotquot
844 5058 1078 5126 fuerunt,
1109 5057 1319 5125 fuerunt
1345 5064 1516 5109 autem
1555 5066 1609 5109 ut
1639 5066 1740 5111 tes—

159 5152 282 5198 tatur
312 5148 636 5219 Augustinus
664 5163 790 5219 pene
833 5148 1137 5211 innumerw,
1173 5146 1235 5201 de
1264 5147 1611 5219 Septuaginta
1634 5148 1744 5202 edi-

160 5235 283 5293 tione
303 5242 457 5310 [αι-ιω
476 5239 739 5296 sunt.Praz
757 5240 972 5296 caeteris
992 5249 1171 5295 autem
1198 5240 1742 5311 interpretationibus

164 5345 256 5385 una
285 5348 502 5404 semper
524 5333 803 5401 excelluit,
822 5348 981 5401 quam
1008 5332 1339 5403 Augustinus
1373 5332 1587 5403 Italam,
1611 5334 1739 5391 Ilie-

160 5438 405 5497 I'unymus
445 5428 745 5498 Vulgatam,
781 5428 1079 5500 Gregorius
1129 5429 1199 5485 M.
1240 5430 1469 5485 Veterem
1499 5431 1741 5502 appella-

163 5532 295 5589 runt,
324 5523 415 5578 alii
482 5524 680 5594 passim
732 5524 1038 5595 Scriptores
1092 5524 1457 5591 Communem;
1487 5527 1743 5598 illamque

164 5613 343 5671 (inerte
372 5617 717 5690 Septuaginta
746 5616 1194 5691 Interpretationi,
1226 5638 1288 5677 ea:
1311 5638 1408 5689 qua
1431 5621 1592 5677 latine
1618 5621 1739 5677 red-

161 5711 257 5769 dita
288 5722 383 5779 est,
415 5714 717 5773 similiorem
741 5717 955 5773 cteteris
988 5716 1154 5779 fuisse
1185 5715 1377 5790 probat
1404 5716 1741 5777 Sabatierius

162 5804 446 5875 inlaudata
496 5807 651 5875 Praei.
687 5819 826 5893 part.
854 5810 947 5893 με
986 5813 1066 5884 5;
1129 5810 1327 5895 quippe
1381 5827 1547 5887 quae.
1604 5822 1743 5875 testo

1841 3277 2138 3349 primigenii
2159 3286 2209 3332 et
2240 3275 2592 3345 discrepantes
2617 3274 2902 3343 aliquando
2932 3291 3040 3329 esse
3064 3275 3309 3328 lectiones
3327 3290 3446 3330 cou-

1842 3372 2121 3439 tendimus,
2147 3371 2432 3437 Scriptum
2453 3385 2613 3423 sacra:
2642 3368 2923 3423 auctoritas
2964 3367 3211 3431 laedatur,
3245 3376 3446 3422 nostra-

1840 3482 1937 3535 que
1990 3464 2188 3519 vacillot
2232 3460 2432 3528 Fides,
2482 3463 2665 3517 subdit
2701 3461 2928 3525 ibidem,
2959 3470 3016 3516 et
3070 3462 3314 3531 pluribus
3344 3465 3447 3516 hoc

1841 3560 2018 3628 ipsum
2076 3558 2268 3628 probat
2297 3558 2649 3614 Sabatierius.
2701 3556 2882 3625 Quare
2932 3570 3056 3612 cum
3100 3561 3151 3610 iu
3193 3556 3448 3612 Lucifero

1843 3648 2148 3717 huiusmodi
2173 3648 2463 3707 discrimen
2489 3648 2603 3703 sive
2632 3662 2663 3702 a
2680 3646 2885 3703 Graecis
2911 3647 3258 3718 quandoque,
3280 3650 3393 3704 sive
3416 3663 3445 3703 a

1842 3743 2050 3798 Latinis
2069 3744 2178 3811 jam
2199 3742 2359 3799 editis
2384 3742 2575 3798 Bibliis
2603 3741 3024 3811 occurrat,quid
3056 3741 3290 3797 nobisin
3321 3756 3447 3798 sus-

1841 3844 1996 3905 cepta
2025 3835 2220 3891 horum
2253 3835 2512 3890 librorum
2538 3834 2783 3892 editione
2808 3843 2954 3890 esset
2989 3832 3282 3903 agendum,
3304 3833 3447 3891 haud

1845 3945 2034 4000 parum
2059 3929 2318 3985 haesimus
2342 3927 2559 3995 incerti,
2577 3928 2841 3999 dubiique
2855 3927 3114 3999 quidnam
3140 3936 3446 3999 pratstarot.

1844 4025 2164 4096 lntprudens
2218 4024 2680 4096 Lugdunensium,
2730 4033 3167 4095 caterorumque
3222 4023 3328 4079 PP.
3362 4023 3443 4078 Bi-

1843 4117 2133 4174 bliotheca:
2160 4127 2472 4184 auctorum,
2497 4118 2587 4187 qui
2611 4116 2678 4172 ad
2715 4115 2945 4172 formam
2975 4128 3175 4171 nostra:
3204 4114 3451 4183 Vulgstte

1843 4212 2078 4269 Luciferi
2124 4213 2438 4273 testimonia
2477 4212 2777 4269 emendare
2827 4211 3177 4276 studuerunt,
3213 4212 3446 4281 proban-

1844 4305 1973 4361 dum
2003 4320 2111 4361 non
2149 4316 2305 4372 erat;
2340 4306 2551 4362 inutilis
2578 4314 2759 4363 autem
2789 4305 2992 4361 laboris
3023 4305 3218 4360 fuisset
3241 4303 3295 4359 id
3322 4319 3448 4375 per-

1844 4400 2029 4469 sequi,
2054 4400 2199 4471 quod
2229 4400 2509 4469 inceperat
2554 4399 2605 4453 la
2635 4397 2920 4463 Corda,.ut
2944 4397 3136 4453 eodem
3167 4411 3293 4452 cum
3330 4397 3445 4467 ipsa

1848 4494 2073 4565 Vulgata
2129 4493 2550 4556 conferremus;
2611 4493 2783 4549 nostri
2839 4502 3020 4548 autem
3074 4490 3304 4547 instituti
3336 4506 3447 4547 non

1845 4587 2316 4658 erat,interptetis
2343 4600 2635 4657 personam
2659 4601 2841 4657 agere,
2863 4600 3041 4656 neque
3068 4600 3164 4642 eas
3195 4584 3451 4656 quaestio-

1845 4700 1944 4740 nes
1969 4682 2214 4755 aggredi,
2238 4697 2268 4738 a
2303 4681 2506 4753 quibus
2533 4680 2816 4736 abstinere
2847 4687 3063 4737 nosmet
3086 4692 3194 4735 non
3232 4680 3448 4749 potuis-

1845 4790 2053 4843 scmus,
2078 4775 2124 4833 si
2150 4773 2216 4830 ad
2239 4774 2488 4832 Graecum
2538 4773 2820 4844 exemplar
2848 4772 3103 4829 libuisset
3133 4770 3451 4843 expendere

1847 4881 1901 4924 et
1928 4867 2222 4925 etttendare
2263 4868 2488 4923 latinam
2522 4863 2762 4923 Luciferi
2797 4866 3305 4937 interpretationem
3335 4879 3350 4928 ;
3379 4878 3450 4918 ex

1847 4979 1957 5037 quo
1990 4972 2253 5034 prmterea
2287 4962 2451 5017 nimia
2479 4960 2747 5030 subjectis
2770 4961 2912 5015 notis
2942 4956 3189 5015 accessio
3212 4955 3446 5025 pluriunt

1848 5059 2276 5130 disputationum
2331 5056 2470 5112 facta
2517 5055 2729 5121 luisset,
2757 5068 2812 5111 et
2833 5054 3128 5124 longiores,
3161 5067 3321 5121 quam
3354 5065 3451 5120 par

1848 5162 2015 5221 esset,
2048 5152 2359 5208 notationes
2387 5150 2687 5205 evasissent
2721 5149 2836 5205 lere
2856 5147 2922 5202 ad
2959 5146 3261 5214 legentium
3295 5142 3450 5198 fasti-

1847 5247 2018 5303 dium.
2053 5245 2206 5313 Quod
2258 5258 2384 5300 sero
2412 5242 2643 5299 fortasse
2666 5242 3109 5299 auimadvertens
3131 5234 3452 5295 Gallandius

1848 5342 2122 5409 inceptum
2180 5336 2412 5409 proinde
2467 5336 2682 5407 sibique
2753 5336 3089 5405 propositum
3147 5345 3285 5400 opus
3340 5344 3448 5385 non

1846 5435 2077 5490 absolvit
2104 5451 2119 5489 :
2146 5433 2276 5489 Cum
2304 5448 2442 5498 vero,
2475 5432 2669 5499 inquit,
2699 5430 2911 5499 Lucifer
2931 5431 2985 5483 in
3012 5429 3120 5483 suis
3141 5426 3288 5483 libris
3320 5441 3449 5479 con-

1844 5528 2128 5585 scribendis
2156 5528 2362 5599 integra
2404 5530 2568 5599 ferme
2598 5540 2863 5580 sacrorum
2902 5524 3150 5579 librorum
3182 5520 3449 5576 volumina

1845 5623 2132 5677 ordinatim
2164 5631 2455 5689 percurrat,
2500 5619 2760 5685 aliamque
2790 5618 3075 5672 versionem
3117 5614 3453 5682 Vulgata're-

1846 5718 2115 5776 tustiorern
2178 5714 2443 5780 adhibeat,
2468 5715 2523 5769 in
2551 5712 2607 5769 id
2636 5712 2962 5781 potissimum
3004 5708 3352 5769 incubuimus.
3394 5716 3450 5763 ut

1848 5814 1962 5874 loca
2000 5813 2270 5887 utriusque
2310 5807 2565 5877 Foederis,
2599 5805 2785 5889 quibus
2832 5807 2993 5883 ferme
3019 5806 3161 5882 .solls
3217 5810 3456 5873 contorta
