3972 6352
488 237 598 295 705

1495 237 1796 298 LUCIFER
1833 237 2211 297 EPISCOPUS
2250 236 2759 296 CALARITANUS.

3654 238 3737 296 τοι

483 356 606 406 sunt
627 348 823 421 scripta
850 347 1206 422 Luciferiana,
1233 350 1339 407 sive
1385 367 1507 406 cum
1547 352 1970 426 interpretatione
2006 367 2086 407 se-
2115 351 2170 414 Α
2193 351 2450 408 mendum
2475 353 2695 424 irrepsit
2726 371 2739 407 :
2775 352 2959 407 Ortum
2981 363 3057 408 est
3089 363 3282 420 autem,
3307 353 3475 426 inquit
3497 353 3671 411 Millius
3695 359 3740 413 in

489 444 948 517 ptuagintaoirali,
971 445 1076 500 sive
1119 461 1237 500 cum
1265 455 1405 502 textu
1439 444 1578 502 Novi
1623 447 1939 503 Testamenti
1965 463 2090 502 con—

495 538 798 608 ferrentur;
825 554 885 593 eo
901 539 956 592 in
979 539 1161 608 primis
1186 541 1394 596 nomine
1414 541 1550 613 quod
1580 543 1793 614 antiqua
1812 541 1906 597 illa
1926 542 2091 598 oersio

489 630 698 699 Latina,
723 631 791 686 ad
814 629 974 687 libros
1000 633 1140 702 quod
1163 635 1346 689 attinet
1367 636 1555 690 veteris
1579 633 1836 704 Fasderis,
1862 636 1933 690 ad
1957 635 2090 708 Sep-

488 723 723 794 tuaginta
746 725 927 778 senum
956 724 1232 780 editionem
1260 735 1441 781 exacta
1468 738 1729 782 noscatur.
1757 726 1864 783 Sed
1894 726 1939 782 is
1961 743 2090 798 pro-

492 813 677 870 missis
705 828 815 872 non
864 817 1052 883 stetit;
1083 832 1204 888 qua:
1246 835 1368 874 cum
1400 817 1589 876 Graeca
1642 820 2093 892 interpretatione

490 906 745 971 contulit,
776 921 884 963 non
913 908 1080 964 multa
1108 918 1254 978 sunt,
1280 910 1513 968 eruditis
1540 921 1718 968 tamen
1748 913 2094 969 animadver-

493 1000 740 1058 sionibus
770 1012 962 1058 ornata
989 1019 1003 1070 ;
1033 1013 1230 1060 caetera
1260 1005 1366 1062 sibi
1397 1007 1535 1078 ipsis
1557 1007 1768 1075 relicta,
1795 1022 1858 1064 ac
1884 1007 2093 1065 Griecze

493 1097 1012 1167 comparationis.et
1035 1097 1211 1155 critici
1232 1099 1422 1169 jndicii
1451 1099 1595 1155 nuda
1627 1101 1841 1168 penitus
1868 1110 2096 1172 praeter-

498 1185 668 1244 misit.
689 1185 875 1259 Neque
905 1187 1205 1246 Flamiuius
1224 1188 1472 1247 Nobilius
1503 1191 1558 1246 in
1579 1189 1822 1247 Romana
1852 1190 2095 1249 editione

499 1279 858 1353 Septuaginta
889 1280 1257 1353 Interpretum
1313 1284 1542 1340 multum
1577 1284 1781 1357 profuit
1809 1285 2094 1356 corrigen-

499 1375 586 1433 dis
640 1376 878 1433 Luciferi
926 1378 1275 1446 testimoniis,
1305 1393 1413 1450 quo
1442 1394 1551 1436 non
1575 1395 1700 1436 raro
1727 1393 1856 1435 usus
1883 1390 1967 1435 est
1992 1396 2093 1435 au-

499 1479 658 1526 ctore
689 1469 742 1525 in
773 1469 1023 1535 scholiis,
1055 1471 1312 1543 notisque
1341 1471 1517 1528 eidem
1564 1471 1790 1542 adiectis
1826 1471 2052 1528 editioni
2079 1487 2095 1537 ;

498 1563 698 1635 quippe
717 1563 833 1634 qui,
861 1573 921 1619 ut
964 1574 1113 1621 recte
1153 1565 1382 1622 disserit
1411 1566 1750 1622 Sabatierius
1781 1567 1834 1621 in
1867 1576 2007 1638 part.
2041 1583 2097 1621 ιιι

501 1656 721 1713 Ρτωῆιι.
752 1656 782 1730 §
815 1658 866 1726 l,
891 1673 1016 1714 cum
1048 1657 1152 1715 sibi
1183 1659 1234 1714 iu
1289 1660 1472 1715 animo
1499 1661 1876 1730 proposuisset
1905 1659 2102 1731 Vulga-

2194 447 2408 521 Prolcg.
2439 465 2588 504 num.
2616 448 2744 516 775,
2770 450 2829 506 τὸ
2853 447 3054 503 nemini
3082 448 3475 504 consenseritis
3503 465 3563 504 ea:
3593 467 3742 522 perpe-

2192 556 2301 594 ram
2331 541 2604 609 descriptis
2635 538 2851 605 Grtecis,
2896 541 2973 602 τίς
3003 539 3238 612 ἀνέκοψεν
3269 541 3410 613 ὑμᾶς
3445 541 3665 617 diaetis};
3687 550 3742 614 μὴ

2194 634 2447 690 πείθεσθε.
2500 631 2634 702 Quis
2662 647 2761 687 vos
2787 631 3046 697 abscidit,
3077 647 3162 684 seu
3192 631 3396 687 excidit
3414 631 3481 688 de
3509 635 3746 689 veritate?

2195 740 2264 780 ne
2313 725 2724 780 consenseritis.
2784 723 2977 778 Postea
3023 727 3216 794 factum
3249 732 3325 778 est
3365 740 3426 778 ea:
3453 725 3747 779 emendatiori

2197 827 2363 884 textu,
2389 819 2491 885 Qui
2546 833 2642 873 vos
2681 817 2964 887 impedivit
2990 831 3097 872 non
3127 815 3401 872 obedire?
3428 825 3473 872 et
3502 815 3672 888 prioris
3687 817 3747 872 le-

2197 912 2381 965 ctionis
2402 910 2750 981 appendicula
2778 926 2846 966 ne
2873 909 3270 965 consenSeritis
3314 910 3378 963 ab
3407 910 3630 979 imperito
3648 927 3749 980 quo-

2198 1007 2320 1060 dam
2363 1006 2530 1061 scriba
2571 1005 2783 1076 reliquis
2813 1005 3020 1079 adjecta
3045 1015 3142 1060 est.
3174 1003 3244 1058 Et
3272 1004 3414 1059 idem
3436 1003 3750 1061 confirmatio

2199 1099 2342 1155 notis
2371 1098 2438 1153 ad
2473 1099 2613 1154 hunc
2642 1098 2894 1169 Apostoli
2944 1099 3124 1153 locum
3150 1115 3165 1164 ;
3191 1097 3319 1168 quia
3353 1097 3595 1152 nimirum
3623 1097 3752 1153 libra-

2199 1193 2313 1249 rius
2343 1193 2625 1262 scripserit
2673 1193 2901 1249 πείθεσθε
2933 1207 3030 1263 pro
3064 1193 3355 1254 πείθεσθαι,
3404 1191 3476 1244 uti
3516 1188 3565 1244 in
3599 1187 3752 1246 Grzcco

2201 1296 2351 1343 textu
2379 1286 2671 1342 emendato
2696 1286 2894 1356 legitur
2918 1304 2932 1342 ;
2974 1289 3053 1349 τὶς
3077 1288 3216 1359 ὑμᾶς
3247 1285 3486 1358 ἀνέκοψεν
3506 1293 3564 1360 τῇ
3582 1286 3750 1361 ἀληθείᾳ

2199 1387 2271 1450 μὴ
2321 1381 2624 1445 nitescens;
2659 1379 2977 1449 Suspicatus
3017 1380 3240 1450 quidem
3288 1389 3374 1432 εει
3399 1377 3618 1448 Zegerus
3642 1377 3752 1444 apud

2202 1473 2444 1540 Millium,
2481 1473 2774 1543 peric0pen
2801 1471 2940 1528 banc
2973 1489 3035 1526 ne
3061 1469 3501 1526 consenseritisab
3529 1468 3753 1524 liaareticis

2202 1567 2451 1622 abrasmn
2482 1566 2650 1621 fuisse
2686 1581 2718 1622 e
2745 1564 2950 1621 Graecis
2978 1564 3275 1621 Codicibus
3332 1563 3500 1618 multo
3526 1571 3636 1617 ante
3658 1561 3754 1618 llic-

2209 1662 2421 1735 rouymi
2464 1671 2678 1718 aetatem
2709 1679 2724 1726 ;
2753 1670 2810 1716 at
2838 1661 3019 1717 nullus
3046 1661 3098 1716 in
3131 1677 3192 1716 ea
3220 1660 3376 1715 locus
3420 1667 3533 1714 erat
3577 1657 3754 1712 iuvandi

503 1760 611 1805 tam
631 1759 849 1805 veterem
879 1750 1080 1807 ibidem
1110 1751 1422 1818 restituere,
1451 1750 1693 1807 Crescunt
1716 1753 1887 1824 potius
1933 1769 2105 1808 εει-ειη·
2135 1760 2182 1820 Β
2213 1757 2465 1812 tuendive
2511 1754 2753 1812 haeretici
2785 1755 2990 1810 erroris
3022 1772 3036 1821 ;
3066 1765 3122 1809 et
3172 1754 3536 1824 Hieronymus
3582 1753 3628 1806 in
3677 1750 3754 1805 hoc

503 1843 623 1914 plar
646 1843 746 1914 ﬁdi
795 1843 1087 1914 interpretis
1133 1845 1242 1900 uice
1268 1845 1534 1917 fungendo
1574 1845 1780 1901 uerbum
1806 1845 1958 1901 verbo
1987 1846 2106 1900 red-

503 1936 678 2004 didit;
703 1937 948 1994 laudatas
975 1955 1006 1993 a
1039 1937 1146 1995 SS.
1173 1937 1422 1994 Patribus
1449 1941 1730 1995 sententias
1755 1941 1964 1995 nonnisi
1992 1956 2103 2008 eas,

503 2045 620 2101 quas
642 2027 826 2085 erco
847 2031 1130 2103 cummari
1151 2041 1300 2086 erant
1327 2042 1683 2087 consentanea:
1705 2031 1997 2100 exscripsit,
2013 2048 2106 2086 ne-

506 2123 686 2196 glectis
725 2139 844 2194 qute
883 2123 1222 2189 dissidebant,
1254 2135 1407 2197 atque
1451 2125 1516 2180 ab
1555 2127 1670 2198 ipso
1695 2124 1886 2182 Codice
1925 2123 2108 2180 Grieco

508 2226 657 2272 erant
684 2216 902 2272 diversa:
924 2233 943 2272 :
972 2218 1138 2272 immo
1165 2219 1438 2287 pauciores
1471 2227 1613 2287 sunt,
1647 2236 1776 2286 quas
1801 2237 1834 2274 a
1859 2218 2110 2274 Patribus

507 2309 711 2366 Latinis
737 2311 989 2381 excerpsit
1006 2328 1026 2379 ;
1043 2321 1092 2366 et
1103 2312 1241 2366 circa
1261 2310 1469 2368 Novum
1483 2312 1865 2370 Testamentum
1878 2315 1954 2369 nil
1963 2314 2110 2370 aliud

507 2421 662 2474 quam
690 2415 887 2460 textum
915 2414 1275 2477 reprassentat.
1308 2406 1443 2462 Rem
1488 2408 1674 2480 itaque
1707 2417 1786 2464 tot
1828 2409 2110 2478 obseptam

507 2498 920 2556 difﬁcultatibus
947 2514 1055 2554 uno
1080 2499 1300 2556 tandem
1327 2501 1559 2558 consilio
1588 2501 1982 2572 expediendam
2012 2502 2114 2557 du-

512 2593 731 2659 ximus;
762 2602 818 2648 ut
854 2595 1110 2650 nimirum
1141 2595 1349 2666 singula
1383 2609 1557 2650 sacrae
1604 2596 1901 2668 Scriptura:
1934 2597 2052 2652 loca
2083 2611 2112 2650 a

514 2683 770 2743 Lucifero
793 2687 1070 2758 descripta
1092 2703 1214 2743 cum
1247 2687 1378 2742 Itala
1413 2688 1874 2760 lnterpretatione
1896 2691 2114 2761 antiqua

513 2795 998 2850 componeremus,
1030 2781 1246 2852 qualem
1279 2781 1689 2837 absnlutissimo
1716 2797 1884 2853 opere
1909 2782 2118 2854 perfec-

518 2884 630 2930 tam
657 2875 815 2931 nobis
839 2875 1093 2932 exhibuit
1129 2875 1504 2932 Sabatierius:
1539 2877 1684 2947 quod
1718 2887 1897 2932 autem
1942 2878 1995 2932 in
2026 2877 2116 2933 illa

521 2983 552 3023 a
582 2967 939 3026 Luciferianis
964 2970 1294 3026 testimoniis
1335 2969 1537 3037 dilfert,
1567 2972 1621 3026 in
1655 2971 1931 3042 subjectas
1960 2982 2118 3028 notas

520 3060 776 3134 rejicere,
803 3065 971 3134 siqua:
1024 3063 1297 3120 lectiones
1341 3063 1426 3120 vel
1454 3078 1486 3120 e
1507 3063 1715 3120 Graecis
1738 3066 1824 3121 vel
1853 3080 1886 3122 e
1911 3065 2120 3122 Latinis

2210 1850 2364 1907 Pauli
2397 1850 2774 1905 testimonium
2806 1847 3026 1914 subdit,
3062 1849 3208 1903 illam
3239 1847 3344 1901 sibi
3389 1843 3755 1916 praetermitten-

2209 1944 2333 1999 dum
2362 1951 2602 2012 putasse,
2627 1942 2751 2013 quia
2776 1958 2868 1996 nec
2893 1942 2950 1996 in
2974 1939 3168 1996 Graecis
3208 1939 3381 2006 libris,
3410 1954 3501 1993 nec
3521 1938 3569 1992 in
3589 1937 3672 2000 his,
3691 1936 3756 2006 qui

2211 2037 2266 2091 in
2294 2035 2605 2106 Apostolum
2633 2036 2963 2092 commentati
2990 2045 3132 2099 sunt,
3183 2034 3326 2088 hanc
3372 2035 3611 2100 scriptam
3636 2031 3756 2086 iuve-

2212 2130 2376 2186 ncrit.
2408 2129 2570 2185 Addit
2619 2128 2844 2195 Millius,
2879 2125 3214 2192 Luciferum,
3267 2125 3365 2198 qui
3427 2125 3556 2179 illud
3587 2122 3753 2179 Nemini

2213 2223 2603 2281 conscnseritis
2619 2222 2686 2276 ad
2711 2223 2975 2290 sequentia
2993 2221 3250 2290 pertinere
3273 2221 3490 2286 putavit,
3513 2217 3754 2273 inseruisse

2213 2319 2282 2375 de
2313 2333 2412 2374 suo
2441 2332 2639 2373 nomen
2686 2316 2973 2372 relativum
3004 2315 3115 2384 qui,
3143 2312 3292 2385 quod
3327 2324 3502 2369 tamen
3532 2308 3751 2382 legiturin

2213 2413 2402 2470 codice
2429 2413 2763 2468 Borneriano
2784 2409 2926 2481 apud
2949 2409 3341 2465 Sabatierium.
3369 2407 3510 2464 idem
3531 2403 3753 2474 estojudi-

2215 2507 2358 2562 cium
2385 2504 2455 2560 de
2494 2512 2763 2559 commate
2793 2502 3124 2572 insequenti,
3153 2502 3336 2556 suasio
3390 2509 3548 2555 vestra
3591 2513 3644 2552 es
3673 2495 3754 2551 Deo

2216 2609 2310 2661 est,
2335 2597 2423 2652 cui
2451 2597 2610 2651 deest
2642 2595 2904 2666 particula
2951 2593 3199 2662 negativa
3229 2607 3358 2659 non,
3387 2592 3441 2645 in
3485 2589 3751 2662 Gnecuoiz,

2219 2691 2428 2746 scilicet
2447 2706 2550 2744 non
2581 2699 2653 2744 est
2681 2705 2699 2744 :
2726 2698 2781 2743 et
2809 2688 2996 2743 deerat
3018 2687 3110 2742 illa
3137 2685 3358 2761 quidem
3382 2681 3533 2739 codd.
3563 2679 3754 2752 pluribus

2219 2786 2446 2852 Grmcis,
2479 2800 2618 2857 quos
2665 2783 3028 2856 Hieronymus
3075 2781 3254 2852 legit;
3299 2789 3356 2836 at
3377 2779 3606 2843 is,teste
3630 2774 3753 2830 iitllio

2221 2878 2276 2934 in
2311 2878 2448 2934 locis
2478 2877 2732 2942 laudatis,
2789 2877 3046 2930 omissam
3089 2873 3328 2930 credidit
3354 2888 3380 2926 a
3420 2865 3754 2942 simplicioribus

2222 2969 2557 3040 quibusdam,
2601 2969 2691 3038 qui
2711 2976 2950 3038 putantes
2979 2983 3034 3020 se
3055 2965 3264 3038 deferre
3308 2963 3438 3031 Deo,
3467 2971 3519 3017 ut
3545 2958 3752 3033 persuasio

2222 3078 2422 3134 quoque
2447 3071 2622 3116 nostra
2652 3061 2707 3114 in
2735 3061 2845 3131 ejus
2873 3059 2938 3113 sit
2965 3069 3238 3127 potestate,
3275 3058 3582 3112 abstulerunt
3607 3061 3753 3121 partem

528 3156 843 3223 Codicibus,
874 3167 966 3212 aut
1011 3173 1041 3214 e
1067 3157 1275 3214 Latinis
1311 3158 1561 3214 Patribus
1589 3174 1621 3213 a
1650 3159 1961 3216 Sabatierio
1991 3176 2115 3232 pro-
2146 3158 2193 3222 C.
2223 3157 2474 3212 orationis
2504 3170 2636 3220 non,
2665 3162 2716 3208 et
2742 3168 2951 3208 sensum
2979 3151 3310 3206 contrarium
3365 3149 3593 3223 Apostolo
3623 3144 3753 3198 reddi-

522 3250 700 3308 ductze
726 3265 851 3307 cum
906 3250 1270 3308 Luciferianis
1301 3254 1654 3308 consentiunt
1695 3253 1763 3308 iis
1791 3253 1843 3308 in
1877 3254 2033 3319 locis,
2067 3255 2120 3309 in

523 3345 724 3416 quibus
753 3344 894 3416 apud
951 3345 1497 3402 Lucifernmatextu
1550 3349 1786 3418 antiqua:
1842 3347 2124 3404 Versionis

527 3438 762 3496 diversae
791 3449 941 3508 sunt,
972 3455 1070 3497 eas
1098 3442 1436 3507 exscribere,
1463 3449 1519 3497 ut
1554 3441 1896 3497 Luciferiana
1932 3441 2125 3498 Versio

531 3533 712 3606 aliquo
739 3534 1058 3589 testimonio
1102 3534 1511 3604 comprobetur,
1547 3548 1648 3590 nec
1677 3535 1858 3590 varias
1882 3533 2066 3589 itidem
2094 3550 2123 3588 a

525 3627 738 3683 'l‘iliana
789 3628 1031 3684 editione
1057 3627 1332 3684 dictiones
1359 3631 1615 3686 omittere
1656 3630 1826 3684 satius
1847 3629 2123 3696 duximus,

531 3737 670 3792 quas
695 3722 748 3776 iu
775 3721 894 3792 ipso
923 3721 1174 3778 Lucifero
1201 3722 1426 3778 exhibet
1477 3722 1734 3779 idemmet
1762 3723 2127 3790 Sabatierins,

533 3815 663 3870 dum
692 3813 927 3871 Luciferi
958 3815 1265 3871 testimonia
1299 3817 1352 3872 in
1397 3831 1554 3872 suum
1589 3831 1728 3887 opus
1758 3817 2031 3887 importat.
2052 3817 2128 3871 Ita

535 3899 697 3962 bobis
722 3906 893 3962 multo
919 3906 1258 3962 commodius
1295 3908 1587 3978 utiliusque
1609 3909 1784 3963 visum
1812 3918 1897 3964 est
1938 3910 1990 3963 in
2023 3925 2133 3964 uno

537 4000 796 4058 Lucifero
811 4002 1089 4072 exemplar
1101 4015 1230 4056 sane
1253 4001 1740 4078 luculentissimum
1767 4003 2006 4075 Antiqua:
2031 4003 2134 4058 La-

535 4093 659 4149 tina:
691 4092 959 4148 Versionis
984 4093 1290 4164 legentibus
1313 4092 1536 4160 olferre,
1569 4093 1820 4164 idemque
1856 4096 2132 4163 Cotelerii,

536 4197 594 4244 et
622 4185 799 4254 Millii,
828 4195 884 4244 et
933 4186 1105 4256 ipsius
1155 4186 1448 4243 Sabatierii
1477 4201 1604 4256 ope,
1636 4201 1799 4258 quam
1823 4202 1890 4242 es
1919 4187 2133 4243 illorqu

539 4280 1106 4337 animadversionibus
1130 4279 1286 4335 nobis
1311 4279 1772 4351 comparavimus,
1802 4290 2133 4346 correctum,

539 4383 600 4431 et
633 4375 704 4431 ab
745 4374 814 4432 iis
841 4376 1052 4432 mendis
1101 4384 1408 4447 purgatum,
1436 4391 1560 4447 quae
1590 4375 1802 4432 facilius
1819 4377 2135 4448 cujusquam

540 4469 715 4526 oculis
736 4478 989 4538 poterant
1009 4471 1311 4525 obversari.

2227 3251 2388 3306 dere:
2420 3247 2562 3304 unde
2596 3247 2796 3302 iterum
2828 3247 2880 3301 in
2910 3244 3160 3302 Gra'cum
3191 3253 3250 3301 et
3278 3244 3516 3299 Latinum
3537 3235 3755 3306 exemplar

2228 3343 2573 3400 inserendam
2627 3341 2930 3398 rectissime
2968 3339 3205 3395 censuit.
3238 3343 3416 3412 Atque
3442 3337 3536 3391 hoc
3575 3336 3617 3388 in
3665 3331 3754 3385 loco

2228 3437 2456 3494 Millium
2489 3433 2896 3507 reprehendere
2923 3433 3107 3499 liceat,
3140 3434 3230 3504 qui
3263 3432 3332 3487 ad
3361 3447 3505 3487 nllm.
3539 3428 3629 3484 688
3655 3425 3751 3479 Pro-

2228 3531 2336 3602 leg.
2367 3530 2602 3586 aliercns
2651 3544 2714 3584 ex
2770 3525 3054 3584 Clemente
3103 3524 3483 3581 Alexandrino
3513 3521 3611 3576 hzec
3633 3515 3751 3571 verba

2229 3624 2476 3695 epistula:
2529 3621 2682 3678 indu:
2724 3637 2868 3677 vers.
2908 3621 2941 3676 6
2977 3628 3237 3693 εΔεσμοῐς
3292 3617 3471 3679 ἀϊδίοις
3517 3617 3608 3671 ὑπὸ
3651 3612 3753 3682 ζόφθν

2231 3719 2678 3795 ἀγρίωνᾶγβλων
2699 3720 2993 3795 τετήρηκεν,
3016 3713 3166 3778 Htec,
3187 3713 3396 3780 subdit,
3425 3710 3587 3766 ordine
3608 3717 3756 3776 ρητρο·

2232 3823 2366 3868 stero
2383 3813 2763 3884 repraesentavit
2791 3809 2995 3876 scriba;
3011 3811 3199 3886 ἀγρίων
3223 3822 3488 3880 perperam
3508 3818 3590 3873 pro
3609 3799 3754 3870 ἁγίωνί

2235 3909 2357 3980 poni
2383 3918 2550 3962 autem
2578 3907 2722 3961 debet
2752 3906 2908 3980 ἁγίων
2933 3905 3160 3978 ἀγγέλων
3209 3911 3328 3976 post
3353 3899 3543 3962 ἀϊδίοις,
3568 3891 3679 3966 quod
3697 3900 3753 3956 (θ’

2234 4015 2340 4059 tum
2361 4022 2423 4059 ex
2454 4002 2696 4071 Lucifero
2725 4001 3031 4056 Calaritano
3059 4001 3331 4055 discimus.
3364 3996 3556 4054 Deinde
3584 3993 3630 4047 in
3656 3987 3756 4042 nolis

2236 4098 2312 4155 illi
2336 4098 2488 4154 Judie
2521 4098 2836 4153 testimonio
2858 4096 3122 4167 adpositis
3143 4111 3172 4150 a
3196 4095 3396 4164 seipse
3423 4077 3757 4147 dissentitscri-

2237 4194 2396 4257 hens.
2431 4192 2741 4248 Luciferum
2769 4200 3080 4261 corruptam
3108 4189 3311 4261 legisse
3333 4201 3515 4242 vocem
3544 4183 3673 4254 ἁγίων
3689 4186 3756 4245 pro

2239 4291 2429 4364 ἀγρίων
2458 4289 2700 4358 :integra
2721 4285 2868 4342 enim
2891 4293 2947 4341 et
2976 4292 3120 4338 recta
3151 4293 3235 4338 est
3257 4279 3485 4338 Luciferi
3509 4274 3646 4331 lcetio
3671 4279 3753 4337 tua.

2242 4382 2330 4436 hic
2351 4381 2424 4437 28
2454 4381 2573 4452 (col.
2599 4379 2724 4450 792)
2748 4378 2913 4432 malos
2944 4377 3200 4432 nimirum
3227 4374 3438 4447 angelos
3463 4364 3653 4424 vinculis

2241 4487 2441 4532 ctorum
2457 4449 2762 4547 angelorum
2775 4472 2868 4526 sub
2886 4471 3108 4526 tenebris
3128 4469 3360 4534 servari;
3377 4479 3492 4537 quae
3507 4457 3693 4547 quidem
3703 4449 3758 4504 lo-

620 4562 818 4626 Verum
851 4565 1108 4620 nonnulla
1134 4565 1318 4621 insunt
1349 4566 1584 4622 Luciferi
1613 4566 1790 4636 libris,
1821 4582 1943 4636 quae
1970 4568 2142 4623 corri-
2168 4551 2221 4612 Ῑ)
2249 4580 2332 4627 ret
2360 4584 2491 4626 vero
2525 4545 2829 4631 dissimilis,
2858 4567 2902 4622 si
2932 4564 3108 4620 malos
3136 4563 3363 4634 angelos
3389 4575 3418 4615 a
3457 4555 3596 4614 malis
3622 4545 3757 4604 itidem

540 4669 671 4726 gere
700 4653 888 4710 vitium
916 4654 1080 4723 foret,
1099 4664 1156 4712 et
1171 4658 1451 4729 scriptoris
1469 4659 1760 4716 sententiae
1785 4661 2144 4717 adversaren-

543 4760 656 4818 tur,
674 4759 728 4804 ut
742 4757 803 4804 ut
819 4749 1005 4804 vitium
1024 4750 1077 4804 in
1093 4751 1288 4806 iisdem
1309 4752 1776 4823 deprehendatur.
1794 4754 2055 4823 Exemplo
2076 4755 2147 4810 sit

546 4843 918 4900 testimonium
947 4843 1011 4897 D.
1042 4843 1197 4898 Pauli
1218 4843 1286 4900 ad
1313 4843 1492 4900 Galat.
1519 4863 1573 4911 v,
1597 4847 1654 4912 7,
1679 4862 1800 4918 pag.
1827 4847 1998 4904 bic96
2019 4849 2142 4916 (col.

547 4935 705 5010 790):
725 4935 829 5004 Qui
845 4936 1036 4991 nemini
1057 4939 1438 5002 consenseritis,
1460 4940 1635 4995 suasio
1656 4949 1824 4995 vestra
1839 4958 1901 4996 ea:
1919 4940 2027 4995 Deo
2046 4952 2144 5008 est,

545 5040 652 5088 etc.
694 5029 839 5102 quod
869 5044 996 5085 cum
1028 5029 1262 5086 Luciferi
1308 5034 1580 5088 sententia
1608 5034 1817 5104 optime
1843 5034 2098 5090 convenit
2127 5052 2142 5101 ;

544 5125 592 5180 is
622 5124 826 5180 etenim
857 5123 1077 5180 scribit:
1100 5121 1482 5196 Cognoscentes
1511 5143 1597 5182 ros
1625 5144 1733 5182 esse
1757 5129 1900 5182 unici
1919 5126 2019 5182 Dei
2050 5127 2147 5182 Fi-

545 5217 810 5287 liinostes,
837 5217 1066 5290 fugimus
1091 5219 1298 5290 nefaria
1340 5219 1559 5273 consilia
1580 5230 1768 5288 vestra,
1804 5231 2144 5292 temperantes

540 5311 655 5366 uoci
677 5309 914 5382 Apostoli
937 5327 958 5367 :
991 5311 1098 5379 Qui
1135 5311 1328 5365 nemini
1356 5312 1740 5381 consenseritis,
1777 5314 1950 5368 suasio
1975 5325 2145 5370 castra

535 5419 606 5460 ea:
633 5401 745 5459 Deo
764 5413 885 5460 est:
913 5406 1108 5476 probat
1149 5405 1300 5461 enim
1353 5406 1570 5462 Lucifer
1621 5406 1930 5478 hujusmodi
1984 5411 2140 5464 testi-

542 5497 750 5565 monia,
781 5497 1072 5554 consilium
1101 5513 1260 5555 suum
1291 5515 1399 5555 non
1430 5500 1792 5557 conveniendi
1821 5516 1946 5557 cum
1974 5501 2138 5558 barre-

543 5589 670 5648 ticis
698 5590 917 5649 Arianis
944 5607 976 5650 e
1004 5593 1198 5652 divino
1228 5594 1490 5650 instinctu
1523 5594 1828 5666 profectum
1857 5595 2047 5653 fuisse.
2076 5600 2145 5654 At

544 5684 690 5762 enim
723 5684 776 5741 in
801 5684 1008 5743 Graecis
1036 5688 1192 5744 libris
1215 5704 1386 5762 prave
1407 5690 1682 5762 descripta
1713 5700 1872 5748 erant
1896 5692 2145 5762 Apostoli

540 5761 741 5847 verba,
777 5779 925 5838 unde
977 5778 1030 5838 in
1089 5781 1313 5840 latinam
1367 5787 1585 5856 quoque
1638 5761 2139 5856 interpretationem

2246 4663 2458 4734 angelis
2486 4661 2814 4718 constrictos
2845 4657 3022 4714 teneri
3064 4656 3423 4720 enunciaret;
3459 4647 3635 4706 dicitur
3654 4637 3756 4695 enim

2247 4759 2474 4829 Apocal.
2504 4773 2596 4825 xx,
2628 4758 2679 4822 l,
2711 4755 2950 4825 Angelus
2972 4751 3325 4808 descendisse
3361 4749 3428 4803 de
3454 4742 3581 4800 ctelo
3604 4733 3757 4829 habens

2249 4854 2444 4908 clavem
2469 4851 2672 4921 abyssi,
2700 4859 2748 4902 et
2787 4857 3016 4902 catenam
3049 4861 3293 4918 magnam
3321 4844 3372 4898 in
3400 4854 3539 4895 manu
3561 4847 3640 4888 sua
3658 4843 3673 4892 ἱ
3694 4837 3756 4894 4'“

2249 4944 2590 5020 apprehendit
2627 4942 2904 4997 draconem
2930 4983 2942 5006 ,
2977 4949 3268 5011 serpentem
3308 4939 3592 5006 antiquum,
3617 4921 3756 5022 quiut“

2249 5008 2490 5092 diabolus
2524 5047 2572 5091 et
2600 5044 2842 5100 satanas,
2873 5045 2922 5090 et
2949 5008 3127 5108 ligauit
3182 5048 3299 5086 eum
3349 5043 3435 5102 per
3461 5035 3600 5078 annos
3635 5008 3751 5108 nulla

2249 5131 2553 5188 Fatendum
2608 5138 2870 5200 prieterea
2920 5106 3044 5192 est,
3095 5128 3201 5182 alia
3232 5123 3466 5182 etiamin
3489 5106 3751 5200 Luciferialﬂ'

2249 5224 2505 5280 versione
2565 5198 2822 5288 inveniri,
2869 5235 3014 5291 quae,
3048 5219 3180 5275 licet
3229 5215 3474 5272 mendum
3503 5209 3558 5263 iis
3586 5198 3752 5256 subesse

2244 5319 2410 5390 aliqui
2469 5317 2809 5380 existiment,
2838 5331 2944 5370 non
2989 5325 3115 5370 sunt
3145 5323 3324 5369 tamen
3369 5294 3654 5364 immolanda
3685 5296 3752 5390 Ρςθ

2248 5412 2491 5482 ipsorum
2517 5394 2958 5475 sententia,cum
3005 5415 3224 5462 constet
3267 5415 3435 5474 neque
3477 5399 3656 5452 sensum
3679 5376 3749 5482 ’ἀι-

2245 5508 2448 5565 ctionis
2520 5503 2762 5561 labelieri
2797 5545 2814 5572 ,
2864 5517 3043 5573 neque
3110 5500 3214 5556 alia
3283 5500 3460 5554 deesse
3523 5473 3746 5576 esemP‘f‘j

2240 5615 2474 5674 quorum
2498 5597 2812 5654 testimonio
2843 5604 2898 5654 et
2927 5595 3252 5676 auctoritate
3276 5593 3513 5648 nitantur.
3537 5565 3744 5676 llinc

2247 5659 2380 5768 quot
2406 5708 2478 5750 ex
2516 5691 2584 5748 iis
2617 5691 2724 5748 huc
2763 5687 3165 5768 congessimus,
3189 5673 3250 5742 ut
3276 5680 3539 5766 legentium
3576 5659 3742 5768 νφδξξ*

2244 5760 2450 5860 judicio
2501 5776 2850 5858 Lticife'riaua?
2879 5760 3172 5839 d’erﬁénis
3239 5761 3562 5850 ittiegritatem
3619 5760 3740 5818 ωεμν

3615 6023 3902 6352 Δ
