3972 6352
166 340 258 394 705

1586 332 1982 394 ΡΠᾹΞΡΛΤΙΟ.

3329 342 3433 397 706

166 469 262 510 rem
292 465 406 510 esse
433 449 807 507 demonstrent
842 492 855 517 ,
905 466 1065 523 quam
1103 466 1227 523 quae
1274 453 1362 508 vel
1399 453 1587 509 vilium
1636 468 1730 510 co-
1762 459 1812 517 Α
1841 454 2009 519 tione,
2032 460 2214 510 auth
2245 454 2429 526 aliquo
2460 455 2602 511 libro
2632 455 2794 511 aereis
2826 456 2967 528 typis
2996 457 3264 528 impresso
3290 458 3440 515 Jam-

163 547 342 612 dicum,
371 544 449 601 vel
493 544 806 613 interpretis
837 543 1016 599 Latini
1054 553 1149 600 aut
1184 544 1443 613 injuriam
1474 555 1569 600 aut
1593 547 1733 602 osci-

164 640 362 695 tantiam
392 638 735 709 culpantibus
763 637 943 695 eidem
970 654 999 694 a
1028 638 1351 707 quibusdam
1382 639 1672 696 tribuatur.

222 731 273 786 ln
300 729 387 786 lib.
417 730 484 786 de
508 732 639 803 Reg.
658 730 850 802 Apost.
876 747 1001 804 pag.
1026 732 1112 788 bic
1133 734 1204 790 55
1222 735 1343 807 (col.
1369 733 1520 807 798),
1539 734 1735 790 Pecca-

167 835 257 879 tum
279 823 581 879 abominatio
606 834 705 889 est,
746 840 813 880 ex
847 823 865 879 l
896 825 1031 896 Reg.
1065 841 1157 893 xv,
1202 825 1295 882 25.
1328 826 1636 884 Cotelerius
1666 828 1735 884 ad

164 919 246 974 lib.
269 934 303 974 ιι
324 916 814 988 Constit.Apostol.
839 934 961 990 cap.
977 920 1048 975 62
1068 930 1257 978 censet
1280 921 1532 978 librarios
1556 923 1736 994 inepte

163 1011 452 1067 abominatio
481 1028 577 1081 pro
625 1014 874 1067 ominatio
902 1014 1185 1084 scripsisse
1212 1030 1227 1080 ;
1272 1029 1393 1070 cum
1424 1014 1478 1070 in
1506 1015 1737 1085 Septua-

163 1105 289 1178 ginta
317 1104 513 1175 legitur
540 1104 772 1180 ἁμαρτία
796 1108 1043 1180 οὶώνισμά
1098 1108 1255 1164 ἐστιν.
1295 1106 1491 1162 Verum
1537 1106 1735 1179 Aquila

166 1200 210 1253 in
241 1198 489 1268 llexaplis
519 1213 584 1255 ex
618 1198 849 1254 Hebrum
878 1200 1065 1267 vertit,
1097 1200 1328 1274 ἁμαρτία
1364 1204 1607 1273 μαντείας
1634 1224 1736 1258 πα·

163 1295 513 1371 ραπικρασμός.
547 1303 814 1364 peccatum
840 1294 1224 1349 vaticinationis
1249 1294 1496 1361 irritatio;
1518 1294 1738 1366 etSym-

164 1389 365 1442 machus
395 1403 410 1452 ;
442 1385 675 1462 ἁμαρτία
703 1396 795 1448 m‘;
836 1390 1071 1458 μαντείας
1096 1389 1153 1443 τὸ
1179 1391 1521 1464 προσερίζειν,
1552 1404 1738 1459 pecca—

164 1490 254 1536 tum
271 1481 645 1536 vaticinationis
666 1481 1008 1547 contendere;
1029 1492 1084 1538 et
1107 1483 1161 1537 in
1188 1483 1421 1539 Hebraeo
1436 1491 1584 1539 textu
1608 1483 1741 1556 legi-

164 1592 289 1642 mus,
303 1586 570 1647 peccatum
586 1577 918 1633 divinationis
929 1577 1349 1647 rebellio.Et,sin
1364 1578 1711 1634 minusverba
1723 1621 1738 1646 ,

166 1684 359 1726 sensum
382 1669 739 1725 Lucilerianae
772 1670 1039 1727 versionis
1071 1670 1325 1741 exprimit
1355 1670 1545 1727 Graeca
1572 1670 1741 1726 editio

165 1761 551 1832 Complutensis
576 1782 587 1817 ε
608 1762 720 1820 ἔστι
741 1766 1177 1841 παραπικρασμός
1198 1762 1392 1831 ἀδικία,
1417 1764 1740 1818 exacerbatio

1837 546 1916 600 bri
1942 545 2143 617 legisse
2164 545 2220 600 in
2250 546 2433 616 priore
2464 546 2582 603 loco
2610 547 2861 618 Sulpicii,
2890 564 3014 604 cum
3046 550 3155 616 ait,
3184 550 3441 606 Cancrum

1836 639 1891 694 in
1917 656 2021 694 uno
2048 641 2225 694 codice
2251 638 2448 707 offendi
2474 639 2704 696 Jambri.
2725 640 2878 710 Quod
2906 657 3057 711 vero,
3082 643 3262 700 subdit
3292 644 3435 701 idem

1837 732 2140 802 Pralensis,
2172 735 2397 789 litteram
2425 733 2460 789 b
2488 734 2610 790 huic
2662 737 2864 791 nomini
2890 738 3085 793 inserat
3113 749 3286 795 noster
3314 739 3442 797 Sul-

1838 826 2036 898 picius,
2064 843 2286 898 grtecam
2316 829 2407 884 ille
2449 830 2717 885 lectionem
2745 840 2948 887 secutus
2986 840 3082 900 est,
3114 833 3169 888 in
3208 850 3310 905 qua
3336 851 3437 891 non

1838 920 1991 973 modo
2024 918 2241 977 Zambri
2264 937 2357 991 pro
2380 921 2584 989 Zamri,
2614 933 2662 978 et
2688 923 2878 979 Ambri
2910 940 3006 995 pro
3026 925 3209 993 Amri,
3251 928 3344 982 sed
3391 939 3439 983 et

1841 1012 2081 1070 Mambre
2105 1032 2168 1070 ac
2187 1014 2463 1073 Nembrod
2496 1034 2589 1087 pro
2612 1017 2817 1073 Mamre
2846 1026 2894 1073 et
2919 1018 3155 1075 Nemrod
3174 1019 3436 1079 scribitur.

1840 1104 2055 1163 Zambri
2086 1109 2267 1165 retinet
2313 1119 2361 1164 et
2398 1107 2647 1181 Vulgata.
2678 1110 2834 1178 Quod
2859 1111 2929 1169 de
2974 1112 3187 1170 Jambre
3222 1129 3441 1187 quoque

1840 1198 2186 1257 Lucileriano
2217 1212 2392 1274 potest
2433 1202 2716 1259 altirmari.

1915 1294 2051 1350 Ibid.
2075 1311 2195 1367 pag.
2214 1294 2413 1369 41(col.
2432 1296 2584 1368 806),
2607 1295 2997 1368 Iezabel/ilium
3021 1298 3197 1356 Basan
3224 1310 3273 1357 et
3297 1300 3439 1357 Heln

1841 1387 1980 1457 regis
2010 1386 2387 1457 Sydoniorum,
2415 1404 2482 1445 ex
2514 1390 2578 1444 lll
2611 1388 2744 1461 Reg.
2778 1407 2898 1457 xu;
2926 1386 3086 1462 quem
3111 1394 3291 1450 locum
3319 1409 3441 1451 cor-

1843 1480 1967 1550 rigit
1992 1481 2166 1536 Latin.
2194 1495 2260 1536 ex
2276 1480 2436 1553 Vulg.
2461 1482 2801 1539 substitucns
2829 1483 3060 1539 Ethbaal
3082 1501 3178 1556 pro
3196 1485 3371 1541 Busan
3395 1496 3444 1544 et

1850 1573 2008 1631 Hela.
2038 1574 2225 1647 Neque
2251 1591 2383 1631 sane
2411 1576 2718 1648 negandum
2741 1578 2812 1633 ita
2842 1578 2945 1650 legi
2976 1580 3209 1635 etiamin
3227 1580 3441 1647 Graeco,

1844 1678 1898 1721 et
1946 1667 2088 1737 apud
2116 1667 2412 1739 Josepluun
2447 1668 2543 1725 lib.
2570 1686 2662 1725 vm
2702 1670 2889 1742 Antiq.
2922 1686 3045 1742 cap.
3076 1671 3444 1730 51ezabelem

1847 1760 1951 1816 dici
1986 1760 2150 1816 ﬁliam
2181 1759 2436 1829 Itltobali,
2463 1761 2748 1829 ἰθοϐάλου;
2777 1779 2885 1835 quo
2936 1764 3158 1821 nomine
3185 1765 3329 1820 hunc
3359 1780 3447 1821 re-

164 1867 227 1910 est
250 1856 497 1929 injustitia
522 1872 542 1923 ;
566 1870 688 1911 cum
717 1856 948 1911 llebraeo
969 1865 1176 1921 autem,
1201 1864 1256 1911 et
1280 1855 1472 1926 Aquila
1495 1866 1550 1911 et
1582 1854 1739 1927 Sym-
1768 1858 1816 1919 B
1843 1870 1963 1925 gem
1994 1854 2111 1925 ipse
2142 1854 2430 1927 distinguit
2469 1856 2633 1912 etiam
2684 1857 2736 1912 in
2784 1856 2879 1911 lib.
2909 1872 2925 1911 ι
2952 1868 3102 1912 cont.
3136 1857 3401 1927 Apionem
3431 1873 3445 1910 :

168 1947 338 2004 macbo
375 1948 462 2003 illa
494 1948 809 2014 conveniet,
845 1948 889 2003 si
933 1948 1103 2004 addas
1152 1948 1381 2003 verbum
1410 1948 1747 2001 vaticinatio-

169 2042 253 2107 nis,
282 2040 417 2113 quod
451 2040 610 2097 facile
638 2042 815 2112 potuit
841 2040 1136 2097 scribentis
1165 2040 1375 2096 calamo
1396 2038 1669 2095 excidere.

230 2133 353 2189 Ibid.
385 2148 511 2205 pag.
535 2132 625 2201 54,
656 2132 897 2188 Roboam
922 2134 1272 2206 vigintiannis
1301 2135 1534 2205 regnavit
1556 2133 1609 2186 in
1656 2131 1748 2188 Je-

160 2229 391 2295 'rusalem,
421 2228 487 2283 lll
541 2228 675 2298 Reg.
725 2244 799 2293 xl,
830 2228 922 2284 45.
958 2228 1117 2285 Hunc
1160 2242 1428 2283 annorum
1463 2242 1748 2282 numerum

172 2336 264 2377 non
291 2322 549 2376 exhibent
599 2321 883 2392 Septuag.,
908 2321 1003 2377 sed
1047 2320 1117 2376 lll
1146 2320 1279 2392 Reg.
1308 2336 1361 2375 ιι
1386 2337 1399 2373 :
1434 2319 1633 2378 Δώδεκα
1661 2318 1750 2378 ἔτη

173 2415 496 2483 imm-meatu,
523 2415 803 2471 duodecim
833 2432 997 2469 annos
1022 2416 1256 2488 regnavit
1288 2430 1451 2486 ;cap.
1485 2430 1615 2470 vero
1638 2431 1746 2480 xiv,

173 2507 228 2561 21
256 2527 266 2563 :
290 2508 635 2566 ἑπτακαίδεκα
658 2508 745 2568 ἔτη
777 2509 1119 2575 ἐϐασίλευσεν,
1157 2518 1351 2579 septem
1380 2516 1425 2561 et
1458 2506 1631 2562 decem
1660 2523 1753 2560 art-

173 2617 252 2656 nos
271 2606 530 2675 regnavit;
558 2603 635 2658 uti
660 2602 823 2659 etiam
854 2603 906 2657 in
939 2602 1033 2658 lib.
1053 2601 1094 2656 ll
1113 2601 1401 2666 Paral.xu,
1422 2602 1509 2668 Μ,
1538 2600 1750 2671 etapud

174 2695 442 2769 losephum
466 2699 565 2753 lib.
596 2714 689 2753 vm
712 2697 898 2769 Antiq.
924 2712 1046 2768 cap.
1075 2697 1142 2752 l0
1168 2715 1180 2751 :
1213 2695 1279 2750 In
1305 2713 1407 2766 quo
1429 2711 1640 2750 numero
1661 2712 1756 2749 an-

177 2808 335 2847 norum
359 2794 503 2866 regni
523 2792 832 2848 conveniunt
863 2808 1038 2847 omnes
1061 2791 1200 2859 libri,
1227 2790 1409 2847 subdit
1438 2790 1754 2846 Nobiliusin

176 2899 279 2955 cap.
308 2902 393 2941 xlv
414 2887 511 2942 lib.
546 2885 613 2941 lll
642 2887 775 2956 Reg.
805 2885 910 2941 Sed
936 2885 1054 2939 brec
1085 2885 1201 2956 ipsa
1245 2899 1511 2939 annorum
1539 2883 1755 2940 diversa

177 2978 296 3033 ratio
331 2977 728 3034 Luciferianam
761 2977 1072 3033 versionem
1113 2976 1513 3047 quodammodo
1556 2986 1755 3032 tuetur.

236 3071 361 3127 Ibid.
386 3087 508 3144 pag.
532 3071 754 3138 407(col.
774 3070 906 3143 805)
932 3090 945 3126 :
973 3071 1243 3142 Scriptum
1267 3080 1341 3125 est
1360 3070 1514 3125 etiant
1530 3069 1593 3123 de
1610 3069 1759 3125 Jama

180 3165 253 3221 bre
276 3182 404 3238 rege,
437 3174 547 3223 etc.
579 3166 669 3221 ubi
695 3165 942 3221 Latinius
974 3167 1025 3220 in
1069 3178 1193 3219 nota
1235 3163 1481 3234 subjecta
1531 3164 1761 3235 corrigit

179 3257 460 3316 Zambri:at
485 3259 702 3315 Zambri
724 3259 831 3314 dux
859 3260 1099 3329 equitum
1124 3269 1261 3326 erat,
1289 3260 1376 3327 qui
1401 3257 1552 3313 Elam
1572 3274 1753 3328 regem
1784 3247 1829 3311 C

177 3351 373 3409 Israelis
404 3355 714 3420 interfecit;
745 3353 867 3409 huic
889 3370 1019 3409 vero
1042 3354 1188 3407 Amri
1212 3352 1471 3408 sull‘ectus
1514 3362 1596 3407 est
1621 3396 1635 3421 ,
1679 3352 1758 3408 uti

179 3462 203 3501 a
226 3448 571 3520 Septuaginta
596 3449 905 3519 appellatur
932 3447 998 3503 lll
1032 3446 1167 3518 Reg.
1194 3462 1302 3513 rm,
1337 3445 1403 3502 16
1430 3455 1485 3502 et
1514 3461 1543 3499 a
1575 3456 1757 3500 nostra

180 3536 415 3610 Vulgata;
440 3541 487 3595 is
507 3538 1065 3605 autemestJambres,
1082 3555 1242 3610 quem
1265 3538 1537 3609 Josephus
1558 3538 1652 3594 lib.
1668 3553 1759 3593 vut

179 3630 344 3706 Antiq.
375 3650 494 3705 cap.
524 3634 614 3703 12,
645 3635 939 3712 ’Λμαρῑνον,
970 3635 1274 3688 Amerinum
1297 3642 1477 3699 vocat,
1509 3642 1562 3688 et
1590 3632 1759 3689 codex

181 3724 334 3785 Vatic.
360 3728 412 3784 in
440 3728 548 3784 hoc
574 3727 797 3799 Joscplii
827 3728 948 3783 loco
980 3729 1263 3805 Ζαμϐρίαν,
1291 3726 1614 3781 Zambriam.
1643 3724 1762 3781 Cte-

182 3828 334 3877 terutn
354 3822 631 3892 Sulpicius
657 3820 893 3877 Severus
920 3821 973 3875 in
1001 3820 1129 3875 lib.1
1156 3820 1292 3875 Hist.
1315 3819 1469 3876 Sacr.
1501 3820 1645 3875 nunc
1672 3833 1759 3873 re-

180 3926 284 3983 gem
314 3922 368 3969 et
389 3912 608 3969 Zambri
637 3922 692 3968 et
715 3912 923 3968 Jambri
953 3912 1235 3978 nominat;
1292 3919 1348 3967 et
1377 3912 1606 3983 primum
1639 3910 1761 3982 qui-

182 4005 287 4062 dem
312 4023 527 4072 nomen,
559 4008 639 4063 uti
670 4016 856 4064 monct
881 4005 1245 4078 Hieronymus
1289 4019 1318 4059 a
1352 4004 1511 4059 Prato
1533 4004 1586 4058 in
1613 4011 1759 4069 nota,

184 4102 458 4164 [inferunt
484 4116 680 4157 omnes
724 4099 851 4155 libri
895 4098 1024 4155 editi
1066 4108 1117 4153 et
1150 4112 1284 4151 mss.
1313 4096 1366 4152 in
1394 4107 1619 4167 utroque
1644 4095 1765 4153 Sul-

182 4192 295 4261 picii
321 4194 473 4262 loco;
508 4206 565 4250 at
582 4193 836 4249 Vorstius
860 4191 1065 4246 Jambri
1088 4206 1186 4263 pro
1207 4189 1420 4245 Zambri
1446 4190 1721 4244 substituit
1746 4205 1761 4255 ;

183 4299 292 4344 nam
348 4290 473 4346 licet
504 4289 621 4352 ille,
655 4288 724 4343 dc
756 4303 861 4359 quo
892 4287 1072 4357 priore
1109 4287 1229 4342 loco
1256 4286 1443 4341 scribit
1464 4285 1761 4356 Sulpicius,

184 4377 365 4448 Zamri,
394 4397 491 4439 seu
523 4380 692 4437 Zimri
746 4396 805 4436 re
834 4395 961 4434 vera
1022 4378 1207 4445 fuerit,
1232 4378 1372 4434 alter
1400 4378 1569 4443 Amri,
1602 4393 1762 4448 quem

182 4468 372 4528 Zambri
400 4484 457 4531 et
478 4471 687 4527 Jambri
712 4471 974 4544 appellat,
997 4478 1231 4543 apparet
1252 4480 1431 4525 tamen
1467 4468 1765 4541 Sulpicium

185 4579 269 4634 per
291 4582 533 4624 errorem
561 4564 773 4622 Zambri
826 4564 1112 4636 principem
1139 4563 1365 4647 equitum
1395 4577 1517 4619 cum
1564 4560 1769 4617 Jambri

1849 1956 1906 2004 et
1930 1946 2117 2005 Critici
2149 1948 2302 2005 Sacri
2327 1950 2393 2005 ad
2422 1948 2443 2004 l
2475 1950 2636 2022 Reg.,
2669 1952 2758 2022 qui
2787 1960 2872 2007 est
2893 1952 3088 2008 tertius
3119 1952 3172 2008 in
3196 1951 3449 2023 Vulgata,
3506 2002 3511 2005 .

1848 2057 1973 2113 cap.
2021 2059 2132 2108 xw.
2180 2053 2371 2099 notant
2395 2045 2474 2100 sic
2524 2044 2628 2101 hoc
2664 2059 2865 2101 nomen
2910 2044 3453 2101 scribiaMenandro

1851 2136 2094 2205 Ephesio
2115 2136 2169 2192 in
2192 2138 2547 2205 Plimnicicis,
2575 2148 2801 2195 auctore
2828 2139 3046 2207 Crotio,
3068 2149 3123 2195 et
3150 2141 3292 2196 inter
3318 2140 3453 2196 Acta

1852 2228 2162 2300 Tyriorum,
2200 2246 2394 2303 nempe
2433 2231 2753 2297 nascente»;
2786 2246 2816 2285 a
2852 2231 3089 2287 Diodoro
3130 2240 3313 2287 autem
3366 2231 3455 2290 Si-

1851 2322 1979 2376 culo
2007 2321 2324 2391 Ithobalum,
2355 2334 2493 2379 teste
2518 2323 2724 2390 Junio;
2763 2334 2821 2379 ut
2848 2325 2994 2380 enim
3026 2324 3201 2382 Judmi
3232 2316 3329 2382 Dei
3353 2341 3456 2381 no-

1852 2430 1980 2479 men
2010 2414 2387 2472 admisrebant
2437 2417 2552 2472 suis
2606 2417 2966 2483 nominibus,
3023 2418 3097 2472 ita
3145 2416 3458 2472 idololatrae

1853 2523 2049 2563 nomen
2082 2508 2296 2563 Baalis:
2327 2516 2383 2564 et
2426 2509 2480 2565 id
2522 2510 2815 2566 conﬁrmat
2867 2510 3174 2567 Bochartus
3220 2511 3275 2567 in
3306 2510 3403 2565 lib.
3439 2527 3457 2567 ι

1855 2600 2055 2673 Geogr.
2090 2600 2214 2657 Sac.
2247 2616 2369 2673 cap.
2394 2604 2466 2658 Ἡ
2500 2620 2512 2656 :
2546 2603 2775 2659 Ethbaal
2811 2606 2888 2660 vel
2934 2603 3210 2661 Itltobalus
3258 2606 3458 2661 Acltabi

1854 2711 2017 2751 socer.
2053 2694 2251 2751 Verum
2283 2712 2388 2751 non
2442 2706 2592 2753 caret
2620 2696 2804 2769 aliquo
2854 2698 3107 2768 exemplo
3139 2699 3325 2754 versio
3350 2697 3459 2755 Lu-

1856 2793 2050 2860 ciferi;
2084 2793 2432 2864 etSulpicius
2456 2793 2693 2851 Severus
2734 2796 2790 2850 in
2835 2793 2933 2852 lib.
2962 2795 3138 2851 tHist.
3175 2794 3328 2853 Sacr.
3360 2795 3458 2853 Je-

1857 2888 2097 2944 zabelem
2128 2889 2297 2955 ﬁliam
2350 2888 2504 2944 Bosa:
2555 2887 2687 2944 dicit
2730 2889 2867 2962 regis
2913 2905 2977 2945 ea:
3028 2888 3264 2955 Sidone;
3293 2904 3456 2961 quam

1858 2981 2081 3049 Sulpitii
2104 2982 2397 3037 lectionem
2429 2981 2796 3053 Hieronymus
2822 2997 2851 3036 a
2878 2981 3044 3037 Prato
3070 2992 3252 3038 tuetur
3272 2997 3460 3038 exem-

1860 3076 1950 3147 plo
1978 3075 2338 3132 Luciferianm
2385 3075 2655 3131 versionis
2681 3074 2781 3131 hac
2820 3085 2947 3131 nota
2993 3076 3276 3146 subjecta:
3304 3076 3459 3148 Sigo-

1862 3170 2000 3233 nius,
2028 3168 2285 3237 Hornins,
2324 3168 2582 3234 Vorstius,
2612 3169 2767 3225 Basse
2793 3179 2883 3224 aut
2903 3187 2937 3224 a
2968 3170 3159 3225 Seuero
3187 3186 3460 3242 perperam

1862 3263 2107 3330 positum,
2130 3271 2221 3316 aut
2242 3273 2545 3333 corruptum
2572 3272 2857 3317 asserunta
2883 3263 3133 3328 librariis,
3159 3272 3207 3317 et
3227 3262 3461 3320 Ethbaal

1862 3370 1956 3424 pro
1985 3370 2044 3407 eo
2076 3355 2429 3417 reponendum
2478 3364 2709 3423 monent,
2737 3364 2825 3409 aut
2865 3357 3023 3428 juxta
3062 3353 3273 3411 Gnaeos
3314 3354 3457 3412 ἰεθι-

1866 3448 2021 3511 ϐαάλ,
2066 3447 2371 3504 Jethebaal.
2403 3448 2512 3504 Sed
2545 3449 2590 3503 si
2642 3465 2789 3504 error
2823 3450 2877 3503 in
2907 3466 2967 3505 eo
2996 3459 3092 3514 est,
3138 3466 3243 3506 non
3270 3449 3462 3507 Seuero

1864 3558 1958 3596 nec
2006 3544 2118 3615 ejus
2162 3542 2566 3615 exscriptoribus
2614 3542 2946 3599 ascribendus
2991 3552 3226 3610 esl,cum
3250 3544 3462 3617 Lucifer

1864 3653 2063 3709 quoque
2084 3635 2418 3693 Calaritanus
2440 3638 2493 3692 in
2511 3637 2641 3692 libro
2670 3638 2731 3692 de
2757 3637 2985 3709 Regibus
3000 3638 3311 3709 Apostaticis
3328 3638 3464 3711 legat

1864 3728 2084 3785 .lezabel
2114 3728 2278 3785 ﬁliam
2309 3730 2483 3786 Basan
2514 3741 2569 3787 et
2601 3730 2734 3786 Hela
2766 3732 2911 3802 regis
2943 3731 3317 3789 Sidoniorum.

1922 3821 2052 3877 Ibid.
2065 3836 2187 3893 pag.
2202 3820 2403 3895 45(col.
2420 3821 2550 3893 8l0)
2568 3842 2580 3878 :
2601 3822 2805 3880 Nomen
2819 3824 3002 3880 matris
3013 3826 3127 3895 ejus
3142 3822 3381 3896 Ebsibas,
3397 3840 3466 3883 ex

1866 3913 1935 3969 1V
1951 3915 2082 3987 Reg.
2102 3932 2212 3983 xxx,
2238 3918 2290 3972 l.
2306 3916 2552 3974 Clericus
2564 3919 2705 3989 apud
2720 3918 2959 3976 Coteler.
2992 3919 3059 3976 ad
3088 3921 3182 3978 lib.
3210 3936 3247 3977 ιι
3273 3919 3463 3978 Const.

1868 4011 2056 4081 Apost.
2075 4025 2196 4082 cap.
2214 4011 2287 4066 2‘2
2307 4011 2598 4083 legendum
2631 4013 2722 4070 bic
2746 4022 2901 4086 putat
2916 4012 3136 4087 Epsiba,
3156 4015 3241 4071 vel
3266 4015 3465 4086 Epltsi-

1868 4104 1957 4157 bas
1972 4120 1992 4159 :
2010 4104 2106 4161 sed
2124 4105 2247 4176 quis
2260 4116 2469 4162 certam
2494 4107 2884 4177 tueatur‘ltujus
2901 4108 3138 4163 nominis
3150 4109 3468 4164 notionem?

1867 4210 1991 4252 cum
2018 4196 2135 4267 ipse
2158 4197 2299 4253 idem
2329 4197 2550 4264 subdat,
2583 4200 2688 4270 legi
2716 4198 2858 4269 apud
2887 4199 3203 4271 Syncellum
3222 4199 3466 4273 soleas),

1870 4288 1923 4343 in
1952 4288 2343 4347 codd.duobus
2360 4291 2508 4363 regis
2541 4290 2835 4364 Hapltsilra,
2864 4291 2918 4347 in
2937 4291 3177 4363 Joseplto
3197 4292 3290 4347 lib.
3314 4295 3471 4349 xAn-

1873 4382 1968 4452 tiq.
2003 4397 2120 4451 cap.
2148 4384 2181 4438 5
2205 4398 2311 4439 non
2336 4382 2394 4449 4,
2423 4383 2665 4458 Ἀχιϐᾶς,
2690 4400 2721 4439 a
2747 4384 2946 4441 Ruﬁno
2980 4384 3167 4440 Ecltib.
3203 4385 3473 4443 llebraicc

1870 4472 2092 4543 quidem
2126 4474 2619 4547 Hepsibadicitur;
2657 4486 2715 4533 at
2738 4478 3093 4550 Septuaginta
3121 4478 3313 4553 Ἀψιϐἀ
3338 4479 3473 4537 scri-

1875 4569 2153 4637 psere,uti
2179 4568 2409 4624 inRom.
2439 4568 2618 4637 Edit.,
2640 4570 2693 4625 in
2722 4570 2919 4641 quibus
2945 4579 3124 4627 tamen
3146 4572 3477 4629 llavercam-

184 4672 297 4732 rege
335 4670 389 4717 et
415 4661 627 4717 Achabi
676 4668 827 4731 patre
872 4646 1227 4724 contudisse,
1264 4672 1387 4712 cum
1440 4654 1588 4711 dicat
1620 4673 1633 4708 :
1660 4654 1767 4712 Sed
1794 4646 1849 4706 D
1874 4661 1995 4732 pius
2019 4662 2150 4734 legit
2176 4662 2388 4730 ’Δψιϐᾶς
2414 4663 2468 4719 in
2486 4663 2633 4720 notis
2653 4664 2719 4720 ad
2739 4664 3014 4721 laudatum
3031 4664 3252 4737 Joscplii
3272 4666 3475 4723 locum.

187 4751 379 4810 Zambri
398 4768 520 4811 ante
534 4756 693 4823 hunc,
711 4756 763 4811 id
785 4763 870 4811 est
898 4752 1143 4820 Thamni,
1175 4763 1371 4822 septem
1396 4768 1561 4807 annos
1576 4761 1623 4807 et
1652 4768 1770 4806 cum

188 4849 348 4901 eodem
377 4847 653 4903 duodecim
674 4847 904 4921 regnavit
924 4864 943 4913 ;
966 4844 1194 4918 proinde
1206 4845 1293 4901 vel
1314 4844 1530 4899 Zambri
1551 4859 1772 4916 semper

188 4940 263 4995 vel
298 4940 501 4999 Jambri
547 4943 733 5000 dicere
774 4942 996 5008 debuit;
1031 4956 1294 5013 suamque
1327 4955 1488 5011 porro
1514 4940 1773 4997 emenda-

192 5030 375 5090 tionem
401 5035 649 5091 Vorstius
682 5045 865 5092 tuetur
898 5034 1224 5090 auctoritate
1248 5035 1486 5105 antiquae
1516 5034 1773 5089 editionis

190 5123 538 5198 Coloniensis,
570 5138 628 5186 et
653 5145 761 5187 ms.
792 5130 1063 5186 Drusiani.
1095 5131 1166 5185 At
1210 5128 1492 5185 Pratensis
1523 5144 1555 5185 e
1584 5139 1774 5185 contra

192 5232 362 5279 censet
385 5222 592 5279 Jambri
617 5238 796 5295 regem
822 5221 1074 5295 primitus
1108 5220 1319 5277 anbri
1348 5221 1553 5278 dictum
1582 5220 1771 5289 fuisse,

193 5313 376 5372 deinde
402 5319 485 5373 uel
510 5334 576 5373 ea:
602 5334 699 5374 usu
744 5317 1197 5389 pronunciationis
1224 5327 1513 5385 temporum
1542 5314 1777 5386 superio-

195 5411 397 5477 rum,uel
416 5428 485 5469 ea:
507 5413 797 5468 litterarum
818 5411 858 5467 Ζ
882 5422 927 5466 et
951 5411 976 5468 J
997 5412 1051 5466 in
1073 5428 1196 5466 mss.
1215 5409 1775 5466 similitudinelambri

198 5508 464 5563 emersisse.
496 5507 554 5563 In
579 5524 682 5580 qua
730 5509 994 5579 opinione
1049 5508 1300 5563 ﬁrmatur
1342 5506 1657 5563 testimonio
1685 5520 1777 5563 co-

198 5594 323 5653 dicis
370 5600 722 5657 Alexandrini
751 5608 851 5657 τῶν
898 5599 1281 5671 Septuaginta,
1330 5600 1382 5654 in
1412 5615 1521 5668 quo
1560 5613 1778 5669 semper

200 5701 290 5757 pro
309 5689 507 5769 ‘Apepi,
533 5693 731 5759 Ambri,
758 5692 1262 5764 scriptumapparet
1285 5691 1734 5769 ZapGpt,Zambri
1763 5708 1781 5745 :

198 5787 300 5837 tum
325 5784 573 5841 brusium
606 5786 829 5855 refellit,
854 5802 1018 5858 quem
1047 5786 1305 5857 opinatur
1350 5799 1459 5841 non
1493 5801 1557 5840 ex
1603 5785 1784 5856 aliquo

202 5872 483 5934 Severiano
514 5880 737 5951 codice,
782 5879 878 5937 sed
928 5890 1019 5936 aut
1067 5896 1133 5936 ex
1179 5879 1299 5953 ipsa
1322 5877 1630 5937 Coloniensi
1667 5878 1786 5935 edi-

1946 4755 2002 4810 ln
2020 4756 2151 4812 lib.t
2175 4772 2277 4827 pro
2297 4757 2356 4814 S.
2378 4758 2604 4828 Albam,
2623 4775 2745 4831 pag.
2760 4760 2832 4818 55
2852 4759 2980 4834 (col.
3005 4760 3135 4828 8‘20)
3154 4779 3169 4816 :
3187 4760 3361 4829 Quare
3374 4779 3476 4818 non

1874 4860 2008 4904 recte
2019 4849 2281 4906 obtulisti?
2300 4850 2555 4920 Peccasti,
2569 4853 2791 4923 quiesce,
2804 4854 2942 4910 Gen.
2960 4869 3034 4922 tv,
3050 4855 3107 4922 8,
3122 4855 3191 4910 de
3203 4855 3477 4925 quo'testi-

1877 4942 2061 4997 mouio
2083 4941 2332 5013 quaedam
2380 4943 2433 4998 in
2463 4944 2608 5000 notis
2634 4945 2948 5003 monuimus
2986 4963 3001 5000 :
3033 4962 3224 5003 verum
3255 4947 3479 5004 Gallan-

1877 5032 1953 5087 dii
1979 5033 2167 5103 Opinio
2195 5033 2478 5104 probanda
2508 5051 2616 5092 non
2662 5045 2768 5104 est,
2824 5052 2948 5094 cum
2974 5048 3226 5095 autumat
3248 5038 3379 5095 illud
3411 5056 3478 5097 ex

1878 5126 2058 5182 verbis
2084 5127 2437 5198 Septuaginta
2466 5137 2811 5186 contractum
2834 5145 2979 5199 esse;
3007 5146 3132 5188 nam
3159 5148 3355 5190 sensus
3376 5134 3482 5191 sal-

1878 5226 1988 5274 tem
2030 5220 2255 5290 integrae
2303 5219 2596 5278 locutionis
2637 5237 2761 5279 cum
2791 5221 2985 5279 iisdem
3037 5225 3332 5281 convenire
3387 5225 3484 5283 de-

1877 5312 2054 5381 beret,
2087 5313 2180 5385 qui
2222 5316 2558 5386 creteroquin
2605 5315 2675 5370 ab
2716 5316 2859 5388 ipsis
2900 5318 3126 5374 omnino
3172 5319 3382 5387 diﬁ'ert;
3429 5329 3486 5379 et

1879 5416 1965 5464 est
1986 5410 2334 5479 perspicuum
2350 5424 2417 5464 ex
2446 5409 2579 5478 ipsis
2604 5410 2792 5466 verbis
2813 5410 3170 5483 Septuaginta
3196 5431 3210 5467 :
3236 5413 3427 5471 Nonne
3442 5414 3489 5471 si

1881 5512 2020 5556 recte
2041 5499 2256 5570 olferas,
2279 5518 2382 5556 non
2405 5511 2578 5557 autem
2590 5511 2723 5558 recte
2744 5503 2969 5573 dividas,
2993 5507 3246 5576 peccasti?
3261 5507 3466 5577 quiesce

1959 5595 2038 5650 Ib.
2072 5612 2195 5669 pag.
2221 5597 2292 5654 65
2309 5596 2435 5671 (ecl.
2457 5595 2588 5671 851)
2616 5597 2705 5654 hic
2727 5597 3239 5671 animadvertimus,
3270 5619 3491 5661 errasse

1889 5705 2013 5747 cum
2042 5690 2220 5748 Latin.
2251 5691 2621 5760 Gallandium,
2645 5709 2768 5751 cum
2796 5695 3011 5752 censuit
3040 5695 3493 5768 Lucilerumjme-

1893 5783 2066 5840 moria
2094 5782 2305 5856 lapsum
2335 5799 2483 5853 esse,
2502 5784 2629 5857 quia
2649 5785 2933 5859 scripserit
2959 5805 2972 5843 :
3003 5787 3072 5845 In
3097 5790 3268 5863 primo
3290 5791 3498 5864 Regno-

1896 5894 2011 5932 rum
2042 5878 2174 5934 libro
2228 5879 2480 5952 scriptum
2518 5896 2539 5937 :
2572 5880 2697 5937 Non
2725 5880 3021 5954 glorietur,
3048 5896 3155 5943 etc.
3201 5882 3315 5943 Hoc
3350 5887 3498 5952 enim
