3972 6352
526 255 623 312 7H

1535 253 1840 313 LUCIFER
1882 253 2260 313 EPISCOPUS
2296 252 2806 312 CALARITANUS.

3668 258 3766 327 ίῗιὲ

527 365 733 433 Filius,
766 380 858 420 nec
882 379 1034 420 verus
1059 363 1233 433 Deus,
1266 364 1367 419 nisi
1388 365 1540 421 titulo
1567 374 1715 422 tenus
1753 383 1815 422 ac
1844 367 2124 439 participa-
2154 369 2206 430 Α
2230 367 2433 436 scripta
2465 382 2562 424 seu
2590 382 2687 424 ore
2717 367 2928 439 prolata
2949 408 2963 433 ,
2990 364 3209 422 totidem
3243 366 3393 424 fuere
3420 368 3764 440 cavillationes,

526 460 695 526 tione;
723 458 813 513 sed
834 467 1091 525 creatura,
1112 458 1309 514 cteteris
1330 467 1502 515 tamen
1524 461 1877 531 praestantior,
1904 477 2007 532 qua
2024 460 2127 516 rel-

525 554 600 607 uti
638 552 949 608 administra
987 563 1216 608 uteretur
1245 550 1387 609 Deus
1426 554 1495 609 ad
1534 571 1616 610 res
1656 564 1870 610 crateras
1901 556 2128 610 conden-

524 648 640 704 das.
674 647 800 704 llaec
823 648 985 720 impia
1012 649 1129 705 Arii
1156 656 1213 706 et
1235 664 1493 720 germana
1517 648 1791 720 professio
1824 648 2011 715 Fidei,
2040 650 2126 705 cui

526 740 757 812 proinde
787 740 1011 798 Lucifer
1047 742 1148 797 has
1172 756 1320 813 saepe
1356 742 1659 798 locutiones
1686 744 1951 813 opponit,
1983 740 2129 812 quod

527 831 688 889 Pater
713 851 865 890 verus
893 834 960 890 sit
986 833 1147 889 Pater
1183 834 1247 889 ab
1293 844 1509 903 interno,
1538 844 1587 889 et
1611 849 1787 890 verum
1814 833 1998 916 habent
2039 832 2132 887 Fi-

524 927 694 993 lium;
723 926 870 997 quod
902 924 1078 983 Filius
1107 928 1174 981 sit
1204 943 1356 982 verus
1402 924 1578 981 Filius
1607 936 1656 983 et
1681 943 1827 982 verus
1871 925 2043 993 Deus,
2078 936 2134 983 et

525 1023 669 1095 quod
701 1040 805 1077 una
832 1022 900 1078 sit
924 1023 1190 1078 teternitas
1218 1020 1397 1077 Patris
1422 1031 1471 1076 et
1499 1020 1629 1076 Filii
1650 1064 1665 1088 ,
1712 1022 1956 1093 aliasque
1983 1020 2134 1077 simi-

528 1117 611 1174 les
649 1116 719 1173 de
758 1116 987 1171 bonitate
1007 1156 1023 1182 ,
1052 1116 1314 1187 potentia,
1343 1117 1618 1189 majestate
1646 1116 1824 1169 eadem
1869 1113 2048 1168 Patris
2087 1124 2137 1170 et

530 1207 697 1275 Filii;
719 1222 880 1279 atque
910 1208 1161 1278 vulgatas
1190 1207 1314 1263 illas
1343 1207 1674 1263 Arianorum
1705 1206 1967 1262 formulas
1991 1249 2005 1274 ,
2040 1203 2137 1260 Fi-

532 1304 635 1358 lius
660 1319 724 1357 ea:
746 1303 912 1357 nihilo
934 1312 1042 1371 est,
1072 1302 1176 1375 fuit
1207 1311 1409 1373 tempus
1430 1301 1637 1370 quando
1669 1318 1772 1356 non
1798 1311 1939 1368 erat,
1971 1303 2138 1373 [actus

531 1407 605 1454 est
628 1415 690 1454 ea:
720 1414 823 1453 non
847 1397 1191 1465 exstantibus,
1223 1408 1278 1452 et
1308 1396 1580 1470 adoptivus
1621 1406 1697 1451 est
1724 1395 1923 1463 Filius,
1950 1394 2139 1466 serpis-

528 1493 668 1549 sime
694 1492 993 1563 exprobrat
1018 1490 1378 1557 Constantio,
1421 1496 1479 1546 et
1504 1490 1744 1561 graviter
1771 1499 2088 1545 exsecratur
2122 1505 2135 1541 :

530 1602 655 1657 quae
700 1602 825 1642 cum
856 1587 910 1641 in
950 1585 1167 1642 caeteris
1204 1583 1391 1649 libris,
1420 1583 1671 1639 crebrius
1702 1592 1884 1639 tamen
1912 1582 1966 1637 in
1999 1580 2139 1635 libro

532 1679 598 1733 de
619 1695 719 1733 non
750 1676 1008 1750 parcendo
1034 1676 1087 1731 in
1112 1674 1280 1731 Deum
1309 1674 1724 1746 delinquentibus
1750 1675 2137 1739 obversantur,

2230 461 2428 531 quibus
2476 461 2804 517 sententiam
2833 474 2989 517 suam
3036 460 3412 519 fraudulenter
3456 465 3675 536 tegebat,
3709 468 3768 523 id-

2233 552 2409 623 ipsum
2438 553 2600 610 modo
2630 568 2867 626 negans,
2898 555 3063 610 modo
3111 554 3413 623 afﬁrmans,
3445 556 3595 612 modo
3630 558 3769 615 fucata

2235 644 2523 701 verborum
2538 646 2721 718 specie
2734 646 3020 715 simulans,
3042 645 3515 720 dissimulansque,
3529 658 3579 706 ut
3589 666 3647 706 ex
3657 651 3768 708 Eccl.

2236 736 2376 796 Hist.
2407 739 2693 809 perspicue
2732 747 2979 811 apparet.
3016 737 3215 795 Verum
3242 738 3478 808 Lucifer,
3507 741 3587 797 cui
3612 741 3770 799 Ariani

2237 830 2489 902 impietas
2515 842 2634 888 erat
2663 832 2821 904 plane
2849 842 3156 904 perspecta,
3188 833 3508 891 catholicam
3535 839 3768 894 veritatem

2237 923 2506 980 adversus
2523 924 2840 982 haereticum
2876 927 3053 997 palam
3074 926 3355 998 proﬁtetur
3371 926 3425 983 in
3444 928 3532 984 lib.
3572 946 3587 985 ι
3616 946 3695 1001 pro
3726 930 3770 988 S.

2239 1017 2445 1074 Athan.
2480 1035 2533 1091 p.
2559 1020 2627 1077 98
2652 1018 2775 1093 (col.
2798 1019 2928 1091 864)
2954 1038 2965 1073 :
2992 1019 3112 1075 Non
3139 1022 3278 1076 enim
3303 1023 3422 1093 quia
3442 1020 3564 1078 dixit
3583 1027 3771 1096 Aposto-

2240 1112 2360 1167 lus:
2390 1112 2759 1184 Semetipsum
2791 1114 3341 1172 exinanivitformam
3363 1118 3502 1173 servi
3530 1120 3771 1189 accipiens,

2240 1202 2383 1260 Deus
2402 1203 2500 1261 Dei
2527 1206 2714 1262 unicus
2740 1204 2912 1262 Filius
2928 1207 3079 1263 aliud
3100 1208 3212 1278 fieri
3226 1209 3393 1281 potuit
3413 1225 3474 1265 ea:
3491 1210 3578 1265 illo
3594 1214 3708 1282 quod
3720 1226 3772 1268 est

2242 1298 2679 1369 incorruptibilis,
2698 1299 3089 1369 inenarrabilis,
3103 1301 3463 1370 immutabilis,
3482 1319 3586 1357 cum
3605 1306 3774 1359 sitsetn-

2244 1407 2336 1462 per
2364 1392 2419 1447 in
2445 1409 2504 1448 eo
2525 1403 2661 1449 statu
2687 1405 2893 1450 (eterna:
2913 1396 3284 1467 magnitudinis
3308 1413 3535 1464 manens,
3555 1399 3603 1452 in
3622 1416 3704 1466 quo
3722 1402 3771 1454 sit

2245 1502 2461 1541 ntancns
2484 1497 2531 1543 et
2550 1489 2663 1559 eius
2676 1487 2836 1544 Pater
2852 1504 2871 1543 :
2893 1490 3295 1545 inenarrabilem
3320 1505 3449 1546 vero
3467 1492 3588 1547 dicit
3604 1491 3773 1553 Filium.

2244 1589 2301 1637 ut
2332 1582 2559 1637 alteram
2606 1581 2721 1639 Arii
2766 1584 3159 1656 blasphemiam
3209 1586 3460 1653 damnet,
3498 1588 3580 1656 qui
3620 1587 3663 1642 in
3700 1588 3771 1643 iiii.

2244 1672 2400 1729 Thal.
2428 1674 2573 1745 apud
2595 1675 2795 1732 Athan.
2819 1676 2887 1733 de
2911 1677 3043 1749 Syn.
3068 1677 3240 1734 Deum
3273 1678 3484 1735 Patrem
3511 1681 3662 1736 solum
3678 1682 3777 1753 inef-

532 1773 622 1829 ubi
638 1775 801 1828 etiam
814 1770 1090 1828 Nicrenum
1112 1770 1431 1843 Symbolum
1459 1770 1731 1841 integrum
1759 1770 1806 1826 is
1827 1768 2137 1840 exscripsit.
2170 1768 2219 1829 B
2240 1755 2457 1840 Tabilem
2483 1779 2531 1823 et
2558 1769 2874 1826 indicibilem
2911 1786 3033 1829 esse
3057 1772 3273 1840 docuit;
3309 1771 3451 1828 Filio
3486 1774 3613 1830 Deus
3636 1774 3776 1842 inetja.

534 1866 697 1922 Arius
726 1876 991 1936 praeterea
1020 1863 1217 1919 Filith
1261 1862 1561 1918 mutabilem
1595 1878 1705 1918 esse
1732 1872 1924 1918 natura
1951 1873 2141 1933 aperte

532 1958 755 2025 docuit,
785 1968 835 2013 et
857 1959 911 2013 in
932 1959 1123 2013 malum
1145 1966 1331 2011 natura
1361 1956 1673 2026 proclivem,
1696 1956 1788 2010 sed
1815 1971 1878 2011 ex
1904 1953 2144 2011 omnibus

534 2052 793 2110 creaturis
819 2053 936 2107 ideo
960 2061 1249 2123 exemptum
1272 2092 1287 2117 ,
1315 2050 1437 2121 quia
1478 2048 1618 2104 Deus
1647 2049 1758 2115 ejus
1786 2048 1841 2103 in
1879 2047 2011 2103 bono
2050 2048 2143 2117 ﬁr-

536 2145 767 2201 mitatem
819 2144 1267 2211 constantiamque
1315 2143 1665 2214 praesciverit;
1715 2142 1859 2214 quod
1909 2158 1977 2198 ex
2027 2140 2144 2199 Arii

535 2238 757 2310 scriptis
781 2239 1014 2294 aitirtnat
1034 2235 1366 2292 Athanasius
1393 2236 1494 2292 sub
1514 2235 1727 2291 initium
1748 2235 1904 2291 Orat.
1929 2235 1987 2301 2,
2016 2250 2146 2292 cou-

537 2341 620 2389 tra
644 2332 834 2389 Arian.
866 2351 879 2387 :
904 2342 961 2388 ut
990 2349 1165 2388 omnes
1191 2350 1255 2389 ea:
1283 2344 1471 2389 natura
1496 2351 1622 2403 sua,
1652 2336 1726 2389 ita
1748 2350 1949 2406 quoque
1972 2334 2144 2405 ipsum

545 2425 773 2485 Verbum
807 2428 1142 2484 mutabilitati
1184 2429 1464 2485 obnoxium
1492 2446 1620 2497 esse,
1673 2447 1736 2485 ac
1761 2432 1815 2485 in
1844 2430 2005 2486 libero
2034 2433 2145 2503 ejus

536 2521 753 2577 arbitrio
776 2523 959 2592 fuisse,
984 2522 1233 2593 quamdiu
1257 2523 1412 2591 velit,
1432 2524 1622 2578 bonum
1647 2539 1986 2592 permanere;
2007 2526 2147 2597 ejus-

536 2631 636 2686 que
659 2616 972 2671 voluntatem
994 2627 1175 2672 nostro
1196 2633 1337 2672 more
1360 2618 1554 2672 mutari
1574 2618 1823 2689 potuisse,
1850 2633 1967 2672 cum
1994 2618 2150 2687 fuerit

542 2708 809 2764 mutabilis
842 2718 1070 2777 natura;
1095 2726 1257 2782 eaque
1300 2710 1367 2765 de
1410 2726 1566 2766 causa
1614 2726 1732 2765 cum
1760 2709 1904 2767 Deus
1947 2727 2147 2784 prteco-

540 2812 805 2874 gnosceret
833 2817 952 2856 eum
981 2801 1170 2857 bonum
1217 2806 1447 2875 futurum
1472 2844 1486 2869 ,
1533 2803 1976 2872 anticipando'illi
2017 2806 2151 2859 hanc

542 2895 767 2967 gloriam
797 2895 1023 2963 dedisse,
1054 2912 1208 2967 quam
1228 2896 1380 2951 homo
1403 2896 1735 2969 postmodum
1753 2914 1817 2953 ea;
1840 2898 2025 2954 virtute
2043 2914 2152 2954 me-

542 2997 786 3053 reretur;
816 2998 862 3043 et
889 2989 1038 3059 quasi
1069 2992 1187 3062 jam
1219 2988 1345 3059 tum:
1367 3005 1525 3057 opera
1555 2993 1669 3063 ejus
1715 2998 2008 3060 exstarent,
2035 3008 2151 3062 qua:

440 3076 451 3085 ’
546 3081 946 3152 providebantur
967 3099 999 3136 a
1026 3080 1157 3149 Deo,
1189 3081 1342 3136 talem
1370 3097 1486 3136 eum
1516 3083 1625 3150 iam
1648 3084 1822 3138 statim
1847 3084 1899 3138 in
1925 3100 2152 3157 praesen-

2246 1863 2363 1918 bilis
2387 1873 2498 1930 est;
2523 1872 2594 1919 est
2620 1866 2759 1920 enim
2786 1865 2881 1921 sibi
2900 1866 3036 1937 quod
3065 1877 3169 1935 est,
3190 1867 3293 1922 hoc
3316 1876 3391 1923 est
3416 1868 3681 1923 indicibilis.
3698 1868 3775 1923 Int-

2247 1955 2492 2027 possibile
2511 1966 2585 2012 est
2603 1958 2743 2013 enim
2756 1959 2802 2013 ei
2826 1960 3137 2032 investigare
3160 1960 3396 2028 Patrem,
3411 1962 3567 2033 qualis
3581 1962 3627 2017 in
3639 1979 3683 2017 se
3704 1974 3770 2031 est,

2246 2049 2491 2120 quoniam
2522 2051 2636 2115 ipse
2672 2049 2722 2104 F
2723 2051 2847 2106 ilius
2872 2069 3022 2108 suam
3047 2053 3215 2125 ipsius
3241 2055 3573 2109 substantiam
3589 2056 3774 2127 ignorat;

2250 2143 2614 2214 eamdemque
2640 2146 2971 2202 sententiam
3010 2147 3212 2219 repetit
3251 2148 3469 2205 Lucifer
3497 2166 3546 2221 p.
3580 2149 3661 2206 108
3683 2148 3773 2222 (col.

2249 2234 2380 2309 875)
2406 2236 2559 2295 hisce
2580 2239 2762 2295 verbis
2779 2260 2793 2296 :
2813 2240 2955 2306 Quid
2976 2240 3123 2295 aliud
3134 2242 3327 2296 astruit
3343 2241 3571 2316 gloriosa:
3584 2240 3775 2295 Ecclesia

2250 2330 2380 2400 ﬁdes
2399 2373 2413 2399 ,
2441 2332 2543 2387 nisi
2568 2333 2690 2403 quia
2716 2334 2781 2388 sit
2806 2334 2900 2390 Dei
2928 2335 3115 2390 unicus
3154 2333 3204 2389 F
3205 2336 3334 2391 ilius
3363 2336 3689 2401 immutabilis,
3716 2334 3773 2387 in-

2250 2423 2618 2492 convertibilis,
2649 2426 3046 2494 intestimabilis,
3073 2428 3361 2484 immensus
3376 2474 3391 2498 ,
3419 2439 3621 2485 internus
3635 2469 3647 2493 ,
3665 2427 3777 2481 sicuti

2251 2518 2317 2573 sit
2347 2529 2396 2574 et
2421 2521 2575 2591 cujus
2602 2520 2671 2575 sit
2693 2519 2908 2578 Filius?
2931 2521 3129 2579 Verum
3154 2524 3375 2581 Arianae
3397 2523 3645 2581 haereseos
3658 2532 3776 2592 caput

2253 2611 2306 2667 in
2336 2626 2403 2668 eo
2425 2613 2588 2669 situm
2616 2623 2767 2684 erat,
2796 2623 2854 2670 ttt
2889 2632 2996 2672 uno
3026 2616 3190 2674 verbo
3216 2616 3418 2673 Filium
3437 2617 3776 2673 consubstantia-

2252 2705 2353 2761 lem
2380 2720 2503 2763 esse
2546 2706 2692 2763 Patri
2733 2719 2995 2780 negaret;
3025 2710 3171 2781 quod
3213 2712 3272 2767 in
3318 2728 3412 2768 sua
3443 2711 3615 2768 Thalia
3637 2720 3776 2783 aperte

2252 2799 2547 2870 scripserat
2585 2800 2776 2868 Arius,
2808 2804 2962 2873 quasi
2996 2804 3182 2859 animo
3225 2807 3592 2877 prmaeutiret,
3629 2814 3774 2875 quanta

2256 2889 2419 2962 hujus
2441 2892 2691 2949 vocabuli
2715 2896 2799 2951 vis
2829 2894 3008 2951 futura
3033 2907 3218 2967 postea
3248 2907 3412 2964 esset,
3438 2908 3489 2955 et
3514 2898 3675 2955 efﬁcax
3690 2911 3777 2952 sen-

2254 2998 2379 3052 sus,
2409 2993 2466 3041 et
2487 2984 2640 3042 ﬁrma
2680 2990 2980 3045 auctoritas
3007 2990 3071 3043 ad
3102 2992 3364 3048 tuendam
3395 2992 3546 3049 Verbi
3578 2989 3775 3046 llivinita-

2259 3086 2365 3133 lem
2391 3094 2407 3143 ;
2441 3078 2558 3135 οὐδὲ
2585 3079 2689 3158 ’γάρ
2725 3078 2867 3139 ἔστιν
2896 3084 3035 3145 iace.
3066 3084 3172 3140 ἀλλ’
3208 3085 3351 3157 οὐδὲρ
3371 3085 3616 3160 ipsecausa;
3648 3086 3774 3154 αὐτῷ,

543 3173 617 3229 tia
635 3173 798 3229 voluit
820 3174 933 3244 fieri
955 3190 975 3230 :
996 3182 1051 3231 et
1082 3174 1223 3231 idem
1254 3183 1491 3231 testatur
1511 3174 1827 3234 Alexander
1850 3177 2152 3250 Episcopus
2177 3163 2223 3225 Ο
2257 3186 2418 3241 neque
2435 3173 2571 3227 enim
2593 3172 2761 3229 Filius
2786 3187 2857 3229 est
2885 3176 3122 3244 a’qualis.
3143 3178 3234 3231 sed
3265 3194 3424 3251 neque
3448 3179 3540 3241 illi,
3561 3176 3606 3232 id
3624 3174 3773 3233 eSIPa-

546 3268 603 3323 in
627 3283 724 3324 sua
756 3268 987 3340 epistola
1018 3269 1085 3324 ad
1116 3268 1452 3338 Catholicos,
1482 3271 1575 3326 ubi
1607 3271 1798 3328 Arium
1821 3272 2051 3344 ejusque
2070 3288 2157 3329 asc

544 3360 724 3418 sectas
774 3361 1070 3433 impietatis
1115 3362 1430 3431 convictos,
1477 3374 1743 3435 prmterea
1791 3366 2158 3436 interrogatos

508 3530 513 3531 γ
548 3451 720 3511 fuisse
748 3455 963 3521 scribit,
994 3457 1039 3512 si
1062 3455 1281 3516 δύναται
1306 3458 1333 3514 ὁ
1360 3466 1451 3515 τοῦ
1477 3460 1593 3513 θεοῦ
1618 3456 1767 3531 λόγος
1795 3474 2059 3535 τραπῆναι
2088 3460 2158 3520 ὡς

549 3546 577 3603 ὁ
592 3546 825 3611 διάϐολος
845 3549 1059 3627 ἐτράπη·
1076 3553 1161 3606 καὶ
1177 3553 1264 3605 οὐκ
1276 3552 1590 3625 ἐφοϐήθησαν
1610 3552 1788 3608 εἰπεῖν.
1803 3555 1899 3608 Ναὶ
1917 3550 2155 3617 δύναται,

552 3643 773 3720 τρεπτός
787 3645 888 3718 γὰρ
906 3642 1108 3718 φύσεώς
1125 3646 1262 3712 ἐστι,
1288 3648 1499 3720 γενητὸς·
1516 3650 1601 3702 καὶ
1622 3647 1841 3724 τριπτὸς
1868 3647 2123 3721 ὑπάρχων
2143 3661 2155 3697 :

552 3736 609 3793 id
635 3746 759 3794 est:
790 3737 850 3793 Si
880 3734 981 3793 Dei
1014 3736 1246 3792 Verbum
1294 3741 1491 3794 mutari
1528 3749 1722 3809 potest,
1752 3740 1883 3794 sicut
1923 3737 2162 3794 diabolus

555 3838 784 3884 mutatus
814 3828 937 3885 est.’
962 3837 1008 3885 et
1037 3830 1185 3885 veriti
1216 3847 1320 3886 non
1346 3840 1469 3887 sunt
1505 3832 1711 3891 dicere:
1742 3830 1928 3903 Utique
1953 3839 2162 3905 potest;

553 3921 817 3978 mutabilis
846 3922 981 3977 enim
1008 3931 1083 3977 est
1111 3932 1330 3990 natura,
1360 3933 1561 3980 creatus
1590 3934 1639 3981 et
1659 3924 2008 3981 convertibilis
2024 3925 2163 3980 exis-

555 4025 709 4073 tens:
734 4032 842 4089 quo
891 4018 945 4073 in
998 4017 1117 4074 loco
1168 4025 1317 4074 recte
1354 4028 1550 4075 censet
1584 4018 1831 4075 Valesius
1870 4017 2161 4089 legendum

554 4127 681 4171 esse
723 4113 931 4187 γενητὸς
965 4127 1065 4183 pro
1104 4111 1371 4170 vocabulo
1395 4113 1666 4188 γεννητὸς,
1701 4114 1782 4169 uti
1810 4121 1866 4168 et
1896 4126 1998 4168 nos
2028 4111 2166 4168 scri-

556 4207 787 4279 psimus,
838 4214 998 4278 utque
1027 4205 1236 4278 legitur,
1264 4206 1475 4277 inquit,
1505 4205 1645 4279 apud
1669 4203 1935 4262 Gelasium
1958 4203 2167 4276 Cyzice-

557 4317 716 4362 num;
745 4315 906 4371 neque
929 4299 1083 4355 aliter
1111 4297 1233 4371 legit
1257 4296 1627 4369 Epiphanius;
1659 4298 1808 4354 vertit
1827 4299 2002 4365 enim;
2033 4296 2168 4354 Fac-

562 4399 649 4447 tus
668 4433 683 4456 ,
711 4392 891 4459 aiunt,
922 4403 977 4449 et
1006 4392 1384 4449 convertibilis
1427 4401 1512 4448 est
1542 4410 1553 4446 :
1586 4395 1821 4467 γεννητὸς
1850 4401 2031 4448 autem
2078 4406 2169 4447 ca-

559 4483 822 4541 tholicum
850 4485 1017 4542 habet
1045 4501 1304 4554 sensum,
1341 4485 1409 4542 de
1437 4500 1546 4558 quo
1572 4485 1827 4543 Petavius
1876 4486 1929 4541 in
1974 4484 2071 4541 lib.
2112 4500 2165 4552 v,

2260 3264 2358 3333 tri,
2384 3266 2834 3322 consubstantialis
2859 3284 2878 3323 :
2904 3283 3074 3340 quare
3107 3269 3332 3328 Lucifer
3360 3280 3413 3328 et
3442 3272 3490 3328 in
3519 3270 3599 3327 lib.
3626 3270 3678 3323 de
3704 3280 3775 3321 tum

2260 3375 2405 3428 pare.
2446 3360 2501 3413 in
2533 3358 2700 3415 Deum
2728 3362 2946 3433 delinq.,
2982 3373 3037 3418 et
3065 3365 3119 3419 it.
3147 3365 3353 3433 altero,
3383 3368 3465 3421 cui
3505 3365 3667 3420 titulus
3695 3376 3774 3415 mor

2230 3502 2233 3505 Α
2260 3453 2502 3508 riendum
2513 3471 2642 3521 esse,
2665 3464 2789 3523 etc.,
2810 3457 3085 3531 ὁμοουσίου
3106 3462 3396 3534 νυοθιιι,ζει
3420 3461 3666 3532 perfectam
3686 3452 3777 3509 Filii

2260 3561 2377 3600 cum
2420 3546 2577 3603 Patre
2604 3549 2951 3619 wqualitatem
2980 3550 3263 3619 defendit;
3292 3552 3433 3624 quod
3464 3553 3510 3607 in
3543 3550 3646 3605 aliis
3668 3544 3774 3602 libris

2261 3639 2589 3712 quandoque
2618 3651 2869 3714 praestat,
2915 3653 2971 3700 et
2998 3660 3118 3715 qua:
3149 3644 3249 3702 Dei
3293 3645 3465 3702 Patris
3504 3638 3774 3701 suntdivinzv

2264 3738 2655 3808 proprietates,
2685 3745 2952 3809 quatenus
2977 3736 3124 3794 Deus
3143 3747 3249 3806 est,
3273 3754 3368 3796 eas
3387 3746 3440 3795 et
3459 3736 3581 3793 Filio
3599 3733 3775 3790 tribuen-

2262 3828 2362 3885 das
2389 3828 2647 3886 afﬁrmat.

2336 3920 2395 3978 In
2425 3923 2516 3980 lib.
2554 3939 2568 3979 ι
2607 3939 2706 3995 pro
2732 3924 2791 3981 S.
2821 3924 3025 3981 Athan.
3057 3925 3533 3983 animadvertimus
3552 3921 3773 3997 ὁμοιονσίον

2265 4028 2480 4087 quoque
2507 4015 2831 4071 vocabulum
2862 4032 2891 4070 a
2922 4016 3173 4073 Lucifero
3199 4017 3500 4073 adhibitum
3529 4028 3654 4077 esse,
3675 4003 3773 4080 quod

2265 4107 2567 4164 substantia:
2590 4108 2982 4165 similitudinem
3009 4114 3063 4165 in
3085 4109 3232 4166 Filio
3248 4111 3318 4165 ad
3345 4109 3541 4165 Patrem
3557 4104 3772 4177 signiﬁcat,

2269 4210 2320 4256 et
2348 4216 2379 4255 a
2405 4201 2692 4257 catholicis
2720 4201 2990 4259 catholico
3017 4216 3179 4260 sensu
3196 4211 3505 4276 usurpatum
3524 4195 3773 4272 quandlllluc

2270 4289 2405 4359 fuit,
2432 4307 2565 4361 cum_
2583 4296 2864 4366 perfectam
2887 4295 3286 4352 similitudinem
3306 4307 3354 4352 et
3368 4295 3669 4367 wqualitatem
3686 4282 3774 4339 Filii

2270 4400 2387 4439 cum
2418 4382 2579 4440 Patre
2601 4400 2668 4441 eo
2696 4386 2965 4443 vocabulo
2998 4386 3409 4457 iutelligebant:
3447 4399 3598 4458 quare
3622 4374 3775 4437 Lucifer

2272 4478 2347 4533 ait
2370 4479 2592 4534 similem
2618 4488 2772 4551 atque
2810 4480 3058 4552 aqualem
3083 4496 3193 4537 esse
3214 4479 3366 4536 Patri
3391 4479 3588 4535 Filium.
3616 4470 3697 4530 Sed
3714 4467 3775 4523 lli-

559 4592 683 4648 cap.
705 4579 729 4633 1
752 4596 763 4631 :
784 4578 936 4645 Quod
950 4590 1121 4635 autem
1148 4582 1399 4653 sequitur,
1428 4580 1580 4638 addit
1604 4581 1876 4647 Valesius,
1905 4582 1990 4639 xui
2010 4602 2152 4659 τρεπ·

2274 4572 2445 4629 larius
2490 4573 2851 4632 Pietaviensis
2880 4575 2932 4631 in
2967 4576 3249 4647 responsis
3291 4570 3618 4648 apologeticis
3642 4579 3715 4638 pro
3734 4562 3775 4659 li:

561 4674 651 4735 τὸς
672 4714 687 4740 ,
709 4673 893 4727 melius
919 4674 1104 4745 legitur
1134 4674 1190 4729 in
1218 4673 1428 4729 Gelasio
1460 4678 1545 4732 καὶ
1572 4676 1779 4737 κτιστὸς
1797 4717 1810 4741 ,
1841 4690 2004 4747 quam
2033 4674 2169 4730 scri-

563 4780 781 4843 pturam
811 4766 866 4824 in
898 4769 1133 4824 versione
1151 4786 1261 4824 mea
1292 4787 1408 4824 sum
1432 4780 1656 4826 secutus.
1684 4770 1845 4826 Hisce
1864 4777 2045 4826 autem
2076 4769 2172 4825 im-

566 4861 765 4917 morati
793 4876 1006 4928 sumus,
1032 4869 1093 4917 ut
1107 4859 1398 4934 Theophili
1424 4861 1669 4919 Aletltini
1693 4878 1980 4920 censuram
1998 4862 2053 4918 in
2072 4862 2173 4919 Pe-

565 4956 769 5013 tavium
825 4964 1140 5014 notaremus
1181 4956 1249 5012 ad
1299 4970 1423 5028 cap.
1478 4956 1534 5025 8,
1584 4972 1733 5013 num.
1786 4957 1841 5023 l,
1889 4956 1985 5012 lib.
2028 4971 2046 5010 ι
2095 4955 2173 5011 Dc

563 5047 791 5118 Triuit.,
829 5048 922 5123 qui
964 5048 1099 5105 dicit
1156 5047 1313 5105 Verbi
1356 5048 1751 5104 mutabilitatem
1798 5048 1868 5103 ab
1909 5049 2043 5105 Ario
2074 5062 2168 5104 ne-

565 5151 746 5214 gatam
830 5140 998 5198 fuisse
1069 5139 1124 5197 in
1204 5155 1301 5199 sua
1384 5140 1616 5212 epistola
1683 5144 1752 5195 ad
1814 5141 2170 5196 Alexandrum

568 5234 938 5306 Episcopum,
987 5249 1105 5306 qute
1139 5242 1216 5289 est
1252 5233 1393 5308 apud
1432 5232 1795 5306 Epiphaniam
1842 5234 1971 5288 liter.
2010 5249 2165 5303 uix,

566 5327 655 5383 ubi
698 5325 901 5383 Filium
939 5326 1129 5382 diserte
1179 5326 1303 5382 dicit
1358 5327 1611 5405 ἀτραπιτὸν
1665 5329 1750 5382 καὶ
1805 5326 2166 5394 ἀναλλαιὼτον,

566 5421 839 5495 ejusmodi
878 5430 939 5477 ut
991 5436 1168 5490 neque
1214 5420 1461 5478 converti
1509 5434 1685 5490 neque
1734 5420 1931 5473 mutari
1979 5419 2172 5490 possit.

569 5514 721 5573 Idem
750 5516 906 5571 etiam
946 5515 1110 5586 legere
1138 5522 1213 5571 est
1243 5515 1297 5569 in
1325 5512 1547 5586 epistola
1588 5512 1657 5567 ad
1697 5510 1978 5567 Eusebium
2010 5510 2176 5566 Nico-

568 5609 911 5675 mediensem,
939 5623 1055 5678 quas
1078 5616 1249 5664 exstat
1273 5606 1328 5663 in
1355 5605 1500 5662 Hist.
1551 5604 1699 5661 Eccl.
1733 5603 1991 5661 Theodor.
2023 5605 2113 5661 lib.
2156 5622 2172 5661 ι

569 5718 688 5773 cap.
722 5703 776 5760 5.
813 5700 931 5757 Non
972 5709 1092 5758 erat
1120 5709 1299 5758 autem
1333 5716 1432 5756 cur
1470 5698 1807 5771 Theophilus
1845 5698 1951 5755 iste
1979 5698 2168 5755 Arium

570 5793 673 5856 hac
712 5793 766 5848 in
796 5800 950 5865 parte
990 5801 1257 5863 tueretur,
1289 5793 1444 5865 cujus
1476 5801 1615 5866 quot
1654 5800 1813 5853 erant
1862 5792 2024 5851 verba
2072 5807 2167 5850 seu

2271 4667 2371 4724 bro
2410 4682 2512 4724 suo
2561 4668 2631 4726 de
2664 4669 2891 4742 synodis
2938 4677 3176 4726 testatur
3219 4685 3281 4727 se
3325 4669 3535 4727 invitum
3577 4654 3775 4718 homassii

2273 4764 2607 4819 mentionem
2684 4762 2919 4830 habere,
2996 4762 3267 4836 lmjusque
3321 4763 3464 4820 vocis
3520 4760 3613 4814 vim
3668 4767 3691 4806 a
3736 4758 3775 4800 56

2275 4854 2445 4911 fuisse
2513 4855 2937 4924 declarandam,
2992 4857 3116 4928 quia
3192 4856 3407 4914 Lucifer
3470 4844 3775 4909 similitudinem

2275 4946 2406 5004 Filii
2458 4950 2527 5005 ad
2576 4948 2789 5006 Patrem
2835 4950 3192 5023 pradicabat:
3243 4965 3364 5023 qua:
3409 4946 3558 5004 verba
3599 4935 3774 5008 explica'

2276 5042 2478 5099 tionem
2509 5043 2787 5115 aliquanto
2807 5043 3119 5100 uberiorem
3146 5046 3447 5115 postulant,
3466 5050 3605 5111 quam
3624 5032 3665 5088 in
3689 5032 3773 5082 noli

2276 5133 2615 5193 Lucileriano
2642 5137 2955 5195 testimonio
2978 5137 3223 5210 subjecta
3251 5134 3645 5210 praestiterimus.
3675 5118 3775 5178 Ηίιθο

2277 5227 2392 5284 rius
2436 5226 2634 5287 librum
2679 5230 2748 5288 de
2792 5230 3029 5305 Synodis
3058 5233 3352 5305 scripserat
3378 5246 3441 5287 eo
3466 5227 3651 5284 circiter
3680 5224 3773 5271 tem-

2277 5340 2431 5395 POl‘e,
2478 5327 2621 5398 quod
2668 5327 2976 5384 intercessit
3004 5329 3149 5385 inter
3179 5341 3416 5386 mensem
3444 5320 3771 5398 Augustuman.

2275 5418 2407 5487 558,
2440 5397 2506 5476 et
2521 5434 2762 5477 mensem
2792 5421 2990 5478 Maium
3020 5436 3113 5477 an.
3137 5422 3267 5490 559,
3294 5419 3365 5476 uti
3395 5397 3771 5490 momentum?

2280 5486 2439 5568 nacbi
2466 5512 2692 5569 Mauriui
2716 5513 2768 5569 in
2796 5512 3012 5569 Prtel'at.
3042 5513 3108 5570 ad
3136 5486 3329 5569 librum
3353 5507 3577 5567 eumdem
3596 5509 3711 5555 num.
3735 5486 3769 5549 ί,

2280 5620 2457 5677 eoque
2484 5605 2718 5664 consilio
2749 5607 2895 5664 hanc
2924 5622 3147 5679 operam
3170 5619 3448 5680 aggressus
3464 5581 3770 5663 est,utGallia-

2280 5715 2399 5757 rum
2430 5702 2724 5772 episcopis,
2740 5716 2769 5756 a
2795 5701 2992 5774 quibus
3010 5713 3236 5775 rogatus
3258 5701 3444 5766 fuerat,
3467 5703 3595 5751 suam
3611 5688 3770 5775 senten-

2280 5794 2409 5851 tiam
2429 5768 2727 5867 exponeret
2748 5768 3226 5856 de-formulisvlldei
3244 5793 3449 5855 editisin
3464 5768 3767 5847 Oriente,etd¢
