3972 6352
254 264 345 325 717

1652 261 2043 324 ΡΒᾸΞΕΑΤΙΟ.

3418 270 3525 329 ’118

251 388 470 450 tcrprctc
498 378 681 443 latino,
716 378 883 432 Deum
905 379 994 450 qui
1022 379 1201 451 genuit
1232 377 1523 434 Filium...
1554 384 1671 435 non‘
1704 380 1817 451 opi-
1845 385 1899 445 Α
1928 380 2162 436 Basilius
2207 380 2261 436 in
2306 383 2466 452 epist.
2502 382 2591 451 78,
2638 384 2709 438 al.
2747 383 2880 452 125;
2914 387 3172 457 paulatim
3205 396 3380 447 autem
3404 408 3518 447 cre-

245 473 384 527 nione
407 472 593 541 factum
620 480 708 525 aut
735 472 1037 544 cogitatum,
1068 471 1160 525 sed
1190 488 1244 524 rc
1275 487 1395 525 vera
1425 473 1780 527 subsistentem
1802 513 1814 535 ,

243 582 443 636 eumque
470 565 747 620 subsistere
776 567 897 638 fecit
935 582 1031 619 sua
1061 565 1359 632 voluntate;
1391 582 1512 637 qua:
1545 567 1597 620 in
1626 562 1818 621 Graeco

242 659 534 729 huiusmodi
564 667 712 723 sunt,
734 659 794 713 οὐ
823 657 1053 725 δοκήσει,
1072 660 1196 715 ἀλλὰ
1218 660 1419 736 ἀληθείᾳ
1444 662 1818 719 ὑποστήσαντα

241 751 342 824 ἰδίῳ
367 752 600 825 θελήματι
620 769 631 805 :
655 751 720 805 de
744 768 849 822 quo
874 761 1053 808 tamen
1084 762 1297 808 veteres
1316 752 1508 808 Patres
1525 751 1819 823 aliquando

239 846 369 902 inter
396 860 452 899 se
479 845 854 914 disputarunt,
878 860 998 901 cum
1029 844 1122 899 alii
1153 844 1459 912 docuerint,
1492 843 1686 900 Filium
1720 861 1815 897 na-

241 938 462 993 turaliter
485 955 544 993 ac
570 939 679 993 sine
709 938 971 993 voluntate
993 981 1007 1007 ,
1037 940 1129 993 alii
1160 956 1260 993 non
1288 939 1577 994 necessario
1597 980 1611 1007 ,
1640 955 1700 993 ac
1730 955 1816 992 vo-

238 1031 420 1085 luntate
464 1032 704 1101 genitum
747 1032 944 1099 fuisse;
994 1046 1224 1102 quorum
1263 1033 1570 1087 sententias
1611 1031 1819 1103 optime

236 1120 483 1194 esplicat,
513 1133 567 1181 et
592 1125 734 1181 inter
761 1142 820 1180 se
850 1140 909 1182 se
937 1127 1217 1197 coniungit
1243 1127 1499 1182 Petavius
1533 1128 1582 1180 iu
1642 1125 1732 1179 lib.
1767 1143 1816 1180 vi

236 1230 342 1287 cap.
368 1215 419 1283 8,
441 1232 588 1271 num.
608 1206 709 1271 ‘22:
736 1208 952 1287 Utrique
973 1221 1116 1274 enim
1142 1236 1253 1272 eam
1276 1220 1588 1272 voluntatem
1609 1234 1665 1273 rc
1693 1235 1815 1271 vera

234 1308 530 1375 admittunt,
560 1327 675 1380 qua:
704 1312 995 1366 necessaria
1027 1312 1124 1378 sit;
1152 1322 1198 1365 et
1228 1313 1372 1367 illaut
1404 1312 1647 1384 rejiciuut
1676 1329 1707 1365 a
1730 1329 1817 1383 ge-

231 1406 479 1459 neratione
510 1401 677 1471 Filii,
708 1421 823 1476 qua:
864 1407 932 1459 sit
977 1406 1167 1475 libera,
1199 1416 1245 1459 ct
1275 1423 1387 1459 cum
1419 1405 1814 1473 deliberatione,

230 1507 371 1564 atque
415 1497 710 1552 utriuslibet
766 1507 1013 1568 potestate
1060 1502 1379 1573 conjuncta;
1431 1514 1538 1569 quo
1582 1498 1819 1553 maxime

231 1593 495 1662 spectabat
540 1590 656 1647 Arii
688 1586 973 1656 doctrina,
1010 1582 1145 1646 hanc
1177 1592 1403 1647 liberam
1436 1593 1488 1645 iu
1518 1590 1680 1646 Patre
1727 1607 1820 1647 vo-

231 1684 479 1740 luntatem
512 1683 684 1742 fuisse
712 1687 1028 1757 impiissime
1051 1686 1328 1740 affirmans
1352 1686 1416 1739 ad
1447 1686 1817 1756 generandum

1920 474 2113 528 scentia
2154 475 2433 545 impietatis
2460 477 2680 543 semina,
2708 494 2825 550 qua:
2861 480 3009 553 prius
3039 481 3099 537 ab
3149 484 3275 539 Ario
3312 486 3524 542 Ita’resis

1919 576 2126 622 auctore
2147 571 2318 642 jacta,
2348 580 2522 641 postea
2550 586 2668 627 vero
2691 572 2753 626 ab
2778 573 2959 644 iisqui
2998 576 3142 631 illius
3181 594 3379 633 errores
3422 580 3520 634 im-

1921 662 2077 730 probe
2108 674 2437 735 exceperttnt,
2466 665 2535 719 ad
2578 664 2933 722 Ecclesiarum
2984 671 3262 738 perniciem
3301 674 3527 728 enutrita

1919 764 2071 822 sunt,
2101 755 2314 827 ipsaque
2341 752 2619 826 impietatis
2646 760 2800 815 series
2827 761 2881 816 in
2928 761 3298 832 blasphemiam
3341 776 3521 822 contra

1922 844 2178 915 Spiritum
2222 860 2452 905 sanctum
2482 853 2673 921 erupit.
2709 852 2846 909 Hinc
2875 855 3035 926 igitur
3063 856 3300 926 Lucifer,
3344 859 3435 929 qui
3468 860 3520 916 in

1918 938 2243 996 Constantio
2271 945 2515 1014 Augusto
2544 946 2874 1017 impietatem
2893 947 3223 1019 iniquissimi
3253 951 3525 1023 dogmatis

1918 1030 2308 1103 insequebatur
2329 1038 2493 1093 veluti
2520 1038 2735 1095 Arianze
2766 1040 2995 1098 haeresis
3020 1042 3229 1101 fautore
3260 1048 3526 1116 potentis-

1920 1128 2080 1195 simo,
2114 1130 2227 1184 lucc
2251 1130 2428 1187 eidem
2452 1132 2770 1190 Constantio
2792 1137 3091 1205 exprobrat
3117 1140 3168 1194 in
3200 1140 3294 1196 lib.
3321 1141 3389 1197 de
3415 1158 3521 1198 non

1922 1236 2081 1277 conv.
2113 1238 2233 1278 cum
2269 1225 2456 1280 limrct.
2489 1244 2499 1278 ε
2526 1226 2677 1282 Illico
2704 1238 2757 1281 ut
2789 1232 3054 1300 occupasti
3086 1228 3335 1301 Italiam,
3367 1235 3526 1290 eccle-

1921 1317 2051 1369 siant
2095 1317 2209 1388 ejus
2235 1319 2440 1374 tentasti
2483 1330 2709 1386 vertere;
2741 1323 2918 1377 dixisti
2955 1322 3122 1379 Deum
3161 1324 3374 1382 Patrem
3421 1346 3524 1383 non

1922 1427 2029 1466 esse
2055 1427 2231 1465 verum
2261 1411 2425 1468 Deum
2447 1412 2679 1481 Patrem,
2708 1416 2917 1471 unicum
2942 1420 3052 1489 ejus
3077 1435 3271 1491 negans
3300 1417 3524 1488 Filium,

1922 1504 2180 1574 affirmans
2209 1522 2311 1559 non
2339 1522 2447 1561 esse
2464 1508 2611 1561 illuni
2634 1523 2807 1563 verum
2824 1507 2871 1562 Γ
2876 1511 3054 1578 ilium;
3075 1514 3343 1568 astruxiin
3373 1517 3527 1569 etiam

1924 1597 2176 1653 Sanctum
2220 1599 2557 1657 Paracletum
2584 1604 2836 1673 Spiritum
2866 1605 3172 1676 fabricatum
3198 1626 3308 1663 esse
3334 1624 3401 1664 ea;
3442 1612 3526 1665 ni-

1923 1689 2053 1758 hilo,
2082 1693 2387 1749 descendere
2433 1711 2497 1750 ea:
2540 1695 2741 1765 nihilo;
2782 1698 2837 1753 in
2882 1701 3100 1755 exteris
3144 1711 3324 1757 autem
3372 1702 3527 1760 libris

232 1775 411 1833 Filium
438 1796 450 1832 :
486 1778 761 1845 Quocirca,
793 1791 915 1835 utor
944 1778 1148 1834 Petavii
1179 1779 1361 1833 verbis
1404 1796 1553 1834 num.
1600 1774 1693 1845 2|,
1725 1780 1821 1833 ad-
1851 1793 1899 1853 B
1925 1785 2186 1856 Spiritum
2206 1798 2451 1844 sanctum
2480 1791 2744 1861 mqualem
2778 1792 2924 1848 Patri
2952 1809 3014 1850 ac
3037 1794 3179 1852 Filio
3204 1798 3490 1852 ωιετηὶιαιε
3510 1841 3527 1866 ν

230 1885 391 1925 versus
422 1870 671 1926 Arianam
695 1874 1078 1927 cavillationem
1108 1871 1205 1927 hac
1233 1890 1286 1926 se
1327 1873 1715 1943 prwscriptione
1742 1883 1822 1939 tu-

236 1970 318 2022 tati
344 1979 459 2022 sunt
487 1978 680 2023 veteres
710 1970 906 2038 aliqui,
940 1981 992 2023 ut
1026 1969 1220 2024 Filium
1252 1970 1419 2041 ipsam
1449 1986 1557 2024 esse
1584 1969 1822 2023 volunta-

234 2071 319 2115 tem
350 2060 522 2116 Patris
544 2106 556 2126 ,
584 2063 854 2133 ipsumque
881 2063 1107 2117 dicerent
1138 2079 1245 2118 esse
1274 2063 1549 2116 consilium
1572 2078 1591 2115 .°
1619 2077 1680 2115 ex
1720 2078 1820 2131 quo

232 2157 279 2210 id
307 2157 613 2227 cfﬁciebant,
646 2175 747 2212 non
776 2174 833 2213 eo
875 2159 1099 2229 priorem
1132 2174 1241 2213 esse
1271 2156 1511 2220 Patrem,
1558 2157 1680 2226 quia
1712 2156 1823 2208 sine

232 2254 477 2307 voluntate
501 2255 826 2321 consilioque
849 2269 957 2308 esse
984 2270 1085 2307 non
1128 2253 1318 2323 potuit.
1367 2251 1476 2306 lloc
1504 2258 1821 2322 argumento

229 2346 305 2400 ιιεὶ
342 2357 461 2401 sunt
492 2346 689 2401 Patres
719 2346 949 2417 aliquot,
983 2361 1119 2417 quos
1166 2344 1365 2401 ibidem
1411 2346 1661 2400 Petavius
1690 2360 1823 2397 cuu—

227 2451 418 2506 merat;
474 2444 524 2495 in
584 2440 774 2509 primis
818 2438 1058 2512 Cyrillus
1090 2439 1487 2494 Alexandrinus
1523 2440 1572 2493 in
1608 2437 1700 2492 lib.
1754 2453 1823 2492 vit

226 2532 474 2589 Thesaur.
502 2534 705 2589 Filium
734 2536 925 2600 vivens,
952 2535 1046 2599 ait,
1069 2551 1175 2588 esse
1204 2533 1378 2586 Patris
1403 2534 1697 2599 consilium,
1733 2550 1825 2601 per

226 2630 351 2699 quod
372 2633 616 2686 universa
645 2633 784 2702 fecit.
810 2632 982 2697 Quare
1012 2632 1055 2685 si
1086 2632 1357 2685 consilium
1382 2641 1430 2683 et
1452 2631 1689 2684 voluntas
1717 2628 1823 2684 Pa-

228 2726 312 2778 tris
339 2735 407 2780 est
431 2766 446 2792 ,
475 2726 741 2795 quomodo
769 2728 1150 2795 generationem
1192 2740 1337 2779 suant
1368 2724 1602 2779 voluntas
1631 2740 1826 2791 prcece-

228 2820 527 2892 det?quam
573 2822 825 2892 loquendi
876 2820 1137 2875 rationem
1182 2818 1368 2873 laudat
1408 2818 1743 2891 Augustinus
1770 2819 1821 2873 in

226 2912 313 2968 lib.
345 2931 408 2969 xv
440 2914 510 2971 de
538 2914 748 2970 Trinit.
798 2928 921 2985 cap.
954 2913 1065 2980 20;
1098 2912 1299 2967 rectius
1328 2920 1507 2967 tamen
1536 2910 1641 2966 dici
1671 2912 1819 2965 affir-

226 3015 326 3061 mat
368 3008 653 3063 consilium
698 3006 761 3061 de
788 3006 1027 3067 consilio,
1080 3005 1390 3059 voluntatem
1432 3005 1495 3058 de
1537 3003 1818 3058 voluntate.

228 3099 460 3168 Quidam,
492 3100 680 3171 inquit
703 3140 719 3164 ,
753 3116 817 3155 ne
846 3096 1046 3169 Filium
1077 3099 1281 3154 consilii
1308 3098 1384 3152 vel
1412 3098 1695 3151 voluntatis
1730 3094 1823 3150 Dei

1925 1880 2170 1947 potentia,
2205 1881 2588 1952 magnitudine,
2638 1884 2992 1941 dominatione
3021 1902 3144 1945 esse
3195 1898 3381 1946 tuetur
3409 1908 3422 1945 :
3454 1893 3532 1948 sic

1924 1971 1976 2025 in
2021 1973 2118 2028 lib.
2154 1989 2170 2027 ι
2213 1990 2309 2044 pro
2341 1975 2401 2031 S.
2428 1976 2632 2033 Athan.
2666 1996 2826 2034 unam
2848 1984 3134 2053 potentiam
3163 1984 3383 2054 habere,
3412 1988 3527 2055 ait,

1928 2065 2141 2122 Patrem
2159 2076 2204 2123 et
2230 2065 2433 2124 Filium
2456 2079 2502 2124 et
2533 2071 2788 2141 Spiritum
2816 2087 3081 2145 sanctum;
3113 2088 3165 2134 et
3199 2080 3251 2134 in
3293 2097 3325 2138 ιι
3370 2098 3531 2136 unam

1922 2161 2257 2215 ceternitatem
2279 2162 2468 2217 habere
2497 2161 2707 2219 Patrem
2730 2177 2776 2219 et
2800 2164 3001 2222 Filium
3029 2179 3077 2225 et
3108 2169 3370 2241 Spiritum
3414 2192 3531 2231 san-

1924 2262 2061 2303 ctum
2094 2251 2434 2309 clamantibus
2472 2257 2637 2310 sacris
2668 2256 2993 2328 Scripturis;
3018 2270 3074 2317 et
3106 2265 3157 2317 in
3188 2263 3288 2320 lib.
3321 2265 3390 2321 de
3420 2283 3532 2322 non

1927 2366 2073 2417 parc.
2107 2350 2159 2403 in
2185 2349 2355 2403 Deum
2388 2350 2594 2422 deliuq.
2624 2370 2633 2404 :
2670 2352 2817 2407 Tunc
2839 2372 2951 2409 cum
2982 2374 3289 2428 cognoscere
3320 2363 3534 2432 coeperis

1927 2438 2103 2495 Patris
2129 2451 2174 2496 et
2195 2440 2327 2496 Filii
2361 2454 2403 2497 ct
2438 2444 2668 2514 Spiritus
2716 2451 2882 2502 sancti
2902 2467 3056 2504 unam
3084 2469 3176 2506 nos
3204 2463 3341 2509 recte
3370 2457 3534 2525 confi-

1925 2536 2019 2588 teri
2032 2536 2391 2603 arternitatem,
2416 2554 2532 2590 cum
2554 2539 2730 2593 videre
2748 2545 2961 2609 carperis
2973 2548 3110 2616 quod
3129 2564 3232 2601 una
3247 2550 3532 2621 sitmagni—

1925 2629 2049 2683 tudo
2076 2647 2277 2701 unaque
2308 2634 2533 2702 potentia
2555 2634 2604 2687 in
2635 2633 2792 2691 Patre
2814 2648 2859 2690 et
2884 2638 2938 2691 in
2966 2640 3118 2694 unico
3142 2642 3258 2713 ejus
3288 2641 3452 2712 Filio,
3486 2657 3532 2701 et

1927 2722 1979 2775 in
2004 2734 2183 2777 sancto
2204 2721 2478 2779 Paracleto
2500 2725 2730 2796 Spiritu,
2747 2739 2851 2784 etc.
2870 2730 3001 2799 Quae
3027 2732 3094 2788 ad
3120 2733 3533 2805 significandam

1927 2815 2175 2870 eamdem
2225 2815 2279 2871 in
2327 2816 2539 2887 Spiritu
2582 2831 2774 2877 sancto
2823 2835 3061 2880 naturam
3114 2836 3169 2881 et
3201 2828 3535 2887 Divinitatem

1926 2922 2048 2962 cum
2070 2907 2231 2963 Patre
2261 2920 2313 2963 et
2344 2909 2479 2965 Filio
2510 2914 2617 2966 vim
2652 2913 2853 2971 habent
2877 2918 3191 2987 maximam,
3224 2927 3532 2993 praesertim

1927 3015 1995 3057 ex
2022 3001 2293 3074 adjunctis
2326 3004 2509 3060 Sancti
2554 3015 2609 3062 et
2645 3006 2923 3079 Paracleti,
2956 3024 3014 3068 ut
3045 3016 3242 3087 probat
3281 3020 3537 3079 Petavius

1930 3107 2177 3151 veterum
2209 3096 2429 3155 Patrum
2482 3104 2811 3160 auctoritate
2860 3107 2910 3161 in
2944 3108 3036 3163 lib.
3071 3126 3107 3165 ιι
3136 3125 3257 3183 cap.
3310 3115 3395 3169 15.
3429 3117 3534 3172 Sed

224 3196 397 3251 diceret
441 3196 773 3268 unigenitum
817 3193 1055 3260 Verbum,
1092 3194 1259 3266 ipsum
1291 3192 1588 3256 consilium,
1619 3207 1709 3246 seu
1738 3207 1823 3245 vo-
1850 3180 1896 3243 C
1930 3188 1982 3243 in
2013 3190 2204 3261 primis
2237 3191 2380 3246 laudi
2418 3193 2766 3251 tribuendum
2796 3209 2880 3253 est
2906 3199 3184 3267 Lucifero,
3204 3180 3365 3275 quod
3397 3225 3534 3265 unus

224 3289 459 3344 luntatem
495 3289 680 3344 Patris
723 3290 858 3341 ident
898 3285 1120 3342 Verbum
1147 3303 1253 3341 esse
1292 3282 1555 3340 dixerunt.
1588 3284 1695 3339 Sed
1718 3300 1823 3339 me-

223 3382 339 3449 lius,
368 3394 633 3455 quantum
664 3384 929 3447 existimo,
958 3380 1236 3435 consilium
1266 3378 1329 3433 de
1360 3378 1606 3441 consilio,
1649 3386 1694 3431 et
1734 3394 1821 3431 vo-

222 3477 378 3534 luntas
407 3479 471 3532 de
502 3479 797 3541 voluntate,
827 3477 957 3530 sicut
982 3475 1269 3529 substantia
1310 3473 1373 3527 de
1399 3472 1712 3538 substantia,
1736 3490 1821 3526 sa-

222 3572 401 3639 pientia
432 3573 494 3626 de
518 3571 800 3643 sapientia.
845 3570 921 3624 Ex
965 3569 1159 3638 quibus
1187 3575 1437 3632 constat,
1483 3580 1643 3635 quam
1671 3575 1817 3620 recta

221 3667 284 3721 sit
309 3666 546 3723 Luciferi
581 3666 809 3732 locutio,
836 3663 972 3719 etad
1000 3660 1263 3717 fallendas
1292 3658 1671 3729 arcendasque
1703 3657 1817 3713 Arii

218 3758 428 3815 insidias
454 3775 518 3815 ac
540 3759 707 3814 dolos
736 3757 1037 3828 aptissima,
1072 3769 1302 3825 quaeque
1331 3752 1556 3808 omnino
1580 3753 1630 3807 iu
1659 3765 1815 3807 suum

219 3850 382 3907 locum
408 3853 615 3909 debeat
647 3851 849 3907 idcirco
883 3851 1112 3906 resutui.

283 3948 521 4002 Alterum
579 3946 794 4001 Arianae
841 3946 1067 4001 haeresis
1093 3946 1286 4017 dogma
1324 3945 1729 4014 primigenium,
1764 3952 1820 3999 et

219 4054 361 4111 atque
390 4041 687 4109 nefarium,
716 4040 859 4112 quod
894 4041 1037 4095 illius
1067 4030 1259 4094 auctor
1299 4040 1463 4110 impio
1491 4038 1817 4094 dissemina-

216 4133 308 4202 vit,
340 4139 441 4193 hoc
470 4144 622 4202 erat,
654 4134 910 4207 Spiritum
940 4144 1174 4188 sanctunt
1197 4150 1305 4190 esse
1334 4151 1364 4187 a
1392 4131 1535 4188 Filio
1562 4143 1816 4188 creaturae

219 4240 540 4298 creaturam,
608 4238 668 4285 ut
720 4229 882 4285 tradit
932 4228 1189 4284 Petavius
1229 4229 1283 4284 in
1344 4228 1439 4284 lib.
1484 4246 1501 4283 ι
1551 4243 1673 4297 cap.
1726 4226 1807 4293 l4,

214 4337 363 4383 num.
382 4326 468 4387 15,
503 4322 828 4380 auctoribus
856 4321 1165 4393 Epiphanio
1192 4321 1257 4377 ad
1283 4321 1475 4377 liaeres.
1504 4319 1593 4387 69,
1627 4329 1679 4375 et
1708 4322 1813 4374 Au-

215 4418 419 4484 gustino
470 4417 525 4470 in
575 4416 667 4471 lib.
696 4415 765 4471 de
794 4415 991 4469 literas.
1044 4430 1165 4485 cap.
1212 4415 1299 4471 69.
1337 4414 1604 4484 Equidem
1652 4414 1813 4468 Arius

214 4511 506 4582 scripserat
528 4512 582 4566 in
610 4510 823 4577 Thalia,
848 4509 1153 4565 Trinitatem
1178 4527 1285 4567 esse
1309 4526 1411 4565 non
1438 4510 1593 4564 simili
1623 4509 1809 4577 majes-

216 4611 328 4672 tate,
362 4615 408 4658 ct
448 4605 845 4677 impermixtilcs
889 4606 1101 4659 invicem
1124 4620 1309 4658 eorum
1336 4604 1662 4675 hypostases,
1692 4599 1806 4656 sive

213 4704 267 4749 ut
303 4695 640 4753 Athanasius
686 4699 1080 4769 interpretatur
1106 4699 1352 4755 lmeretici
1378 4696 1701 4752 sententiam
1751 4694 1803 4749 in

214 4786 355 4844 Orat.
387 4788 418 4843 Ξ
444 4802 599 4847 cont.
633 4791 886 4856 Arianos,
915 4792 1113 4847 alienas
1140 4793 1363 4877 picissint
1389 4802 1434 4846 et
1466 4788 1809 4845 incommuni-

212 4883 389 4941 cabiles
407 4902 517 4941 esse
539 4886 850 4943 substantias
875 4886 1049 4941 Patris
1071 4896 1115 4941 et
1137 4885 1264 4941 Filii
1292 4897 1337 4939 et
1364 4885 1592 4956 Spiritus
1609 4883 1803 4948 sancti;

211 4974 347 5031 unde
390 4978 582 5032 Ariani
611 4993 642 5032 a
694 4966 980 5049 Fu’lgeutio
1010 4977 1271 5033 Triusiani
1299 4977 1429 5032 dicti
1463 4978 1515 5031 in
1550 4989 1801 5045 respons.

209 5068 273 5125 ad
301 5070 513 5142 Object.
568 5073 599 5127 7
631 5072 821 5130 Arian.
848 5074 1046 5145 quippe
1074 5083 1174 5128 tres
1203 5074 1255 5127 in
1282 5071 1536 5127 Trinitate
1560 5071 1807 5125 essentias

213 5178 243 5215 a
268 5180 317 5218 se
359 5166 659 5233 distinctas,
688 5178 735 5222 et
761 5170 978 5223 alteram
1029 5169 1191 5223 altera
1225 5166 1581 5237 perfectiorem
1623 5163 1806 5219 inesse

206 5252 492 5324 iactabant.
520 5260 693 5315 Porro
722 5262 973 5317 Petavius
997 5269 1145 5337 recte
1171 5260 1412 5332 conjicit,
1439 5259 1623 5314 Arium
1649 5271 1801 5313 suam

210 5352 462 5411 adversus
490 5354 755 5424 Spiritum
791 5368 1038 5412 sanctum
1071 5357 1460 5427 blaSphcmiam
1494 5354 1668 5423 palam
1695 5368 1800 5407 non

209 5446 454 5508 docuisse
482 5453 553 5506 ab
581 5452 752 5521 initio,
788 5468 908 5506 cum
934 5452 1079 5506 nulla
1112 5451 1269 5521 hujus
1302 5453 1509 5507 mentio
1539 5449 1631 5504 liat
1657 5450 1708 5503 in
1738 5448 1803 5502 il-

210 5542 309 5601 lius
359 5547 616 5618 epistolis
666 5564 727 5601 ac
770 5548 989 5610 libellis,
1024 5562 1199 5617 neque
1247 5546 1299 5601 iu
1322 5544 1530 5600 litteris
1558 5544 1802 5599 Alexan-

209 5637 285 5695 dri
316 5653 507 5697 contra
552 5639 737 5696 Arium
767 5683 780 5706 ,
828 5640 1121 5696 Nicatnuiu,
1154 5647 1332 5693 autem
1365 5637 1671 5693 Concilium
1717 5637 1800 5691 ni-

209 5729 281 5786 hil
311 5735 588 5804 praecipue
610 5735 854 5791 sanxerit
881 5734 948 5791 de
977 5733 1274 5789 Divinitate
1299 5732 1535 5802 Spiritus
1584 5731 1755 5787 sancti
1782 5773 1794 5793 ,

209 5833 267 5880 σο
306 5827 444 5897 quod
485 5827 713 5883 nondum
744 5839 865 5883 tunc
891 5836 1021 5883 esset
1045 5828 1153 5882 haec
1178 5838 1315 5880 mota
1343 5826 1584 5896 quastio,
1629 5823 1801 5895 inquit

1924 3298 1990 3339 ex
2019 3285 2204 3354 paucis
2230 3286 2424 3351 fuerit,
2450 3287 2577 3358 qui,
2609 3287 2824 3346 furente
2856 3294 2959 3347 sub
2984 3294 3308 3355 Constantio
3331 3304 3531 3358 Ariaua

1924 3376 2158 3443 ltwresi,
2201 3378 2431 3451 Spiritus
2459 3383 2627 3435 sancti
2655 3381 2909 3439 Deitatem
2958 3390 3136 3458 palam
3174 3402 3229 3448 et
3254 3399 3531 3466 expressis

1924 3470 2106 3526 verbis
2145 3481 2372 3527 testatus
2414 3471 2505 3528 sit.
2555 3473 2692 3531 llinc
2723 3478 2872 3533 illius
2910 3484 3243 3541 auctoritate
3272 3504 3401 3543 usus
3451 3502 3535 3547 est

1922 3563 2084 3619 etiam
2114 3563 2367 3619 Petavius
2401 3566 2452 3620 iu
2484 3565 2579 3622 lib.
2606 3583 2688 3637 tu,
2724 3584 2846 3642 cap.
2878 3571 2906 3625 7
2937 3588 3089 3629 num.
3124 3577 3214 3643 14,
3246 3578 3372 3635 dum
3405 3582 3534 3653 reji-

1920 3657 1994 3711 cit
2026 3668 2403 3729 argumentum
2453 3658 2683 3717 Joannis
2730 3662 2920 3719 Crellii
2953 3667 3218 3725 adversus
3266 3673 3527 3743 Spiritum

1920 3759 2165 3806 sanctum
2196 3750 2543 3823 dcsumptum
2578 3769 2646 3809 ex
2672 3756 2912 3827 antiquis
2940 3756 3230 3829 Patribus,
3277 3778 3412 3835 quos
3444 3767 3528 3822 in-

1919 3845 2143 3916 quiebat
2191 3860 2367 3900 novus
2415 3846 2517 3902 iste
2548 3844 2785 3904 Arianus
2825 3866 3116 3923 numquam
3169 3855 3261 3911 Dei
3305 3860 3529 3917 nomine

1918 3938 2224 4007 appellasse.
2254 3938 2515 4009 Spiritum
2550 3950 2798 3997 sanctum
2832 3960 3000 4016 usque
3031 3946 3097 4003 ad
3130 3959 3347 4006 {etatem
3381 3952 3532 4009 Hila-

1918 4033 1986 4088 rii
2019 4032 2376 4090 Pictavieusis
2404 4052 2416 4087 :
2443 4034 2695 4092 Petavius
2723 4038 2866 4093 enim
2895 4040 3124 4109 plurima
3155 4058 3221 4099 ex
3246 4046 3529 4104 veteribus

1916 4127 2137 4183 Patrum
2190 4130 2412 4198 scriptis
2462 4131 2775 4185 testinu-nia
2830 4135 3074 4206 colligit,
3121 4153 3238 4208 qua:
3286 4140 3525 4210 Spiritus

1916 4225 2087 4279 sancti
2118 4223 2465 4280 Diviuitatem
2495 4227 2782 4296 perspicue
2809 4237 3100 4298 testantur,
3122 4231 3409 4302 ipsumque
3431 4234 3525 4290 Hi-

1914 4318 2112 4374 larium
2143 4333 2171 4373 a
2196 4318 2483 4373 calumniis
2516 4319 2793 4383 defendit,
2827 4336 2964 4391 quas
2996 4322 3047 4376 in
3077 4323 3253 4394 ipsum
3295 4325 3523 4399 ejusque

1912 4411 2087 4465 libros
2136 4411 2202 4465 de
2255 4410 2526 4466 Trinitate
2558 4413 2839 4484 ingessere
2888 4414 3151 4472 Erasmus
3189 4428 3242 4473 et
3288 4419 3521 4490 ipsemet

1913 4505 2186 4571 Crellius;
2239 4515 2349 4561 tum
2405 4505 2629 4575 subdit,
2684 4506 2896 4579 Lucifer
2943 4508 3277 4570 Calaritanus
3321 4516 3520 4575 Hilarii

1913 4601 2128 4673 trqualis
2154 4602 2403 4672 loquitur,
2434 4600 2553 4658 Una
2594 4611 2677 4657 est
2704 4603 2887 4658 divina
2915 4605 3223 4665 sublimitas
3255 4610 3432 4668 Patris
3464 4628 3519 4671 et
3592 4642 3593 4645 η

1916 4696 2036 4751 Filii
2067 4706 2122 4752 ct
2149 4696 2388 4768 Spiritus
2416 4699 2613 4753 sancti.
2648 4697 2844 4753 Verum
2882 4700 2982 4756 hoc
3013 4704 3384 4763 testimonium
3416 4709 3516 4765 Pe-

1915 4790 2056 4845 tavio
2087 4808 2191 4845 non
2227 4791 2476 4860 prodest;
2507 4807 2625 4844 nam
2652 4791 2905 4846 mendum
2940 4793 3393 4866 interpunctionis
3428 4801 3515 4857 hic

1912 4887 2086 4950 inest,
2123 4885 2199 4938 uti
2234 4884 2427 4955 legitur
2456 4884 2509 4938 iu
2554 4883 2795 4938 editione
2843 4884 3088 4953 Tiliana;
3119 4891 3220 4944 nisi
3260 4894 3383 4962 quia
3409 4910 3513 4950 una

1910 4980 1976 5034 sit
2003 4979 2288 5035 sublimitas
2321 4976 2495 5031 Patris
2533 4987 2584 5033 et
2632 4976 2759 5032 Filii
2784 4980 2947 5034 sancti
2981 4980 3237 5052 Spiritus,
3268 4986 3322 5040 in
3367 4990 3514 5045 beato

1913 5089 2123 5128 manens
2143 5071 2412 5143 Apostolo,
2428 5080 2534 5125 etc.
2550 5070 2708 5137 Quod
2735 5071 2993 5127 mendum
3021 5072 3074 5128 in
3107 5076 3205 5130 hac
3236 5091 3377 5133 nova
3395 5080 3512 5135 edi-

1912 5167 2061 5222 tione
2089 5165 2360 5219 sublatum
2414 5173 2499 5218 est
2543 5163 2739 5218 Latiuii
2788 5162 3141 5235 auctoritate,
3185 5170 3275 5238 qui
3323 5184 3517 5230 censet

1910 5265 2171 5330 punctum
2187 5256 2457 5327 ﬁgendum
2477 5271 2599 5311 esse
2619 5266 2741 5326 post
2757 5271 2943 5311 vocem
2964 5254 3177 5323 Filii,et
3192 5273 3362 5330 recte;
3383 5280 3506 5321 cum

1909 5354 2126 5410 Lucifer
2159 5370 2211 5423 p.
2241 5350 2436 5424 25(hie
2460 5351 2560 5407 col.
2617 5352 2775 5424 10:25)
2802 5351 2916 5406 hate
2944 5364 3226 5421 praeponat
3273 5356 3512 5416 interro.

1901 5464 2072 5521 gans:
2105 5447 2243 5513 Quid
2290 5456 2391 5514 est,
2431 5446 2533 5512 Qui
2562 5460 2684 5500 cum
2715 5446 2765 5499 in
2814 5444 2988 5500 forma
3020 5446 3116 5500 Dei
3161 5452 3345 5505 esset?
3391 5461 3502 5509 tum

1904 5544 2151 5614 subiicit;
2183 5541 2281 5595 nisi
2308 5538 2446 5612 quod
2474 5540 2641 5605 ipsum
2672 5539 3072 5594 inaccessibilcm
3123 5542 3285 5598 lucem
3315 5544 3509 5604 habitet

1902 5633 2097 5698 Filius,
2126 5651 2278 5706 quant
2302 5643 2346 5686 et
2370 5631 2561 5697 Pater;
2588 5632 2686 5685 nisi
2714 5632 2836 5703 quia
2861 5648 2963 5685 una
2986 5633 3052 5687 sit
3080 5633 3253 5690 divina
3273 5640 3505 5696 sublimi-

1903 5740 1980 5785 tas
2017 5729 2185 5784 Patris
2228 5739 2273 5785 et
2302 5727 2451 5783 Filii.
2499 5726 2724 5784 Sanctus
2766 5725 2997 5797 Spiritus
3024 5729 3077 5783 in
3120 5729 3265 5785 beato
3292 5749 3503 5790 manens

1905 5823 2172 5897 Apostolo,
2204 5833 2299 5879 etc.
2326 5823 2461 5879 Alia:
2506 5831 2688 5881 tamen
2735 5833 2858 5878 sunt
2893 5821 3124 5879 Luciferi
3163 5824 3502 5901 locutiones,
