3972 6352
449 291 555 350 Ἰ19

1455 286 1764 347 LUCIFER
1801 283 2183 346 EPISCOPUS
2219 282 2726 345 CALARITANUS.

3612 290 3702 351 ἸΞο

448 424 574 480 qua
604 407 809 463 clarius
840 405 1086 463 iudicant
1114 404 1447 461 Divinitatem
1489 405 1726 476 Spiritus
1753 405 1926 462 sancti
1955 447 1970 471 ,
2002 413 2058 461 et
2083 407 2138 470 Α
2162 405 2364 474 fecisset
2410 403 2645 472 conferre
2666 418 2720 457 se
2742 401 2813 456 ad
2842 399 3084 467 Arianos,
3116 418 3217 458 non
3244 405 3353 476 ejus
3378 405 3470 471 ﬁlii
3494 421 3704 476 regnare-

449 502 629 571 ipsum
673 498 841 554 Deum
869 513 999 555 vere
1039 498 1355 565 nominant,
1390 513 1453 554 ac
1496 498 1799 569 perspicuis
1832 496 2046 562 verbis;

448 592 654 649 etenim
689 593 740 647 in
786 592 883 646 lib.
918 591 987 648 de
1025 606 1134 647 non
1165 606 1399 648 conven.
1431 605 1554 646 cum
1604 590 1791 645 haeret.
1822 588 2048 644 scribit:

446 683 614 740 Fides
661 685 962 756 Apostolica
1008 685 1312 741 Trinitatem
1359 685 1632 754 conﬁtetur
1652 687 1964 754 perfectam,
2004 690 2052 736 et

445 779 655 836 unicam
699 777 958 834 Deitatem
1002 783 1192 851 fatetur
1238 777 1414 833 Patris
1462 787 1513 832 et
1557 774 1687 831 Filii
1733 786 1781 831 et
1824 775 2050 848 Spiritus

445 873 644 938 sancti;
667 882 724 929 et
754 873 972 942 iterum,
1007 890 1164 928 unam
1182 889 1290 928 esse
1313 872 1554 926 deitatem
1582 870 1754 925 Patris
1781 881 1828 925 et
1852 867 1984 926 Filii
2006 877 2054 924 et

449 967 686 1039 Spiritus
701 971 963 1036 sancti;ac
987 969 1040 1024 in
1061 968 1154 1024 lib.
1170 986 1188 1023 t
1210 968 1379 1040 proS.
1395 967 1761 1022 Athan.unam
1787 966 1912 1020 item
1929 961 2054 1018 Dei.

447 1074 604 1119 tatem
635 1063 768 1119 dicit
796 1062 975 1119 Patris
1005 1072 1053 1119 et
1096 1061 1226 1118 Filii
1251 1073 1298 1118 et
1337 1063 1564 1134 Spiritus
1592 1063 1792 1128 sancti;
1828 1061 1958 1117 etin
1989 1076 2050 1127 tt,

442 1173 606 1212 unam
633 1157 820 1214 habere
854 1157 1106 1213 Deitatem
1138 1157 1354 1212 Patrem
1398 1175 1459 1211 ac
1482 1154 1683 1211 Filium
1721 1166 1766 1209 et
1796 1156 2054 1225 Spiritum

445 1261 703 1307 sanctum.
737 1251 983 1307 Dicimus
1012 1262 1192 1306 autem
1225 1265 1390 1306 unum
1424 1250 1590 1306 fuisse
1617 1249 1930 1305 Luciferum
1987 1264 2055 1304 ex

444 1347 654 1415 paucis,
674 1347 763 1417 qui
795 1362 893 1417 per
921 1361 985 1402 ea
1014 1356 1261 1417 tempora
1275 1345 1603 1401 Divinitatem
1623 1346 1858 1416 Spiritus
1871 1343 2055 1399 Sancti

446 1440 631 1510 palam
662 1449 719 1498 et
761 1449 952 1510 aperte
982 1440 1367 1508 profiteretur;
1392 1439 1534 1510 quod
1566 1455 1630 1494 ex
1673 1439 1894 1494 Patavio
1918 1451 2054 1492 con-

443 1533 720 1598 ﬁrmatur,
771 1545 826 1590 et
875 1550 944 1589 ex
983 1533 1266 1589 Monacbis
1312 1532 1570 1588 Mauriuis
1616 1533 1670 1587 in
1721 1531 1940 1586 Prafat.
1985 1529 2056 1587 ad

445 1627 604 1683 Tom.
644 1625 708 1683 Ill
737 1625 874 1696 Opp.
913 1627 978 1682 D.
1011 1627 1224 1692 Basilii;
1257 1626 1346 1681 ille
1381 1625 1550 1690 enim,
1584 1624 1916 1690 Nonnullos,
1942 1624 2053 1690 ait,

444 1720 722 1790 cateroqui
767 1718 1057 1776 Catholicos
1084 1736 1175 1787 per
1220 1719 1356 1774 idem
1390 1729 1590 1788 tempus
1622 1717 1878 1789 Spiritum
1901 1732 2054 1771 sanc-

2153 513 2306 563 mus;
2337 495 2493 566 queis
2543 494 2677 550 nihil
2708 505 2894 551 contra
2947 495 3142 565 objicit
3194 495 3403 552 Lucifer
3436 513 3529 568 pro
3567 515 3705 556 causa

2154 590 2499 647 Constantini
2525 591 2746 647 tuenda.
2771 591 2909 648 Tum
2948 591 3046 647 lib.
3077 608 3094 648 ι
3126 608 3226 660 pro
3253 593 3308 650 S.
3350 594 3542 651 Athan.
3573 613 3621 668 p.
3647 597 3698 653 9t

2156 683 2262 756 (hic
2286 685 2392 740 col.
2422 681 2550 755 857)
2572 701 2586 738 :
2605 683 2686 738 Tu
2707 685 2894 739 etenim
2917 686 3026 756 ipse
3045 687 3185 740 testis
3214 702 3285 753 es,
3314 687 3482 758 inquit
3501 687 3564 744 ad
3585 686 3707 745 Con-

2155 784 2437 852 stantium,
2456 784 2595 857 quod
2613 783 2748 838 enim
2775 794 2985 856 propter
2997 783 3177 854 ﬁdem,
3195 799 3346 853 quam
3366 798 3556 852 semper
3575 784 3710 838 tenuit

2155 875 2394 932 Ecclesia
2435 893 2496 932 ac
2538 885 2694 944 tenet,
2733 876 2872 949 quod
2918 893 3032 931 eam
3058 876 3306 930 damnare
3331 876 3542 930 noluerit
3571 875 3712 932 Atha-

2155 971 2360 1038 nasius,
2378 972 2560 1026 missus
2580 971 2734 1042 fuerit
2751 970 2819 1023 ad
2840 969 3099 1035 exsilium,
3117 969 3241 1041 quia
3267 968 3494 1022 videlicet
3516 969 3710 1023 noluerit

2155 1081 2266 1120 esse
2295 1063 2515 1119 Arianus
2539 1080 2558 1119 :
2579 1064 2773 1119 ideirco
2795 1079 3015 1136 namque
3042 1064 3375 1118 Athanasium
3401 1077 3621 1132 perosum
3637 1063 3713 1116 ha-

2158 1160 2318 1214 bitum
2345 1177 2376 1213 a
2417 1170 2563 1230 patre
2592 1168 2680 1212 tuo
2704 1174 2808 1212 non
2837 1157 2967 1228 fugit
2989 1167 3073 1222 te;
3097 1155 3506 1227 quandoquidem
3530 1165 3574 1209 et
3601 1166 3649 1212 tu
3672 1157 3714 1210 in

2158 1271 2218 1310 ea
2249 1270 2364 1307 eum
2407 1253 2635 1323 diqneris
2662 1251 2897 1324 persequi
2937 1267 3114 1315 causa,
3147 1250 3202 1304 in
3230 1266 3333 1320 qua
3360 1251 3512 1321 fuerit
3545 1259 3589 1304 et
3621 1259 3715 1305 tutis

2159 1356 2306 1418 pater
2333 1356 2652 1416 persecutus.
2675 1347 2750 1401 Ac
2781 1346 2832 1400 in
2858 1345 2952 1400 lib.
2983 1360 3020 1399 tt
3050 1359 3111 1400 se
3137 1343 3323 1414 inique
3347 1351 3570 1399 testatur
3595 1343 3717 1400 (lam-

2159 1451 2412 1496 naturum
2461 1440 2629 1496 fuisse
2673 1439 3062 1505 Athanasium,
3107 1439 3153 1495 si
3179 1438 3487 1495 Constantii
3513 1448 3558 1492 et
3583 1440 3718 1510 patris

2160 1539 2273 1609 ejus
2303 1535 2556 1590 voluntati
2609 1533 3059 1590 obsecundasset.
3095 1532 3232 1590 Hinc
3275 1532 3537 1588 Barouius
3562 1533 3620 1587 ad
3641 1548 3714 1587 an.

2159 1627 2285 1692 556,
2315 1643 2466 1682 nttm.
2495 1625 2582 1693 M,
2615 1627 2810 1682 merito
2836 1625 3143 1681 Luciferum
3163 1624 3528 1696 reprehendit,
3550 1623 3719 1696 quippe

2162 1737 2223 1778 ea
2257 1723 2573 1792 scripserit,
2605 1737 2722 1793 qua
2745 1738 2777 1774 a
2802 1721 3015 1774 veritate
3037 1720 3237 1790 penitus
3268 1717 3568 1785 abhorrent;
3592 1727 3639 1772 at
3663 1717 3718 1772 ad

443 1827 554 1870 tum
580 1815 753 1886 palam
780 1826 1055 1885 aperteque
1083 1813 1250 1869 Deum
1280 1814 1538 1868 nominari
1579 1829 1678 1868 non
1710 1813 1974 1875 sinebant,
2003 1821 2052 1866 et
2081 1816 2132 1878 B
2157 1830 2246 1871 an.
2265 1815 2389 1882 5%,
2419 1815 2508 1870 ubi
2526 1814 2740 1870 disserit
2769 1813 2837 1869 de
2859 1813 3110 1868 Romano
3124 1811 3468 1868 Constantini
3487 1811 3720 1881 baptismo

442 1909 534 1980 qui
560 1925 744 1965 vocare
770 1909 844 1964 sic
871 1908 1158 1974 auderent,
1190 1911 1264 1964 eis
1287 1920 1548 1979 tamquam
1590 1906 1872 1962 Catholica
1900 1903 2057 1961 Fidei

443 2004 672 2058 inimicis
696 2002 1073 2076 obstrepebant.
1099 2002 1204 2056 Alii
1224 2045 1240 2069 ,
1265 2003 1359 2057 etsi
1389 2001 1554 2057 Deum
1580 2017 1686 2056 esse
1711 2017 1814 2054 non
1843 1999 2055 2053 dubita-

443 2107 594 2166 rent,
643 2099 786 2170 pacis
810 2115 873 2152 ac
911 2098 1205 2154 concordia
1229 2098 1424 2162 studio,
1455 2107 1499 2153 et
1527 2115 1589 2153 ne
1612 2098 1892 2152 malevolos
1929 2097 2056 2151 istos

448 2190 805 2260 offenderent,
849 2193 1054 2264 publice
1089 2193 1144 2246 id
1173 2194 1383 2246 minime
1415 2191 1810 2261 proﬁtebantur.
1843 2191 2055 2246 Primos

443 2284 728 2356 redarguit
751 2284 982 2340 Basilius
1010 2285 1064 2340 in
1089 2284 1181 2340 lib.
1204 2285 1272 2339 de
1286 2284 1476 2354 Spirit.
1501 2286 1712 2350 Sanct.,
1736 2294 1793 2340 et
1815 2284 1866 2338 in
1889 2285 2051 2354 epist.

443 2395 564 2445 vnt,
613 2382 687 2437 al.
722 2379 847 2449 tit,
891 2379 1092 2453 scripta
1124 2396 1214 2436 an.
1248 2381 1374 2437 360.
1407 2380 1626 2436 Alteros
1666 2395 1796 2436 vero
1827 2379 2058 2434 Basilius

443 2476 567 2546 ipse
613 2476 855 2532 imitatus
902 2487 986 2533 est
1030 2475 1344 2546 aliquando,
1376 2475 1579 2529 duabus
1626 2474 1950 2544 potissimum
1993 2473 2059 2528 de

445 2569 636 2624 causis.
663 2567 850 2625 Prima
875 2578 987 2624 erat
1011 2579 1067 2624 ut
1090 2570 1314 2637 inﬁrmis
1335 2570 1655 2632 consuleret,
1689 2569 1858 2622 altera
1890 2577 1942 2622 ut
1975 2569 2059 2636 fu-

444 2662 675 2717 rentibus
693 2664 949 2718 hareticis
974 2664 1146 2718 locum
1168 2663 1466 2733 prariperet
1492 2662 1858 2732 perturbanda
1877 2669 1925 2716 et
1945 2677 2062 2714 vas-

447 2755 620 2811 tanda
645 2755 1011 2829 Cappadocia,
1041 2758 1291 2828 inquiunt
1317 2757 1550 2812 Maurini
1580 2756 1833 2812 Etlitores
1863 2757 1918 2812 in
1941 2756 2058 2810 lau-

445 2847 574 2904 data
607 2847 826 2905 Pra-fat.
858 2865 1007 2905 num.
1040 2850 1096 2916 5,
1121 2851 1217 2920 qui
1247 2849 1430 2904 Basilii
1460 2849 1746 2905 consilium
1781 2848 1897 2904 fuse
1930 2865 2055 2904 eru-

448 2944 674 3016 diteque
703 2955 940 3001 tuentur.
971 2947 1042 3000 At
1066 2945 1283 3001 Lucifer
1310 2959 1417 3017 quo
1447 2953 1568 3002 erat
1596 2945 1779 2999 animo
1809 2945 2054 3014 fervens,

449 3048 506 3096 et
536 3040 670 3094 mira
718 3040 773 3094 in
823 3039 1056 3096 dicendo
1102 3039 1357 3096 libertate
1383 3081 1397 3106 ,
1438 3039 1595 3095 unice
1637 3038 1789 3094 Fidei
1837 3054 2059 3095 causam

447 3132 759 3203 spectabat,
788 3141 845 3188 et
873 3132 1153 3202 quibusvis
1204 3142 1421 3202 poterat
1468 3131 1644 3187 modis
1693 3131 1808 3187 sive
1838 3146 1898 3187 re
1943 3131 2058 3187 sive

2159 1925 2310 1965 num.
2345 1909 2444 1964 51:
2482 1908 2690 1964 Scimus
2719 1907 2860 1978 apud
2889 1906 3190 1980 Luciferum
3217 1906 3566 1962 Calaritanum
3606 1904 3719 1961 Con-

2157 2004 2440 2058 stantinum
2491 2001 2867 2075 Imperatorem
2920 2003 3140 2074 infamia
3189 2001 3401 2057 haresis
3455 2001 3719 2067 laborasse,

2158 2096 2298 2168 quod
2327 2095 2389 2151 S.
2421 2095 2766 2150 Athanasium
2796 2096 3037 2150 exsulare
3068 2095 3336 2161 jussisset.
3377 2094 3560 2148 Verum
3587 2093 3721 2165 magis

2157 2190 2262 2259 ipsi
2285 2188 2543 2243 credimus
2574 2189 2880 2253 Athanasio,
2904 2190 2994 2261 qui
3018 2205 3133 2242 eum
3156 2204 3298 2256 sape
3327 2199 3548 2256 excusat,
3573 2197 3615 2242 ct
3632 2196 3722 2258 post

2160 2282 2356 2336 obitum
2383 2283 2773 2338 Constantinum
2806 2285 2971 2352 pium,
3001 2283 3168 2353 felicis
3197 2283 3482 2348 memoria,
3510 2291 3642 2353 atque
3659 2297 3723 2337 re-

2161 2375 2548 2446 ligiosissimum
2571 2376 2824 2444 nominat,
2849 2384 2990 2431 orat.
3018 2377 3043 2430 1
3071 2375 3194 2430 adv.
3227 2378 3419 2431 Arian.
3449 2387 3498 2432 et
3530 2375 3720 2447 Apolog.

2162 2469 2228 2523 ad
2255 2468 2641 2524 ConStantium
2662 2510 2678 2537 ,
2706 2479 2814 2524 tum
2839 2468 2894 2524 in
2925 2469 3088 2540 epist.
3119 2469 3186 2524 ad
3215 2470 3540 2536 Solitarios,
3567 2470 3612 2523 in
3637 2481 3722 2536 qua

2163 2561 2246 2616 sui
2270 2561 2454 2616 exsilii
2485 2577 2705 2616 causam
2735 2561 2787 2617 in
2818 2562 3062 2618 fraudem
3094 2572 3146 2618 et
3179 2561 3408 2619 insidias
3433 2564 3717 2620 Arianorum

2161 2653 2360 2724 reiicit.
2387 2655 2651 2723 Equidem
2683 2665 2896 2712 veteres
2924 2656 3117 2712 Patres
3145 2673 3254 2712 nou
3285 2661 3439 2728 pauci
3463 2654 3720 2712 catholicos

2164 2747 2507 2803 Constantini
2531 2765 2726 2804 sensus
2749 2792 2763 2816 ,
2795 2760 2845 2805 et
2883 2759 3045 2805 recta:
3073 2749 3225 2806 Fidei
3257 2751 3557 2806 conformes
3581 2747 3717 2820 pluri-

2162 2840 2265 2896 bus
2297 2841 2544 2908 laudant,
2577 2851 2633 2896 et
2665 2841 2906 2898 Hilarius
2949 2843 3000 2897 in
3037 2842 3132 2898 lib.
3153 2855 3194 2899 ’1
3236 2844 3460 2900 advers.
3490 2843 3717 2899 Constan-

2164 2935 2298 2989 tiutn
2333 2935 2475 2990 hunc
2517 2936 2723 3005 pietatis
2756 2945 2985 3007 paterna
3022 2937 3284 2993 haredem
3311 2937 3542 2994 rebellem
3567 2936 3719 3008 appel-

2165 3028 2270 3094 lat,
2301 3037 2356 3085 et
2387 3028 2869 3100 Epiphan.h:eres.
2897 3031 2990 3096 69,
3018 3031 3402 3089 Constantium
3431 3035 3549 3090 item
3579 3033 3720 3088 incre-

2166 3130 2287 3192 pat,
2313 3121 2455 3191 quod
2483 3139 2587 3176 non
2611 3123 2896 3178 secundum
2924 3125 3077 3194 fidem
3109 3125 3276 3196 patris
3299 3127 3558 3196 processit.
3589 3125 3722 3180 Erant

450 3229 635 3286 verbis
659 3231 777 3286 sive
804 3229 1042 3300 scriptis,
1079 3240 1137 3284 ut
1160 3230 1306 3286 illam
1335 3229 1552 3299 publice
1581 3239 1636 3285 et
1661 3228 1782 3284 sine
1808 3228 1916 3284 ulla
1938 3243 2061 3284 ver-

2167 3225 2347 3271 tamen
2373 3217 2652 3283 nonnulli,
2679 3217 2769 3288 qui
2799 3233 2864 3273 ex
2895 3218 2980 3286 iis,
3004 3235 3121 3288 quae
3146 3230 3258 3274 tum
3291 3221 3627 3292 gerebantur,
3657 3231 3723 3271 su-

453 3322 650 3377 borum
683 3323 913 3394 ambage
955 3330 1270 3388 testaretur,
1317 3331 1377 3377 ut
1423 3323 1657 3378 Arianos
1686 3321 1752 3376 ad
1800 3321 2062 3391 ejuranda

457 3414 622 3486 impia
654 3415 928 3472 Inmrt-seos
975 3415 1228 3486 dogmata
1277 3415 1558 3486 adigeret,
1607 3423 1720 3469 tota
1766 3414 1971 3486 ingenii
2009 3415 2061 3470 vi

455 3510 774 3566 conabatur.
811 3510 1106 3581 Propterea
1150 3509 1219 3566 de
1263 3509 1396 3566 Fide
1435 3507 1676 3565 Luciferi
1711 3523 1775 3562 ac
1812 3507 2064 3564 doctrina

457 3601 580 3659 haec
625 3604 820 3659 merito
850 3603 1182 3658 Athanasius
1229 3603 1453 3672 scripsit
1499 3602 1553 3657 in
1585 3605 1756 3657 altera
1798 3601 1864 3656 ad
1911 3601 2063 3656 illum

463 3693 696 3763 epistola
725 3711 738 3747 :
771 3693 901 3762 Quis
928 3710 1028 3747 non
1059 3693 1320 3766 pervidet,
1355 3694 1575 3765 exceptis
1610 3693 1816 3747 Arianis
1836 3735 1851 3759 ,
1884 3709 1948 3747 ea:
1976 3703 2066 3748 tua

461 3786 700 3839 doctrina
724 3801 896 3839 ueram
922 3783 1128 3856 quidem
1157 3784 1333 3852 ﬁdem,
1365 3785 1626 3839 maculam
1651 3793 1821 3839 autem
1849 3785 2068 3839 Ariano-

458 3878 620 3933 rum?
651 3877 817 3934 Valde
845 3889 893 3933 et
925 3877 1324 3944 admirabiliter,
1356 3893 1413 3933 ut
1452 3889 1530 3934 est
1560 3880 1731 3934 lumen
1753 3897 1786 3933 a
1812 3879 2064 3946 tenebris,

460 3977 536 4030 ita
557 3975 810 4044 separasti
845 3975 1109 4029 ueritatem
1139 3991 1171 4027 a
1193 3975 1478 4029 calliditate
1501 3985 1549 4030 et
1577 3975 1840 4046 hypocrisi
1864 3974 2068 4028 hareti-

461 4085 665 4136 corum,
698 4068 982 4142 defendisti
1009 4069 1318 4124 catholicam
1340 4069 1653 4136 Ecclesium,
1685 4069 1912 4139 probasti
1939 4069 2071 4123 nihil

461 4151 599 4229 csse,
641 4162 733 4218 sed
761 4172 958 4219 tantum
990 4165 1317 4229 phantasiam
1347 4162 1661 4217 Arianorum
1705 4161 1878 4217 verba.
1928 4161 2072 4217 Inte-

461 4273 615 4328 gram
647 4257 881 4314 Luciferi
911 4256 1098 4313 Fidem
1131 4256 1310 4312 laudat
1345 4258 1508 4311 etiam
1530 4255 1852 4312 Ambrosius
1881 4257 1934 4311 in
1969 4256 2066 4312 lib.

461 4351 529 4405 de
559 4367 788 4406 excessu
824 4349 1011 4406 lratris
1045 4351 1132 4406 sui
1181 4349 1404 4422 Satyri;
1450 4349 1604 4420 cujus
1651 4346 1808 4403 Fidei
1843 4348 2070 4404 haredes

459 4446 640 4515 ipsum
686 4443 921 4500 afﬁrmat
973 4445 1289 4515 reliquisse,
1325 4458 1554 4513 eamque
1581 4443 1840 4514 gravibus
1885 4441 2072 4498 verbis

461 4535 848 4592 commendant
897 4537 1188 4593 Faustinus
1238 4546 1296 4593 ct
1347 4537 1690 4593 Marcellinus
1753 4535 1809 4592 in
1863 4534 2072 4592 Libello

413 4635 416 4638 ’
463 4629 694 4686 Precum
723 4671 737 4695 ,
769 4638 876 4685 etc.

558 4721 587 4795 ς
621 4719 709 4777 lll.
741 4751 814 4762 ——
845 4720 1072 4786 Quastio
1092 4723 1276 4777 critica
1303 4723 1359 4777 in
1383 4723 1579 4793 aliquot
1602 4721 1838 4795 Luciferi
1859 4723 1995 4778 loca.

534 4815 693 4884 Quod
724 4815 791 4872 ad
820 4815 960 4871 hanc
989 4815 1332 4872 Praiationis
1361 4829 1572 4886 partem
1605 4818 1832 4884 attinet,
1864 4832 1927 4874 ea
1959 4817 2073 4888 pri-

464 4926 638 4975 mum,
666 4925 786 4981 qua?
816 4907 887 4965 de
920 4923 1148 4964 numero
1177 4909 1593 4979 Episcoporutn,
1625 4909 1715 4981 qtti
1743 4911 1795 4965 in
1819 4909 2070 4967 Concilio

467 5003 689 5061 Mediol.
715 5001 1084 5058 interfuerunt
1104 5016 1192 5056 an.
1212 5000 1583 5068 355,diximus
1599 5002 1684 5057 hic
1707 5002 2067 5058 examinanda

468 5113 592 5154 esse
609 5107 734 5153 nota
753 5098 998 5166 subjecta
1016 5096 1150 5167 p.11
1171 5094 1278 5168 (hic
1305 5094 1404 5150 col.
1437 5095 1540 5150 777
1569 5106 1678 5150 not.
1712 5094 1788 5167 a),
1818 5096 2068 5166 videjam

469 5199 700 5246 tractata
735 5189 786 5244 in
813 5191 926 5260 ipsa
958 5186 1194 5244 Luciferi
1223 5187 1365 5254 Vita,
1399 5185 1565 5243 veluti
1595 5189 1804 5256 aptiore
1827 5187 1883 5242 in
1910 5188 2032 5242 loco
2052 5229 2068 5255 ,

467 5283 543 5337 uti
574 5282 738 5336 etiam
788 5295 872 5348 ea,
921 5295 1040 5351 quae
1066 5278 1134 5335 de
1164 5279 1355 5334 Edicto
1383 5278 1686 5334 ConStantii
1717 5278 2069 5348 Imperatoris

464 5375 771 5445 sapissime
801 5374 1017 5430 Lucifer
1071 5373 1298 5439 scribit,
1352 5373 1661 5443 praesertim
1715 5373 1816 5427 sub
1854 5374 2068 5428 initium

469 5465 569 5522 lib.
585 5467 650 5522 de
678 5484 781 5522 non
804 5483 948 5538 pare.
971 5468 1024 5520 in
1048 5464 1213 5521 Deum
1237 5465 1430 5536 delinq.
1450 5465 1687 5520 Primum
1721 5466 1883 5536 igitur
1907 5467 2066 5535 hujus

467 5560 786 5627 quaestionis
817 5562 992 5615 locum
1024 5559 1127 5614 sibi
1169 5559 1409 5614 vindicat
1439 5557 1673 5614 Luciferi
1701 5559 1966 5615 sententia
1997 5560 2066 5615 de

466 5651 832 5709 Constantino
858 5653 1024 5724 Aug.,
1053 5669 1214 5725 quem
1242 5653 1362 5708 labe
1389 5651 1577 5707 Ariani
1609 5652 1812 5708 erroris
1830 5653 2071 5723 aspergit

466 5744 522 5798 in
548 5745 636 5800 lib.
653 5747 717 5801 de
735 5747 1187 5818 Reg.Apost.p.59
1204 5746 1310 5820 (hic
1322 5745 1582 5819 col.804),
1604 5746 1780 5816 inquo
1802 5744 2069 5802 Constan-

463 5837 599 5896 tium
646 5840 764 5899 haec
798 5842 1114 5914 loquentem
1145 5843 1357 5900 inducit
1392 5859 1404 5897 :
1433 5842 1556 5899 Nisi
1605 5849 1751 5913 pater
1779 5857 1920 5898 meus
1949 5841 2074 5898 bene

2165 3311 2462 3379 spicionem
2483 3308 2640 3364 facile
2651 3325 2710 3365 ca
2721 3311 2965 3381 piebant,
2987 3313 3194 3383 quippe
3223 3329 3411 3369 rerum
3433 3313 3596 3368 minus
3617 3324 3723 3365 eon-

2165 3403 2297 3469 scii,
2330 3403 2399 3458 de
2429 3402 2585 3460 Fidei
2632 3405 2943 3475 integritate
2993 3407 3044 3460 in
3093 3405 3493 3473 Constantino;
3538 3421 3643 3461 nam
3681 3411 3724 3457 et

2165 3498 2448 3555 Athanasii
2495 3499 2785 3568 exsilium,
2831 3510 2887 3558 et
2916 3501 3030 3558 Arii
3077 3502 3143 3557 ad
3185 3503 3580 3559 Catholicorum
3606 3513 3724 3557 com-

2167 3595 2481 3651 munionem
2534 3597 2868 3652 restitutioa
2919 3594 3284 3654 Constantino
3337 3598 3720 3654 Eusebianorum

2165 3688 2294 3744 dolo
2323 3689 2553 3762 probata
2583 3689 2776 3746 dubios
2807 3690 2950 3745 haud
2984 3691 3181 3761 injuria
3209 3701 3525 3748 cunctorum
3552 3690 3723 3746 animos

2167 3783 2224 3838 in
2253 3799 2312 3840 re
2355 3794 2461 3838 tam
2494 3785 2646 3855 gravi
2677 3785 2968 3842 tenebant:
3004 3802 3176 3858 quare
3225 3789 3273 3843 is
3304 3789 3462 3844 morti
3492 3785 3724 3859 proximus

2167 3875 2287 3930 haec
2316 3875 2481 3931 verba
2517 3877 2904 3948 pronuntiasse
2933 3878 3136 3934 dicitur
3180 3881 3249 3935 ab
3282 3881 3515 3937 Eusebio
3543 3879 3592 3934 in
3632 3877 3724 3944 ejus

2172 3967 2403 4023 Vitalib.
2430 3984 2505 4036 tv,
2529 3984 2651 4039 cup.
2673 3969 2744 4025 62
2767 3989 2780 4026 :
2808 3976 2885 4033 Μὴ
2912 3969 2974 4031 δή
2999 3966 3090 4028 οὖν
3115 3974 3397 4048 ἀμφιϐολία
3421 3995 3499 4035 τις
3513 3976 3722 4048 γίγνηται,

2171 4059 2339 4116 Nulla
2359 4064 2476 4134 jam
2505 4060 2762 4116 dubitatio
2787 4063 2892 4128 sit;
2915 4079 3146 4134 quorum
3178 4072 3449 4120 verborum
3475 4079 3633 4120 sensus
3654 4076 3724 4115 stt-

2171 4157 2236 4212 tis
2263 4165 2339 4211 est
2367 4156 2610 4212 obscurus
2631 4199 2646 4223 ,
2679 4157 2862 4213 subdit
2906 4157 3160 4214 Valesius
3189 4159 3242 4214 in
3291 4163 3492 4216 Annot.
3529 4175 3590 4212 an
3619 4155 3727 4210 Cott-

2167 4253 2388 4308 stantius
2419 4253 2474 4306 id
2500 4253 2662 4307 uoluit
2689 4253 2900 4308 dicere?
2934 4272 2954 4306 ε
2991 4252 3217 4310 Cessent
3243 4253 3359 4324 jam
3388 4269 3568 4311 omnes
3599 4249 3727 4307 dubi-

2178 4365 2198 4399 i
2233 4356 2351 4402 tare
2379 4347 2447 4404 de
2477 4363 2596 4413 me,
2624 4358 2806 4404 utrum
2839 4365 2898 4406 re
2923 4364 3054 4405 vera
3078 4347 3422 4407 Christianus
3446 4348 3570 4413 sim;
3598 4356 3727 4402 nemo

2180 4461 2198 4495 ‹
2237 4442 2290 4497 in
2319 4452 2598 4514 posterum
2627 4443 2958 4516 suspicetur,
2985 4460 3071 4501 me
3109 4445 3289 4502 verbis
3321 4445 3616 4509 dumtaxat,
3641 4453 3725 4495 non

2185 4554 2201 4588 r
2237 4550 2304 4592 ex
2335 4537 2528 4592 intimo
2557 4536 2739 4593 cordis
2775 4537 2970 4594 affectu
3009 4538 3199 4594 Fidem
3225 4539 3430 4595 Christi
3459 4536 3725 4607 amplexum

2181 4648 2200 4682 ‹
2239 4629 2410 4687 fuisse
2434 4672 2447 4686 .
2487 4650 2505 4684 ι
2542 4631 2805 4700 Quamvis
2846 4632 3034 4689 Graeca
3068 4649 3168 4689 vox
3192 4635 3460 4708 ἀμφιϐολία
3486 4629 3629 4703 possit
3647 4625 3725 4678 hoc

2173 4724 2285 4778 loco
2308 4723 2447 4778 sumi
2466 4739 2558 4793 pro
2579 4725 2820 4788 ἀναϐολὴ,
2849 4723 2904 4779 id
2926 4735 3000 4780 est
3020 4725 3200 4780 omnis
3224 4741 3398 4794 mora,
3427 4726 3590 4781 omnis
3606 4731 3728 4774 amo-

2170 4825 2366 4872 veatur
2389 4815 2609 4883 dilatio;
2642 4819 2733 4889 qui
2755 4817 2962 4889 quidem
2991 4835 3170 4874 sensus
3201 4820 3364 4892 magis
3395 4822 3600 4873 coharet
3633 4821 3726 4866 cum

2170 4911 2577 4980 pracedentibus
2603 4911 2674 4967 de
2698 4911 2970 4982 baptismo
2993 4913 3206 4970 scilicet
3230 4914 3296 4968 ad
3341 4923 3560 4969 mortem
3586 4916 3726 4976 usque

2171 5003 2359 5059 dilato.
2413 5004 2552 5060 l-linc
2582 5004 2852 5060 Baronius
2902 5005 2969 5061 ad
3003 5021 3092 5062 an.
3125 5007 3230 5062 5'56
3269 5006 3568 5063 Luciferum
3607 4999 3726 5054 hisce

2171 5107 2430 5154 excusat:
2467 5097 2635 5152 Porro
2664 5114 2840 5154 rerum
2867 5109 2988 5154 tunc
3018 5111 3276 5172 gestarum
3319 5115 3525 5169 prorsus
3547 5097 3724 5166 igitur!“

2169 5193 2281 5258 ille,
2305 5193 2444 5264 quod
2470 5193 2681 5260 scisset,
2711 5191 3107 5248 Constantinum
3138 5193 3533 5248 Eusebianorum
3553 5197 3727 5258 persua-

2169 5287 2316 5341 sione
2336 5329 2350 5351 ,
2380 5286 2662 5358 itidemque
2691 5289 3008 5342 Arianorum
3029 5329 3044 5351 ,
3077 5287 3415 5342 Athanasium
3447 5287 3496 5340 in
3524 5277 3725 5338 exsilium

2171 5380 2226 5433 in
2254 5377 2458 5434 Gallias
2480 5379 2809 5447 amandasse,
2831 5381 3053 5436 credidit
3077 5383 3285 5436 omnino
3310 5380 3366 5434 id
3395 5383 3590 5448 factum.
3613 5362 3724 5440 θυοδ

2173 5469 2540 5527 Constantinus
2567 5474 2838 5528 transisset
2865 5475 2935 5528 ad
2966 5475 3214 5529 Arianam
3242 5472 3471 5529 haresim
3491 5486 3509 5537 ,'
3533 5466 3662 5535 idque
3681 5459 3722 5512 ίπ

2170 5581 2284 5620 eum
2306 5565 2603 5620 inconsulto
2632 5567 2786 5622 nimis
2817 5568 3108 5623 declamare
3138 5585 3241 5623 non
3267 5566 3475 5622 destitit.
3497 5563 3721 5618 Praeterea

2169 5673 2290 5728 qua:
2333 5659 2384 5714 in
2439 5659 2628 5732 vulgus
2658 5668 2787 5716 tunc
2817 5659 3153 5727 ferebantur,
3186 5659 3324 5725 quod
3352 5657 3590 5714 Arianum
3615 5649 3720 5714 bap—

2172 5751 2333 5807 tisma
2366 5751 2413 5808 is
2454 5753 2887 5822 suscepissetab
2930 5753 3174 5809 Eusebio
3211 5752 3470 5822 Episcopo
3513 5743 3723 5800 Nicome-

2175 5842 2380 5914 diensi,
2410 5852 2467 5902 et
2503 5854 2774 5918 suspecta
2805 5847 3088 5918 religionis
3121 5846 3360 5912 homine,
3399 5839 3483 5916 qui
3510 5823 3720 5894 morienli
