3972 6352
291 258 380 317 721

1732 259 2131 319 PMFATIO.

3454 264 3563 322 72$

289 379 515 449 Augusto
540 375 814 445 adfuerat,
848 386 959 433 tum
987 378 1129 450 quod
1161 386 1518 434 testamentum
1564 378 1864 434 tradidisset
1890 381 1945 442 Α
1971 378 2090 434 loco
2117 378 2240 434 libri
2272 378 2342 435 de
2369 379 2503 449 Reg.
2534 378 2727 449 Apost.
2763 392 2885 449 pag.
2914 378 2985 437 40
3015 378 3127 448 (hic
3152 377 3254 435 col.
3290 377 3440 451 805),
3469 380 3566 435 ubi

285 474 563 544 presbytero
602 472 817 529 cuidam
847 474 959 528 Arii
989 474 1285 540 laudatori,
1313 491 1460 546 quem
1491 482 1548 527 ut
1574 474 1740 527 virum
1774 474 1863 528 bo-

285 584 397 622 num
436 582 579 621 soror
602 568 767 637 ipsius
793 565 1095 622 Constantia
1132 568 1354 622 moriens
1400 568 1445 622 ei
1476 566 1863 622 commendave-

282 670 389 725 rat,
430 668 488 715 ut
526 661 715 715 scribit
752 661 970 716 Sozom.
998 661 1093 716 lib.
1125 677 1163 716 ιι
1193 677 1314 731 cap.
1351 662 1444 726 51,
1476 676 1543 716 eo
1572 661 1741 731 magis
1770 675 1862 716 su-

281 754 560 825 spicionem
591 755 644 809 in
670 754 1088 812 Constantinum
1118 757 1419 826 augebant;
1446 764 1505 810 ut
1537 756 1669 811 nihil
1701 771 1864 826 prop-

281 857 414 903 terea
445 847 722 912 tniremur,
756 848 801 904 si
824 848 1040 904 Lucifer
1068 849 1119 904 itt
1154 865 1273 904 eam
1302 850 1613 919 Opinionem
1644 849 1864 919 prolap-

278 957 363 998 sus
388 941 489 1008 sit,
517 957 676 1014 quam
707 944 962 999 audiebat
1002 944 1229 999 aliorum
1260 959 1356 1000 ore
1399 955 1453 1000 et
1499 958 1771 1000 consensu
1803 944 1859 999 in

277 1035 491 1105 privatis
534 1035 817 1092 hominum
876 1036 1191 1108 colloquiis,
1221 1046 1280 1092 ut
1320 1039 1488 1092 moris
1515 1052 1638 1093 esse
1683 1037 1856 1100 solet,

276 1130 568 1200 pervagari.
598 1128 744 1186 Sane
770 1129 1136 1203 Hieronymus
1167 1133 1219 1186 in
1246 1130 1447 1186 Chron.
1477 1131 1591 1185 lucc
1614 1131 1682 1186 de
1711 1129 1859 1185 Con-

272 1220 497 1275 stantino
527 1219 746 1290 scripsit
770 1238 783 1275 :
808 1219 1173 1276 Constantinus
1202 1233 1426 1276 extremo
1453 1222 1571 1276 vitta
1595 1237 1703 1276 sua:
1734 1232 1859 1276 tetu-

273 1329 388 1385 pore
414 1314 476 1367 ab
505 1312 728 1369 Eusebio
774 1312 1166 1369 Nicomediensi
1196 1313 1456 1385 Episcopo
1484 1313 1774 1378 baptizatus
1803 1314 1858 1368 in

272 1404 512 1459 Arianum
554 1404 748 1476 dogma
786 1406 1047 1474 declinat;
1080 1423 1200 1478 quae
1234 1408 1285 1462 in
1326 1406 1577 1461 omnibus
1628 1406 1858 1474 hujusce

268 1498 510 1555 Chronici
563 1501 974 1573 exemplaribus
1008 1503 1117 1572 jam
1163 1502 1358 1567 editis,
1408 1504 1546 1557 etin
1576 1517 1648 1557 vn
1682 1501 1853 1557 Vatic.

268 1607 391 1648 mss.
424 1594 701 1665 leguntur,
727 1597 801 1651 uti
831 1597 1214 1653 animadvertit
1240 1598 1508 1652 Pontacus
1539 1598 1591 1652 in
1623 1598 1766 1652 notis
1788 1597 1855 1651 ad

268 1686 402 1742 hunc
430 1686 643 1754 locum;
677 1704 841 1744 unum
870 1700 1049 1745 tamen
1083 1690 1403 1746 Lodonense
1433 1707 1537 1747 ms.
1565 1691 1643 1747 sic
1664 1691 1853 1747 eadem

1970 469 2274 540 perSpicuis
2298 470 2477 526 verbis
2502 470 2764 540 Josaphat
2782 471 3188 525 sanctissimum
3214 484 3397 542 regem
3421 469 3565 526 Juda

1966 573 2253 633 comparat
2294 579 2418 619 cum
2464 564 2815 627 Constantio,
2846 575 2902 619 et
2929 574 3228 636 utrumque
3254 567 3568 636 sacrilegum

1966 659 2260 715 manifesto
2296 661 2534 731 appellat
2567 678 2579 715 :
2614 661 2838 729 Quando
2870 659 3163 715 consideres
3192 661 3351 715 etiam
3392 661 3567 731 ﬁlium

1963 753 2103 809 Basa
2116 756 2267 808 annis
2289 756 2501 827 triginta
2513 755 2881 825 quinque,cum
2898 755 3051 827 fuerit
3077 764 3129 809 ut
3159 765 3215 809 tu
3237 755 3525 825 sacrilegus
3540 795 3556 821 ,

1963 862 2207 917 regnasse
2222 849 2365 917 apud
2387 846 2626 901 Juda’os.
2646 848 2811 902 Error
2824 847 3042 917 quidem
3061 848 3201 903 inest
3220 848 3426 902 nomini
3444 848 3568 903 huic

1964 940 2105 996 Basa
2134 942 2250 997 sive
2273 943 2588 1013 interpretis
2618 944 2733 998 sive
2762 942 2974 998 librarii
3006 942 3164 1013 culpa
3186 985 3201 1008 ,
3230 958 3352 997 cum
3384 942 3438 997 in
3471 958 3560 999 sa-

1962 1036 2075 1091 cris
2107 1036 2258 1091 libris
2276 1046 2427 1104 pater
2453 1036 2715 1105 Josaphat
2739 1036 2937 1106 ubique
2968 1036 3071 1091 Asa
3097 1036 3429 1107 appelletur.
3449 1048 3503 1091 et
3529 1053 3563 1093 a

1962 1126 2203 1197 Josepho
2231 1128 2283 1182 in
2312 1128 2404 1184 lib.
2424 1144 2515 1183 vm
2534 1129 2696 1199 Antiq
2724 1128 3040 1199 Jud.cap.u
3059 1140 3113 1185 et
3137 1144 3253 1199 seq.
3276 1131 3475 1185 Asanus
3504 1138 3563 1185 et

1962 1220 2194 1276 Assanus
2230 1222 2437 1293 absque
2464 1222 2575 1277 ullo
2620 1234 2865 1277 veterum
2898 1221 3149 1278 codicum
3199 1222 3558 1279 discrimine:

1961 1317 2168 1371 erravit
2196 1328 2375 1372 autem
2405 1317 2622 1373 Lucifer
2650 1318 2704 1372 in
2744 1317 3132 1388 consignandis
3165 1320 3319 1384 regni
3358 1319 3516 1373 annis
3541 1359 3558 1387 ,

1962 1412 2050 1479 qui
2081 1409 2340 1480 Josaphat
2369 1411 2713 1476 tribuuntur;
2739 1426 2863 1465 nam
2895 1413 3020 1466 anni
3054 1410 3272 1482 triginta
3294 1412 3556 1481 quinque,

1961 1516 2097 1569 quos
2122 1504 2173 1557 in
2207 1504 2324 1574 ejus
2356 1500 2520 1576 regno
2548 1514 2836 1575 supputat,
2861 1508 3039 1561 artatis
3061 1506 3187 1560 anni
3217 1516 3372 1571 sunt,
3396 1523 3560 1578 quam

1961 1606 2075 1651 tum
2106 1598 2360 1667 gerebat,
2388 1614 2511 1653 cum
2540 1598 2605 1653 ad
2637 1614 2862 1670 regnum
2903 1607 3126 1654 evectus
3154 1598 3288 1666 fuit,
3320 1607 3378 1652 ut
3413 1599 3562 1655 clare

1959 1700 2178 1747 constat
2220 1709 2284 1747 ex
2326 1692 2367 1747 11
2406 1692 2646 1761 Paralip.
2697 1708 2818 1762 cap.
2856 1710 2926 1748 xx
2968 1693 3110 1763 apud
3153 1693 3556 1764 Septuaginta:

266 1778 547 1837 describit:
578 1781 946 1838 Constantinus
987 1796 1210 1839 extremo
1238 1786 1356 1840 vitta
1381 1800 1490 1840 sua:
1528 1795 1755 1856 tempore
1793 1784 1843 1838 al

1963 1790 2055 1842 Καὶ
2080 1787 2411 1842 ἐϐασίλευσεν
2425 1785 2675 1860 Ἰωσαφάτ
2704 1790 2787 1842 ἐπὶ
2803 1789 2889 1843 τὸν
2910 1785 3099 1842 ’Ῑουδὰν
3117 1827 3134 1854 ,
3167 1786 3235 1841 ὧν
3262 1788 3387 1842 ἐτῶν
3408 1807 3558 1862 τρια-

265 1872 478 1929 Eusebio
508 1874 771 1948 Episcopo
815 1876 1201 1933 Nicomediensi
1244 1879 1566 1949 baptizatus,
1597 1876 1853 1932 Eusebius

264 1969 312 2023 in
340 1970 584 2026 Arianum
629 1974 817 2046 dogma
844 1974 1088 2028 declinat.
1122 1976 1191 2031 Et
1218 1975 1612 2032 Aleohaciense
1648 1990 1750 2031 ms.
1797 1986 1854 2031 et

265 2060 428 2118 Vatic.
461 2080 629 2119 unum
661 2081 762 2137 pro
788 2064 1150 2123 Constantino
1188 2067 1541 2124 Constantium
1568 2069 1847 2135 nominat,

261 2157 341 2226 qui
361 2165 535 2214 tamen
558 2158 877 2216 Nicomedia
905 2163 1091 2233 procul
1117 2163 1419 2233 baptizatus
1446 2162 1544 2217 fuit
1560 2162 1628 2218 ab
1650 2162 1851 2233 Euzojo

261 2250 514 2324 EpiscOpo
533 2254 762 2321 Ariano,
782 2270 1003 2312 auctore
1029 2256 1329 2312 Athanasio
1359 2258 1408 2311 in
1428 2257 1525 2312 lib.
1548 2257 1617 2313 de
1638 2258 1846 2329 Synod.

258 2345 512 2403 Baronius
558 2348 630 2403 ad
670 2364 760 2405 an.
795 2350 923 2417 524,
954 2360 1105 2420 putat
1133 2366 1197 2407 ea
1231 2351 1398 2405 verba
1433 2350 1691 2408 Chronici
1724 2352 1849 2407 Hie-

258 2442 550 2512 ronymiani
580 2458 708 2498 esse
751 2444 1110 2515 expungenda
1136 2486 1149 2509 ,
1181 2445 1381 2515 quippe
1402 2445 1735 2517 Hieronymo
1766 2445 1849 2499 af-

255 2533 370 2589 ficta
393 2577 405 2600 ,
439 2536 583 2606 quod
618 2544 797 2593 tamen
828 2537 1104 2594 Pontacus
1151 2537 1372 2594 efficere
1416 2554 1579 2594 ausus
1622 2554 1731 2594 non
1762 2549 1847 2595 est

251 2638 425 2685 contra
452 2646 586 2686 mss.
617 2631 878 2686 Codicum
911 2632 1093 2700 fidem,
1120 2633 1245 2689 licet
1277 2634 1493 2687 Baronii
1518 2634 1842 2688 sententiam

250 2733 494 2792 sequatur
521 2723 595 2780 de
627 2724 791 2781 unico
817 2724 1159 2780 Constantini
1192 2725 1463 2795 baptismo
1509 2726 1695 2781 Roma:
1722 2739 1844 2780 sus-

247 2827 390 2886 cepto
441 2834 539 2889 per
589 2818 855 2890 Sylvestri
918 2819 1202 2875 Pontificis
1252 2819 1641 2875 ministerium.
1704 2818 1843 2875 Nos-

245 2920 372 2967 trum
411 2913 666 2983 profecto
697 2929 803 2967 non
827 2923 910 2969 est
940 2912 1081 2968 hanc
1120 2915 1554 2969 controversiam
1582 2912 1838 2982 aggredi,

243 3018 351 3072 qtae
372 3019 577 3077 magno
598 3006 871 3076 utrimque
895 3008 1123 3076 partium
1149 3006 1329 3061 studio
1359 3008 1538 3077 agitur
1562 3007 1706 3062 inter
1735 3006 1838 3061 Ec-

242 3094 575 3154 clesiasticos
606 3098 936 3167 Scriptores,
970 3108 1148 3154 utrum
1174 3100 1380 3155 scilicet
1411 3098 1741 3155 Nicomediae
1768 3114 1835 3154 an

1959 1881 2259 1935 κοντὰπεντε
2286 1882 2333 1934 ἐν
2357 1889 2429 1951 τῷ
2458 1882 2767 1952 βασιλεῦσαι
2796 1882 2947 1936 αὐτὸν
2984 1877 3086 1935 εΕι
3121 1880 3350 1950 regnavit
3398 1878 3556 1933 Josa-

1956 1971 2082 2044 pltat
2112 1989 2265 2043 super
2281 1972 2313 2026 ,Ι
2322 1972 2495 2038 udam,
2514 1989 2630 2026 cum
2647 1984 2776 2027 esset
2807 1989 3065 2027 annorum
3093 1973 3307 2044 triginta
3328 1973 3554 2044 quinque

1954 2068 2007 2121 in
2034 2066 2297 2139 regnando
2318 2068 2523 2135 ipsum;
2554 2066 2697 2139 quod
2727 2067 2928 2122 ibidem
2964 2067 3195 2137 Vulgata
3222 2067 3550 2132 conﬁrmat;

1952 2174 2126 2215 annos
2151 2175 2280 2215 vero
2306 2175 2560 2231 regnasse
2585 2161 2772 2231 viginti
2801 2162 3043 2230 quinque
3063 2168 3337 2216 testantur
3358 2160 3552 2217 itidem

1954 2251 2305 2323 Septuaginta
2335 2262 2446 2307 tum
2489 2254 2542 2307 iu
2572 2268 2693 2322 cap.
2732 2252 2924 2307 eodem
2968 2252 3092 2307 libri
3122 2252 3165 2308 11
3215 2253 3545 2323 Paralipom.

1953 2348 2034 2400 καὶ
2070 2343 2231 2402 εἴκοσι
2256 2350 2342 2402 καὶ
2369 2348 2517 2403 πέντε
2544 2344 2633 2405 ἔτη
2654 2346 3005 2411 ἐϐασίλευσεν,
3040 2355 3087 2401 et
3118 2346 3299 2419 viginti
3324 2359 3371 2403 et
3397 2349 3553 2419 quia-

1952 2456 2051 2511 que
2075 2455 2236 2493 annos
2264 2440 2524 2509 regnavit;
2555 2448 2665 2494 tum
2697 2438 2750 2494 in
2777 2440 2869 2493 lib.
2899 2438 2965 2493 lll
2993 2438 3126 2509 Reg.
3155 2453 3255 2509 cap
3277 2454 3400 2506 xvi,
3424 2440 3550 2511 qui-

1951 2532 2178 2589 buscum
2223 2535 2497 2588 consentit
2533 2533 2796 2605 Vulgata,
2853 2546 2905 2589 et
2949 2533 3225 2601 Josephus
3267 2535 3320 2590 in
3358 2535 3453 2591 lib.
3494 2552 3547 2591 ix

1950 2640 2073 2697 cap.
2124 2628 2189 2691 5,
2245 2626 2337 2696 qui
2390 2627 2580 2681 scribit
2625 2642 2808 2697 regem
2864 2624 3043 2690 hunc,
3095 2635 3277 2681 exacto
3334 2627 3547 2697 quidem

1948 2722 2065 2775 vitta
2109 2736 2219 2775 sua:
2288 2736 2425 2774 anno
2484 2721 2838 2791 sexagesimo,
2893 2721 3036 2792 regni
3123 2736 3241 2775 vero
3295 2721 3545 2792 vigesimo

1948 2815 2127 2884 quinto
2160 2814 2300 2869 diem
2329 2828 2641 2880 supremum
2675 2814 2907 2869 abiisse:
2946 2812 3087 2869 unde
3116 2813 3365 2870 Latinius
3396 2824 3545 2871 recte

1948 2910 2203 2980 conjicit,
2236 2909 2549 2965 Luciferum
2586 2909 2724 2964 haud
2753 2924 3065 2966 assecutum
3087 2909 3289 2975 ,fuisse
3319 2925 3545 2966 sensum

1948 3002 2113 3071 hujus
2145 3004 2437 3058 testimonii
2470 3002 2607 3057 adeo
2650 3003 2703 3057 in
2745 3004 2918 3058 sacris
2968 3003 3121 3058 libris
3171 3005 3541 3073 perspicuum.

1947 3096 2123 3151 Porro
2172 3097 2398 3153 dubium
2451 3106 2709 3163 nonest,
2738 3096 2868 3167 quin
2918 3095 3139 3152 Lucifer
3182 3095 3544 3167 Josaphatum

240 3184 413 3245 Romae
433 3190 831 3246 Constantinus
878 3191 1204 3260 baptismum
1255 3195 1561 3261 susceperit
1596 3212 1608 3247 :
1646 3191 1835 3249 Daniel
1864 3164 1910 3227 Ο
1946 3190 2185 3245 innuerit
2209 3190 2274 3245 iis
2297 3190 2497 3257 verbis,
2526 3206 2645 3261 qua:
2674 3206 2745 3246 ex
2774 3205 2930 3246 sacro
2960 3191 3236 3247 volumine
3253 3192 3537 3259 describit,

243 3290 406 3339 tamen
437 3285 850 3354 Papebrochius
876 3287 929 3341 in
960 3287 1174 3342 Comm.
1210 3288 1345 3342 Hist.
1378 3288 1446 3343 de
1473 3287 1534 3344 S.
1568 3289 1839 3343 Constan—

242 3377 345 3431 tino
388 3377 455 3432 Μ.
488 3378 751 3447 Imperat.
784 3379 851 3433 ad
890 3378 1036 3433 diem
1087 3380 1150 3433 21
1181 3379 1304 3434 Maii
1338 3379 1475 3435 Boll.
1506 3394 1626 3449 cap.
1658 3380 1715 3447 Ξ,
1749 3379 1841 3434 Ni-

242 3472 585 3528 comediense
616 3474 881 3542 baptisma
927 3482 1109 3528 tuetur
1134 3472 1399 3529 adversus
1424 3474 1716 3528 Baronium
1738 3515 1752 3541 ,
1782 3482 1839 3528 et

242 3562 548 3637 Hieronymi
584 3565 766 3621 verbis
799 3568 939 3622 hanc
970 3566 1477 3635 interpretationem
1526 3582 1837 3622 accommo-

241 3658 323 3713 dat
350 3679 362 3714 :
393 3660 462 3713 Id
484 3669 599 3726 cst,
631 3661 882 3715 inclinare
911 3662 1049 3716 visus
1076 3670 1149 3717 est
1190 3658 1555 3716 Constantinus
1578 3662 1629 3715 in
1658 3678 1835 3715 eorum

239 3754 529 3808 sententiam
557 3794 573 3818 ,
600 3754 691 3824 qui
717 3753 999 3823 ὁμοουσίου
1042 3754 1286 3808 vocabulo
1311 3752 1672 3808 abstinendum
1717 3769 1837 3807 cen-

240 3845 400 3901 sebant
420 3889 433 3908 ,
464 3862 572 3900 non
608 3855 662 3899 ut
692 3846 933 3900 haeretica
963 3845 1053 3900 sed
1090 3856 1145 3899 ut
1185 3862 1337 3906 novo.
1368 3846 1587 3916 ideoque
1615 3845 1835 3899 scanda-

241 3936 338 3991 lum
364 3946 641 4009 generante
664 3938 807 4007 apud
836 3954 948 4004 eos,
975 3939 1063 4007 qui
1092 3937 1321 3993 Nicaznte
1348 3937 1505 3991 Fidei
1534 3939 1741 3992 omnino
1779 3955 1834 3992 se

240 4029 492 4085 adluerere
522 4030 924 4102 proﬁtebantur,
969 4030 1441 4101 persuadebantque
1480 4029 1795 4099 Imperatori
1815 4072 1830 4096 ,

240 4134 291 4179 ut
317 4125 577 4193 crederet,
604 4141 710 4189 eos,
739 4126 828 4196 qui
854 4126 1166 4178 vocabantur
1192 4124 1373 4178 Ariani
1394 4164 1408 4186 ,
1434 4139 1554 4177 voce
1591 4124 1685 4177 illa
1710 4139 1836 4194 sup-

242 4235 403 4286 pressa
426 4219 493 4273 ad
516 4217 850 4273 concordiam
878 4218 1138 4272 redituros
1160 4233 1179 4271 :
1207 4227 1291 4281 et,
1328 4216 1503 4272 Simili
1533 4215 1688 4269 modo
1706 4216 1833 4270 alibi

239 4308 584 4382 Hieronymus
612 4311 820 4382 scripsit
849 4322 1062 4380 propter
1088 4317 1344 4379 receptant
1377 4308 1613 4363 Valentis
1642 4317 1688 4363 et
1732 4306 1833 4362 Ur-

238 4406 353 4459 sacii
379 4406 756 4478 confessionem
780 4405 834 4459 in
855 4405 1023 4474 specie
1045 4402 1364 4457 Catholicam
1384 4445 1396 4467 ,
1424 4402 1565 4474 quod
1590 4403 1832 4475 ingemis-

237 4511 345 4552 cens
364 4500 501 4552 orbis
534 4512 791 4551 terrarum
818 4498 1038 4550 miratus
1061 4505 1135 4549 est
1174 4511 1228 4549 se
1252 4510 1361 4549 esse
1399 4496 1671 4548 Arianum.
1704 4494 1831 4549 Htec

1945 3294 2001 3340 et
2027 3285 2093 3339 ad
2120 3286 2262 3340 hunc
2291 3301 2471 3355 regem
2506 3286 2797 3353 pertinent,
2824 3285 2891 3340 111
2940 3286 3067 3356 Reg.
3108 3303 3197 3342 xvr
3230 3288 3373 3353 apud
3407 3288 3543 3360 Sep-

1949 3379 2221 3449 tuaginta:
2283 3379 2345 3432 Et
2384 3380 2437 3434 in
2459 3396 2597 3434 anno
2620 3380 2890 3433 undecimo
2936 3378 3111 3433 Ambri
3157 3390 3340 3451 regnat
3378 3380 3540 3437 Josa-

1946 3472 2072 3541 pltat
2103 3473 2242 3538 ﬁlius
2285 3472 2460 3527 Asa...
2487 3481 2536 3527 et
2572 3473 2847 3527 ambulavit
2874 3473 2927 3526 ia
2956 3474 3039 3526 via
3064 3472 3169 3526 Asa
3223 3476 3387 3542 patris
3410 3477 3534 3543 sui,

1943 3574 1994 3618 et
2048 3581 2149 3619 non
2204 3566 2484 3620 declinavit
2531 3567 2594 3619 ab
2632 3583 2721 3631 ea,
2762 3568 3001 3637 faciendo
3050 3576 3246 3622 rectum
3309 3570 3365 3623 in
3413 3588 3539 3626 con-

1942 3669 2117 3725 spectu
2141 3656 2374 3717 Domini.
2403 3658 2621 3713 Tantum
2649 3661 2850 3715 excelsa
2872 3676 2972 3715 non
2994 3660 3336 3717 abstulerunt.
3366 3663 3546 3719 Sacri-

1941 3753 2168 3824 ﬁcabant
2224 3755 2277 3809 in
2321 3754 2563 3818 excelsis,
2621 3766 2667 3809 et
2732 3754 3045 3822 adolebant;
3100 3772 3221 3826 qua:
3279 3758 3535 3829 leguntur

1942 3848 2170 3915 repetita
2200 3861 2321 3917 cap.
2352 3863 2498 3903 xxtt:
2532 3845 2601 3902 Et
2628 3850 2904 3902 ambulavit
2927 3850 2982 3903 in
3008 3851 3151 3904 omni
3190 3850 3271 3906 via
3304 3852 3407 3906 Asa
3445 3870 3542 3921 pa-

1943 3940 2035 3992 tris
2050 3941 2167 3993 sui:
2192 3956 2295 3994 non
2324 3940 2597 3994 declinavit
2613 3939 2673 3994 ab
2691 3957 2770 4003 ea,
2795 3941 3036 4013 faciendo
3065 3953 3262 3997 rectum
3292 3944 3346 3998 in
3368 3945 3534 4001 oculis

1941 4030 2173 4087 Domini.
2227 4032 2594 4090 Verumtamen
2640 4034 2844 4089 excelsa
2915 4051 3015 4090 non
3067 4035 3300 4090 abstulit.
3353 4036 3538 4092 Adhuc

1940 4126 2166 4195 populus
2186 4127 2534 4194 sacriﬁcabat,
2558 4137 2605 4181 et
2637 4126 2911 4181 adolebant
2942 4127 2995 4181 in
3026 4128 3259 4183 excelsis.
3291 4128 3416 4185 Haec
3440 4146 3539 4187 au-

1941 4226 2049 4272 tem
2081 4218 2225 4273 laudi
2271 4219 2514 4288 profecto
2543 4219 2863 4274 tribuuntur
2910 4218 3155 4287 piissimo
3182 4219 3297 4291 regi
3341 4231 3540 4290 prteter

1938 4310 2110 4377 illud,
2164 4311 2306 4381 quod
2350 4326 2546 4382 passus
2576 4312 2743 4368 fuerit
2784 4312 2950 4382 impia
2994 4312 3232 4368 Deorum
3271 4328 3427 4370 sacra
3469 4316 3540 4372 ab

1941 4405 2174 4461 Hehrmo
2222 4407 2423 4478 populo
2452 4407 2810 4478 frequentari,
2838 4424 2943 4465 nec
2976 4409 3237 4480 profanos
3283 4411 3459 4481 lucos,
3484 4421 3543 4469 et

1937 4507 2120 4555 erecta
2162 4500 2215 4554 in
2258 4501 2326 4556 iis
2376 4500 2674 4555 Numinum
2721 4500 2948 4558 delubra
2997 4503 3214 4570 penitus
3258 4504 3541 4562 everterit.

236 4591 320 4650 ille
350 4612 444 4666 pro
474 4594 836 4665 Hieronymo,
867 4590 987 4662 quin
1018 4590 1271 4647 Lucifero
1311 4593 1484 4661 aptari
1518 4599 1829 4660 nequeunt,
1858 4566 1913 4625 Ῑ)
1940 4592 2080 4648 Hinc
2131 4593 2297 4663 igitur
2344 4593 2559 4649 Lucifer
2589 4610 2811 4650 causam
2869 4612 2930 4652 se
2970 4566 3191 4653 nactum
3238 4601 3537 4670 putaverit,

237 4701 401 4757 neque
433 4687 749 4743 testimonio
780 4684 973 4740 Isidori
1006 4685 1060 4739 in
1100 4682 1304 4739 Chron.
1330 4682 1478 4754 quod
1521 4683 1831 4752 hujusmodi

237 4788 312 4832 est
334 4797 347 4832 :
376 4778 749 4834 Constantinus
779 4780 833 4832 in
855 4788 1085 4832 extremo
1110 4777 1229 4831 vita
1248 4792 1356 4832 sua:
1382 4777 1443 4830 ab
1473 4774 1701 4830 Eusebio
1728 4776 1831 4830 Ni-

235 4875 538 4929 comediensi
560 4873 818 4944 Eptswpo
840 4873 1131 4941 baptizatus
1154 4872 1207 4925 in
1229 4872 1481 4925 Arianum
1507 4873 1695 4941 dogma
1719 4889 1835 4927 con-

236 4968 458 5021 vertitur.
509 4965 627 5021 Heu
658 4967 786 5038 proli
810 4965 998 5020 dolor!
1028 4967 1157 5019 bono
1188 4981 1312 5019 usus
1353 4965 1610 5034 principio
1650 4974 1699 5019 et
1729 4966 1834 5035 ﬁne

236 5062 394 5127 malo;
425 5062 501 5116 al.
532 5061 694 5115 bonus
724 5061 1007 5130 principio,
1047 5068 1096 5113 et
1142 5059 1245 5128 ﬁne
1286 5060 1486 5125 matus;
1515 5060 1671 5130 queis
1714 5060 1831 5116 haec

233 5152 409 5207 subdit
434 5152 672 5209 Jacobus
704 5153 953 5207 Breulius
994 5152 1045 5205 in
1098 5153 1242 5205 notis
1279 5169 1291 5204 :
1333 5150 1480 5205 Hanc
1522 5153 1830 5207 sententiam

238 5244 377 5300 docte
388 5246 584 5315 refellit
606 5243 872 5300 Cedrenus
894 5245 949 5298 in
970 5241 1257 5313 Compend.
1277 5241 1481 5298 Histor.
1504 5246 1558 5298 in
1571 5246 1672 5297 vita
1694 5242 1831 5298 Con-

235 5347 382 5391 stant.
417 5340 484 5394 At
518 5338 605 5403 hi,
632 5338 760 5394 licet
796 5337 1133 5403 erraverint,
1173 5351 1327 5392 error
1358 5354 1426 5393 ex
1460 5338 1711 5408 populari
1740 5353 1831 5395 so-

236 5428 509 5487 lummodo
538 5432 672 5488 fama
701 5442 926 5489 exortus
957 5430 1255 5486 errantium
1288 5433 1500 5502 culpam
1536 5433 1826 5505 plurimum

238 5520 536 5590 imminuit;
568 5525 711 5594 quod
740 5524 993 5581 Lucifero
1039 5532 1088 5578 et
1134 5522 1341 5580 Isidoro
1375 5524 1642 5579 accidisse
1674 5537 1829 5596 puta-

238 5630 371 5673 mus.
413 5619 490 5673 De
514 5619 661 5675 cultu
686 5619 743 5675 S.
791 5617 1133 5674 Constantini
1180 5616 1251 5671 Μ.
1284 5618 1427 5687 apud
1456 5616 1680 5676 Graecos
1709 5618 1831 5676 vide

239 5708 661 5783 Papebrocbium
689 5716 745 5770 in
769 5714 893 5771 loco
918 5711 1155 5769 laudato.

304 5806 472 5867 Multo
493 5808 863 5877 estdiflicilius
877 5804 1119 5867 Luciferi
1137 5819 1359 5864 sensum
1383 5806 1662 5878 explicare
1690 5810 1742 5866 in
1768 5827 1834 5871 eo

1936 4704 2035 4744 cur
2068 4698 2251 4758 posset
2295 4689 2653 4759 .losaphatum
2705 4707 2830 4747 cum
2858 4690 3181 4749 Constantio
3238 4694 3537 4764 conferre;

1938 4798 2005 4836 ne
2043 4782 2250 4838 scilicet
2325 4783 2520 4838 mirum
2579 4784 2703 4838 huic
2748 4785 3051 4853 videretur,
3105 4787 3152 4842 si
3202 4788 3539 4845 catholicam

1940 4873 2097 4929 fidem
2131 4890 2227 4944 pro
2256 4874 2460 4930 Ariana
2492 4874 2687 4933 haeresi
2724 4878 2926 4933 tuenda
2954 4879 3235 4936 insecutus
3265 4880 3537 4951 tranquil-

1942 4969 1997 5023 lo
2020 4970 2391 5040 diuturnoque
2412 4986 2580 5041 regno
2613 4971 2911 5036 frueretur,
2931 4988 3053 5028 cum
3075 4984 3130 5030 et
3151 4989 3247 5030 rex
3277 4974 3544 5046 Josaphat

1940 5065 2031 5134 qui
2072 5064 2143 5119 ob
2193 5066 2515 5133 permissum
2560 5063 2730 5119 nimia
2783 5066 2839 5120 in
2877 5066 3139 5137 populum
3196 5064 3541 5137 indulgentia

1941 5157 2212 5213 idolorum
2240 5157 2449 5212 cultum
2483 5157 2754 5215 vindicem
2794 5159 2846 5214 iu
2870 5173 2931 5214 se
2959 5158 3053 5214 Dei
3105 5160 3243 5214 iram
3277 5174 3544 5230 provoca-

1939 5252 2055 5319 bat,
2082 5252 2347 5307 diutinam
2386 5263 2565 5309 tamen
2605 5252 2659 5308 in
2702 5269 2869 5325 regno
2910 5251 3231 5309 felicitatem
3279 5253 3540 5311 obtinuit.

1940 5343 2052 5400 Nec
2101 5345 2243 5400 inter
2272 5345 2561 5415 utriusque
2588 5346 2800 5402 crimen
2841 5347 3180 5417 comparatio
3209 5362 3271 5403 re
3293 5361 3423 5404 vera
3458 5345 3547 5403 in-

1950 5440 2218 5508 stituitur,
2248 5440 2344 5496 sed
2394 5441 2537 5496 inter
2582 5456 2905 5513 prosperum
2934 5443 3060 5496 vita:
3099 5455 3344 5505 cursum,
3377 5456 3544 5512 quem

1946 5542 2179 5604 uterque
2219 5533 2436 5603 exegit;
2472 5532 2601 5588 licet
2642 5542 2698 5589 et
2730 5532 3085 5589 Constantius
3107 5549 3235 5588 vere
3259 5533 3549 5605 sacrilegus

1946 5626 2158 5683 debitas
2186 5627 2288 5683 sibi
2322 5642 2352 5681 a
2388 5627 2503 5683 Deo
2536 5642 2726 5695 pmnas
2780 5628 2889 5697 jau.
2946 5628 3277 5698 promeritus
3326 5628 3428 5696 sit,
3486 5616 3545 5685 et

1941 5720 2207 5794 Josaphat
2240 5764 2256 5791 ,
2305 5722 2397 5793 qui
2442 5719 2734 5791 sacrilegia
2787 5720 2972 5792 populi
3036 5721 3347 5789 tolerabat,
3384 5705 3548 5794 justi

1950 5832 2065 5874 suae
2099 5816 2279 5888 culpae
2324 5814 2803 5874 animadversione
2834 5813 3143 5888 puniendus
3197 5813 3413 5875 fuisset.
3472 5816 3557 5895 E-v'
