3972 6352
469 289 608 372 -τέδ
1517 313 1820 374 women
1863 313 2240 374 EPISCOPUS
2279 313 2792 376 CALARITANUS.
3657 325 3741 386 ut

495 433 716 506 quidem
753 435 802 488 in
849 433 992 490 libro
1033 431 1206 488 Eccli.
1239 447 1360 504 cap.
1387 449 1532 500 ms,
1565 435 1622 500 5,
1665 433 1782 490 haec
1819 435 2090 506 legimus:
2121 437 2174 500 Α
2199 431 2294 488 Est
2323 431 2502 488 Helias
2527 433 2590 486 de
2613 429 2712 486 Dei
2733 431 2960 502 grmdens
2987 433 3306 498 αηιίεῑιῑὶε,εξ
3331 441 3400 486 est
3427 432 3586 489 Achab
3609 441 3744 494 exsol-

501 527 700 583 Prceter
747 527 912 582 Dauid
947 537 996 581 et
1039 525 1316 582 Ezechiam
1351 541 1399 584 et
1433 527 1638 584 Josiam
1681 545 1860 584 omnes
1913 529 2096 602 (reges
2201 541 2320 582 usus
2367 535 2638 596 perpetuas
2679 541 2874 594 pennas.
2909 523 3026 580 Erit
3067 527 3180 580 sine
3205 525 3358 580 dubio
3389 527 3672 585 Athanasius
3705 536 3746 588 in

505 621 530 676 .l
541 621 666 693 uda)
701 629 968 692 peccatum
999 621 1396 688 commiserunt;
1423 622 1578 693 queis
1607 621 1904 678 advertens
1933 621 2098 677 Lucio
2203 619 2430 674 convivio
2461 619 2548 674 ubi
2575 629 2648 672 est
2699 617 2898 682 Helias,
2929 629 2977 674 et
3017 629 3072 672 tu
3105 619 3204 672 eris
3241 621 3292 673 iu
3323 621 3430 676 loco
3451 621 3536 676 illo
3563 633 3748 680 tormen-

499 715 600 780 fer,
647 719 702 767 et
737 713 854 768 acri
889 720 1058 768 cestus
1087 713 1138 768 vi
1183 713 1442 782 abreptus
1467 757 1480 780 ,
1527 723 1588 768 ut
1625 713 1698 784 pii
1745 715 1908 769 etiam
1955 715 2100 790 regis
2203 721 2392 778 torum,
2433 721 2529 766 etc.
2565 711 2716 764 istud
2741 721 2814 764 est
2845 727 3046 782 sapere,
3077 721 3132 764 ut
3163 711 3400 783 elegisses
3443 713 3750 782 infelicitatem

499 805 756 874 exemplo
789 803 1040 860 fidentem
1073 805 1180 860 sibi
1211 807 1426 862 inanem
1453 803 1762 860 Constantii
1779 805 2098 876 jactantiam
2201 815 2448 860 reternam
2471 803 2644 858 Achab
2667 804 2836 876 regis,
2868 805 3034 878 magis
3057 821 3212 876 quam
3251 805 3356 874 frui
3389 806 3616 876 felicitate
3659 825 3750 880 per-

497 897 838 968 retnnderet,
865 901 1174 970 sacrilegum
1207 899 1344 956 dixit
1373 899 1726 968 Josaphatum
1747 943 1760 968 ,
1795 899 1880 954 cui
1909 913 2102 968 pecca-
2203 911 2356 974 petua
2381 945 2394 968 ,
2439 917 2594 972 quam
2631 911 2706 956 est
2757 913 3056 956 consecutus
3109 901 3330 957 Helias?
3375 901 3502 969 Quae
3549 905 3750 976 profecto

499 1005 614 1048 tum
661 993 912 1063 permissi
951 995 1152 1078 populo
1183 995 1460 1068 sacrilegii
1485 993 1742 1050 tribuitur
1777 995 1844 1050 iis
1881 993 2096 1050 verbis:
2203 991 2474 1060 ejusmodi
2503 1003 2628 1046 sunt
2655 1033 2670 1056 ,
2701 1001 2760 1046 ut
2809 991 3052 1047 indicent
3081 1035 3094 1060 ,
3127 991 3298 1048 Etiam
3327 1003 3577 1050 aeternam
3597 995 3752 1065 gloriae

513 1087 876 1152 Verumtamen
893 1087 1096 1144 excelsa
1125 1105 1229 1144 non
1257 1089 1471 1144 abstulit
1493 1103 1645 1144 :cum
1675 1089 2014 1160 caeteroquin
2045 1089 2100 1144 in
2203 1087 2444 1142 omlestis
2489 1087 2809 1142 felicitatem
2859 1087 3116 1158 adeptum
3147 1089 3258 1156 jam
3297 1101 3438 1144 esse.
3459 1087 3638 1144 Plures
3655 1089 3752 1160 qui-

501 1183 630 1238 lib.l
655 1181 828 1254 pros.
865 1181 1066 1238 Athan.
1093 1199 1146 1253 p.
1169 1183 1232 1239 8|
1257 1185 1368 1256 (hic
1397 1181 1498 1238 col.
1523 1181 1674 1252 847),
1699 1181 1964 1248 Josapbat
1993 1181 2102 1236 Deo
2205 1179 2328 1234 dem
2361 1179 2616 1234 feruntur
2645 1181 2928 1236 sententia!
2971 1181 3112 1237 inter
3145 1181 3474 1254 lnterpretes
3513 1197 3678 1239 sacros
3711 1195 3754 1242 et

501 1275 736 1330 dicatum
765 1289 948 1346 regem
995 1273 1136 1331 .luda
1167 1275 1551 1342 commendet,
1575 1277 1802 1354 ejusque
1829 1273 2018 1328 laudes
2047 1281 2104 1328 ut
2205 1273 2520 1344 Theologos
2541 1273 2608 1330 de
2635 1275 2784 1340 loco,
2811 1275 2862 1330 in
2895 1291 3058 1346 quem
3087 1277 3384 1340 translatus
3415 1275 3570 1332 fuerit
3609 1277 3750 1345 Elius;

465 1385 472 1390 '
501 1367 606 1424 viri
635 1365 746 1422 Deo
766 1369 924 1422 dicati
971 1367 1090 1424 fuse
1117 1375 1508 1440 persequatur.
1549 1367 1682 1444 Quae
1727 1367 1996 1422 hactenus
2037 1365 2106 1422 de
2205 1367 2295 1422 sed
2323 1376 2516 1421 certum
2545 1383 2704 1422 morae
2727 1367 2928 1432 locum,
2963 1369 3052 1424 ubi
3083 1369 3232 1424 Elius
3285 1377 3340 1424 et
3391 1369 3566 1424 Enoch
3590 1371 3756 1442 degunt

503 1469 686 1518 mente
715 1459 950 1516 Luciferi
983 1461 1086 1516 hoc
1119 1463 1172 1518 in
1213 1461 1334 1516 loco
1361 1463 1432 1516 ita
1471 1461 1728 1516 duximus
1759 1459 2102 1530 explicanda,
2207 1477 2486 1532 numquam
2529 1461 2814 1534 designauit
2843 1459 3101 1526 Ecclesia,
3129 1463 3304 1533 lnqnit
3333 1461 3595 1518 Calmetus
3621 1463 3676 1516 ad
3701 1461 3754 1520 IV

505 1565 562 1610 ut
589 1555 768 1610 omnis
807 1554 874 1610 de
905 1555 1025 1626 ejus
1065 1555 1336 1626 religione
1376 1569 1506 1626 erga
1541 1569 1732 1610 sacros
1763 1553 1934 1610 libros
1963 1595 1976 1618 ,
2011 1553 2108 1623 qui
2209 1551 2340 1626 Reg.
2367 1569 2459 1620 st;
2487 1554 2882 1626 improbautque
2911 1555 2972 1612 S.
3001 1557 3322 1628 Augustinus
3353 1557 3442 1612 lib.
3487 1573 3519 1612 ιι
3553 1557 3608 1610 de
3641 1575 3752 1624 perc.

507 1647 652 1720 regis
677 1647 906 1718 hujusce
933 1649 1194 1722 pietatem
1227 1647 1476 1718 pluribus
1505 1647 1810 1714 celebrant,
1837 1647 2110 1718 atnbigui-
2211 1647 2397 1718 origin.
2421 1663 2538 1714 cap.
2583 1649 2634 1712 5,
2691 1645 2752 1702 S.
2793 1645 3186 1718 Chrysostomus
3217 1647 3360 1702 hom.
3403 1647 3466 1702 Si
3497 1650 3548 1702 in
3583 1645 3690 1704 Gen.
3719 1657 3756 1704 et

509 1733 612 1806 tas,
637 1749 694 1796 et
721 1741 900 1796 omnis
931 1741 1002 1796 ab
1036 1741 1278 1814 ejusdem
1309 1739 1470 1796 libris
1495 1741 1760 1810 antilogia
1797 1739 2102 1796 auferatur.
2209 1737 2284 1794 2'2
2307 1737 2360 1794 in
2383 1739 2530 1807 epist.
2553 1739 2622 1792 ad
2643 1739 2808 1794 Hebr.
2839 1751 2888 1796 et
2923 1739 3278 1796 Theodoretus
3305 1751 3486 1812 quazst.
3507 1739 3753 1798 Asiatica.

507 1833 724 1888 Addere
755 1834 840 1888 hic
886 1833 1036 1890 lubet
1077 1844 1130 1890 et
1171 1833 1338 1888 alium
1381 1833 1616 1890 Luciferi
1645 1833 1826 1888 locum
1847 1873 1862 1898 ,
1903 1833 1958 1886 in
1995 1847 2104 1904 quo
2135 1829 2184 1890 B
2209 1847 2388 1886 eorum
2417 1833 2697 1900 licentiam,
2721 1835 2808 1900 qui
2835 1833 2889 1887 in
2913 1843 3054 1888 tanto
3073 1833 3469 1906 Scripturarum
3493 1851 3552 1890 ea
3569 1835 3626 1890 de
3645 1835 3758 1890 resi-

509 1927 816 1982 Manassem
839 1943 1057 2000 quoque
1081 1942 1264 1998 regem
1292 1925 1432 1982 Iuda
1459 1941 1786 1996 comparans
1813 1941 1935 1982 cum
1963 1925 2110 1982 Con-
2215 1925 2370 1978 lentio
2391 1927 2760 1998 magistrorum
2805 1941 2946 1980 more
2971 1927 3276 1982 sententiam
3305 1927 3544 1981 audacter
3569 1943 3756 1996 pronun-

509 2017 716 2074 stantio
743 2019 796 2072 in
827 2017 968 2074 libro
995 2017 1065 2074 de
1095 2017 1232 2090 Reg.
1266 2021 1462 2090 Apost.
1497 2033 1552 2090 p.
1578 2017 1648 2074 46
1677 2017 1787 2090 (hic
1817 2019 1916 2074 col.
1949 2017 2107 2088 811),
2215 2019 2364 2074 tiant.
2402 2019 2480 2074 Es
2513 2003 3010 2094 Hebrazis'qnidam
3045 2063 3060 2086 ,
3096 2037 3330 2093 quorum
3372 2021 3640 2094 opiniones
3659 2021 3760 2078 ade-

473 2109 628 2164 ‘hzec
687 2109 1006 2180 Imperatori
1059 2111 1342 2166 minitatur
1381 2127 1396 2164 ε
1431 2109 1560 2165 Noli
1621 2109 1712 2164 tibi
1733 2109 1842 2180 ipse
1881 2109 2114 2164 misereri
2215 2121 2342 2166 runt
2391 2113 2702 2168 Munsterus
2747 2121 2802 2168 et
2845 2113 3152 2181 Vatablus,
3207 2125 3576 2176 censuerunt.
3619 2113 3758 2170 Ellam

509 2211 566 2257 ut
589 2213 740 2258 temet
773 2203 842 2257 ad
869 2201 1032 2258 Deum
1083 2215 1280 2271 vertas,
1307 2205 1416 2266 noli
1461 2205 1718 2278 corrigere
1765 2203 1992 2274 nefarios
2027 2221 2115 2258 ac-
2215 2207 2268 2259 in
2299 2205 2474 2276 ipsum
2519 2223 2576 2262 re
2609 2223 2735 2262 vera
2764 2209 2962 2264 caelum
2987 2250 3001 2274 ,
3045 2209 3256 2263 scilicet
3297 2207 3598 2264 Paradisutn
3620 2249 3633 2274 ,
3665 2221 3760 2282 rap-

513 2311 596 2354 tus
651 2311 766 2356 tuos
801 2343 814 2370 ,
871 2313 920 2356 et
983 2303 1208 2358 inuenies
1261 2311 1308 2356 te
1353 2303 1580 2376 torqueri
1645 2317 1760 2354 cum
1829 2297 2116 2364 Hannsse;
2219 2307 2330 2356 tum
2361 2297 2554 2366 fuisse,
2585 2309 2640 2356 et
2667 2311 2846 2356 vestes
2875 2315 3184 2372 corpusque
3205 2301 3328 2370 ejus
3355 2301 3408 2355 in
3435 2299 3760 2372 Spltseraiguis

513 2409 657 2466 quas,
689 2395 734 2450 si
767 2393 835 2452 de
867 2405 1074 2451 mterna
1105 2395 1372 2451 Manassis
1405 2409 1564 2466 ptena
1593 2393 1822 2466 intelligi
1851 2394 2112 2460 velimus,
2219 2395 2387 2450 fuisse
2415 2393 2720 2466 absumpta;
2743 2393 2838 2450 sed
2869 2393 2972 2450 hos
3003 2396 3088 2450 rel
3117 2411 3220 2450 una
3255 2393 3480 2464 Iosephi
3518 2389 3760 2448 auctoritas

513 2487 581 2544 iis
611 2489 852 2566 profecto
909 2505 1016 2544 non
1059 2489 1360 2558 cohtercnt,
1385 2505 1506 2560 qua!
1549 2487 1618 2544 de
1653 2487 1978 2560 poenitentia
2017 2485 2114 2540 hu-
2219 2495 2398 2560 potest
2441 2487 2726 2552 refellere,
2763 2487 2854 2568 qui
2899 2488 2950 2542 in
2979 2485 3076 2542 lib.
3103 2503 3158 2541 ix
3199 2485 3390 2558 Antiq.
3431 2501 3544 2556 cap.
3575 2485 3638 2552 2,
3679 2483 3760 2538 Sal

511 2583 666 2654 jusce
709 2585 854 2654 regis
891 2599 1064 2640 sacras
1107 2583 1305 2640 littera:
1339 2589 1618 2638 testantur
1659 2581 1700 2636 ll
1729 2581 1966 2652 Paralip.
1991 2595 2114 2650 cap.
2219 2579 2354 2632 idem
2379 2587 2601 2648 tempus,
2627 2578 2822 2648 inquit,
2853 2575 3006 2632 Elius
3027 2595 3090 2632 ea:
3117 2577 3386 2632 hominum
3401 2571 3762 2644 conspectumi-

517 2665 838 2745 xxxthui
847 2689 1118 2750 postquam
1141 2685 1514 2748 coangustatus
1535 2685 1628 2744 est,
1655 2677 1818 2730 orauit
1839 2673 2118 2728 Dominum
2219 2671 2360 2726 latus
2401 2683 2474 2726 est
2501 2687 2522 2725 ,ο
2563 2687 2654 2726 nec
2701 2671 2752 2724 in
2795 2669 3104 2726 hodiernum
3163 2685 3332 2740 usque
3375 2669 3510 2722 diem
3545 2667 3760 2736 quicquam

517 2787 706 2834 suum,
741 2781 786 2824 et
819 2771 920 2842 egit
963 2769 1312 2840 paenitentiam
1339 2769 1490 2824 ualde
1543 2783 1715 2824 coram
1751 2765 1861 2822 Dea
1909 2775 2118 2836 patrum
2221 2767 2360 2822 novit
2387 2767 2472 2838 qui
2503 2767 2658 2838 fuerit
2691 2769 2808 2838 ejus
2833 2767 3020 2821 exitus.
3067 2765 3184 2820 Non
3217 2765 3444 2822 defuere
3469 2775 3629 2818 tamen
3657 2762 3763 2816 inter

519 2879 754 2918 suorum.
791 2861 1211 2934 Deprecatusque
1235 2873 1310 2917 est
1339 2879 1476 2927 eum,
1509 2871 1558 2916 et
1583 2859 1868 2914 obsecravit
1891 2859 2118 2914 intente:
2221 2845 2564 2916 Christianos
2605 2859 2916 2931 Scriptores
2947 2903 2960 2924 ,
3001 2861 3090 2930 qui
3147 2873 3468 2930 persuasum
3523 2859 3760 2922 haberent,

521 2965 570 3011 et
609 2957 874 3012 exaudiuit
921 2959 1205 3012 orationem
1231 2957 1340 3030 ejus
1363 2999 1380 3026 ,
1411 2957 1718 3026 reduxitque
1744 2971 1862 3010 eum
1900 2953 2120 3008 Jerusa-
2223 2955 2506 3010 Enochum
2535 2963 2588 3010 et
2615 2955 2790 3008 Etiam
2817 2955 3062 3010 absoluta
3095 2955 3262 3008 animi
3289 2963 3344 3008 et
3369 2953 3604 3022 corporis
3625 2949 3762 3022 gloria

521 3051 620 3103 lem
643 3049 694 3102 in
725 3065 938 3120 regnum
968 3067 1140 3116 suum,
1169 3061 1216 3104 et
1243 3049 1478 3124 cognouit
1511 3047 1804 3114 Manasses,
1845 3047 1984 3116 quod
2013 3045 2116 3100 Do-
2225 3049 2412 3102 beatos
2439 3061 2594 3114 esse;
2629 3047 2706 3100 ita
2733 3047 2880 3102 enim
2913 3046 3077 3102 sentit
3119 3045 3422 3118 Procopius
3451 3045 3600 3108 Gosa,
3625 3043 3762 3114 quiin

523 3147 692 3202 minus
719 3149 830 3222 ipse
873 3160 1002 3204 esset
1033 3145 1192 3202 Deus.
1227 3145 1366 3202 Tum
1395 3161 1516 3216 quas
1555 3143 1642 3216 pie
1673 3153 1970 3214 sancteque
1993 3157 2121 3213 ges-
2157 3213 2194 3222 _
2223 3143 2530 3200 Comment.
2566 3143 2630 3198 ad
2653 3143 2856 3200 Genes.
2891 3143 3150 3212 affirmat,
3171 3127 3466 3212 utrumque
3489 3141 3641 3196 uidere
3663 3137 3763 3190 diri-

521 3243 594 3296 sit
625 3243 676 3295 in
703 3213 891 3309 regno,
923 3241 1123 3297 ibidem
1153 3249 1448 3294 narrantur
1469 3253 1594 3292 cum
1623 3237 1814 3302 laude;
1847 3233 1988 3291 unde
2027 3249 2122 3290 co-
2149 3213 2196 3274 ο
2227 3253 2344 3292 nam
2365 3237 2786 3304 essentiam,etin
2803 3235 3104 3304 corporibus
3121 3235 3368 3306 gloriosis
3385 3249 3498 3288 cum
3515 3229 3762 3288 Christort-

519 3347 756 3404 guoseas
799 3331 1064 3388 Manassis
1121 3331 1500 3402 paenitentiam
1530 3331 1800 3384 sinceram
1835 3327 2034 3392 fuisse;
2067 3337 2124 3382 et
2226 3345 2422 3400 gnare;
2449 3329 2778 3399 Procopium
2819 3343 2950 3382 vero
2978 3313 3150 3384 secuti
3191 3337 3316 3382 sunt
3345 3323 3658 3398 Augustinus
3679 3319 3763 3374 Eu-

521 3439 784 3481 concessa
809 3425 982 3480 eidem
1013 3439 1042 3478 a
1069 3425 1176 3478 Deo
1203 3425 1356 3479 venia
1405 3421 1716 3492 probatam,
1747 3427 1806 3474 ut
1841 3419 2124 3476 Calmetus
2227 3423 2460 3492 gubinus
2493 3423 2544 3476 in
2599 3421 2881 3492 Recognit.
2921 3419 3038 3474 Vel.
3075 3419 3225 3474 Test.
3254 3419 3324 3473 ad
3369 3433 3488 3489 cap.
3521 3433 3554 3470 ιι
3579 3413 3692 3471 Gen.
3723 3419 3764 3466 et

521 3521 684 3574 etiam
711 3515 1096 3572 animadvertit
1117 3517 1182 3572 ad
1207 3519 1400 3572 librum
1433 3515 1500 3571 ιν
1529 3515 1664 3586 Reg.
1689 3529 1809 3584 cap.
1837 3531 1960 3578 xxr;
1991 3515 2122 3586 quin
2225 3513 2554 3570 Catharinus
2591 3517 2642 3568 in
2689 3529 2882 3584 opusc.
2927 3513 2998 3568 de
3035 3527 3344 3568 consumm.
3385 3513 3548 3584 gloria
3571 3505 3762 3572 Christi,

523 3613 690 3668 immo
721 3629 748 3666 a
781 3623 1038 3682 suscepto
1069 3611 1182 3680 jam
1215 3611 1486 3680 religiosae
1533 3609 1656 3664 vita:
1697 3611 1946 3664 instituto
1979 3609 2124 3664 haud
2227 3623 2412 3666 contra
2441 3625 2578 3680 quos
2601 3609 2870 3664 uberrime
2903 3607 3126 3662 disserit
3151 3605 3480 3662 Franciscus
3519 3605 3690 3660 Suam
3725 3599 3766 3652 In

523 3703 924 3772 ampliusillutn
951 3703 1184 3774 legimus
1215 3701 1542 3760 deﬂexisse:
1577 3701 1922 3772 etlosephus
1947 3701 2042 3756 lib.
2089 3717 2124 3756 ι
2227 3715 2364 3762 sect.
2397 3705 2422 3758 1
2457 3703 2658 3773 disput.
2695 3703 2766 3759 55
2791 3703 2858 3758 ad
2893 3703 2926 3758 5
2965 3711 3105 3774 part.
3153 3701 3216 3756 D.
3251 3703 3282 3755 Ἰ
3301 3701 3450 3758 hom.
3489 3705 3660 3771 quaest.
3693 3691 3762 3758 i9.

525 3793 708 3862 Antiq.
747 3809 870 3862 cap.
895 3793 930 3848 5
975 3795 1092 3848 lucc
1129 3793 1198 3848 de
1231 3793 1476 3850 Manasse
1527 3793 1807 3850 ntemoria:
1847 3793 2120 3864 prodidit:
2227 3807 2332 3854 art.
2381 3797 2436 3864 5,
2483 3795 2640 3852 Tom.
2677 3811 2788 3851 xm
2809 3797 2950 3866 Opp.
2979 3795 3049 3850 Et
3091 3795 3218 3851 illos
3249 3795 3304 3850 in
3339 3811 3460 3851 eam
3495 3787 3766 3848 sententiam

527 3887 684 3956 Atqui
725 3903 842 3940 uero
891 3887 946 3940 in
983 3887 1098 3940 istis
1143 3897 1374 3942 mutatus
1413 3887 1466 3942 in
1519 3887 1702 3940 melius
1739 3888 1816 3942 ita
1869 3885 2124 3956 reliquum
2229 3891 2461 3946 fortasse
2483 3889 2710 3944 adduxit
2739 3899 2850 3944 tum
2897 3887 3266 3944 Ecclesiastlci
3299 3885 3650 3943 testimonium
3673 3891 3764 3950 cap.

523 3981 642 4034 vitae
671 3979 794 4052 egit,
825 3989 884 4032 ut
921 3979 1246 4034 beatissimus
1281 3979 1572 4052 dignusque
1595 3981 1892 4034 imitatione
1917 3995 1984 4036 ea:
2031 3981 2124 4036 illo
2231 3995 2374 4047 suv,
2401 3979 2488 4034 ubi
2517 3979 2752 4050 legitur:
2787 3977 3008 4034 Henoch
3049 3979 3334 4034 translatus
3381 3987 3454 4034 est
3495 3979 3546 4031 in
3583 3969 3766 4030 Paradi-

523 4081 752 4140 tempore
781 4071 987 4125 habitus
1008 4071 1186 4143 fuerit,
1213 4087 1314 4142 quo
1339 4073 1490 4144 coepit
1519 4073 1762 4142 pietatem
1797 4089 1918 4144 erga
1955 4071 2124 4128 Deum
2229 4089 2374 4138 sum,
2405 4081 2516 4126 tum
2547 4071 2904 4142 quorumdam
2937 4071 3160 4127 Patrum
3199 4073 3504 4126 locutiones
3533 4085 3558 4123 a
3595 4061 3766 4120 Lucife-

521 4167 714 4218 colcre.
744 4163 950 4230 Verum
983 4162 1202 4235 quidem
1241 4173 1358 4230 est,
1389 4165 1642 4220 Manasse
1683 4175 1804 4226 DOSI.
1829 4165 2124 4235 captivita-
2229 4165 2398 4220 rianis
2429 4163 2573 4219 haud
2613 4163 2926 4220 absimiles:
2983 4179 3107 4218 nam
3157 4163 3525 4234 Hieronymus
3563 4161 3608 4214 in
3643 4153 3764 4224 cpist-

525 4267 634 4314 tem
665 4269 944 4330 regnante,
969 4259 1218 4336 populum
1245 4259 1546 4314 immolasse
1571 4259 1624 4313 in
1651 4261 1870 4316 excelsis
1899 4257 2126 4316 Domino
2229 4259 2294 4316 ad
2341 4257 2751 4314 Pammachium
2793 4257 2984 4314 Enoch
3017 4269 3068 4314 et
3111 4259 3284 4314 Ellum
3337 4245 3768 4328 appellatparaditi

523 4349 638 4406 Deo
658 4367 748 4408 suo
779 4351 974 4408 illicito
1003 4353 1154 4408 cultu
1181 4367 1196 4418 ;
1229 4353 1320 4406 sed
1357 4352 1492 4408 illud
1515 4353 1644 4408 huic
1675 4355 1786 4426 regi
1841 4355 2128 4410 incommo—
2230 4357 2464 4422 colonos,
2493 4357 2584 4426 qui
2607 4355 2778 4409 divino
2805 4355 3064 4408 consortio
3088 4363 3134 4408 et
3159 4353 3352 4408 ccelesti
3401 4366 3530 4424 pane
3551 4349 3766 4420 (retintur,

521 4446 646 4500 dum
675 4447 1114 4518 contigit,subdit
1145 4447 1346 4504 ibidem
1361 4449 1638 4504 Calmetus
1661 4463 1808 4504 vers.
1827 4449 1914 4516 Π,
1941 4459 1994 4502 ut
2023 4451 2126 4504 mi-
2231 4459 2284 4506 ct
2311 4461 2614 4510 saturantur
2665 4449 2806 4504 omni
2837 4449 2989 4503 verbo
3023 4447 3120 4502 Dei
3151 4447 3397 4502 habentes
3443 4443 3654 4498 eumdem
3689 4435 3770 4490 DO-

525 4539 642 4594 nori
675 4537 884 4608 polleret
913 4541 1226 4594 auctoritate
1247 4583 1262 4606 ,
1295 4557 1450 4612 quam
1484 4557 1614 4610 opus
1655 4541 1838 4608 [uisset
1859 4583 1872 4608 ,
1917 4549 1974 4596 ut
2009 4559 2126 4596 eum
2155 4607 2197 4620 __
2233 4551 2462 4614 minam,
2493 4565 2644 4620 quem
2667 4555 2716 4602 et
2744 4547 2948 4612 cibum;
2981 4557 3034 4598 et
3065 4545 3391 4601 Ambrosius
3419 4547 3472 4598 In
3505 4543 3588 4598 lih.
3619 4538 3676 4592 de
3692 4533 3770 4588 Na-

523 4607 744 4688 abusum
767 4633 994 4688 aboleret
1021 4676 1034 4700 ,
1085 4633 1212 4688 licet
1251 4607 1628 4706 is'prtecep-erit
1651 4607 1810 4688 ludat
1831 4673 1846 4700 ,
1877 4643 1936 4688 ut
1961 4635 2120 4688 serui-
2153 4607 2204 4668 Β
2233 4641 2361 4698 both
2391 4607 2518 4710 cap:
2549 4655 2614 4694 xv
2665 4653 2852 4710 mque,
2887 4607 2950 4692 ac
2983 4637 3218 4700 Lucifer,
3261 4637 3454 4692 scribit
3489 4633 3644 4690 Eliam
3669 4637 3770 4698 pnt-

487 4739 490 4742 ‘
525 4733 604 4780 ret
631 4723 854 4778 Domino
888 4723 1058 4780 israel
1077 4767 1090 4792 ,
1115 4735 1256 4782 teste
1277 4741 1438 4782 sacro
1463 4725 1748 4796 Scriptore
1767 4739 1910 4782 vers.
1947 4725 2038 4796 16,
2069 4737 2126 4782 et
2231 4735 2333 4788 mia
2363 4741 2664 4788 coronatum
2689 4743 2809 4786 esse
2838 4739 3050 4785 (uterne.
3081 4727 3188 4784 Sed
3215 4727 3362 4799 quod
3395 4727 3458 4782 ad
3487 4725 3645 4781 locum
3671 4715 3769 4774 atti-

523 4819 656 4875 iude
677 4833 788 4874 non
817 4817 1172 4890 consequitur
1211 4827 1392 4886 certe,
1431 4827 1693 4874 aeternum
1733 4817 1964 4873 Manassi
1991 4833 2122 4890 sup-
2235 4833 2326 4880 net
2355 4867 2369 4890 ,
2395 4823 2446 4878 in
2471 4837 2578 4894 quo
2605 4821 2769 4878 ambo
2807 4811 3120 4886 versantur,
3155 4820 3364 4892 optime
3401 4817 3584 4890 probat
3615 4813 3771 4869 Suare

525 4915 748 4988 plicium
771 4929 798 4968 a
827 4913 940 4970 Deo
981 4911 1248 4968 indictum
1269 4911 1466 4984 fuisse.
1505 4913 1580 4968 De
1601 4929 1710 4984 quo
1741 4929 1864 4968 cum
1899 4913 2032 4968 nihil
2063 4913 2126 4968 li-
2231 4919 2350 4976 zius
2375 4921 2594 4974 Patrum
2623 4917 2952 4972 auctoritate
2995 4929 3120 4970 esse
3149 4913 3292 4969 hunc
3327 4923 3562 4968 secretam
3588 4909 3772 4975 aliquam

525 5025 646 5072 ceat
673 5013 951 5068 afﬁrmare
969 5052 982 5076 ,
1015 5007 1220 5064 divinis
1250 5009 1406 5064 libris
1431 5009 1656 5064 omnino
1683 5008 1999 5074 silentibus,
2035 5021 2131 5082 ap-
2231 5013 2490 5084 regionem
2517 5021 2688 5074 terras,
2713 5009 2964 5081 optimam
2987 5017 3157 5063 tamen
3187 5025 3248 5064 ac
3270 5007 3626 5080 felicissimam,
3653 5001 3770 5070 pro“!

525 5109 636 5164 tius
659 5117 850 5162 nostro
873 5101 1312 5174 quidemjudicio
1329 5101 1510 5156 locum
1533 5099 1768 5156 Luciferi
1789 5101 2124 5171 interpreta-
2229 5105 2442 5160 illorum
2477 5101 2636 5157 statui
2685 5101 2938 5164 convenit.
2971 5103 3086 5156 sive
3135 5099 3354 5156 demum
3413 5099 3500 5154 illa
3545 5087 3770 5150 terrestris

525 5199 754 5266 beris,si
775 5207 953 5269 putes,
973 5195 1152 5264 ipsum
1167 5193 1554 5262 temporariam
1569 5193 1890 5248 Constantio
1905 5207 2122 5262 pinnam
2233 5197 2522 5254 Paradisus
2549 5197 2642 5264 sit,
2665 5197 2780 5251 sive
2805 5195 2932 5250 huic
2953 5195 3152 5250 similis
3179 5195 3356 5266 regio;
3382 5193 3450 5248 de
3481 5191 3578 5244 vita
3602 5191 3763 5242 autem.

483 5321 488 5324 -
527 5293 804 5360 minitari,
833 5291 914 5346 uti
943 5289 1224 5345 Manasses
1277 5301 1449 5358 regno
1505 5287 1754 5357 deiectus
1807 5287 2124 5342 diuturnam
2233 5307 2392 5366 quam
2421 5299 2586 5363 agunt
2611 5333 2624 5356 ,
2659 5291 3010 5348 sentiendum
3047 5291 3276 5346 omnino
3300 5301 3383 5345 est
3405 5305 3516 5344 eam
3545 5275 3764 5354 ejusmodi

525 5385 670 5458 apud
719 5382 1052 5455 Babylonios
1091 5389 1148 5436 et
1177 5379 1702 5438 aerumnosissimam
1749 5379 2124 5449 captivitatem
2232 5401 2373 5454 esse,
2403 5395 2462 5441 ut
2487 5399 2716 5456 corpore
2745 5385 2928 5440 divina
2961 5385 3166 5440 virtute
3197 5385 3531 5453 incorrupto,
3555 5387 3644 5434 eta
3667 5385 3766 5428 eou-

527 5477 750 5534 subivit.
787 5474 1106 5530 Postremus
1149 5471 1382 5528 Luciferi
1447 5471 1604 5526 locus
1655 5470 1746 5541 qui
1785 5471 2118 5542 singularem
2221 5479 2556 5549 οιιρίςοθηιῑπ
2599 5493 2662 5534 ac
2711 5477 2963 5532 humanis
3019 5477 3278 5534 aerumnis
3331 5471 3546 5530 immuni
3605 5483 3681 5536 per
3713 5461 3762 5530 ﬁ-

529 5571 768 5642 postulat
785 5565 1316 5622 animadversionem
1341 5564 1407 5619 ad
1437 5564 1610 5620 Etiam
1651 5569 1885 5634 spectat,
1917 5563 1986 5618 de
2013 5578 2122 5634 quo
2227 5573 2344 5626 dent
2371 5583 2416 5626 el
2471 5573 2836 5626 abstractiuam
2875 5571 3230 5644 cognitionem
3265 5567 3364 5624 Dei
3393 5557 3763 5632 contemplatione

531 5663 648 5716 hare
675 5663 770 5716 lib.
791 5675 810 5714 ι
843 5675 940 5730 pro
961 5659 1024 5714 Β.
1053 5657 1286 5722 Atham,
1309 5671 1364 5727 p.
1392 5655 1582 5728 80(hio
1609 5654 1710 5710 col.
1735 5653 1886 5726 845).
1915 5653 2126 5712 Heliam
2224 5675 2272 5720 ει
2325 5679 2500 5720 amore
2541 5663 2826 5730 fruantur;
2885 5663 3030 5735 quod
3079 5663 3270 5720 Patres
3317 5663 3494 5734 plures
3535 5655 3758 5712 asserunt,

527 5753 1094 5822 conspicati-amictum
1115 5751 1184 5806 ad
1209 5751 1462 5808 amicitias
1493 5747 1588 5804 Dei
1611 5753 1952 5822 perfruendas
1973 5759 2122 5804 atm-
2223 5759 2350 5814 dum
2411 5769 2648 5830 negant,
2701 5757 2828 5813 illos
2879 5767 3140 5813 mter-nam
3203 5757 3352 5828 regni
3403 5747 3622 5810 calcatis
3659 5743 3762 5796 bes-

533 5863 626 5902 nas
643 5863 662 5912 ;
695 5857 740 5902 et
781 5863 918 5902 nunc
941 5845 1112 5900 Achab
1137 5853 1402 5917 torquetur
1429 5847 1482 5900 in
1511 5845 1850 5902 exterioribus
1879 5845 2117 5902 tenebris.
2227 5833 2517 5909 titudiuem
2545 5849 2771 5924 adeptos
2793 5865 2936 5908 esse.
2971 5851 3138 5907 Docet
3159 5861 3338 5907 autem
3367 5845 3500 5904 idem
3523 5831 3756 5899 ειιιτειίιις
