3972 6352
244 272 345 332 723

1692 261 2085 324 ΡΗΜΑἸΊΟ.

3434 264 3545 330 κο

243 393 293 447 in
325 401 475 447 tomo
513 391 532 446 l
562 392 702 463 Opp.
747 391 842 448 lib.
891 405 962 458 ιι,
995 404 1115 461 cap.
1155 389 1259 457 50,
1296 388 1417 442 Non
1463 401 1571 442 esse
1598 384 1832 440 absolute
1860 386 1909 444 Α
1932 384 2089 452 jussu
2116 382 2363 454 adactus,
2387 385 2641 443 utinnuit
2670 387 3080 445 Hilarlusinllb
3118 404 3139 445 ι
3182 388 3255 447 ad
3272 387 3545 447 Constan-

236 485 559 554 impossibile
588 486 847 540 hominem
873 485 926 538 in
955 498 1174 553 corpore
1200 480 1409 535 mortali
1435 478 1623 533 elevari
1653 492 1833 531 secun-

234 579 357 631 dum
407 589 626 632 mentem
662 579 730 631 ad
765 578 1045 631 videndum
1072 574 1259 639 Deum,
1292 575 1420 628 licet
1473 572 1537 625 de
1577 569 1835 623 communi

232 671 343 741 lege
370 680 417 725 et
444 673 677 740 potentia
706 687 808 724 non
835 669 1152 724 concedatur
1193 665 1489 720 hominibus
1529 663 1833 717 mortalibus

228 763 377 815 clara
424 763 553 816 cisio
586 763 779 816 divina:
817 762 1088 826 cssentiaa;
1135 768 1191 813 et
1224 759 1269 811 si
1299 757 1382 811 cui
1408 754 1627 810 videtur
1664 754 1835 808 fuisse

226 868 492 909 concessa
516 895 531 921 ,
557 863 614 908 ut
645 854 850 925 Moysi,
882 859 938 907 et
971 852 1030 906 Ι).
1063 850 1287 916 Paullo,
1321 848 1371 903 id
1396 864 1484 919 per
1511 848 1659 901 breue
1707 855 1834 900 tem-

229 963 332 1018 pus
364 957 415 1002 et
444 947 593 1017 quasi
644 949 696 999 in
748 946 973 999 transitu
996 944 1248 999 obtinere
1296 951 1654 1005 meruerunt;
1710 954 1833 993 nam

227 1039 380 1110 quod
419 1040 607 1111 aliquis
634 1040 785 1093 homo
815 1049 922 1094 toto
952 1052 1177 1109 tempore
1205 1038 1325 1091 vita:
1364 1035 1602 1088 mortalis
1628 1032 1705 1087 uel
1740 1048 1835 1104 pro

227 1133 414 1203 aliqua
434 1149 625 1204 magna
653 1142 799 1201 parte
838 1132 953 1201 ejus
981 1131 1215 1184 habuerit
1246 1130 1393 1182 illam
1422 1127 1671 1181 risionent
1713 1141 1833 1192 per-

224 1234 500 1280 manenter
535 1234 583 1279 et
627 1223 1048 1287 immutabiliter,
1090 1223 1141 1275 in
1178 1223 1275 1274 hoc
1317 1237 1468 1275 sensu
1515 1231 1712 1275 certum
1760 1228 1836 1274 est

221 1336 332 1373 non
350 1336 463 1375 esse
482 1322 673 1389 factam
693 1319 1150 1389 dispensationem.
1168 1318 1358 1387 Igitur,
1374 1325 1431 1370 ut
1446 1317 1573 1373 hinc
1595 1316 1662 1369 ad
1680 1314 1837 1369 Luci-

217 1416 404 1470 ferum
433 1415 738 1480 redeamus,
768 1415 836 1468 ita
861 1414 976 1484 ejus
1004 1414 1167 1467 verba
1195 1421 1354 1466 erunt
1388 1410 1756 1481 intelligenda,
1776 1417 1836 1464 ut

214 1508 550 1581 singularem
571 1510 844 1577 ouatttdam
870 1505 1233 1576 perfectionem
1255 1505 1439 1558 divina:
1455 1502 1838 1572 contemplatio'

212 1603 305 1655 nis
338 1599 669 1671 signiﬁcent,
696 1599 1152 1669 quemadmodum
1195 1599 1359 1653 etiam
1386 1597 1697 1669 Hieronymi
1725 1605 1835 1651 tes.

214 1695 512 1749 timunium
542 1694 779 1764 explicat
801 1692 1125 1757 Suarezius;
1155 1701 1211 1747 et
1231 1707 1325 1760 per
1341 1691 1625 1761 prolepsin
1651 1704 1835 1759 quam-

1938 479 2094 543 tinm,
2127 486 2181 534 et
2200 479 2390 536 decem
2423 490 2546 552 post
2573 482 2692 538 dies
2733 484 2801 539 ab
2831 484 2951 555 ejus
2976 485 3210 540 adventu
3237 486 3293 540 in
3334 484 3539 541 Conci-

1938 571 2069 627 lium
2094 572 2389 629 advocatus
2406 573 2539 635 fuit:
2573 575 2834 631 Eusebius
2876 576 3216 635 Vwcellensis
3243 575 3543 647 Episcopus

1936 666 2016 718 vir
2043 672 2117 718 est
2146 666 2289 720 omni
2320 668 2424 723 vita
2454 665 2566 723 Deo
2592 671 2835 725 serviens.
2873 670 2981 725 Iste
3029 679 3145 743 post
3189 671 3539 728 Arelatensem

1939 758 2229 830 Synodum,
2275 778 2391 817 cum
2426 762 2704 818 Pauliinus
2758 763 3053 835 Episcopus
3109 768 3267 822 tantis
3313 768 3536 822 istorum

1936 853 2214 907 sceleribus
2245 857 2573 921 contraisset,
2609 855 2967 913 Mediolanum
2997 860 3171 914 venire
3209 862 3535 930 praecipitur.

1938 940 2127 998 Coacta
2145 949 2265 1018 jam
2305 948 2418 1001 illic
2458 949 2860 1019 malignantium
2881 967 3149 1023 synagoga
3171 993 3186 1018 ,
3216 951 3393 1007 decem
3424 952 3535 1008 die-

1936 1038 2031 1095 bus
2055 1040 2124 1092 ad
2156 1039 2445 1097 Ecclesium
2475 1045 2658 1098 vetitus
2688 1054 2765 1099 est
2795 1047 3070 1114 accedere,
3114 1046 3238 1100 dum
3282 1049 3537 1101 adversus

1938 1144 2041 1189 tam
2067 1147 2301 1191 sanctum
2328 1140 2494 1192 virum
2517 1140 2713 1194 malitia
2745 1156 2799 1194 se
2819 1155 3062 1212 perversa
3086 1143 3362 1196 consumit.
3397 1140 3537 1212 Sup‘

1938 1230 2138 1299 paratis
2165 1230 2353 1284 deinde
2381 1232 2610 1285 consiliis
2652 1231 2922 1297 omnibus,
2957 1234 3042 1287 ubi
3070 1234 3275 1289 libitum
3299 1243 3408 1300 est,
3439 1235 3537 1289 αάο

1937 1332 2169 1376 vocatur.
2201 1324 2346 1388 Quas
2376 1325 2641 1393 temporis
2663 1332 2852 1388 notas,
2885 1332 2941 1380 et
2971 1326 3277 1392 intervalla,
3309 1340 3430 1396 quae
3453 1325 3535 1381 in~

1942 1424 2023 1469 tor
2055 1416 2282 1483 primam
2309 1414 2637 1472 Arianorum
2659 1418 2728 1474 ad
2754 1419 3045 1474 Eusebium
3077 1418 3363 1489 epistolam
3387 1419 3535 1475 Con-

1938 1508 2053 1562 cilii
2082 1509 2332 1574 nomine,
2374 1518 2428 1564 et
2458 1510 2687 1565 alteram
2719 1508 2984 1577 Luciferi,
3014 1526 3079 1567 ac
3131 1512 3347 1567 tertiam
3396 1513 3535 1567 Con-

1940 1600 2158 1667 stantii,
2192 1612 2304 1656 tum
2353 1602 2571 1657 Eusebii
2603 1618 2785 1658 moras
2806 1612 2861 1658 et
2902 1605 3026 1668 iter,
3056 1603 3342 1675 ipsamque
3362 1603 3535 1660 Atha-

1941 1692 2075 1747 nasii
2106 1693 2512 1749 damnationem
2540 1697 2853 1750 necessario
2876 1697 3269 1764 intercurrunt,
3295 1697 3343 1754 sl
3372 1698 3538 1755 simul

210 1787 345 1841 dam
392 1786 614 1857 scripsit
667 1786 915 1852 Lucifer,
943 1787 1021 1839 uti
1053 1784 1394 1850 Ambrosius,
1426 1783 1599 1837 Etiam
1626 1792 1833 1837 ceter-nte
1860 1770 1907 1831 Β
1936 1784 2186 1840 conferas
2211 1826 2224 1850 ,
2255 1785 2500 1855 profecto
2518 1787 2805 1857 dignoscas
2834 1787 3073 1843 Luciferi
3115 1788 3184 1843 ad
3236 1789 3532 1846 Eusebium

209 1896 275 1935 re
296 1896 427 1936 vera
447 1880 540 1934 Dei
561 1880 806 1935 amicitia:
826 1880 1138 1949 copulatum
1164 1878 1287 1937 ineo
1306 1878 1540 1931 comvivio
1558 1876 1669 1948 jam
1685 1891 1827 1943 esse,

210 1974 436 2028 abierit
474 1975 586 2027 sine
624 1972 780 2027 dubio
824 1972 1180 2037 Athanasius;
1219 1972 1345 2041 quia
1394 1972 1449 2024 in
1494 1970 1835 2025 translatione

207 2065 335 2138 ipsa
385 2066 725 2136 conﬁrmatus
758 2067 812 2120 in
854 2067 1027 2135 gratia
1055 2074 1103 2119 et
1130 2066 1181 2119 in
1213 2065 1365 2129 bono,
1386 2075 1613 2119 auctore
1632 2063 1834 2120 Suare-

210 2163 307 2214 zio
340 2205 353 2225 ,
385 2160 456 2216 de
488 2160 670 2215 futura
713 2160 892 2215 beata:
946 2160 1273 2214 :cteruitatis
1306 2160 1652 2229 possessione
1700 2161 1833 2217 vivit

210 2271 479 2311 securus.
517 2254 789 2310 Cancrum
828 2255 967 2309 duos
1015 2253 1179 2309 hosce
1221 2254 1375 2308 viros
1413 2262 1615 2310 ater-na
1657 2254 1830 2325 gloria

210 2351 426 2421 potitos
466 2363 577 2405 non
605 2366 727 2405 esse
757 2361 991 2421 quatuor
1033 2348 1147 2403 ltu‘c
1173 2360 1494 2419 argumenta
1519 2349 1676 2403 facile
1710 2364 1829 2420 per-

210 2442 495 2511 suadent;
527 2442 673 2514 quod
702 2458 768 2496 eo
808 2444 1041 2514 primum
1075 2456 1185 2497 non
1222 2436 1599 2512 ingrediuntur
1629 2456 1828 2511 corpo-

210 2550 270 2589 ra
307 2537 417 2590 nisi
445 2535 779 2607 ginrillcata;
808 2536 1175 2607 deindequod
1208 2536 1388 2591 aditus
1412 2537 1463 2591 in
1492 2537 1664 2591 ccelos
1696 2550 1831 2589 non-

208 2630 351 2684 dum
384 2628 559 2684 fuerat
604 2639 857 2700 apertus;
892 2631 1053 2684 tertio
1091 2628 1237 2700 quod
1273 2627 1524 2684 Christus
1571 2645 1710 2684 unus
1760 2630 1832 2685 sit

210 2723 626 2801 resurgentium
661 2723 953 2793 primitiae;
989 2724 1207 2778 demum
1257 2723 1402 2793 quod
1455 2733 1684 2793 uterque
1725 2724 1829 2779 sub

213 2822 401 2891 ipsum
447 2820 631 2875 mundi
680 2821 906 2876 exitium
956 2826 1011 2874 et
1049 2820 1210 2874 finem
1244 2819 1666 2889 praenuntiaturi
1715 2819 1828 2873 sint

212 2914 393 2969 divini
434 2913 641 2970 Iudicis
695 2914 1025 2979 adventum,
1056 2928 1175 2983 quae
1206 2914 1457 2967 sententia
1482 2921 1571 2965 aut
1602 2912 1669 2966 de
1695 2910 1839 2973 Fide,

210 3018 314 3073 est,
342 3015 435 3060 aut
464 3004 616 3060 Fidei
640 3007 790 3061 valde
816 3007 1072 3075 proxima,
1106 3015 1162 3061 et
1188 3006 1425 3076 glorioso
1446 3006 1497 3060 in
1521 3004 1828 3060 Antichris-

213 3109 335 3154 tum
357 3102 658 3155 certamine
676 3109 904 3155 mortem
938 3098 1233 3170 appetituri
1258 3114 1272 3163 ;
1303 3099 1369 3153 de
1398 3113 1505 3167 quo
1532 3097 1655 3153 vide
1685 3113 1824 3167 prte-

209 3194 384 3263 cipue
413 3191 691 3247 laudatum
723 3193 1039 3249 Suareziuin
1091 3193 1143 3246 in
1195 3201 1328 3247 sect.
1359 3190 1394 3245 2
1416 3192 1574 3246 dictat
1614 3189 1819 3261 disput.

210 3284 308 3340 55.
346 3284 527 3355 Atque
557 3284 706 3340 hisce
727 3284 1016 3355 expeditis,
1040 3294 1289 3354 superest
1312 3283 1547 3355 denique
1571 3293 1627 3341 ut
1650 3284 1825 3355 inqui-

212 3391 414 3433 ramus
451 3396 463 3433 Ξ

289 3470 321 3541 ᾗ
384 3471 477 3526 lV.
501 3499 569 3511 --
601 3471 679 3528 De
726 3481 955 3543 tempore
986 3514 999 3539 ,
1042 3488 1142 3543 quo
1183 3473 1377 3542 singuli
1416 3471 1648 3544 Luciferi
1702 3474 1825 3528 libri

854 3568 1035 3637 scripti
1064 3575 1203 3620 sunt.

289 3659 485 3729 Itaque
516 3658 585 3713 ad
627 3658 915 3728 epistolam
960 3659 1100 3726 quod
1152 3658 1368 3726 attinet,
1401 3675 1559 3728 quam
1606 3660 1824 3717 Lucifer

213 3754 447 3823 scripsit
487 3753 718 3807 Eusebio
760 3753 1030 3824 Episcopo
1068 3753 1402 3809 Vercelieusi
1429 3796 1441 3820 ,
1476 3765 1533 3809 ut
1580 3753 1824 3812 Corucilio

212 3846 513 3901 Mediolani
538 3846 649 3914 jam
680 3845 820 3900 inito
851 3846 1160 3913 interesset,
1194 3846 1353 3903 facile
1378 3848 1703 3917 conjicimus
1729 3848 1824 3902 da-

212 3949 327 3994 tam
370 3939 538 3994 fuisse
572 3954 761 3995 mense
804 3941 1024 3995 circiter
1070 3941 1239 4011 Aprili
1272 3942 1503 4012 hujusce
1534 3944 1658 3997 anni
1687 3944 1819 3999 355.

214 4033 441 4089 Etenim
466 4032 660 4103 Pagius
692 4033 744 4087 in
788 4031 924 4087 Crit.
955 4034 1149 4089 Baron.
1194 4034 1259 4088 ad
1284 4050 1373 4088 an.
1417 4035 1670 4091 eumdem
1702 4037 1821 4090 ani-

214 4126 516 4181 madvertit
541 4140 607 4180 ex
654 4126 747 4179 lib.
782 4125 1070 4198 Theophili
1101 4127 1438 4182 Patriarchze
1466 4127 1822 4183 Alexandrini

212 4220 276 4272 de
306 4217 766 4273 conversationem
799 4218 1107 4285 particulari
1139 4221 1243 4272 vita
1271 4218 1585 4275 Sanctorum
1618 4219 1820 4273 Bacha-

214 4312 304 4363 mii
338 4318 387 4362 et
422 4307 683 4362 Theodori
708 4323 828 4378 cap.
862 4311 915 4376 4,
946 4310 1303 4363 Athanasium
1342 4321 1469 4364 ante
1497 4310 1643 4364 diem
1675 4296 1821 4365 vice-

208 4406 416 4457 simum
441 4408 691 4473 quintum
715 4404 832 4456 Maii
857 4404 1171 4458 damnatum
1197 4403 1367 4458 fuisse
1391 4406 1440 4458 in
1464 4419 1529 4459 eo
1550 4402 1817 4471 Concilio,

212 4495 366 4564 quod
400 4498 561 4565 igitur
591 4495 763 4565 Aprili
812 4511 999 4551 mense
1042 4508 1292 4550 coaetum
1327 4497 1437 4565 jam
1469 4506 1618 4560 erat;
1647 4496 1820 4566 siqni-

214 4591 348 4646 dem
395 4588 662 4644 Eusebius
710 4589 904 4647 litteris
944 4589 1260 4644 Antistitum
1292 4586 1619 4644 Arianorum
1651 4591 1821 4643 totius

1934 4575 2117 4643 effecti,
2139 4579 2452 4636 orationibus
2481 4599 2579 4640 me.
2618 4623 2629 4636 .
2667 4624 2677 4638 .
2709 4625 2721 4639 .

214 4681 457 4737 Cuncilii
482 4680 726 4746 nemine,
751 4691 863 4735 tum
891 4681 1127 4737 Luciferi
1154 4683 1410 4751 acceptis,
1441 4681 1699 4737 Vercellis
1722 4682 1819 4736 ad-

218 4775 327 4831 huc
352 4773 617 4838 substitit,
647 4782 698 4828 et
722 4772 1022 4828 Constantii
1064 4774 1279 4829 demum
1324 4774 1557 4844 epistola
1608 4790 1823 4843 permo-

219 4878 332 4930 tus,
359 4879 423 4920 ac
451 4874 739 4935 postquam
762 4865 812 4920 ei
838 4865 1241 4934 respondisset,
1274 4867 1641 4922 Mediolanum
1672 4882 1825 4923 com-

220 4960 386 5016 mode
428 4960 724 5030 profectus,
770 4962 839 5014 ibi
887 4962 1005 5017 dies
1050 4963 1238 5021 decem
1275 4972 1407 5018 ante
1448 4976 1821 5021 commoratus

220 5066 339 5120 est,
391 5069 554 5125 quam
579 5054 631 5110 in
651 5054 940 5111 concilium
995 5055 1385 5124 advocaretur,
1433 5066 1493 5113 ut
1537 5057 1827 5114 Athanasii

221 5148 562 5203 damnationi
594 5148 987 5203 subscriberet.
1032 5148 1300 5204 Barouius
1330 5151 1396 5205 ad
1440 5150 1592 5206 illum
1622 5166 1825 5206 annum

221 5248 415 5294 censet
443 5238 683 5294 Luciferi
713 5240 924 5295 litteras
954 5239 1021 5294 ad
1048 5240 1338 5295 Eusebium
1375 5243 1609 5312 scriptas
1655 5242 1825 5299 fuisse

226 5341 348 5399 post
377 5332 673 5402 epistolam
713 5331 1026 5388 Constantii
1062 5351 1074 5387 :
1109 5333 1205 5388 sed
1239 5336 1503 5391 Eusebius
1537 5338 1653 5406 ipse
1680 5336 1826 5392 Con-

224 5426 432 5481 stantio
461 5424 766 5496 respondit,
790 5441 853 5481 se
878 5427 1167 5496 suscepisse
1191 5428 1348 5482 etiam
1367 5429 1567 5484 litteras
1600 5431 1825 5499 [rutrum

227 5529 273 5573 et
295 5522 723 5593 coepiscoporum
779 5536 1023 5586 suorum,
1052 5523 1237 5584 quibus
1252 5522 1614 5578 Isociutimare
1642 5525 1829 5596 digna-

229 5614 271 5666 ti
298 5624 437 5680 sunt,
465 5624 524 5668 ut
556 5616 711 5684 plena
746 5614 873 5667 mihi
892 5655 905 5679 ,
936 5613 1138 5677 subdit,
1172 5615 1360 5671 relatio
1387 5632 1476 5685 per
1508 5616 1669 5686 ipsos,
1698 5632 1829 5685 quos

230 5714 330 5757 tuae
350 5707 781 5779 parerejussioni
810 5709 865 5760 in
896 5707 991 5761 hoc
1011 5708 1361 5761 necessarium
1392 5708 1541 5774 dumi,
1568 5708 1830 5764 Mediola-

234 5815 353 5854 num
383 5803 555 5854 venire
584 5816 956 5871 properarem;
983 5813 1051 5856 eo
1077 5808 1260 5855 autem
1286 5799 1506 5855 advenit
1526 5800 1829 5858 Constantii

1937 1879 2145 1937 litteras
2174 1879 2226 1934 in
2256 1893 2497 1939 mensem
2527 1882 2768 1951 Aprilem
2800 1896 2923 1940 esse
2948 1882 3305 1953 rejiciendas:
3331 1894 3387 1938 et
3407 1884 3536 1942 hinc

1935 1970 2339 2028 Mediolanense
2358 1972 2662 2029 Concilium
2684 1990 2790 2031 non
2819 1975 2922 2030 sub
2943 1975 3125 2046 ipsum
3150 1977 3379 2033 omnino
3402 1979 3531 2034 anni

1935 2065 2042 2119 555
2070 2065 2382 2133 exordium,
2433 2072 2492 2121 ut
2511 2066 2867 2127 Cutistsntius
2896 2084 2965 2123 ex
2991 2068 3355 2139 eruditorum,
3383 2070 3535 2143 quod

1936 2158 2052 2226 ipse
2071 2158 2167 2223 ait,
2191 2160 2456 2214 sententia
2479 2158 2716 2214 afﬁrmat
2739 2162 2792 2215 in
2818 2170 2945 2216 nota
2963 2163 3212 2231 epistolae
3236 2164 3439 2221 Liberii
3462 2166 3533 2222 ad

1934 2250 2243 2309 Luciferum
2274 2253 2539 2324 subjecta,
2573 2255 2668 2311 sed
2698 2256 2785 2311 vel
2805 2257 2908 2311 sub
2932 2258 3135 2313 exitum
3163 2260 3368 2315 mensis
3393 2259 3535 2316 Mar-

1936 2344 2015 2407 tii.
2044 2346 2127 2400 vel
2153 2347 2256 2402 sub
2287 2347 2499 2403 initium
2530 2350 2735 2420 Aprilis
2756 2351 3049 2421 inemptum
3079 2351 3256 2409 fuisse
3274 2364 3526 2425 oportet;

1931 2455 2041 2509 quo
2060 2454 2226 2495 sensu
2258 2440 2404 2513 Pagii
2434 2458 2653 2513 quoque
2680 2444 2845 2500 verba
2873 2444 3247 2517 intelligimus,
3273 2449 3364 2519 qui
3386 2448 3527 2505 Con-

1934 2531 2113 2586 cilium
2146 2533 2533 2593 Hediolanense
2560 2537 2814 2591 currentis
2834 2538 2958 2591 anui
3005 2537 3111 2593 355
3134 2539 3282 2594 initio
3302 2541 3528 2596 oelebra-

1934 2633 2042 2677 tum
2070 2625 2261 2681 scribit
2291 2625 2411 2681 loco
2434 2626 2675 2683 laudato.

2005 2715 2132 2771 Post
2160 2716 2563 2775 Mediuianense
2577 2718 2887 2776 Concilium
2916 2722 3058 2779 Maio
3085 2737 3279 2781 mense
3305 2725 3529 2781 circiter

1932 2807 2263 2874 absolutum,
2296 2809 2552 2866 Lucifero
2573 2820 2625 2867 et
2657 2814 2777 2869 aliis
2797 2813 3102 2871 Catholicis
3125 2816 3411 2888 Episcopis
3432 2832 3530 2873 ex-

1933 2899 2060 2955 silio
2087 2901 2357 2959 damnatis
2383 2944 2397 2969 ,
2433 2904 2682 2960 Liberius
2716 2907 2994 2965 Romanus
3028 2907 3281 2964 Pontifex
3308 2924 3440 2966 suas
3460 2911 3529 2966 ad

1932 2994 2054 3048 illos
2081 2994 2291 3051 litteras
2328 2998 2568 3068 scripsit,
2602 3014 2721 3069 quae
2747 3001 2801 3055 in
2830 3002 3080 3057 editione
3101 3013 3289 3059 nostra
3316 3003 3533 3059 Lucife—

1935 3088 2139 3145 riunam
2176 3091 2465 3159 epistolam
2494 3095 2745 3163 proxime
2785 3095 3212 3167 subsequuntur.
3263 3097 3531 3159 Duronius

1931 3181 1998 3237 ad
2028 3197 2116 3237 an.
2148 3185 2253 3243 355
2283 3186 2559 3242 existimat
2582 3186 2884 3257 Liberium,
2913 3206 3055 3259 sunt,
3085 3206 3205 3261 qua
3228 3191 3284 3247 in
3305 3207 3392 3248 eos
3413 3208 3529 3266 ges-

1928 3282 1981 3329 ta
2032 3276 2287 3345 fuissent,
2317 3280 2634 3352 accepisset,
2670 3297 2813 3349 mox,
2847 3282 3062 3339 litteras
3114 3284 3277 3339 hasce
3305 3283 3375 3339 ad
3410 3285 3527 3340 sin-

1927 3368 2083 3437 gulos
2105 3378 2233 3425 ante
2262 3370 2435 3425 Roma
2468 3373 2713 3440 misisse,
2745 3389 2908 3444 quam
2937 3375 3303 3431 Mediolanum
3328 3377 3398 3432 ad
3424 3377 3528 3433 int-

1928 3471 2237 3530 peratorem
2266 3463 2647 3533 deduceretur,
2683 3478 2738 3524 et
2767 3466 3121 3524 Constantius
3158 3470 3215 3523 in
3239 3477 3367 3527 nota
3400 3470 3532 3525 sult-

1921 3552 2066 3623 jecta
2089 3557 2226 3610 circa
2252 3558 2472 3613 medium
2496 3575 2688 3613 anitum
2714 3559 2821 3614 555
2847 3571 3061 3631 tempus
3088 3562 3395 3633 eonsignat,
3418 3574 3528 3633 quo

1929 3648 2130 3705 fuerint
2160 3651 2397 3721 scriptae.
2428 3652 2573 3706 Nihil
2601 3652 2820 3722 quidem
2852 3655 2987 3709 certi
3024 3654 3127 3710 hac
3157 3656 3211 3710 in
3242 3670 3305 3712 re
3321 3657 3528 3711 solisti-

1930 3752 2079 3797 tucre
2108 3758 2416 3813 possumus,
2446 3760 2567 3799 cum
2588 3746 2701 3815 ipsa
2730 3747 2979 3817 epistolae
3013 3748 3178 3804 verba
3208 3750 3522 3821 ambiguum

1927 3833 2056 3905 quid
2089 3853 2196 3905 prie
2218 3851 2278 3891 se
2321 3837 2465 3901 ferre
2501 3838 2810 3908 videantur,
2837 3841 2961 3897 illos
2986 3843 3137 3897 enim
3178 3844 3248 3897 ad
3283 3844 3521 3914 futuram

1927 3928 2148 3999 gloriam
2192 3938 2441 4001 martyres
2483 3930 2769 3987 destinatos
2807 3935 3085 4004 appellat;
3139 3944 3252 3992 tum
3297 3937 3520 3993 subdit:

1930 4019 2053 4077 Scio
2082 4021 2203 4075 hinc
2231 4038 2325 4091 ,ωε
2363 4022 2713 4092 probabiliora
2751 4025 2891 4080 vobis
2925 4026 3166 4082 exhibere
3198 4030 3392 4091 solatia
3416 4072 3429 4096 ,
3477 4031 3524 4083 si

1928 4114 2149 4167 credatis
2178 4128 2255 4169 me
2275 4116 2329 4169 in
2352 4116 2591 4171 exsilium
2617 4118 2773 4173 simul
2808 4119 3072 4179 uobiscum
3099 4137 3206 4176 esse
3230 4122 3518 4177 detrusum.

1928 4202 2161 4272 Denique
2177 4223 2255 4267 nte
2272 4206 2444 4263 adhuc
2454 4210 2507 4265 in
2520 4210 2634 4281 ipsa
2654 4213 3035 4281 mpeotatione
3046 4213 3367 4282 pendentem,
3385 4216 3523 4279 md

1926 4313 1959 4351 ο
1986 4301 2243 4357 consortio
2272 4311 2437 4355 uestro
2466 4304 2646 4359 durior
2692 4306 2968 4361 necessitas
3007 4306 3217 4361 interius
3240 4305 3518 4376 distrahit,

1926 4392 2053 4446 satis
2096 4392 2388 4448 contristor.
2433 4394 2743 4466 Optaverunt
2796 4398 2932 4451 enim
2976 4397 3121 4468 prior
3151 4414 3248 4469 pro
3292 4399 3528 4463 omnibus

1926 4482 2064 4536 vobis
2106 4484 2355 4554 impendi,
2382 4494 2477 4543 etc.
2526 4485 2630 4543 Et:
2682 4486 2820 4554 Quia
2864 4489 3202 4558 proximiorss
3251 4492 3373 4546 estis
3413 4490 3528 4547 Deo

2773 4584 3049 4652 sublevate,
3079 4597 3136 4640 ut
3160 4590 3528 4658 superuenien-

1930 4681 2003 4726 tes
2033 4674 2270 4745 impetus,
2295 4678 2384 4747 qui
2399 4677 2461 4733 de
2478 4679 2561 4733 die
2587 4679 2641 4732 in
2663 4679 2819 4744 diem,
2842 4696 2962 4735 cum
2986 4684 3384 4750 anuuntiantun,
3405 4702 3529 4756 goa-

1931 4770 2075 4821 viora
2111 4768 2323 4825 vulnera
2360 4770 2640 4841 inﬂigunt,
2681 4772 3019 4827 tolerabiliter
3061 4776 3197 4845 ferre
3242 4777 3522 4848 possimus.

1931 4859 2099 4930 igitur
2118 4863 2367 4919 audierat
2405 4864 2833 4931 Liberius,cmn
2858 4866 2975 4927 bare
3003 4868 3293 4935 scriberet,
3338 4870 3522 4931 exsilii

1935 4973 2149 5027 [umnam
2181 4959 2235 5014 in
2266 4958 2595 5027 Luciferum,
2627 4960 2875 5031 aliosque
2908 4961 3209 5030 EpiscOpos
3244 4961 3524 5018 decretam

1930 5048 2140 5117 fuisse;
2175 5067 2234 5107 se
2266 5052 2385 5121 ipso
2415 5052 2634 5121 quidem
2665 5054 2831 5111 animi
2859 5052 3057 5108 ail'ectu
3086 5052 3144 5107 in
3189 5054 3383 5109 exsilio
3420 5072 3528 5111 una

1929 5159 2052 5199 cum
2084 5145 2188 5199 illis
2234 5146 2439 5201 versari
2485 5146 2722 5213 affirmat
2749 5188 2764 5212 ,
2796 5147 2939 5217 quod
2975 5147 3125 5217 prior
3156 5146 3272 5215 ipse
3295 5148 3530 5206 subiisse
3621 5181 3629 5189 -

1928 5238 2203 5307 cupiebat,
2229 5248 2286 5294 at
2316 5241 2520 5295 incerta
2545 5242 2951 5311 exspectatione
2980 5240 3240 5310 pendere,
3263 5242 3393 5301 dum
3423 5243 3529 5299 im-

1930 5331 2229 5403 pendentes
2266 5333 2368 5387 sibi
2413 5333 2666 5402 procellaa
2714 5334 2947 5403 impetus
2994 5332 3297 5402 prospicit,
3347 5342 3404 5389 et
3456 5335 3525 5391 ad

1934 5424 2187 5495 graviora
2212 5424 2264 5477 in
2284 5422 2402 5478 dies
2432 5423 2571 5479 mala
2602 5422 2883 5480 toleranda
2913 5423 3155 5485 animum
3186 5433 3341 5493 parat
3366 5441 3380 5491 ;
3405 5441 3528 5495 qua:

1935 5517 2152 5588 quidem
2187 5516 2367 5572 onmia
2401 5517 2453 5572 in
2477 5516 2529 5571 id
2555 5525 2771 5585 tempus
2795 5526 2944 5573 recte
2966 5517 3216 5581 conferas
3240 5560 3255 5586 ,
3282 5533 3390 5590 quo
3417 5530 3530 5575 sta-

1937 5614 2037 5668 tim
2069 5623 2189 5683 post
2227 5610 2529 5667 Concilium
2565 5609 2830 5667 Eusebius
2875 5607 3181 5665 Eunuchus
3225 5609 3460 5666 Romam
3498 5629 3531 5668 a

1935 5698 2257 5763 Constantio
2284 5703 2485 5773 missus
2502 5710 2606 5767 est,
2634 5708 2690 5756 ut
2711 5699 2990 5756 Liberium
3012 5699 3360 5770 imperatoris
3375 5703 3532 5773 jussu

1935 5801 2001 5860 ad
2034 5801 2358 5856 Arianorum
2377 5797 2814 5854 communionem
2843 5796 3173 5867 impelleret,
3202 5808 3259 5854 et
3279 5799 3346 5855 ad
3369 5800 3536 5858 Atha-
