3972 6352
483 241 591 300 737

1486 241 1793 302 LUCIFEH
1832 242 2208 305 EPISCOPUS
2245 245 2759 306 CALAHITANUS.

3650 250 3738 308 7&8

480 361 698 419 nasium
724 361 1202 421 condemnandum
1230 360 1505 434 adigeret;
1536 361 1682 420 unde
1706 372 1819 420 tum
1847 378 1993 420 saeva
2025 365 2080 420 in
2109 369 2164 429 Α
2187 363 2397 433 debuit,
2427 379 2591 437 quam
2618 373 2678 421 ut
2703 363 2914 420 consilii
2940 364 3027 420 sui
3054 405 3069 432 ,
3101 380 3393 438 rerumque
3423 366 3489 423 ab
3507 380 3564 424 se
3586 367 3635 424 in
3659 383 3741 425 eo-

484 452 800 512 Catholicos
851 455 1128 512 Romanos
1182 462 1510 526 tempestate
1563 466 1798 523 exorta,
1840 456 2090 514 Liberius

483 548 674 617 paullo
703 558 827 620 post
851 565 989 621 (egre
1008 550 1189 623 populi
1231 561 1367 605 metu
1389 592 1404 617 ,
1434 550 1524 621 qui
1544 553 1655 624 ejus
1693 567 1869 607 umore
1894 553 2091 623 flagra-

485 642 593 710 bat,
610 659 728 697 cum
741 659 928 714 magna
954 642 1271 715 difficultate
1315 644 1481 699 noctis
1504 644 1674 699 medio
1695 648 1861 717 potuit
1882 644 2092 701 Medio-

482 737 666 792 lanum
716 751 906 793 mense
932 736 1097 792 Junio
1125 738 1347 793 circiter
1377 738 1642 808 asportari
1666 781 1681 806 ,
1724 752 1834 808 quo
1878 755 1910 793 a
1954 735 2091 793 Con-

483 831 672 885 stantio
695 832 828 886 mitti
855 842 1145 903 praeceptus
1168 835 1371 903 fuerat,
1403 832 1582 903 inquit
1608 832 1958 889 Marcellinus
1987 833 2085 889 lib.

484 938 557 979 xv
584 937 705 996 cap.
740 923 792 978 7.
818 924 1000 995 Quare
1022 933 1077 980 et
1107 925 1341 980 Baronio
1389 924 1535 997 quod
1561 925 1630 980 ad
1662 926 1859 992 locum,
1881 926 2091 983 eidem-

489 1031 600 1088 que
629 1026 685 1072 et
716 1018 1039 1074 Constantio
1068 1018 1215 1090 quod
1257 1018 1324 1073 ad
1348 1029 1567 1089 tempus
1587 1019 1816 1087 attinet,
1838 1034 1946 1090 quo
1975 1020 2091 1090 epi-

488 1112 630 1168 stola
646 1112 845 1183 scripta
870 1112 994 1177 fuit,
1014 1113 1361 1169 assentimur.
1388 1112 1630 1169 Hilarius
1658 1114 1711 1168 in
1735 1116 1850 1169 suis
1872 1112 2088 1184 Fragm.

489 1203 549 1261 in
582 1204 737 1260 Tom.
780 1220 815 1260 ιι
842 1204 981 1276 Opp.
1008 1205 1155 1263 Edit.
1183 1205 1355 1263 Maur.
1380 1204 1495 1261 haec
1518 1206 1817 1277 praeposuit
1841 1206 2092 1277 epistolas

489 1297 799 1354 Liberianae
827 1297 1114 1371 inFragm.
1156 1315 1209 1355 v1
1235 1316 1248 1354 :
1274 1298 1510 1355 Liberius
1550 1310 1827 1364 antequam
1863 1301 1931 1355 ad
1957 1302 2095 1356 exsi-

490 1392 621 1446 lium
646 1392 762 1455 iret,
785 1392 921 1448 hanc
942 1396 1255 1465 uniformem
1273 1394 1550 1464 epistolam
1575 1395 1783 1464 scripsit
1814 1392 2093 1466 Confessa-

489 1484 651 1551 ribus,
679 1484 736 1539 id
766 1495 872 1552 est,
895 1485 1140 1554 Eusebio,
1172 1484 1427 1557 Dionysio
1446 1527 1462 1551 ,
1485 1495 1531 1540 et
1560 1484 1807 1557 Lucifero
1827 1487 1883 1540 in
1910 1485 2094 1541 exsilio

492 1581 821 1645 constitutis;
857 1579 953 1636 sed
988 1596 1051 1636 ea
1082 1580 1558 1647 verba,antequam
1583 1581 1653 1635 ad
1680 1581 1925 1637 exsilium
1963 1582 2089 1649 iret,

494 1670 570 1726 ita
594 1680 872 1741 nequeunt
905 1671 1157 1741 intelligi,
1183 1670 1507 1727 utLiberius
1538 1671 1829 1744 epistolam
1860 1671 2095 1744 scripse-

2195 456 2320 514 dem
2335 456 2580 514 Concilio
2600 467 2877 530 gestarum
2903 456 3042 513 ratio
3061 457 3313 514 omnibus
3339 466 3560 529 pateret.
3586 470 3635 516 et
3651 476 3744 519 suae

2194 565 2375 607 causa:
2414 551 2733 623 aequitatem
2792 558 3057 607 tueretur.
3092 551 3264 607 Aliter
3290 550 3507 622 quidem
3552 562 3745 610 censent

2195 643 2572 700 Tillemontius
2599 643 2652 699 in
2696 642 2855 700 Tom.
2886 642 2978 699 Vll
3009 649 3128 699 not.
3178 644 3203 697 1
3259 651 3317 699 et
3358 642 3748 704 Montfauconius

2195 737 2249 794 in
2279 738 2390 794 vita
2420 737 2480 795 S.
2525 736 2813 794 Athanasii
2841 779 2857 803 ,
2885 738 2977 808 qui
3036 735 3276 792 Luciferi
3302 737 3469 794 libros
3495 752 3667 794 omnes
3696 741 3750 797 ab

2193 845 2261 887 eo
2301 830 2641 902 compositos
2673 830 2842 886 fuisse
2875 830 3166 901 perhibent
3188 844 3278 885 an.
3303 829 3438 896 360;
3461 830 3598 900 quod
3622 831 3678 888 de
3702 831 3751 887 li-

2192 922 2305 980 bris
2352 923 2565 979 dunbus
2598 938 2697 994 pro
2741 922 2799 980 S.
2849 922 3153 980 Athanasio
3200 930 3254 978 et
3283 938 3383 978 nos
3414 923 3750 992 afﬁrmamus,

2194 1019 2335 1075 haud
2365 1019 2439 1074 ita
2471 1018 2541 1075 de
2579 1018 2825 1090 reliquis.
2853 1017 2983 1083 .Nec
3024 1017 3298 1074 Gallandii
3349 1017 3645 1088 opinionem
3684 1033 3750 1076 se-

2192 1113 2432 1185 quimur,
2484 1112 2573 1169 cui
2604 1112 2791 1179 lubet,
2824 1122 2948 1182 post
2994 1110 3152 1167 binos
3173 1110 3241 1167 de
3288 1109 3580 1166 Athanasio
3617 1112 3754 1167 libros

2194 1207 2452 1277 scriptos,
2483 1215 2542 1261 ut
2562 1207 2659 1271 ait,
2684 1220 2776 1261 an.
2804 1204 2931 1271 360,
2947 1203 3132 1276 paullo
3167 1214 3282 1275 post
3313 1213 3371 1260 et
3421 1204 3551 1259 alios
3586 1220 3752 1261 succes-

2193 1299 2298 1355 sive
2319 1298 2621 1368 descriptos
2653 1298 2793 1352 intra
2814 1313 3010 1351 annum
3036 1296 3168 1362 561;
3202 1296 3292 1367 qui
3316 1302 3563 1353 auctores
3583 1298 3752 1355 nullum

2197 1408 2298 1465 pro
2319 1407 2418 1447 sua
2465 1391 2737 1448 sententia
2767 1397 3151 1462 argumentum
3179 1388 3500 1460 praeferunt.
3532 1390 3754 1447 Batonius

2193 1486 2261 1542 ad
2291 1502 2383 1542 an.
2415 1486 2524 1543 556
2555 1485 2684 1542 huic
2714 1485 2829 1543 fere
2859 1500 3003 1541 anno
3030 1484 3282 1540 attribuit
3315 1486 3526 1556 priores
3559 1497 3753 1558 quatuor

2195 1580 2433 1637 Luciferi
2456 1580 2625 1636 libros
2646 1588 2755 1635 vet.
2780 1578 2943 1646 edit.,
2966 1576 3165 1649 quibus
3185 1579 3231 1633 is
3256 1590 3381 1648 post
3402 1578 3755 1637 Mediolanense

2198 1673 2502 1731 Concilium
2528 1674 2810 1731 Athanasii
2840 1682 2896 1730 et
2942 1672 3067 1729 fidei
3106 1688 3328 1729 cauSam
3369 1672 3636 1730 defendit:
3673 1676 3753 1743 Qui

495 1765 573 1821 rit
594 1776 716 1836 post
746 1767 849 1822 iter
874 1765 1372 1833 Mediolanense,et
1397 1767 1594 1824 exsilio
1619 1767 1732 1838 jam
1760 1766 2054 1823 damnatus
2077 1808 2094 1835 ,
2128 1764 2176 1826 B
2201 1769 2475 1825 Athanasii
2502 1767 2704 1824 tuenda:
2742 1768 3052 1822 innocentia:
3072 1782 3233 1822 causa
3264 1767 3493 1838 episcopi
3515 1768 3617 1837 jam
3634 1777 3754 1821 antes

497 1874 625 1917 cum
656 1861 711 1916 in
740 1861 832 1916 illa
852 1876 1055 1933 cupere
1084 1876 1143 1919 se
1176 1871 1429 1930 testetur,
1468 1870 1527 1917 ut
1556 1878 1733 1934 parem
1763 1862 1830 1917 iis
1861 1861 2101 1933 dignetur

497 1954 653 2011 illum
679 1952 939 2011 Dominus
980 1956 1223 2026 efficere,
1266 1955 1511 2028 martyrii
1557 1955 1768 2013 scilicet
1806 1958 2005 2012 merito
2046 1965 2100 2012 et

498 2048 741 2118 honore;
772 2066 875 2107 nec
933 2051 1231 2108 verisimile
1260 2062 1364 2119 est,
1395 2051 1729 2119 Luciferum,
1761 2053 1840 2109 uti
1861 2061 1917 2109 et
1937 2061 2104 2109 caete-

499 2155 594 2197 ros
621 2183 637 2208 ,
664 2141 776 2212 jam
812 2150 924 2199 tum
949 2142 1017 2198 ad
1044 2143 1277 2214 primum
1309 2144 1396 2200 sui
1432 2145 1610 2201 exsilii
1654 2146 1709 2201 in
1758 2144 2101 2217 Cappadocia

498 2232 680 2290 locum
712 2233 1016 2291 Mediolano
1047 2235 1458 2294 dissitissimum
1485 2240 1832 2309 pervenisse,
1858 2255 1983 2297 cum
2014 2239 2105 2295 Li-

501 2326 687 2384 berius
714 2327 903 2385 Romae
924 2329 1101 2387 adhuc
1129 2330 1391 2402 degebat:
1418 2348 1587 2405 quare
1613 2332 1857 2389 Hilarius
1885 2334 1954 2390 iis
1975 2348 2101 2389 ver-

499 2419 585 2477 bis
614 2421 666 2474 in
694 2422 879 2477 exsilio
910 2424 1205 2480 constitutis
1234 2423 1460 2494 indicat,
1484 2425 1657 2483 fuisse
1679 2427 1734 2484 in
1772 2427 1902 2484 illos
1928 2426 2108 2483 exsilii

502 2529 727 2586 ntenam
757 2516 1067 2585 decretam;
1096 2528 1192 2575 aut
1219 2530 1371 2576 certe
1393 2521 1547 2577 exsul
1568 2530 1625 2578 et
1648 2522 1783 2593 ipse,
1807 2534 1863 2579 et
1888 2538 2104 2590 eorum,

507 2624 630 2680 quae
663 2610 718 2665 in
749 2611 900 2666 Italia
926 2612 1279 2683 gerebantur,
1313 2630 1505 2686 parum
1545 2618 1800 2673 conscius
1825 2618 2111 2674 existima-

506 2704 608 2770 vit,
637 2704 848 2760 litteras
878 2719 910 2758 a
931 2705 1154 2763 Liberio
1176 2715 1292 2762 tum
1319 2709 1552 2779 scriptas
1580 2708 1769 2777 fuisse,
1803 2724 1927 2766 cum
1960 2726 2111 2767 sanc-

505 2798 547 2852 ti
579 2796 925 2855 confessores
957 2799 1011 2854 in
1053 2799 1344 2855 destinatis
1376 2799 1712 2872 singulorum
1755 2802 1951 2859 exsilio
1977 2803 2111 2859 locis

509 2890 894 2947 constiterant.
945 2891 1136 2949 Utrum
1169 2907 1335 2963 porro
1362 2892 1580 2950 Lucifer
1619 2894 1824 2966 aliique
1856 2896 2111 2968 Episcopi

511 2986 692 3041 adhuc
735 2983 1023 3042 Mediolani
1062 2995 1288 3054 essent,
1322 2998 1402 3047 an
1441 2987 1493 3042 in
1549 2988 1749 3046 itinere
1777 2989 1847 3045 ad
1894 2990 2113 3047 decreta

515 3079 745 3151 singulis
774 3080 957 3135 exsilii
988 3079 1108 3136 loca
1137 3080 1477 3148 abducendi,
1508 3096 1631 3137 cum
1663 3081 1914 3139 Liberius
1941 3082 2114 3155 scrip-

2202 1864 2476 1935 proscripti
2504 1866 2740 1935 fuerant,
2775 1862 2886 1934 qui,
2917 1864 3150 1933 inquam,
3183 1877 3250 1916 ne
3275 1862 3329 1915 in
3375 1861 3520 1916 illum
3560 1862 3666 1916 lata:
3704 1862 3752 1915 ab

2203 1955 2412 2011 Arionis
2432 1954 2696 2011 sententia:
2709 1952 3103 2020 subscriberent,
3122 1954 3176 2007 in
3187 1951 3435 2009 exsiliunt
3457 1968 3518 2007 ea:
3536 1951 3754 2006 Mediola-

2204 2048 2350 2102 nensi
2387 2045 2745 2102 Conciliabula
2773 2047 2824 2100 in
2853 2046 3055 2101 diversa
3102 2046 3221 2100 loca
3263 2045 3473 2115 fuerant
3512 2044 3750 2115 deportati,

2205 2139 2581 2211 quantumlibet
2609 2140 2745 2194 inter
2790 2141 2981 2203 hostes,
3004 2148 3176 2193 tamen
3197 2156 3306 2194 non
3340 2138 3534 2194 desiere
3569 2137 3754 2209 ejusdem

2207 2232 2478 2290 Athanasii
2522 2234 2868 2289 innocentiam
2919 2233 3207 2304 praedicare
3229 2273 3247 2299 ,
3299 2241 3450 2303 atque
3486 2246 3592 2286 cum
3618 2231 3753 2285 liceret

2208 2326 2362 2381 etiam
2406 2327 2590 2381 litteris
2636 2326 2950 2381 contestari:
2993 2326 3132 2398 quod
3176 2325 3315 2380 inter
3364 2325 3551 2395 primos
3598 2323 3754 2395 egregie

2210 2420 2450 2490 prwstitit
2501 2418 2712 2490 Lucifer
2756 2418 3051 2492 Episcopus
3094 2418 3455 2473 Calaritanus.
3509 2416 3599 2472 Hic
3643 2418 3744 2472 enim

2210 2530 2329 2569 cum
2356 2515 2503 2569 exsul
2542 2522 2753 2586 ageret,
2804 2530 2898 2583 pro
2938 2513 3227 2569 Athanasio
3265 2512 3519 2584 imprimis
3563 2512 3754 2566 adversus

2212 2606 2570 2663 Constantium
2616 2608 2746 2663 duos
2789 2607 2948 2663 libros
2985 2608 3293 2681 conscripsit
3325 2648 3343 2675 ,
3387 2608 3581 2663 tertium
3619 2617 3756 2662 contra

2213 2703 2448 2759 eumdem
2474 2704 2537 2757 de
2576 2719 2680 2759 non
2712 2702 3145 2757 communicando
3171 2718 3295 2756 cum
3330 2701 3593 2767 hareticis,
3616 2714 3755 2753 rursus

2214 2799 2436 2854 alterum
2467 2797 2532 2852 de
2556 2796 2784 2870 Regibus
2805 2794 3139 2868 Apostaticis.
3170 2794 3321 2864 Quas
3348 2794 3547 2866 quidem
3571 2809 3671 2848 suas
3700 2793 3757 2846 lit-

2213 2893 2537 2948 cubrationes
2567 2906 2890 2963 nequaquam
2927 2889 3072 2963 apud
3091 2905 3147 2943 se
3189 2889 3411 2943 retinuit
3438 2887 3639 2943 edendas
3673 2896 3756 2957 post

2214 2995 2427 3041 mortem
2442 2984 2784 3054 Imperatoris
2799 2998 2948 3053 quem
2962 2980 3285 3036 uehementer
3298 2980 3477 3035 iisdem
3489 2979 3756 3051 exagitasset,

2214 3079 2308 3135 sed
2337 3087 2475 3133 certo
2500 3076 2697 3132 homini
2724 3075 2897 3143 dedit,
2929 3075 3016 3142 qui
3039 3090 3126 3129 eas
3162 3074 3269 3144 ipsi
3317 3074 3534 3144 deferret
3572 3070 3758 3141 Impera-

510 3174 623 3243 sit,
666 3182 722 3229 et
768 3173 971 3230 Liberii
992 3189 1135 3232 anne
1173 3175 1388 3232 litteras
1426 3176 1628 3247 singuli
1660 3178 1975 3248 acceperint
2001 3218 2016 3245 ,
2043 3195 2113 3235 ne
2139 3155 2185 3221 C
2221 3173 2341 3227 tori.
2373 3171 2577 3228 Verum
2608 3170 2734 3227 libri
2758 3184 2858 3240 pro
2879 3167 3180 3224 Athanasio
3208 3168 3266 3222 in
3289 3182 3383 3222 an.
3415 3166 3544 3222 circ.
3573 3165 3758 3220 5600m-

511 3267 828 3336 conjectura
858 3268 1082 3340 quidem
1105 3269 1329 3340 assequi
1360 3268 1662 3340 quidquam
1685 3269 1843 3337 licet;
1870 3271 2003 3327 illud
2037 3280 2117 3327 ta-

514 3374 641 3415 men
663 3368 873 3417 certum
916 3360 1187 3417 Ammiani
1220 3360 1562 3429 Marcellini,
1596 3362 1835 3431 Baronii,
1864 3363 2072 3420 Petavii
2099 3404 2115 3429 ,

514 3460 573 3509 et
609 3451 757 3523 Pagii
798 3453 1127 3510 auctoritate
1159 3495 1173 3520 ,
1210 3453 1487 3512 Liberium
1514 3455 1707 3512 eodem
1751 3471 1844 3511 an.
1902 3456 2010 3512 355
2063 3458 2117 3513 in

514 3544 812 3602 Beroeense
841 3547 1089 3603 exsilium
1116 3548 1330 3619 pulsum
1359 3548 1560 3616 fuisse,
1589 3563 1700 3606 non
1730 3565 1861 3606 vero
1892 3566 1987 3605 an.-
2010 3549 2120 3607 556

519 3638 598 3692 uti
628 3638 842 3694 censuit
874 3638 1140 3695 Henricus
1167 3638 1417 3696 Valesius
1458 3641 1512 3696 in
1551 3650 1665 3698 not.
1694 3641 1763 3697 ad
1809 3640 1906 3697 lib.
1939 3657 1978 3697 ιι
2019 3642 2122 3698 So-

520 3731 687 3789 cratis
724 3746 845 3802 cap.
882 3731 973 3787 37.

592 3823 724 3880 Post
748 3823 863 3881 haec
885 3823 1103 3881 Lucifer
1124 3825 1236 3896 jam
1258 3828 1412 3883 exsul
1442 3828 1582 3885 inter
1605 3828 2124 3900 gravissimas‘exsi-

518 3916 578 3973 lii
617 3931 891 3972 aerumnas
917 3917 1103 3973 animo
1150 3917 1384 3975 invictus
1425 3929 1481 3975 et
1500 3920 1809 3977 vehementi
1837 3921 2124 3978 Catholica:

519 4008 805 4079 religionis
835 4008 1048 4065 tuendae
1085 4009 1284 4067 ardore
1331 4010 1591 4068 incensus
1617 4014 1851 4084 primum
1884 4015 1950 4070 ad
1982 4014 2126 4071 Con-

519 4103 778 4159 stantium
803 4103 1002 4159 librum
1028 4103 1248 4176 scripsit
1274 4145 1289 4172 ,
1315 4106 1405 4162 cui
1437 4106 1628 4163 titulus
1654 4117 1741 4164 est
1771 4108 1837 4162 de
1864 4124 1967 4164 non
2000 4126 2127 4165 con-

519 4200 771 4255 veniendo
801 4216 917 4254 cum
947 4199 1228 4255 haereticis.
1254 4200 1313 4256 ln
1341 4216 1408 4257 eo
1432 4209 1582 4258 totus
1607 4213 1713 4268 est,
1740 4211 1799 4258 ut
1816 4203 1971 4274 gravi
1994 4217 2123 4260 ora-

520 4292 685 4349 tionis
707 4293 874 4365 slylo,
922 4302 977 4349 et
1017 4294 1294 4363 congestis
1315 4309 1595 4351 sacrorum
1619 4294 1917 4352 Bibliorum
1936 4311 2123 4353 exem-

520 4386 664 4455 plis,
712 4386 1038 4443 tesﬁmoniis
1079 4396 1139 4443 et
1176 4387 1602 4444 auctoritatibus
1625 4388 1862 4459 probet,
1917 4388 2022 4445 sibi
2071 4398 2129 4445 et

519 4476 819 4536 Catholicis
846 4481 1132 4552 Episcopis
1175 4480 1331 4537 nefas
1372 4480 1546 4539 fuisse
1577 4498 1700 4539 cum
1729 4483 1953 4540 Arianis
1996 4499 2126 4541 con-

2223 3267 2354 3323 nino
2378 3265 2666 3337 rejiciendi
2697 3273 2863 3331 sunt;
2893 3272 2983 3331 et,
3013 3272 3192 3318 utrum
3221 3276 3350 3317 cum
3380 3260 3464 3316 his
3490 3267 3543 3316 et
3574 3257 3650 3313 alii
3680 3254 3759 3310 duo

2223 3360 2291 3416 ad
2314 3360 2703 3430 Imperatorem
2734 3358 2901 3414 delati
2930 3356 3157 3424 fuerint,
3190 3370 3293 3412 suo
3322 3356 3442 3412 loco
3469 3353 3758 3426 inquiremus.

2224 3455 2357 3511 Cum
2391 3454 2622 3510 Baronio
2642 3453 2807 3509 etiam
2840 3449 3248 3523 Papebrocbitts
3278 3449 3509 3521 primum
3530 3444 3685 3503 tribuit
3702 3442 3760 3497 lo-

2223 3565 2346 3607 cum
2376 3550 2530 3606 libris
2553 3562 2651 3619 pro
2678 3546 2977 3602 Athanasio
2999 3544 3335 3615 conscriptis
3364 3542 3420 3599 in
3449 3557 3561 3615 cap.
3590 3540 3640 3595 li
3661 3535 3759 3592 Vita

2225 3642 2283 3702 S.
2316 3641 2555 3699 Luciferi
2582 3641 2741 3697 Tom.
2773 3639 2839 3695 ιν
2868 3638 2991 3695 Maii
3024 3638 3194 3703 Boll.;
3237 3647 3295 3693 et
3315 3651 3435 3709 cap.
3459 3634 3513 3702 4,
3544 3640 3679 3703 negat
3701 3638 3760 3684 to-

2229 3747 2341 3793 tum
2370 3737 2609 3792 volumen
2648 3751 2752 3790 uno
2784 3743 2954 3790 tractu
2990 3731 3309 3807 Imperatori
3337 3729 3619 3787 Constantio
3642 3725 3760 3797 fuisse

2226 3832 2599 3897 continuatum,
2627 3833 2703 3886 uti
2734 3829 2907 3885 Tilius
2929 3828 3307 3895 existimavit;
3340 3842 3462 3884 cum
3489 3825 3570 3880 alii
3592 3830 3761 3894 quatuor

2231 3925 2349 3980 libri
2376 3941 2468 3979 nec
2494 3941 2597 3979 uno
2621 3938 2794 3979 omnes
2817 3923 2928 3977 loco
2950 3964 2965 3988 ,
2998 3937 3091 3975 nec
3122 3931 3356 3989 tempore
3377 3962 3393 3986 ,
3420 3919 3508 3975 sed
3539 3911 3761 3971 successive

2229 4017 2411 4086 scripti
2437 4015 2579 4083 sint;
2604 4030 2803 4070 annum
2825 4029 2978 4081 vero,
3002 4027 3111 4084 quo
3136 4010 3344 4067 fuerint
3368 4006 3664 4070 elucubrati,
3682 4014 3760 4056 non

2231 4109 2496 4180 assignat.
2529 4106 2601 4163 At
2635 4106 2780 4162 enim
2822 4119 2923 4161 nos
2965 4104 3299 4175 conjicintus
3340 4103 3484 4159 hunc
3516 4100 3683 4155 librum
3718 4092 3762 4146 de

2231 4216 2336 4255 non
2362 4198 2711 4255 conuenientia
2739 4214 2857 4255 cum
2877 4197 3132 4253 haereticis
3161 4197 3430 4267 scriptum
3456 4192 3610 4249 fuisse
3628 4204 3653 4243 a
3686 4185 3761 4241 ιιιι⁸

2230 4292 2425 4359 cifero,
2458 4307 2583 4349 cum
2613 4290 2976 4348 Germanicis:
3021 4290 3325 4356 exsularet,
3355 4288 3448 4345 ubi
3474 4282 3673 4343 Eudoxii
3710 4280 3761 4334 A-

2232 4388 2370 4445 riani
2395 4387 2927 4445 Gertnaniciensium
2953 4387 3206 4457 Episcopi
3242 4386 3606 4444 crudelitatem
3639 4389 3761 4447 atque

2232 4482 2498 4538 stevitiem
2524 4497 2815 4554 perpessus
2831 4491 2946 4549 est;
2972 4490 3093 4539 erat
3113 4482 3316 4555 quippe
3339 4481 3601 4539 Eudoxius
3617 4472 3762 4533 Catho-

520 4572 727 4627 sentire
755 4571 810 4627 in
832 4570 1079 4629 Concilio
1108 4572 1517 4638 Mediolanensi,
1562 4591 1793 4647 quorum
1826 4575 2044 4633 fraudes
2067 4587 2123 4633 et
2150 4556 2201 4617 Ῐ)
2228 4575 2459 4632 licorum
2487 4574 2663 4637 hostis
2681 4575 3179 4640 infensissimus,ut
3199 4574 3594 4646 propterea,ait
3616 4569 3761 4625 Petrus

519 4665 705 4736 iniqua
757 4666 985 4722 consilia
1033 4676 1297 4733 noverat,
1353 4677 1408 4724 et
1446 4670 1595 4740 pacis
1644 4685 1771 4727 esse
1821 4680 2118 4737 auctores,

520 4771 683 4829 quam
713 4756 1013 4827 Imperator
1042 4758 1253 4815 nefario
1278 4759 1515 4831 fictoque
1547 4763 1730 4818 animo
1759 4762 2014 4820 studebat
2043 4764 2123 4819 iu-

521 4861 606 4909 ter
633 4860 843 4923 partem
871 4859 1155 4923 utramque
1175 4853 1491 4910 conciliare.
1508 4854 1653 4927 Lege
1678 4871 1799 4927 quae
1822 4858 2125 4927 praesertim

523 4947 617 5004 lib.
670 4948 734 5002 de
790 4961 894 5002 non
979 4962 1116 5003 com.
1170 4963 1288 5001 cum
1357 4949 1535 5005 lueret.
1622 4950 1676 5005 in
1734 4949 2120 5007 Constantium

520 5041 829 5097 etArianos
848 5042 1047 5098 acriter
1072 5042 1348 5113 intorquet
1369 5044 1534 5099 verba
1579 5053 1635 5101 et
1654 5059 1850 5112 sensa;
1883 5044 2010 5101 hinc
2041 5052 2126 5100 to-

524 5143 612 5190 tus
639 5134 778 5190 liber
804 5132 1098 5205 quamdam
1120 5135 1434 5206 suimet,qui
1451 5136 1724 5207 pontificio
1743 5140 1965 5194 nomine
1978 5139 2126 5194 Con—

524 5227 657 5283 cilio
679 5226 990 5297 praefuerat,
1016 5236 1180 5299 atque
1209 5228 1485 5285 sociorum
1506 5245 1727 5286 suorum
1752 5232 1916 5288 veluti
1939 5229 2129 5288 defen»

526 5318 737 5375 sionem
759 5321 1163 5391 complectitur.
1190 5323 1324 5390 Quae
1349 5323 1579 5394 proinde
1600 5339 1762 5381 causa
1778 5327 2127 5399 nosimpnlit,

526 5421 586 5467 ut
617 5412 745 5468 huic
773 5413 910 5468 libro
937 5415 1239 5487 principem
1270 5431 1380 5486 prae
1407 5417 1622 5474 caeteris
1646 5418 1825 5473 locum
1856 5420 2127 5476 tribuere-

527 5520 669 5570 mus;
695 5520 816 5561 cum
851 5507 1022 5575 prima
1047 5506 1162 5564 haec
1181 5508 1489 5565 Constantii
1520 5524 1649 5565 cura
1679 5509 1863 5579 fuerit,
1896 5520 1953 5567 ut
1982 5512 2034 5567 in
2058 5526 2126 5569 eo

526 5598 770 5655 Concilio
786 5600 1052 5657 Catholici
1073 5602 1328 5675 Episcopi
1342 5620 1464 5660 cum
1480 5602 1702 5660 Arianis
1716 5605 1768 5660 in
1784 5620 1949 5661 unum
1973 5604 2126 5661 Fidei

525 5706 749 5747 sensum
775 5732 789 5755 .
812 5706 875 5748 ac
915 5694 1222 5752 animorum
1253 5699 1759 5770 sententiarumque
1806 5698 2125 5756 societatem

520 5785 917 5853 convenirent;
950 5798 1005 5844 et
1029 5788 1285 5848 Lucifero
1316 5790 1452 5848 nihil
1501 5800 1652 5848 certe
1680 5792 1956 5867 antiquius
1999 5809 2125 5851 esse

2224 4668 2489 4725 Boschius
2508 4669 2560 4723 in
2586 4667 2727 4724 Hist.
2752 4667 3328 4725 Patriarch.Antioch.
3356 4668 3423 4724 ad
3438 4667 3585 4723 Tom.
3605 4661 3662 4719 lV
3678 4656 3758 4715 Jul.

2226 4763 2502 4829 Bolland.,
2535 4762 2845 4819 Luciferum
2885 4762 3274 4818 Germaniciam
3304 4774 3560 4833 tamquam
3585 4758 3629 4812 in
3650 4750 3761 4809 tutis-

2228 4857 2417 4911 simam
2460 4856 2759 4911 custodiam
2790 4855 2860 4910 ad
2897 4855 3203 4912 Eudoxium
3260 4857 3497 4928 princeps
3546 4846 3761 4907 heretica

2227 4946 2586 5005 Constantius
2612 4948 2889 5004 destinarit
2906 4965 3102 5021 ;quem
3130 4950 3213 5004 sui
3243 4948 3422 5006 exsilii
3439 4948 3600 5002 locum
3624 4934 3761 4997 innuit

2235 5040 2451 5097 Lucifer
2480 5040 2577 5098 lib.
2612 5057 2629 5096 ι
2659 5056 2762 5113 pro
2791 5040 3070 5098 S.Athan.
3104 5055 3160 5112 p.
3186 5040 3256 5098 65
3273 5040 3380 5112 (hic
3406 5035 3501 5094 col.
3527 5034 3656 5100 830).
3674 5027 3757 5085 Hoc

2235 5143 2419 5191 autem
2439 5134 2491 5190 in
2508 5133 2648 5189 libro
2670 5149 2829 5204 quam
2842 5133 3145 5190 crudeliter
3169 5147 3357 5189 secum
3371 5115 3755 5204 agerentAriani.

2236 5233 2353 5305 ipse
2367 5230 2623 5287 describit
2638 5231 2760 5301 p.“
2786 5229 2893 5301 (hic
2903 5229 3086 5301 c.775)
3098 5229 3269 5295 ,bisce
3280 5228 3456 5285 verbis
3468 5224 3530 5282 ad
3541 5221 3754 5279 Constan-

2238 5331 2370 5383 tium
2393 5326 2716 5397 :Propterea
2744 5325 2860 5380 adis
2887 5326 3143 5397 nos,quia
3170 5325 3444 5380 concilium
3470 5328 3659 5375 vestrum
3674 5322 3754 5363 m-

2233 5420 2541 5491 lignantium
2552 5435 2900 5483 exsecrentur;
2912 5427 3183 5490 propterea
3196 5420 3247 5473 in
3257 5416 3435 5473 exsilio
3445 5425 3617 5474 sumus,
3630 5416 3750 5500 prof:

2233 5522 2374 5569 terea
2398 5515 2454 5567 in
2486 5528 2693 5567 carcere
2720 5528 2984 5578 necamur,
3016 5521 3290 5583 propterea
3310 5508 3451 5564 nobis
3485 5503 3596 5559 solis

2234 5608 2381 5663 betur
2409 5616 2744 5681 conspectus;
2768 5605 2966 5661 idcirco
3010 5606 3203 5661 reclusi
3249 5606 3301 5659 in
3330 5600 3546 5657 tenebras
3566 5586 3745 5649 custodi-

2233 5715 2351 5753 mur
2397 5699 2593 5768 ingenti
2636 5698 2896 5753 custodia.
2954 5696 3175 5768 Annus}
3223 5709 3381 5768 porro
3434 5699 3622 5749 certus,
3667 5687 3745 5781 quo

2234 5791 2485 5849 eumdem
2513 5790 2709 5847 librum
2735 5788 2951 5848 Lucifer
2975 5792 3300 5864 composuit,
3319 5781 3550 5846 constitui
3571 5780 3736 5846 nequit;
