3972 6352
203 284 309 345 7‘29

1632 285 2029 347 PBABFATIO.

3389 293 3497 352 750

197 408 465 481 siquidem
496 418 616 481 post
638 408 873 480 primum
897 408 951 465 in
966 409 1307 481 Cappadocia
1329 408 1612 478 exsilium,
1636 408 1799 465 illud-
1823 435 1876 497 Α
1905 409 2239 467 auctoritate
2260 419 2425 483 atque
2450 410 2747 468 sententia.
2773 410 2829 468 Id
2860 411 3038 483 ipsum
3067 410 3249 468 innuit
3274 411 3507 469 Marcel-

200 519 303 576 que
326 503 735 572 brevissimum,
762 512 824 560 ut
849 503 1261 577 Papebrochius
1318 505 1707 562 animadvertit
1739 506 1792 562 iu

197 599 318 672 ejus
348 599 469 657 Vita
495 615 614 671 cap.
636 601 686 666 1,
708 600 1113 657 Germaniciam
1143 600 1410 657 abductus
1443 599 1546 657 fuit
1565 599 1790 666 an.556,

196 701 322 762 post
342 703 664 765 occupatam
687 709 718 750 a
746 694 986 766 Georgio
1001 694 1332 767 Cappadoce
1364 693 1790 751 Alexandrinam

194 786 688 858 Ecclesiam,quod
710 798 765 843 et
790 788 844 843 in
876 786 999 843 Vita
1024 786 1261 843 Luciferi
1279 798 1333 843 ct
1357 802 1476 858 pag.
1506 787 1598 853 66,
1623 793 1736 842 uot.
1761 787 1787 841 1

194 881 305 949 (hic
341 878 445 935 col.
478 881 605 947 851,
636 889 744 935 ηοε.
774 880 851 952 c),
882 880 1081 937 dictum
1112 889 1225 949 est;
1261 891 1316 937 et
1362 880 1642 936 Eudoxius
1680 879 1793 934 Au-

190 971 505 1028 tioehenum
533 971 920 1044 Episcopatum
948 973 1053 1030 sibi
1076 972 1186 1043 jam
1212 972 1521 1043 arripuerat
1539 988 1628 1027 an.
1653 972 1785 1028 circ.

188 1067 298 1125 558
338 1068 565 1124 ineunte
586 1110 600 1133 ,
628 1076 690 1122 ut
720 1068 883 1124 tradit
912 1068 1105 1125 Petrus
1136 1068 1443 1135 Boschius;
1471 1083 1595 1123 cum
1628 1067 1788 1123 Vale-

186 1160 307 1218 sius
333 1161 390 1217 in
419 1170 536 1217 not.
568 1160 635 1217 ad
666 1160 761 1217 lib.
795 1177 848 1217 tv
892 1162 1115 1218 Sozom.
1163 1176 1285 1232 cap.
1317 1163 1370 1230 1,
1401 1161 1509 1217 hoc
1557 1159 1790 1217 Eudoxii

185 1254 402 1310 {acinus
430 1254 644 1325 rejiciat
674 1254 728 1310 in
768 1270 859 1310 an.
889 1256 997 1312 557
1028 1256 1256 1311 dimidia
1301 1256 1518 1327 quidem
1549 1256 1634 1311 sui
1668 1270 1790 1326 par-

186 1355 243 1403 te
274 1346 559 1418 elapsum:
590 1362 759 1417 quare
781 1349 921 1403 intra
944 1347 1048 1403 hoc
1079 1357 1315 1419 tempus,
1351 1348 1495 1420 quod
1523 1350 1789 1403 intercur-

182 1439 259 1495 rit
313 1441 385 1496 ab
419 1456 509 1496 an.
561 1439 668 1497 556
696 1440 905 1511 aliquot
946 1442 1228 1499 mensibus
1256 1456 1547 1513 progresso
1584 1441 1650 1497 ad
1692 1457 1783 1497 an.

181 1532 321 1603 557,
349 1549 458 1590 non
482 1535 708 1589 omnino
729 1534 1038 1591 absolutum
1057 1577 1071 1602 ,
1101 1544 1193 1590 aut
1216 1536 1493 1591 ineuntem
1519 1535 1647 1602 558,
1679 1534 1787 1590 Lu-

180 1624 330 1682 cifer
356 1641 512 1681 suum
536 1626 587 1682 iu
617 1625 807 1696 primis
829 1625 1029 1683 librum
1054 1626 1341 1699 scripsisse
1363 1629 1523 1684 nobis
1546 1628 1783 1694 videtur;

181 1728 240 1775 et
281 1719 338 1775 in
369 1719 478 1775 hac
502 1718 711 1791 epocha
761 1733 885 1776 cum
929 1720 1165 1777 Baronio
1212 1721 1615 1793 quodammodo
1656 1737 1786 1779 con-

177 1812 476 1869 sentimus.

217 1905 464 1978 Scripsit
477 1907 888 1983 posteaLucifer
900 1909 1129 1966 alterum
1144 1910 1342 1966 librum
1358 1911 1424 1966 de
1436 1909 1564 1982 Reg.
1576 1910 1757 1982 Apost.
1769 1954 1783 1978 ,

176 2011 422 2069 eumque
442 2014 473 2054 a
495 2001 718 2057 caeteris
742 2001 1074 2070 sejunctum,
1125 2013 1182 2058 ut
1209 2003 1326 2073 ipse
1350 2013 1579 2061 testatur
1605 2004 1659 2059 in
1682 2004 1784 2060 lib.

179 2089 524 2147 Moriendum
545 2110 654 2149 esse
675 2111 770 2167 pro
793 2094 939 2151 Filio
969 2096 1095 2163 Dei,
1124 2113 1177 2167 p.
1207 2096 1310 2153 261
1341 2098 1446 2169 (hic
1465 2096 1567 2152 col.
1598 2097 1783 2171 1051).

178 2181 360 2253 liuius
391 2195 774 2256 argumentum
802 2196 856 2243 et
881 2204 1093 2245 summa
1121 2197 1227 2257 est,
1252 2198 1311 2245 ut
1332 2233 1346 2259 ,
1379 2193 1659 2262 proposito
1686 2193 1787 2247 im-

177 2275 403 2345 piorum
461 2292 651 2349 regum
696 2280 983 2352 exemplo,
1013 2280 1106 2351 qui
1136 2282 1265 2337 licet
1297 2283 1588 2352 pessimam
1618 2282 1783 2339 vitam

173 2369 401 2440 egerint
423 2381 475 2427 et
501 2372 767 2428 idolorum
796 2373 1002 2430 cultum
1044 2376 1402 2445 probaverint
1425 2419 1439 2446 ,
1469 2377 1784 2434 diutissime

173 2462 226 2517 in
259 2478 440 2534 regno
471 2464 810 2535 ﬂoruerunt,
829 2469 1085 2524 ostendat
1114 2468 1434 2525 Constantio
1456 2486 1648 2527 verum
1677 2487 1784 2528 non

171 2571 306 2614 esse
332 2556 453 2629 ejus
478 2559 647 2615 animi
675 2574 920 2629 sensum,
938 2578 1049 2633 quo
1079 2577 1144 2618 ex
1169 2562 1560 2620 florentissimo
1588 2564 1671 2619 sui
1700 2580 1785 2621 rc-

169 2651 264 2723 gni
297 2661 447 2707 statu
493 2654 796 2725 arguebat,
822 2670 882 2713 se
922 2665 1075 2712 recte
1102 2657 1363 2713 Arianam
1410 2659 1553 2715 tueri
1582 2660 1743 2715 fidem
1768 2702 1781 2726 ,

170 2752 225 2800 et
252 2742 540 2801 Nicenam
565 2746 820 2804 insectari
845 2764 856 2799 :
887 2748 1185 2805 identidem
1209 2766 1340 2806 vero
1363 2752 1613 2823 quaedam
1634 2768 1787 2824 repe-

171 2837 272 2906 tit,
313 2854 438 2909 qua:
464 2840 819 2897 Constantius
861 2842 917 2897 in
965 2842 1279 2899 Luciferum
1326 2845 1600 2916 iactabat,
1634 2859 1688 2904 et
1718 2849 1786 2904 ad

168 2941 295 2987 aeta
321 2933 552 2990 Concilii
581 2935 802 2992 Mediol.
839 2936 1100 2992 videntur
1120 2953 1245 2994 esse
1274 2940 1591 3007 referenda;
1625 2942 1698 2995 ita
1728 2957 1784 3011 p.

126 3042 133 3055 '
169 3024 240 3081 55
272 3025 388 3097 (hic
433 3027 537 3081 eol.
561 3026 728 3099 796):
757 3028 817 3085 Si
847 3029 983 3084 male
999 3031 1238 3102 egissem,
1266 3032 1333 3098 si,
1368 3032 1625 3100 quomodo
1657 3034 1787 3090 dicit

170 3116 415 3188 Lucifer,
433 3136 593 3174 essem
611 3121 908 3188 haereticus,
917 3124 1036 3194 jam
1061 3124 1191 3177 mihi
1217 3124 1514 3179 abstulisset
1540 3123 1684 3180 Deus
1704 3143 1785 3182 re-

1899 504 2046 562 linus
2075 506 2127 561 in
2156 505 2251 561 lib.
2284 521 2380 575 xv,
2405 520 2527 577 cap.
2562 507 2628 573 8,
2662 506 2759 562 ubi
2792 508 2908 563 hate
2934 506 3003 563 de
3026 506 3248 563 Liberio
3276 506 3507 564 Pontiﬁ—

1896 612 1999 655 ce:
2070 598 2428 655 Athanasium
2484 616 2576 670 per
2620 599 3048 673 subscriptionem
3104 599 3326 673 abjicere
3380 600 3501 656 sede

1896 691 2234 758 sacerdotali,
2260 692 2413 764 paria
2440 692 2665 747 sentiens
2694 692 2915 759 caeteris,
2937 690 3030 763 qui
3061 691 3385 759 renuebaut,
3404 696 3500 766 ju-

1897 784 2044 840 bente
2064 784 2340 857 Principe,
2371 784 2605 841 Liberius
2644 787 2907 851 monitus;
2937 796 3322 857 perseveranter
3356 788 3495 842 reni-

1896 876 2126 944 tebatur,
2157 895 2252 934 nec
2279 879 2447 934 nisum
2479 879 2757 948 hominem,
2806 897 2900 936 nec
2943 880 3182 935 auditum
3223 882 3491 952 damnare,

1895 976 2040 1043 nefas
2080 973 2321 1027 ultimum
2361 989 2499 1042 saepe
2536 974 2863 1039 exclamans,
2889 984 3067 1045 aperte
3090 974 3293 1030 scilicet
3322 976 3492 1029 recal-

1894 1066 2086 1135 citrans
2114 1064 2457 1138 Imperatoris
2501 1066 2737 1121 arbitrio.
2771 1066 2889 1135 Quo
2924 1067 2978 1121 in
3028 1066 3149 1122 loco
3189 1067 3262 1121 ita
3286 1065 3490 1122 Linde-

1893 1160 2117 1232 brogius
2137 1179 2149 1215 :
2176 1158 2452 1231 lpsissima
2476 1158 2670 1215 Liberii
2694 1160 2942 1233 Episwpi
2961 1160 3113 1215 verba
3135 1159 3205 1215 ad
3218 1159 3484 1216 Constant.

1893 1254 2093 1326 Imper.
2133 1254 2335 1323 Adiecit
2374 1254 2633 1310 Theodor.
2679 1252 2883 1309 Histor.
2919 1254 3011 1310 lib.
3048 1271 3082 1310 ll
3106 1272 3223 1324 cap.
3251 1255 3341 1320 16,
3375 1253 3486 1311 οὐδὲ

1891 1351 1993 1425 γὰρ
2035 1345 2133 1405 οἷόν
2163 1369 2218 1405 τι
2268 1348 2713 1423 καταψηφίζεσθαι
2752 1347 2933 1425 ἀνδρὸς
2974 1346 3028 1403 ὃν
3067 1349 3154 1403 οὐκ
3199 1348 3481 1425 ἐκρίναμεν.

1894 1440 2011 1508 Quo
2037 1442 2193 1496 etiam
2214 1442 2488 1511 pertinent.
2502 1456 2619 1511 qua:
2634 1439 2847 1509 Lucifer
2870 1438 3203 1495 Calaritanus
3217 1455 3312 1509 pro
3325 1438 3488 1493 Atha-

1892 1534 2043 1588 nasio
2075 1534 2302 1606 scripsit.
2340 1532 2585 1588 Sciebant
2611 1533 2693 1587 illi
2715 1548 2816 1586 non
2848 1532 3021 1586 divina
3044 1532 3212 1587 solum
3233 1532 3362 1602 lege.
3393 1531 3486 1586 sed

1892 1627 2048 1682 etiam
2076 1642 2149 1681 xtl
2183 1626 2366 1680 Tabul.
2390 1627 2602 1680 vetitum
2621 1626 2822 1681 indicta
2840 1642 2997 1680 causa
3011 1642 3318 1698 quemquam
3341 1627 3451 1681 oeci
3464 1653 3484 1667 ο

1891 1721 2034 1778 dere.
2063 1720 2212 1777 Salv.
2247 1718 2452 1775 Massil.
2486 1720 2708 1775 lib.vn|.
2730 1718 3326 1789 Basil.MagnusEpist.
3354 1735 3477 1786 ιη,

1814 1828 1862 1887 Β
1893 1832 2012 1887 pag.
2047 1814 2171 1870 518.
2189 1816 2479 1891 Κακούργος
2504 1816 2595 1886 μὲν
2618 1812 2782 1875 οὐδεὶς
2809 1811 2930 1871 ἄνευ
2962 1814 3189 1887 ἐλέγχων
3213 1811 3486 1870 καταδικά-

1890 1915 2051 1976 ζεται.
2084 1908 2376 1981 Sacrilegis
2398 1917 2455 1965 et
2487 1908 2854 1977 proditoribus
2875 1918 2929 1963 et
2956 1906 3215 1963 venelicis
3244 1914 3487 1977 potestas

1891 2002 2218 2059 defendendi
2240 2004 2321 2059 sui
2341 2005 2523 2069 datur,
2541 2016 2642 2058 nec
2660 2002 3024 2072 praedamnari
3048 2016 3374 2073 quemquam
3403 2000 3484 2057 in-

1888 2096 2107 2167 cognita
2138 2109 2328 2150 caussa
2363 2096 2511 2152 licet.
2540 2094 2781 2151 Lactant.
2801 2094 2892 2150 lib.
2919 2095 3173 2167 v,eap.i.
3200 2093 3485 2150 Horumli-

1889 2189 2111 2246 brorum
2134 2204 2345 2246 summa
2374 2201 2630 2247 accurate
2667 2190 2901 2246 confecit
2930 2190 3334 2260 Papebrochius
3359 2206 3482 2261 cap.

1888 2286 1923 2342 5
1948 2284 2087 2340 Vitae
2115 2284 2326 2351 Lueif.;
2358 2295 2411 2340 et
2433 2300 2560 2356 cap.
2586 2286 2642 2349 4,
2666 2284 2903 2339 affirmat
2926 2284 3149 2338 eosdem
3167 2284 3490 2354 conscriptos

1888 2393 1950 2432 ac
1976 2378 2338 2433 verosimiliter
2358 2377 2580 2444 oblatos,
2620 2388 2668 2432 et
2698 2394 2791 2449 per
2813 2376 3138 2432 Florentium
3168 2376 3337 2432 denuo
3364 2380 3483 2432 red-

1888 2474 2023 2528 ditos
2050 2473 2235 2538 uideri,
2267 2490 2382 2529 rum
2411 2473 2583 2529 adhuc
2605 2475 2947 2529 Germanicice
2967 2482 3095 2527 esset
3115 2471 3362 2541 Sanctus,
3389 2472 3482 2527 sub

1890 2564 2134 2621 Eudoxio
2163 2565 2356 2620 Ariano
2388 2564 2646 2637 Episcopo
2671 2550 2817 2620 exsul
2834 2582 2853 2620 :
2886 2566 2937 2619 in
2967 2579 3128 2636 quam
3156 2563 3480 2620 sententiam

1888 2660 2156 2716 adductus
2180 2659 2281 2715 fuit
2299 2661 2469 2731 ipsius
2491 2660 2726 2717 Luciferi
2749 2660 3002 2716 verbisin
3018 2661 3054 2714 l.
3071 2676 3087 2716 ι
3106 2659 3355 2732 p.65(hic
3375 2658 3478 2715 col.

1888 2753 2035 2824 850):
2066 2752 2156 2808 Vel
2167 2753 2235 2807 ad
2251 2770 2401 2824 quem
2425 2770 2505 2809 me
2517 2754 2788 2809 destinasti
2812 2752 3486 2819 Gerntaniciensiunt,Ado-

1886 2847 2047 2911 eius;
2075 2845 2165 2901 ubi
2205 2844 2651 2902 Germaniciense
2689 2846 2907 2917 quidem
2953 2846 3204 2902 exsilium
3242 2845 3483 2912 indicat,

1888 2938 2035 3010 quod
2066 2948 2225 2995 antea
2249 2939 2556 3010 pertulerit,
2591 2955 2696 2994 non
2727 2955 2856 2995 vero
2878 2940 3022 3010 quod
3051 2948 3162 2994 tum
3193 2940 3491 3011 perferret,

1887 3047 2011 3089 cum
2038 3033 2158 3089 haec
2196 3033 2507 3090 scribebat:
2558 3035 2762 3089 etenim
2794 3048 2919 3105 pag.
2954 3034 3017 3090 91
3058 3034 3163 3104 (hic
3191 3031 3293 3087 col.
3322 3032 3483 3104 857),

1888 3136 2083 3197 aperte
2109 3127 2402 3197 signiﬁcat,
2432 3126 2634 3183 bellum
2666 3136 2775 3180 tum
2820 3126 2961 3181 inter
2984 3126 3260 3181 Romanos
3285 3135 3342 3179 et
3363 3125 3491 3180 Per-

168 3231 362 3287 gnum;
381 3223 501 3285 etp.
520 3214 703 3287 58(hie
718 3218 819 3272 col.
839 3216 1071 3287 805):Si
1089 3217 1614 3289 fuissemhwreticus,
1634 3222 1702 3287 si,
1726 3231 1781 3275 ut
1811 3214 1857 3277 C
1888 3232 1978 3274 sas
2000 3220 2198 3274 iterum
2231 3220 2546 3285 exarsisse;
2572 3218 2867 3289 Soporinus
2900 3216 3181 3272 Persarum
3216 3233 3307 3271 rea:
3355 3232 3493 3269 nunc

169 3307 361 3363 dicunt
395 3308 630 3381 Lucifer,
652 3308 995 3375 Pancratius,
1022 3321 1071 3365 et
1111 3311 1374 3376 Hilarius,
1394 3313 1489 3368 Dei
1510 3316 1784 3388 impugna-

168 3418 281 3457 rem
306 3403 636 3475 religionem,
663 3405 847 3477 jamin
867 3422 946 3459 me
968 3406 1152 3476 fuisset
1170 3406 1508 3462 vindicatum.
1538 3408 1784 3478 Scriptus

170 3492 275 3549 fuit
309 3493 406 3550 hic
444 3493 583 3551 liber
632 3504 756 3566 post
780 3496 1294 3554 ‘Alexandriuorum
1325 3499 1531 3555 caedem
1556 3514 1583 3553 a
1612 3499 1784 3557 Geor-

170 3586 258 3657 gio
290 3585 620 3658 Cappadoce
647 3597 701 3643 et
717 3587 954 3660 Syriano
981 3589 1293 3646 Constantii
1324 3590 1472 3647 Duce
1510 3601 1783 3663 patratam

169 3696 260 3736 an.
296 3679 409 3737 556
446 3689 502 3736 et
545 3691 873 3738 commotam
924 3683 978 3739 in
1009 3683 1323 3739 Catholicos
1349 3699 1448 3756 per
1486 3684 1781 3756 IEgyptum

170 3773 468 3830 Antistitcs
497 3773 854 3831 ftedissimam
888 3786 1270 3847 tempestatem
1299 3818 1313 3843 ,
1357 3794 1519 3850 quam
1568 3779 1785 3836 Lucifer

169 3869 602 3938 memoratp.45
618 3868 722 3938 (hic
745 3886 790 3922 c.
819 3870 969 3941 808),
986 3878 1044 3927 et
1065 3870 1132 3924 ad
1155 3886 1246 3925 an.
1264 3869 1369 3926 558
1396 3870 1589 3928 referri
1607 3881 1786 3941 potest

169 3958 567 4031 chronologica
579 3959 825 4029 ejusdem
842 3961 967 4016 libri
989 3969 1137 4026 uota,
1154 3977 1419 4033 quoanno
1432 3963 1783 4020 Constantius

169 4053 462 4109 Sarmatas
492 4055 723 4123 primum
754 4064 808 4111 et
845 4055 1065 4124 Quados
1106 4058 1329 4113 omnino
1378 4059 1617 4130 subegit,
1653 4060 1782 4117 dein

170 4151 517 4223 Limigantes
540 4150 822 4208 Sarmatas
858 4153 1062 4224 ingenti
1096 4154 1325 4209 victoria
1357 4170 1389 4210 e
1416 4156 1529 4210 suis
1564 4155 1785 4212 sedibus

168 4246 361 4319 eiecit,
383 4244 527 4301 unde
550 4244 876 4302 Sarmaticus
902 4248 1202 4318 appellatus
1230 4264 1296 4303 ea:
1322 4249 1572 4303 vocabulo
1600 4250 1786 4303 subac-

169 4354 370 4409 torum,
414 4338 590 4410 inquit
618 4338 964 4396 Marcellinus
989 4340 1026 4393 Ι.
1062 4356 1188 4406 xvn,
1223 4354 1275 4396 c.
1310 4340 1378 4395 12
1410 4351 1464 4396 et
1496 4341 1562 4396 15
1595 4358 1607 4393 :
1643 4341 1785 4397 hanc

168 4433 383 4490 etenim
424 4432 712 4490 victoriam
747 4434 978 4489 innuere
1007 4434 1222 4490 videtur
1246 4434 1362 4503 ipse
1392 4433 1613 4490 Lucifer
1640 4448 1693 4504 p.
1712 4433 1784 4488 42

170 4527 283 4598 (hic
306 4525 415 4580 col.
440 4524 567 4596 807)
599 4524 700 4580 :Ut
732 4526 892 4595 igitur
922 4524 1072 4580 illum
1101 4525 1339 4597 (Achab)
1368 4526 1564 4591 eripuit
1590 4525 1732 4580 Deus
1752 4544 1784 4581 a

1889 3320 2071 3366 contra
2111 3322 2162 3367 te
2190 3312 2324 3383 gerit
2361 3311 2620 3379 prtelium.
2660 3309 2857 3366 Verum
2913 3318 3034 3377 post
3080 3307 3485 3364 Mediolanense

1886 3402 2195 3459 Concilium
2224 3414 2278 3459 et
2306 3419 2397 3459 an.
2426 3404 2554 3471 555,
2585 3413 2794 3473 pacatae
2822 3402 3058 3457 induciis
3087 3418 3176 3457 res
3208 3401 3377 3458 fuisse
3410 3402 3487 3456 vi-

1888 3496 2087 3552 dentur
2106 3510 2229 3551 cum
2256 3496 2471 3561 Persis;
2503 3495 2668 3551 immo
2692 3495 2761 3551 de
2788 3510 2919 3566 pace
2943 3506 3124 3549 autum
3165 3494 3264 3549 fuit
3286 3510 3315 3548 a
3341 3492 3486 3549 Con-

1886 3588 2091 3644 stantio
2123 3603 2211 3644 an.
2243 3588 2349 3646 556
2374 3630 2391 3657 ,
2417 3589 2641 3644 omnino
2682 3587 2945 3643 firmanda
2972 3603 3094 3643 cum
3131 3586 3325 3643 iisdem
3351 3628 3366 3653 ,
3395 3586 3488 3656 qui

1885 3683 1941 3738 in
1971 3682 2182 3738 Oriente
2204 3700 2295 3752 per
2315 3688 2456 3756 furta
2480 3694 2528 3737 et
2558 3683 2835 3738 latrocinia
2866 3682 3038 3752 potius
3055 3721 3069 3745 ,
3096 3696 3251 3751 quam
3272 3721 3287 3746 ,
3318 3689 3375 3733 ut
3402 3696 3488 3734 so-

1887 3776 2058 3832 lebant
2080 3786 2252 3841 antea,
2276 3792 2368 3848 per
2392 3777 2805 3831 concursatorias
2832 3790 3032 3845 pugnas
3055 3773 3320 3827 hominum
3348 3788 3483 3841 prte-

1887 3868 1982 3923 das
2012 3869 2277 3944 agitabant
2303 3879 2352 3924 et
2372 3885 2636 3940 pecorum,
2665 3869 2836 3937 inquit
2863 3866 3205 3922 Marcellinus
3234 3864 3329 3921 lib.
3361 3880 3449 3920 xvr
3470 3904 3484 3928 ,

1887 3977 2008 4033 cap.
2042 3962 2099 4030 9,
2132 3972 2188 4018 et
2213 3962 2314 4017 sub
2340 3963 2545 4018 exitum
2572 3963 2699 4017 anui
2729 3961 2855 4026 557,
2889 3976 2952 4015 ac
2973 3960 3188 4015 initium
3220 3974 3312 4015 an.
3345 3958 3482 4023 558,

1889 4055 2081 4111 littera:
2119 4057 2372 4126 utrinque
2410 4066 2466 4112 et
2505 4056 2662 4127 legati
2694 4055 2847 4110 missi
2876 4055 3093 4109 fuerunt
3118 4096 3131 4117 ,
3156 4066 3265 4124 quo
3290 4050 3485 4107 stabile

1885 4148 2102 4204 demum
2131 4149 2308 4207 ftelus
2338 4150 2590 4218 iniretur,
2636 4150 2712 4204 uti
2756 4148 2897 4205 idem
2942 4155 3170 4203 testatur
3197 4147 3291 4203 lib.
3338 4161 3479 4213 xvn,

1885 4260 2007 4316 cap.
2028 4247 2080 4301 5.
2106 4246 2177 4302 At
2196 4244 2430 4301 Romani
2453 4245 2661 4316 negotio
2682 4244 2948 4299 redierunt
2971 4244 3163 4314 infecto
3185 4256 3215 4295 e
3234 4238 3480 4306 Perside,

1886 4338 2072 4394 subdit
2110 4339 2158 4393 is
2179 4354 2299 4408 cap.
2328 4338 2417 4404 14,
2446 4348 2499 4393 et
2530 4337 2705 4406 Sapor
2739 4337 3027 4391 Persarum
3074 4351 3167 4389 rex
3194 4375 3208 4401 ,
3252 4347 3479 4403 compo-

1885 4432 1986 4487 sita
2007 4447 2139 4503 pace
2163 4447 2287 4488 cum
2310 4430 2601 4498 Chionitis,
2622 4440 2678 4485 et
2699 4429 2941 4495 Gelanis,
2966 4436 3156 4483 contra
3179 4442 3315 4497 quos
3328 4426 3483 4482 bien-

1890 4528 1980 4583 uio
2014 4525 2129 4583 fere
2154 4536 2283 4583 ante
2312 4526 2514 4582 bellum
2547 4532 2825 4596 gesserat,
2864 4537 2954 4577 an.
2986 4520 3124 4589 559,
3157 4520 3285 4577 totis
3310 4520 3482 4591 impe-

170 4620 281 4690 ﬁlio
299 4617 515 4673 Jadcris
528 4618 699 4691 Syrite
711 4620 951 4691 regis,sic
968 4621 1122 4674 etiam
1137 4628 1185 4673 te
1199 4620 1261 4674 ab
1275 4620 1514 4674 omnibus
1525 4620 1778 4687 perimere
1803 4609 1858 4671 D
1882 4626 1948 4682 τῇ
1996 4625 2202 4681 viribus
2265 4623 2540 4679 Romanos
2590 4634 2878 4691 aggressus
2940 4627 3025 4675 est
3050 4661 3066 4686 ,
3124 4626 3177 4674 et
3231 4626 3481 4672 autumno

171 4714 501 4785 cupientibus
530 4714 718 4784 eripuit
746 4722 897 4785 atque
932 4714 1266 4783 eripit....ad
1291 4713 1387 4769 hoc
1434 4722 1491 4769 ut
1526 4715 1782 4783 conjicere

174 4809 349 4877 possis
372 4822 475 4861 non
498 4823 595 4878 pro
612 4808 810 4861 meritis
823 4807 947 4875 fidei
965 4816 1069 4862 tute
1081 4823 1144 4861 ae
1156 4808 1275 4862 vita:
1287 4808 1378 4862 tibi
1400 4808 1666 4862 victoriam
1692 4806 1786 4861 tri-

174 4901 394 4966 butam;
424 4900 527 4954 uisi
551 4900 682 4955 velit
704 4900 751 4955 is
778 4914 1042 4957 revocare
1068 4901 1120 4955 in
1152 4902 1471 4956 memoriam
1502 4898 1778 4955 Constan-

176 4996 252 5051 tio
308 4993 599 5050 victoriam
646 4991 716 5048 de
778 4991 1085 5060 Magnentio
1130 4992 1388 5065 Tyranno
1440 4992 1670 5048 relatam
1723 4994 1777 5047 in

178 5085 467 5144 Pannonia
511 5083 652 5156 apud
682 5083 916 5140 Mursam
964 5100 1058 5140 an.
1088 5084 1216 5141 551.
1246 5084 1467 5141 Lucifer
1504 5086 1605 5141 hoc
1634 5100 1779 5141 anno

178 5177 310 5244 558,
338 5176 559 5233 tertium
588 5176 698 5246 iam
718 5176 968 5232 exsilium
998 5175 1407 5249 Eleutlteropoli
1425 5177 1779 5234 invictissime

180 5273 414 5331 ferebat.

253 5366 463 5425 Eodem
491 5365 544 5421 in
578 5365 697 5421 loco
724 5363 863 5421 duos
908 5364 1079 5421 libros
1103 5364 1274 5422 edidit
1297 5380 1395 5437 pro
1444 5366 1504 5423 S.
1540 5364 1780 5422 Athana-

181 5464 288 5531 sio,
314 5461 471 5531 cujus
500 5474 749 5515 caussam
772 5458 845 5514 ita
873 5467 1057 5516 tuetur
1071 5461 1415 5532 gravissimis
1441 5462 1778 5534 argumentis

184 5568 241 5615 et
268 5570 552 5613 sacrorum
575 5555 844 5611 librorum
873 5554 1224 5624 testimoniis,
1243 5566 1303 5611 ut
1335 5558 1471 5612 mira
1501 5558 1707 5629 ingenii
1729 5559 1777 5614 vi

187 5652 349 5710 facile
377 5653 669 5707 convincat
699 5649 1054 5705 Athanasium
1100 5664 1202 5705 nec
1238 5651 1412 5705 visum
1464 5650 1739 5708 hominem
1761 5696 1776 5721 ,

188 5759 291 5802 nec
320 5743 562 5800 auditum
610 5743 665 5799 in
692 5740 1173 5812 judicio'damnari
1204 5756 1311 5798 non
1349 5744 1596 5813 potuisse
1620 5788 1635 5814 ,
1669 5755 1723 5802 et
1749 5762 1780 5803 e

190 5846 286 5895 sua
310 5837 441 5896 sedc
463 5836 626 5909 dcjici
648 5835 1069 5896 Mcdiolancnsls
1089 5836 1314 5896 Concilii
1345 5849 1400 5897 et
1429 5839 1780 5911 Imperatoris

1881 4719 2139 4773 introrsus
2183 4716 2418 4771 tendente
2465 4713 2715 4772 Amidam
2768 4713 3055 4770 obsidione
3094 4712 3300 4778 cinxit;
3357 4727 3479 4781 qum

1884 4812 2006 4869 fuse
2037 4819 2225 4867 narrat
2251 4811 2504 4866 laudatus
2539 4816 2735 4865 auctor
2759 4818 2870 4863 toto
2898 4808 2991 4862 lib.
3024 4823 3179 4862 xvm.
3218 4805 3354 4861 Hinc
3375 4804 3478 4874 igi-

1887 4918 1974 4963 tur
2001 4906 2266 4976 coniicias
2295 4905 2460 4971 licet,
2493 4916 2784 4975 utrumque
2819 4917 2917 4972 pro
2945 4901 3243 4957 Athanasio
3280 4901 3478 4955 librum

1884 5000 2150 5068 scriptum
2184 4998 2356 5053 fuisse
2384 5012 2415 5052 a
2453 4996 2706 5052 Lucifero
2736 5004 2970 5050 exeunte
2989 4995 3121 5051 circ.
3146 5008 3235 5048 an.
3269 4990 3395 5055 559,
3426 4999 3484 5046 et

1885 5094 2103 5162 incepto
2132 5108 2222 5148 an.
2255 5088 2390 5157 560,
2427 5103 2486 5146 ut
2508 5091 2892 5148 Tillemontius
2912 5132 2927 5155 ,
2959 5084 3397 5143 Moutfanconius
3425 5092 3482 5138 et

1883 5185 2204 5243 Gallaudius
2234 5195 2387 5241 recte
2408 5183 2705 5239 affirmant.
2745 5183 2911 5237 Paulo
2939 5180 3190 5252 superius
3234 5175 3482 5234 animad-

1883 5277 2149 5332 vertimus
2174 5277 2466 5331 Baronium
2492 5277 2544 5331 iu
2577 5290 2639 5331 ea
2669 5288 2790 5331 esse
2838 5273 3123 5343 opinione,
3171 5270 3341 5326 libros
3370 5282 3483 5341 pro

1885 5369 2186 5426 Athanasio
2234 5385 2342 5426 una
2375 5385 2498 5427 cum
2540 5369 2756 5424 duobus
2787 5368 2909 5423 aliis
2951 5368 3016 5422 de
3046 5382 3150 5421 non
3196 5365 3484 5421 communi-

1886 5465 2053 5521 cando
2081 5481 2201 5518 cum
2230 5464 2489 5519 haereticis
2515 5474 2570 5519 et
2602 5464 2666 5518 de
2700 5462 2924 5533 Regibus
2953 5462 3269 5526 Apostaticis
3287 5460 3478 5516 eodem

1892 5570 2137 5632 tempore
2167 5557 2488 5630 Imperatori
2520 5559 2737 5615 oblatos
2764 5559 2966 5623 fuisse;
2997 5568 3052 5613 et
3074 5556 3485 5628 Papebrochius

1889 5668 2010 5724 cap.
2042 5668 2118 5720 IV,
2152 5652 2475 5724 oeriusiessc
2504 5653 2636 5725 jaitj,
2663 5651 2831 5724 'quod’
2854 5649 3187 5706 Constantius
3207 5650 3487 5723 prioribus

1890 5750 2065 5814 libris,
2107 5748 2319 5803 scilicet
2356 5762 2459 5819 pro
2490 5746 2549 5805 S.
2573 5746 2905 5813 Athanasio,
2953 5761 3059 5801 una
3095 5762 3214 5801 cum
3240 5746 3485 5803 Auctoris

1887 5842 2209 5915 confessione
2234 5840 2691 5914 receptis,longius
2711 5855 2828 5895 cum
2857 5839 3130 5913 transferri
3148 5842 3371 5911 jusserit
3395 5857 3482 5900 se-
