3972 6352
143 320 235 375 735

1570 269 1967 365 natarum.

3313 296 3418 359 73b

144 436 213 497 lit,
242 446 392 502 quam
423 443 481 483 se
504 426 819 481 avidis~ime
848 440 1050 496 cupere
1073 432 1345 480 testatur:
1376 423 1517 479 hauc
1537 431 1720 479 tamen
1751 427 1796 490 Α
1827 423 2042 477 videtur
2067 422 2238 477 latino
2271 436 2525 478 sermone
2568 423 2796 489 scripta,
2833 431 2888 476 ut
2916 437 3038 476 cum
3073 421 3192 490 ipso
3234 420 3418 475 Mont—

144 522 361 595 martyrii
379 520 606 592 gloriam
628 522 783 588 plane
800 530 996 575 constat
1011 528 1118 573 tum
1139 517 1500 574 Constantium
1518 517 1713 588 ipsum,

143 628 233 671 tum
260 615 470 668 Arianos
493 622 702 667 caeteros
726 612 807 666 illi
843 612 1106 677 incidisse,
1152 611 1229 666 ait
1261 611 1529 674 Batonius
1558 625 1710 665 num.

142 711 219 774 80,
249 709 387 777 cujus
414 722 468 760 se
496 706 624 759 adeo
654 704 901 776 cupidum
953 715 1024 760 tot
1046 706 1301 777 tantisque
1331 707 1537 775 scriptis
1564 704 1715 758 editis

144 818 236 871 prd:
248 817 297 853 se
316 799 521 870 ferebat.
560 797 746 853 Verum
769 816 831 853 ea:
844 800 945 865 his,
971 799 1161 855 scribit
1187 799 1327 854 idem
1347 809 1537 853 auctor
1560 815 1710 854 num.

143 899 215 962 73,
237 912 343 967 qua:
364 895 543 949 eodem
564 895 694 949 libro
717 895 933 965 inferius
958 895 1022 948 de
1049 893 1287 950 Eudoxio
1301 895 1372 948 ait
1398 912 1429 947 a
1462 894 1716 949 Constan-

144 994 201 1045 tio
224 974 426 1056 suffecto
452 989 505 1042 in
550 990 715 1043 locum
743 986 1041 1043 Macedonii
1071 988 1123 1042 in
1152 990 1321 1042 sedem
1350 987 1716 1043 Constantino-

142 1086 411 1153 politanam,
459 1094 574 1154 post
610 1085 866 1137 biennium
909 1084 1327 1137 commentarium
1364 1083 1509 1136 illum
1554 1083 1715 1152 fuisse

141 1176 357 1246 scriptum
386 1186 627 1245 apparet,
656 1192 719 1229 ac
746 1176 964 1247 proinde
993 1190 1106 1246 qute
1152 1190 1317 1243 nuper
1337 1175 1463 1228 dicit
1502 1174 1563 1226 ab
1601 1176 1714 1242 ipso

141 1273 255 1337 facta
278 1284 381 1321 esse
402 1285 494 1322 suo
526 1269 773 1338 rescripto
806 1268 857 1320 in
881 1266 1173 1321 Ecclesium
1198 1267 1605 1321 Alexandrinam
1634 1267 1715 1319 di-

140 1377 261 1415 versa
293 1361 350 1413 ab
398 1361 502 1415 illis
539 1361 721 1431 fuisse,
753 1376 869 1431 quas
898 1376 961 1415 ει
1001 1361 1285 1415 Athanasio
1312 1361 1555 1431 superius
1594 1369 1715 1414 sunt

140 1455 382 1517 recensita,
417 1453 597 1524 liquet.
630 1453 698 1507 At
731 1453 797 1507 de
825 1452 975 1508 hisce
1001 1452 1053 1507 iu
1082 1451 1484 1507 Alexandrinos
1515 1451 1716 1506 crude-

140 1548 244 1603 liter
264 1548 481 1618 patratis
505 1548 630 1603 vide
658 1563 779 1619 qute
804 1550 856 1602 iu
892 1548 1033 1603 notis
1074 1548 1139 1603 ad
1167 1546 1311 1602 hunc
1344 1546 1578 1602 Luciferi
1611 1545 1709 1601 lib.

72 1674 77 1679 ι
140 1639 224 1709 ipsi
249 1639 563 1710 conjicinms
592 1655 606 1705 ;
632 1650 686 1695 et
713 1655 837 1695 cum
867 1639 1105 1695 Baronio
1127 1639 1711 1705 sentimus,diversam

139 1745 238 1785 esse
278 1730 769 1785 Alexandrinorum
816 1730 1023 1786 caedem
1047 1746 1076 1785 a
1104 1730 1353 1787 Lucifero
1383 1745 1435 1801 p.
1465 1730 1573 1786 252
1606 1730 1713 1802 (hic

1822 516 1964 570 faue.
1993 515 2351 570 observamus
2374 515 2427 570 in
2451 524 2577 570 nota
2606 516 2788 570 eidem
2812 513 3027 585 adjecta
3047 532 3099 583 p.
3116 511 3345 583 810(lsic
3367 529 3415 566 ο.

1826 608 1962 663 1010
1976 608 2171 679 not.q).
2189 608 2359 663 Porro
2381 607 2523 663 idem
2540 606 2744 663 Montis
2755 622 2838 662 uc.
2861 606 3002 662 falso
3019 615 3287 668 autumat,
3303 606 3423 676 epl-

1819 703 2014 756 stolam
2049 704 2277 772 primum
2302 707 2436 773 forte
2466 703 2624 771 paulo
2655 711 2769 771 post
2799 702 3039 756 exsilium
3068 700 3317 772 Luciferi,
3352 701 3420 755 ad

1820 795 1964 852 hune
2016 797 2084 851 ab
2132 794 2433 852 Athanasio
2476 798 2739 861 missam;
2785 796 3018 866 ideoque
3064 811 3154 849 an.
3199 794 3421 850 circiter

1818 889 1945 956 556,
1989 905 2113 945 eum
2148 887 2370 945 Lucifer
2412 905 2480 944 ne
2523 880 2759 959 primum
2796 887 3015 959 quidem
3061 887 3298 942 fortasse
3351 886 3418 942 li—

1819 982 1973 1037 brum
2020 984 2084 1036 de
2125 1000 2225 1037 non
2273 982 2621 1037 eonvcniendo
2665 998 2779 1036 cum
2828 980 3086 1036 haereticis
3129 980 3416 1037 edidisset.

1820 1074 2227 1144 Papehrochius
2257 1083 2546 1145 utramque
2572 1075 2858 1145 epistolam
2886 1074 3056 1130 refert
3085 1075 3136 1129 in
3166 1089 3257 1128 an.
3288 1074 3417 1142 560,

1820 1182 1941 1221 nam
1977 1168 2085 1222 htec
2114 1169 2308 1234 omnia,
2344 1169 2423 1224 ait
2474 1184 2600 1239 cap.
2643 1170 2675 1224 4
2709 1168 2775 1223 de
2808 1168 2967 1224 libris
3002 1169 3217 1224 scilicet
3256 1167 3419 1223 Luci-

1818 1261 2068 1328 ferianis,
2100 1264 2360 1332 accepisse
2389 1264 2750 1331 Athanasium,
2781 1280 2895 1317 cum
2932 1264 2986 1318 in
3018 1274 3202 1333 quarto
3231 1262 3417 1318 exsilio

1819 1356 2055 1423 partibus
2102 1356 2326 1431 Egypti
2375 1359 2594 1411 vicinior
2642 1358 2847 1431 degeret
2896 1357 3113 1414 Lucifer
3140 1372 3228 1411 an.
3263 1356 3415 1426 360.,

1814 1450 1932 1503 ideo
1954 1452 2239 1519 persuadeo
2250 1470 2288 1517 π’,
2313 1453 2432 1523 quia
2459 1462 2507 1507 et
2528 1453 2732 1506 titulum
2752 1454 2996 1523 postremi
3020 1452 3159 1519 libri,
3190 1460 3236 1504 et
3260 1450 3415 1506 fren-

1815 1542 1978 1599 dores
2015 1545 2319 1599 diabolieos
2364 1546 2679 1613 calcandos,
2724 1555 2769 1600 et
2815 1546 2949 1600 alias
2975 1547 3059 1600 hic
3085 1554 3417 1602 occurrentes

1817 1636 2028 1706 phrases
2052 1637 2281 1704 observo,
2317 1639 2370 1693 in
2402 1638 2640 1694 secunda
2674 1637 2932 1692 nimirum
2966 1639 3213 1709 ejusdem
3245 1638 3416 1693 Atha-

1818 1734 1955 1787 nasii
2010 1734 2266 1802 epistula.
2317 1734 2424 1789 Sed
2475 1735 2623 1805 prior
2666 1735 2901 1805 epistola
2955 1735 3009 1788 in
3053 1749 3143 1787 an.
3193 1734 3413 1802 quidem

143 1825 223 1878 col.
248 1821 397 1895 lilii)
419 1823 504 1878 hic
533 1830 891 1879 memoratam
912 1823 980 1879 ab
1002 1823 1114 1889 illa,
1135 1839 1254 1894 qua:
1275 1839 1363 1878 au.
1389 1822 1516 1887 356,
1549 1823 1713 1893 impie
1742 1830 1790 1890 Β
1817 1825 1924 1882 560
1953 1826 2108 1896 rejici
2133 1826 2423 1882 commode
2454 1836 2655 1897 potest,
2691 1843 2798 1881 non
2834 1828 2963 1881 item
3010 1827 3209 1891 altera,
3247 1839 3412 1897 quam

140 1917 394 1971 commissa
424 1915 524 1970 fuit
557 1917 932 1987 postejectum
961 1932 990 1971 e
1022 1930 1115 1970 sua
1148 1915 1277 1971 sede
1312 1915 1666 1969 Athanasium
1688 1957 1705 1983 ,

142 2024 375 2079 quamque
400 2008 736 2064 Athanasius
764 2011 881 2080 ipse
908 2008 1174 2063 describit
1201 2010 1252 2062 in
1292 2008 1449 2077 Apol.
1480 2005 1550 2061 de
1583 2006 1704 2077 fuga

144 2115 238 2166 sua,
263 2100 390 2155 etin
421 2101 587 2171 epist.
620 2100 687 2155 ad
719 2101 880 2156 Solit.
912 2099 1113 2155 Ver-nm
1142 2100 1290 2155 enim
1328 2114 1459 2154 vero
1489 2107 1709 2154 senten-

145 2195 250 2247 tiam
278 2193 509 2262 ejusdem
541 2191 763 2248 Barouii
798 2209 903 2247 non
935 2194 1255 2263 probamus,
1286 2206 1412 2246 cum
1443 2190 1705 2257 affirmat,

148 2296 235 2353 post
262 2287 509 2339 biennium
536 2286 609 2342 ab
637 2297 898 2357 occupata
926 2301 1024 2357 per
1056 2285 1358 2340 Eudoxium
1387 2286 1710 2341 Constanti-

151 2380 418 2449 uopolitaua
448 2379 580 2435 sedo
598 2380 1028 2437 commentarium
1056 2381 1199 2435 hunc
1222 2379 1387 2449 fuisse
1412 2380 1665 2447 scriptum
1689 2394 1709 2433 :

150 2473 343 2543 quippe,
376 2475 417 2528 si
459 2488 654 2528 utense
690 2474 950 2531 Januario
988 2476 1111 2528 anni
1147 2473 1253 2529 380
1294 2473 1570 2529 Eudoxius
1599 2473 1712 2529 suf-

152 2566 294 2622 fectus
318 2578 396 2623 est
424 2568 745 2623 Macedonio
778 2568 1047 2639 Episcopo
1073 2567 1706 2639 Constantinopolitano,

152 2663 464 2732 consequitur
514 2662 665 2718 itane
716 2664 911 2717 librum
958 2677 988 2717 a
1038 2662 1290 2717 Lucifero
1339 2661 1707 2733 compositum

153 2758 290 2812 fuisse
336 2773 420 2813 an.
471 2759 605 2823 ὅδε,
655 2772 777 2815 eum
819 2756 1171 2813 Constantius
1220 2772 1362 2812 anno
1420 2767 1548 2812 ante
1598 2755 1709 2826 iam

150 2834 356 2917 obierat,
396 2862 446 2905 et
482 2852 737 2907 Julianus
769 2852 1072 2922 Imperator
1104 2851 1299 2907 eodem
1330 2867 1419 2904 an.
1467 2851 1567 2906 561
1616 2865 1712 2905 ex-

148 2951 267 2998 sules
289 2945 587 3016 l-Ipiscopos
618 2947 683 2998 ad
711 2960 837 3001 suas
862 2945 1132 3001 Ecclesius
1152 2946 1330 2999 redire
1355 2944 1707 3013 permiserat,

153 3045 267 3090 :ttcx
310 3036 602 3093 Ammiano
627 3038 982 3109 intelligimus
1003 3038 1098 3092 lib.
1130 3053 1265 3103 xxii,
1298 3036 1414 3105 cap.
1443 3035 1477 3089 li
1504 3050 1519 3101 ι
1543 3035 1715 3091 Geor-

150 3129 219 3195 gio
246 3142 408 3184 autem
440 3130 770 3202 Cappadoce
802 3132 869 3186 ab
898 3129 1281 3185 Alexandrinis
1310 3128 1441 3185 sedo
1462 3128 1707 3197 discerp-

1812 1923 1954 1977 ltlem
2004 1923 2413 1993 Papebrochius
2463 1924 2515 1977 in
2567 1923 2761 1978 Temo.
2809 1923 2827 1978 l
2875 1922 2999 1976 Maii
3060 1921 3309 1976 Bolland.
3360 1921 3414 1977 in

1811 2014 1922 2068 Vit.
1962 2014 2021 2071 8.
2055 2015 2257 2069 Athan.
2301 2030 2421 2086 cap.
2455 2015 2526 2070 2i
2570 2016 2775 2071 clarius
2807 2016 2998 2071 scribit
3029 2017 3203 2069 datam
3248 2016 3417 2071 fuisse

1809 2108 1947 2162 circa
1991 2125 2075 2161 an.
2109 2123 2299 2164 CCCLX.
2336 2109 2485 2164 Missi
2531 2110 2754 2177 quidem
2798 2107 2901 2163 hoc
2931 2125 3077 2163 anno
3111 2109 3331 2163 fuerant
3378 2121 3409 2162 a

1810 2202 2063 2259 Lucifero
2120 2203 2187 2257 ad
2250 2202 2638 2268 Athanasium,
2700 2203 2793 2274 qui
2854 2204 3007 2258 illum
3070 2205 3413 2270 inviserent,

1809 2309 1862 2353 et
1884 2313 1981 2377 per
2012 2313 2146 2369 quos
2179 2297 2249 2353 de
2273 2298 2658 2353 communibus
2688 2299 2974 2366 utriusque
3006 2298 3157 2352 curis
3184 2302 3411 2369 ageret;

1808 2389 1904 2445 sed
1925 2404 2022 2445 eos
2042 2390 2374 2445 Athanasius
2401 2406 2503 2445 nec
2523 2390 2728 2455 videre,
2758 2404 2857 2444 nec
2880 2389 3086 2458 alloqui
3118 2397 3371 2459 potuerat
3392 2427 3409 2455 ,

1808 2500 1931 2540 cum
2003 2486 2056 2540 in
2126 2486 2458 2540 secretiores
2522 2485 2761 2539 latebras
2816 2483 3120 2555 aufugisset
3186 2480 3415 2537 insidias

1809 2579 2017 2634 veritus
2047 2579 2392 2643 Arianorum,
2422 2578 2514 2649 qui
2542 2578 2735 2632 itinera
2764 2576 3154 2638 observabant,
3178 2584 3232 2629 et
3258 2588 3415 2628 curas

1810 2681 2002 2745 agttttl,
2034 2674 2108 2726 ait
2141 2672 2337 2742 ipsein
2370 2672 2559 2727 eadem
2591 2671 2841 2741 epistola,
2875 2671 2939 2726 de
2968 2666 3415 2740 proficiscentibus

1811 2776 1855 2818 et
1878 2765 2185 2819 exeuntibus
2215 2766 2278 2819 de
2298 2764 2501 2818 civitate
2530 2762 2899 2818 Alexandrina
2925 2803 2940 2828 ,
2974 2777 3125 2816 naves
3152 2768 3412 2831 qutrrunt,

1812 2860 2025 2914 eremias
2054 2868 2259 2930 gyrant,
2298 2860 2477 2913 domos
2506 2858 2831 2929 perturbant,
2866 2857 3167 2911 concutiunt
3200 2856 3409 2925 fratres,

1811 2958 2029 3027 singulis
2060 2959 2266 3027 negotia
2290 2958 2631 3023 concinnant,
2666 2965 2717 3010 et
2746 2953 2926 3024 paullo
2966 2961 3092 3007 ante
3122 2952 3172 3005 in
3215 2951 3407 3005 Mona-

1812 3053 1945 3105 chos
1962 3066 2057 3121 per
2071 3049 2288 3121 Egypti
2317 3049 2640 3105 solitudines
2663 3048 2889 3118 impune
2911 3044 3142 3117 grassati
3165 3043 3409 3110 fuerant;

1812 3158 1972 3213 quam
2007 3152 2382 3210 tempestatem
2417 3142 2569 3196 initio
2611 3140 2864 3195 secunda:
2915 3137 3161 3209 epistolae
3210 3136 3415 3191 iudicat

153 3230 193 3273 to
216 3224 302 3277 sub
330 3225 544 3280 initium
579 3225 706 3279 anni
732 3224 861 3291 56%,
913 3223 1239 3281 Athanasius
1268 3224 1319 3277 in
1348 3237 1502 3276 suam
1523 3220 1708 3279 sedem

1818 3241 1957 3295 idem
1994 3241 2357 3293 Athanasius:
2394 3236 2509 3292 htoc
2540 3252 2672 3289 vero
2699 3235 2891 3290 eodeni
2918 3249 3061 3288 anno
3087 3230 3194 3287 560
3225 3230 3415 3285 viden-

153 3313 282 3379 paulo
304 3324 418 3385 post
461 3315 758 3370 restitutus
780 3314 901 3381 fuit,
926 3314 1017 3385 qui
1041 3324 1224 3370 tamen
1246 3329 1438 3369 omnes
1467 3311 1708 3367 Luciieri

154 3405 287 3460 libros
310 3409 455 3462 exsul
477 3407 663 3461 adhuc
690 3416 999 3478 acceperat,
1028 3417 1087 3461 ut
1114 3406 1283 3476 ipsius
1305 3406 1369 3460 ad
1401 3404 1707 3461 Lucifermn

153 3498 343 3567 epistola
358 3511 612 3557 testatur.
640 3502 909 3557 Prarterea
930 3517 1105 3572 neque
1128 3501 1708 3571 Papehrocltioassen-

155 3588 305 3657 timur,
357 3593 439 3649 cui
497 3593 655 3649 lubet
702 3606 1038 3663 postremum
1108 3593 1211 3647 hoc
1271 3592 1506 3647 Luciferi
1572 3607 1709 3662 opus

156 3692 250 3747 post
268 3685 465 3741 initium
489 3686 610 3742 fere
636 3702 726 3739 au.
753 3685 859 3741 560
894 3686 1269 3742 elueubrstum
1300 3688 1470 3741 fuisse
1493 3703 1506 3751 ;
1530 3694 1710 3757 poste-

155 3792 245 3832 rius
270 3780 520 3850 siquidem
574 3792 657 3836 est
712 3782 855 3836 libro
906 3781 972 3835 de
1006 3797 1110 3835 non
1153 3781 1414 3853 parcendo
1448 3782 1499 3835 in
1537 3780 1708 3835 Deum

156 3868 521 3942 delinquentibus
557 3876 765 3945 scripto
796 3890 940 3931 anno
970 3877 1090 3946 ipso
1138 3874 1263 3942 560,
1300 3891 1419 3930 cum
1464 3876 1706 3931 nondum

157 3964 360 4021 audisset
412 3967 638 4025 Lucifer
685 3969 756 4025 de
805 3970 1416 4039 Constantinopolitano
1475 3968 1705 4025 Eudoxii

159 4053 472 4130 Episcopatu.
526 4061 710 4130 Quare
760 4062 901 4117 hanc
948 4063 999 4115 in
1047 4077 1160 4116 rem
1203 4060 1283 4115 sic
1331 4061 1705 4127 decernimus,

156 4148 316 4207 librum
348 4155 504 4223 hunc,
544 4158 633 4211 cui
668 4158 859 4211 titulus
911 4156 1241 4210 Moriendum
1280 4172 1390 4209 esse
1426 4173 1518 4223 pro
1566 4155 1706 4211 Filio

159 4240 260 4310 Dei,
296 4258 410 4302 ante
436 4250 743 4305 Constantii
792 4260 1057 4316 mortem,
1091 4264 1214 4321 qme
1245 4250 1444 4307 accidit
1475 4266 1533 4304 ιιι
1561 4249 1703 4306 Non.

155 4336 316 4394 Octob.
358 4345 469 4398 sive
498 4343 791 4410 Novemb,
839 4353 897 4399 ut
927 4345 1138 4399 malunt
1180 4344 1293 4411 alii,
1337 4345 1463 4398 anni
1510 4344 1636 4411 561,
1673 4359 1704 4399 a

158 4427 366 4491 Lucifero
390 4437 729 4509 descriptum
768 4439 1088 4509 editumque
1122 4439 1311 4503 fuisse,
1343 4449 1395 4493 et
1436 4454 1582 4493 anno
1611 4449 1707 4496 aut

155 4524 237 4582 560
262 4530 320 4585 ad
349 4534 549 4589 exitum
590 4534 708 4589 fore
740 4535 1027 4604 perducto,
1084 4535 1207 4591 licet
1239 4535 1622 4592 Tilleutontius
1651 4546 1706 4593 et

1815 3345 1901 3387 tur
1927 3334 2171 3388 evenisse
2200 3340 2321 3401 post
2351 3332 2606 3400 scriptam
2638 3329 2873 3400 priorem
2903 3325 3185 3396 epistolam
3220 3341 3233 3376 :
3259 3337 3416 3377 cum-

1812 3442 1918 3498 que
1958 3427 2010 3481 itt
2045 3424 2277 3480 secunda
2309 3433 2647 3495 postremum
2690 3436 2906 3492 quoque
2936 3418 3167 3474 Luciferi
3210 3416 3408 3471 librum

1811 3536 1869 3574 se
1942 3516 2215 3589 accepisse
2288 3516 2471 3582 dicat,
2546 3513 2636 3585 qtti
2694 3515 2927 3582 scriptus
3002 3511 3099 3565 fuit
3152 3524 3241 3563 au.
3307 3505 3414 3563 560

1811 3620 2065 3677 exeunte,
2110 3611 2192 3664 vel
2221 3612 2399 3681 potius
2429 3609 2585 3663 initio
2632 3624 2720 3661 an.
2753 3606 2879 3673 561,
2935 3604 2999 3659 ad
3047 3606 3190 3658 hunc
3234 3602 3412 3672 ipsum

1812 3719 2009 3759 annmu
2036 3704 2201 3758 altera
2234 3704 2346 3757 lucc
2379 3702 2611 3772 cpistola
2641 3698 2862 3753 omnino
2889 3698 3047 3752 debet
3089 3694 3303 3750 referri.
3333 3694 3410 3749 De

1810 3796 2039 3868 epistola
2065 3804 2294 3865 utraque
2328 3794 2441 3848 haec
2464 3792 2730 3847 Batonius
2752 3792 2818 3844 ad
2847 3806 2933 3843 an.
2966 3789 3094 3854 356,
3127 3802 3278 3841 num.
3315 3786 3406 3841 75.

1811 3888 1913 3944 His
1940 3887 2128 3958 primis
2156 3888 2379 3958 acceptis
2403 3887 2609 3950 litteris,
2633 3883 2898 3953 exemplar
2920 3883 3149 3935 onmium
3170 3879 3414 3949 scriptio-

1811 3999 1956 4049 num,
1989 3998 2116 4052 quas
2161 3982 2228 4035 ad
2273 3979 2636 4035 Constantium
2666 3977 2898 4041 dederat,
2953 3974 3167 4027 libenter
3196 3969 3413 4027 Lucifer

1807 4075 2096 4145 intpcrtitus
2142 4083 2218 4128 est
2248 4071 2548 4128 Athanasio
2576 4088 2589 4125 :
2616 4086 2741 4141 quas
2782 4084 2898 4121 eum
2939 4064 3255 4123 Athanasius
3298 4079 3412 4116 nta-

1808 4185 1910 4239 gna
1936 4168 2097 4221 animi
2146 4167 2489 4221 admiratione
2525 4178 2676 4235 atque
2704 4162 2883 4217 ltetitia
2914 4160 3215 4229 perlegisset
3237 4199 3250 4222 ,
3277 4158 3410 4211 alias

1808 4264 1877 4315 ad
1904 4260 2141 4319 suntdcm
2170 4260 2365 4312 litteras
2405 4258 2544 4311 misit
2570 4298 2583 4322 ,
2613 4255 2798 4326 quibus
2824 4263 2871 4308 et
2899 4268 3001 4323 quo
3028 4261 3161 4304 statu
3190 4266 3272 4303 res
3301 4264 3411 4305 tute

1807 4363 1995 4420 essent,
2014 4350 2241 4407 reddidit
2265 4352 2553 4415 certiorem,
2571 4364 2748 4420 nempe
2764 4348 2826 4401 de
2838 4346 3159 4418 grassatione
3190 4346 3327 4415 facta
3354 4342 3409 4395 in

1806 4455 2011 4502 sanctos
2031 4446 2309 4501 monachos
2332 4446 2385 4498 in
2414 4443 2591 4497 odium
2614 4440 2883 4495 Athanasii
2910 4480 2924 4505 ,
2946 4439 3095 4508 quasi
3122 4440 3293 4509 ipsum
3324 4451 3407 4491 rea

1807 4542 2056 4613 cepissent
2087 4547 2135 4593 et
2160 4538 2503 4593 occultassent
2528 4552 2545 4602 ;
2574 4535 2737 4606 deque
2774 4537 2899 4607 fuga
2944 4533 3130 4587 iterum
3180 4531 3245 4591 ab
3294 4531 3407 4593 ipso

157 4616 551 4683 llontfauconius
581 4642 784 4682 annum
818 4627 1067 4685 absolute
1106 4627 1212 4684 560
1255 4628 1562 4699 assignant,
1609 4639 1704 4685 aut
1730 4622 1783 4683 D
1808 4644 2033 4705 captata,
2064 4644 2112 4686 ct
2153 4633 2206 4685 in
2246 4628 2615 4689 occultioribus
2651 4627 2861 4682 latebris
2900 4626 3119 4696 qutcsito
3167 4624 3411 4695 perfugio

156 4711 260 4780 ipsis
284 4721 398 4773 snni
426 4721 525 4775 561
549 4720 812 4789 exordiis,
840 4720 984 4791 quod
1013 4722 1190 4779 multo
1213 4721 1551 4792 probabilius
1579 4738 1702 4779 cum

156 4803 406 4867 Gsllaudio
436 4822 612 4883 potest
636 4812 923 4871 offirmari.

212 4898 324 4956 Hac
357 4889 560 4975 quidem
587 4917 730 4972 sunt,
755 4908 1107 4977 prosequitur
1128 4908 1401 4963 Baronius
1431 4923 1583 4964 num.
1615 4909 1705 4975 75,

155 5000 191 5045 et
214 4996 305 5050 alia
325 4999 471 5070 plura
490 5001 570 5057 his
597 5002 811 5068 similia,
834 5019 948 5073 aute
969 5002 1183 5074 Lucifer
1213 5003 1524 5075 Apostoli‘cat
1555 5003 1709 5059 Sedis

159 5087 344 5157 Legatus
370 5097 648 5165 apostolico
680 5109 882 5166 pectore
923 5100 975 5152 in
1005 5096 1364 5155 Constantium
1411 5100 1473 5155 ab
1520 5100 1702 5157 exsilio

157 5182 237 5237 tela
252 5190 471 5258 conjecit.
495 5190 604 5245 Ista
622 5200 795 5245 autem
822 5206 940 5245 cum
960 5191 1160 5263 perlata
1180 5203 1345 5248 essent
1369 5194 1437 5248 ad
1465 5196 1699 5249 Athana-

158 5278 265 5332 sium
292 5284 341 5336 in
366 5301 528 5340 eremo
567 5286 875 5350 latitantem,
922 5288 1158 5343 nonnihil
1207 5289 1414 5359 gauisus
1442 5300 1542 5353 cst,
1585 5290 1703 5343 mit-

160 5377 337 5443 tensque
378 5378 443 5430 ad
490 5378 785 5450 Luciferum
835 5380 1111 5435 diaconum
1160 5397 1310 5439 suum
1362 5379 1703 5453 Eutycltetem

162 5462 330 5521 litteras
370 5469 525 5539 dedit,
572 5487 711 5543 quas
760 5473 847 5527 hic
879 5472 1056 5527 editas
1100 5475 1269 5530 hdtes
1313 5484 1436 5544 post
1466 5475 1704 5531 Luciferi

161 5554 315 5615 libros.
348 5562 774 5622 Montfauconius
792 5583 884 5623 eas
905 5568 1048 5623 inter
1074 5568 1358 5625 Athanasii
1389 5585 1555 5640 opera
1579 5571 1704 5628 vul-

162 5652 297 5713 gavit,
326 5656 560 5713 incertum
599 5678 706 5716 esse
750 5662 1018 5727 scribens,
1053 5679 1121 5715 an
1165 5661 1346 5715 Latine
1385 5667 1611 5734 scripto,
1654 5675 1705 5720 ct

163 5754 306 5805 postea
325 5747 381 5799 ab
403 5751 567 5820 aliquo
586 5754 637 5807 in
669 5751 910 5807 Graecum
934 5754 1338 5820 translatte;sed
1366 5756 1575 5810 nullum
1604 5757 1702 5812 ha-

168 5844 766 5910 rumsupercstGrtecmu
806 5846 1105 5917 exemplar,
1134 5856 1187 5902 et
1207 5848 1453 5904 secunda
1474 5851 1707 5924 epistola

1810 4728 1934 4800 (An.
1959 4728 2083 4782 circ.
2112 4725 2262 4796 561).
2295 4724 2562 4781 Antonius
2590 4722 2743 4777 Felix
2772 4721 3081 4776 Matthatius
3128 4720 3182 4775 in
3217 4718 3407 4775 Sardi-

1808 4824 1896 4877 nia
1943 4822 2109 4878 Sacra
2164 4836 2282 4891 pag.
2311 4820 2383 4875 12
2437 4818 2655 4875 videtur
2693 4819 2746 4871 in
2796 4817 2895 4872 hae
2938 4830 3059 4873 esse
3108 4814 3406 4881 sententis,

1805 4915 1950 4986 quod
1984 4915 2204 4970 Litterae
2250 4911 2532 4968 Athanasii
2560 4912 2625 4965 ad
2668 4911 2980 4965 Luciferum
3030 4910 3249 4979 scripta
3295 4909 3411 4962 fue-

1807 5011 1917 5066 rint
1961 5012 2145 5064 statim
2197 5017 2320 5078 post
2351 5007 2528 5063 editos
2559 5007 2629 5061 ab
2668 5007 2784 5075 ipso
2816 5004 3067 5059 Lucifero
3097 5003 3265 5057 libros
3305 5014 3407 5070 pro

1811 5103 2136 5168 Athanasio,
2169 5116 2373 5171 eosque
2421 5100 2657 5154 afﬁrmat
2686 5099 3048 5156 Germanicite
3069 5096 3404 5167 compositos

1811 5196 1975 5251 fuisse
2006 5214 2019 5249 :
2044 5194 2386 5249 Germanicitc
2420 5195 2642 5251 existens
2688 5194 2818 5247 duos
2845 5210 2938 5265 pro
2968 5190 3249 5245 Athanasio
3277 5190 3408 5243 scri-

1813 5290 1912 5359 psit
1978 5289 2176 5354 libros,
2229 5302 2411 5356 eosque
2463 5286 2650 5340 obtulit
2702 5285 3012 5354 Imperatori
3059 5282 3401 5349 Constantio,

1811 5396 1959 5451 quem
1988 5380 2039 5431 in
2065 5378 2246 5432 iisdem
2269 5379 2533 5432 acerrimis
2559 5377 2725 5431 verbis
2746 5375 3093 5446 reprehendit.
3128 5373 3195 5427 Id
3227 5384 3279 5427 ut
3316 5374 3402 5427 in-

1809 5474 2006 5530 tellexit
2040 5474 2151 5543 ipse
2177 5472 2524 5536 Athanasius,
2549 5471 2795 5542 Lucifero
2824 5472 3023 5525 litteras
3063 5471 3205 5523 dedit
3232 5470 3401 5541 pluri-

1808 5567 1900 5621 bus
1929 5582 2139 5638 rogans,
2167 5574 2224 5619 ut
2251 5565 2546 5619 earumdem
2574 5564 2839 5633 exemplar
2866 5562 3212 5617 transmittere
3235 5563 3402 5618 vellet.

1810 5666 2011 5721 Morem
2042 5664 2199 5738 gessit
2248 5660 2480 5731 Lucifer,
2511 5670 2664 5732 atque
2693 5662 2789 5714 hoc
2814 5670 2966 5733 pacto
3011 5659 3080 5713 nd
3121 5659 3405 5715 amicitiam

1810 5760 2037 5830 peruenit
2088 5759 2379 5819 Athanasii.
2410 5755 2516 5817 Sed
2567 5765 2820 5811 neutrum
2855 5771 3043 5810 verum
3076 5770 3198 5811 esse
3256 5756 3414 5813 facile

1825 5862 2128 5916 constatex
2152 5856 2220 5910 iis
2252 5867 2373 5927 quae
2402 5852 2555 5908 dicta
2585 5861 2709 5908 sunt
2736 5868 2749 5919 ;
2783 5851 3085 5925 ptwsertiat
3124 5866 3246 5908 cum
3280 5850 3443 5911 Luci-
