3972 6352
605 278 718 339 ’155

1615 273 1917 334 LUCIFER
1957 274 2337 336 EPISCOPUS
2371 266 2881 340 CALABITANUS.
3753 288 3834 345 756

609 395 695 454 fer
722 409 834 452 non
862 392 1003 451 duos
1031 392 1209 450 solum
1236 407 1338 466 pro
1364 392 1665 450 Athanasio
1694 394 1895 460 libros,
1919 393 2015 451 sed
2035 436 2049 461 ,
2082 408 2220 466 quos
2246 405 2300 468 Α
2325 396 2469 453 viter
2532 410 2701 467 porro
2772 395 2998 453 ferenda
3062 405 3149 453 est
3202 397 3573 456 Athanasiante
3627 405 3835 462 versionis

612 490 938 560 scripserat,
964 502 1156 544 omnes
1184 488 1249 544 ad
1275 488 1450 560 ipsum
1478 490 1723 554 miserit;
1751 491 1896 561 iique
1924 504 2115 547 omnes
2157 492 2212 546 in
2310 489 2548 562 jactura,
2576 504 2680 560 qua
2712 492 2915 545 misere
2940 488 3223 561 deperdita
3249 532 3263 558 ,
3291 501 3385 547 aut
3430 491 3598 549 adhuc
3637 495 3682 549 in
3722 508 3837 555 lene-

613 582 859 640 Grtecum
909 595 1217 638 sermonem
1264 581 1522 639 conversi
1568 582 1787 639 fuerint.
1816 581 1928 639 Nec
1975 582 2045 639 de
2083 581 2214 639 Am-

612 674 781 731 brosii
823 672 1057 731 Machini
1109 674 1519 747 Archiepiseopi
1560 674 1855 732 Calaritani
1906 674 2216 731 testimonio

610 780 801 823 sumus
830 766 1083 834 solliciti;
1113 769 1158 823 is
1187 768 1333 824 enim
1353 769 1407 823 in
1442 767 1656 841 Defens.
1688 768 1913 825 Sanctit.
1938 767 2003 823 Β.
2035 767 2212 841 Lucif.

615 875 739 933 cap.
776 862 831 928 7,
857 859 912 928 8,
943 860 999 928 9,
1035 859 1104 917 10
1155 871 1210 917 et
1257 862 1347 930 12,
1400 862 1489 919 ubi
1532 863 1601 919 de
1655 862 1810 919 libris
1862 861 2217 937 Luciferianis

615 970 799 1013 sermo
852 964 957 1021 est,
1014 955 1307 1013 Baronium
1352 958 1658 1025 exscribit,
1710 958 1829 1029 ejus
1889 957 2215 1013 sententiam

618 1058 892 1115 sectatus;
926 1064 1114 1105 verum
1167 1060 1223 1104 et
1266 1048 1336 1104 ab
1379 1049 1473 1105 illo
1515 1058 1570 1105 et
1621 1062 1652 1103 a
1709 1049 1866 1105 nobis
1921 1049 2216 1115 dissentit,

620 1155 744 1197 cum
797 1141 875 1197 ait
900 1180 903 1183 »
929 1156 1048 1212 cap.
1083 1140 1171 1210 12,
1232 1141 1432 1197 librum
1464 1141 1528 1196 de
1568 1157 1671 1197 non
1715 1142 2064 1197 conveniendo
2104 1157 2220 1196 cum

621 1240 801 1295 haeret.
861 1238 1128 1311 scriptum
1172 1238 1342 1295 fuisse
1392 1239 1519 1293 circ.
1568 1254 1658 1293 an.
1716 1236 1776 1293 C.
1817 1236 1964 1303 560;
2021 1238 2221 1308 quippe

621 1343 733 1390 tum
774 1332 957 1388 Ariani
1006 1348 1207 1387 summa
1277 1349 1449 1388 rerum
1481 1334 1767 1402 potirentur
1793 1374 1807 1399 ,
1854 1342 1909 1387 et
1955 1328 2222 1387 Catholici

620 1427 715 1482 sub
764 1426 972 1481 nomine
1029 1428 1172 1498 pacis
1223 1426 1536 1481 Arianorum
1587 1426 1848 1480 consortio
1887 1429 1995 1496 fere
2050 1441 2225 1481 omnes

620 1520 1016 1594 polluerentur;
1044 1519 1191 1593 quod
1231 1519 1452 1576 Lucifer
1480 1521 1715 1576 maxime
1744 1520 1887 1577 dolet
1922 1521 1977 1576 in
2021 1521 2125 1575 hoc
2161 1519 2225 1575 li—

624 1616 758 1682 bro;
789 1616 1025 1673 Luciferi
1052 1626 1233 1672 tamen
1261 1630 1460 1672 sensus
1485 1617 1659 1672 multo
1676 1614 2016 1672 commodius
2044 1614 2110 1670 ad
2131 1629 2227 1684 ge-

620 1718 707 1767 sta
737 1708 1161 1767 Mediolanensis
1186 1707 1420 1766 Concilii
1462 1708 1658 1765 referri
1709 1718 1970 1780 possunt,
2001 1708 2080 1763 uti
2112 1722 2228 1764 mo-

2319 584 2431 640 bris
2459 582 2691 639 fortasse
2714 583 2984 650 latitante,
3002 586 3464 655 promptissimum
3493 585 3556 640 ad
3577 588 3836 659 corrigenda

2316 677 2554 734 Luciferi
2585 692 2755 749 Opera
2785 676 3081 734 subsidium
3119 677 3277 734 nobis
3313 678 3581 735 sublatum
3621 695 3725 738 esse
3749 684 3838 754 jure

2318 770 2590 827 dolemus.

2390 863 2511 919 Alia
2536 865 2783 935 quaedam
2813 861 3031 931 scripsit
3056 861 3273 919 Lucifer
3298 904 3313 929 ,
3345 878 3467 935 quae
3500 874 3735 922 vetustate
3758 866 3838 937 ipsa

2321 957 2607 1028 absumpta
2638 966 2782 1013 sunt.
2838 956 3045 1015 indicat
3072 958 3478 1028 Papebrochius
3507 961 3557 1014 in
3585 974 3692 1029 cap.
3718 961 3740 1015 l
3762 963 3839 1031 epi-

2320 1054 2515 1109 stolam
2546 1068 2577 1109 a
2609 1052 2856 1109 Lucifero
2887 1053 3104 1109 missam
3136 1053 3205 1108 ad
3236 1053 3569 1122 Catholicos,
3603 1055 3684 1126 qui
3707 1055 3748 1111 in
3769 1056 3839 1113 Ec-

2323 1146 2549 1203 clesiam
2607 1146 2897 1203 Mediolani
2953 1157 3359 1211 convenerant,
3411 1146 3479 1203 de
3539 1163 3636 1217 qua
3687 1150 3729 1202 in
3757 1148 3839 1205 Vin

2324 1240 2381 1295 S.
2415 1240 2658 1312 Dionysii
2704 1239 2956 1311 Episcopi
2988 1240 3450 1296 Mediolaitcnsis:
3486 1239 3638 1295 Missa
3665 1239 3841 1314 Epistola

2325 1343 2398 1389 est
2428 1351 2461 1387 a
2486 1334 2731 1405 Lucifero
2761 1334 3032 1391 Catholico
3074 1334 3335 1405 Episcopo
3357 1375 3371 1398 ,
3418 1344 3473 1390 et
3502 1335 3842 1391 Mediolauensis

2325 1427 2555 1484 Concilii
2578 1429 2815 1485 Prmside
2844 1428 3121 1499 pontiﬁcio
3149 1429 3389 1492 nomine,
3406 1444 3467 1484 ea:
3494 1427 3843 1493 Palatio,ubitt-

2327 1520 2541 1576 nebatur
2562 1538 2595 1575 a
2614 1520 2773 1593 Rege,
2793 1520 3142 1592 Dionysioque
3162 1530 3207 1575 et
3237 1519 3462 1574 Eusebio
3487 1531 3714 1591 porrecta,
3735 1536 3844 1588 quam

2329 1614 2470 1683 plebs
2492 1624 2548 1667 ut
2572 1613 2668 1667 sibi
2693 1613 2945 1685 legeretur
2970 1614 3232 1686 postulare
3250 1614 3425 1684 coepit.
3457 1614 3522 1667 Et
3547 1627 3654 1682 cap.
3670 1613 3698 1667 4
3717 1612 3844 1667 innuit

2329 1703 2713 1775 Professionem
2743 1703 2898 1760 Fidei
2923 1720 2951 1759 a
2980 1704 3231 1761 Lucifero
3261 1706 3464 1760 editam
3494 1720 3592 1759 una
3611 1719 3714 1760 cum
3734 1704 3844 1758 libris

626 1802 848 1859 nuimus
878 1819 892 1858 :
920 1810 976 1859 et
1018 1803 1148 1874 quid
1196 1805 1338 1872 pacis
1357 1845 1373 1871 ,
1398 1804 1527 1875 quid
1557 1803 1715 1858 edicti
1763 1803 1982 1858 nomine
2024 1801 2225 1859 ibidem
2256 1809 2305 1869 Β
2332 1813 2430 1871 pro
2450 1798 2508 1856 S.
2534 1796 3843 1869 Athanasio,etCoustantiodelatam;quodahsque

542 1936 545 1939 ς
625 1894 917 1966 intelligat,
951 1897 1087 1951 satis
1112 1904 1169 1952 et
1214 1898 1266 1951 in
1297 1897 1422 1952 Vita
1449 1896 1728 1964 Luciferi,
1760 1906 1819 1953 et
1845 1898 1898 1952 in
1927 1896 2228 1953 notationi-

626 1990 731 2048 bus
761 1992 968 2047 nostris
996 1993 1373 2049 disseruimus.
1409 1992 1552 2047 Idem
1600 1991 1883 2048 Machinus
1923 2003 2229 2062 postremos

627 2083 867 2139 collocat
887 2083 1027 2139 inter
1056 2082 1291 2140 Luciferi
1318 2100 1485 2155 opera
1510 2085 1747 2152 librum,
1774 2086 1861 2141 cui
1893 2086 2081 2141 titulus
2113 2085 2231 2140 Mo-

630 2176 872 2230 riendum
924 2192 1034 2231 esse
1059 2193 1152 2249 pro
1177 2175 1319 2232 Filio
1361 2174 1493 2242 Dei,
1523 2188 1581 2233 et
1608 2176 1843 2234 alterum
1872 2178 1937 2232 de
1964 2194 2067 2233 non
2111 2194 2233 2249 par-

625 2269 789 2324 cendo
813 2269 868 2323 in
897 2269 1063 2323 Deum
1092 2269 1539 2340 delinquentibus;
1569 2268 1711 2325 hunc
1743 2268 1821 2324 illi
1850 2268 2046 2325 ordine
2087 2278 2233 2339 post-

632 2362 806 2432 ponit,
850 2362 995 2431 quod
1042 2361 1236 2416 falsqu
1266 2374 1382 2428 est;
1431 2371 1723 2433 utrumque
1776 2378 1865 2417 an.
1916 2361 2024 2418 560
2062 2360 2235 2432 afﬁgit

629 2466 754 2524 cap.
790 2453 856 2508 10
884 2463 941 2509 et
972 2453 1075 2518 12,
1110 2454 1257 2525 quod
1302 2470 1493 2512 verum
1537 2454 1761 2511 omnino
1807 2463 1893 2512 est
1935 2456 2004 2511 de
2034 2456 2228 2524 altero,

629 2546 857 2617 pr0pius
891 2560 1025 2602 vero
1053 2547 1122 2603 de
1148 2548 1345 2618 primo.
1370 2548 1565 2617 Quanti
1596 2563 1762 2620 porro
1791 2547 2026 2604 Luciferi
2063 2549 2235 2605 libros

628 2642 825 2698 fecerit
863 2642 1215 2710 Athanasius,
1271 2660 1338 2699 ex
1385 2644 1578 2699 eadem
1620 2644 1850 2714 epistola
1893 2653 2234 2715 compertum

629 2744 736 2802 cst,
765 2736 855 2805 qui
889 2744 1150 2805 praeterea
1178 2736 1230 2792 in
1253 2736 1506 2792 Graecum
1538 2752 1849 2794 sermonem
1871 2737 1994 2793 illos
2009 2752 2238 2794 conver-

633 2828 717 2896 tit,
750 2844 857 2899 quo
888 2828 1262 2885 Orientalibus
1288 2830 1543 2885 omnibus
1584 2840 1771 2886 essent
1812 2831 2235 2895 communiores,

630 2922 708 2976 uti
740 2932 1007 2977 testantur
1028 2922 1376 2978 Marcellinus
1402 2934 1457 2979 et
1481 2922 1771 2980 Faustinus
1798 2924 1852 2980 in
1884 2924 1977 2979 lib.
2007 2924 2236 2980 Precum

631 3016 700 3071 ad
731 3016 1118 3087 imperatores,
1150 3032 1385 3087 quorum
1411 3017 1480 3072 de
1509 3016 1743 3074 Luciferi
1787 3017 1941 3073 libris
1988 3019 2237 3073 testimo-

633 3112 783 3166 nium
831 3110 920 3166 hic
957 3112 1110 3180 juvat
1155 3112 1427 3183 integrum
1470 3113 1784 3169 exscribere
1815 3129 1829 3167 :
1860 3110 2050 3167 Dicant
2079 3128 2231 3179 nunc,

2331 1895 2443 1950 ullo
2485 1902 2707 1949 auctore
2741 1891 3009 1961 affirmat,
3046 1908 3147 1949 nec
3174 1908 3239 1948 ex
3272 1891 3514 1948 Luciferi
3544 1892 3679 1947 libris
3702 1898 3746 1947 et
3766 1892 3843 1959 epi-

2328 1988 2467 2045 stola
2499 1988 2564 2044 ad
2596 1987 2930 2043 Florentium
2979 1986 3272 2058 quidquam
3326 1985 3745 2057 deprehendimus
3777 1996 3841 2053 pro

2333 2082 2695 2138 Pabebrochii
2726 2080 3001 2152 opinione,
3024 2096 3149 2136 cum
3173 2079 3393 2136 Lucifer
3426 2079 3477 2135 id
3523 2078 3733 2149 profecto
3769 2092 3840 2131 non

2332 2176 2594 2242 siluisset,
2639 2190 2813 2247 neque
2842 2189 2979 2245 Opus
3007 2175 3185 2231 eidem
3210 2175 3405 2230 fuisset
3428 2171 3677 2229 Nicaznam
3712 2169 3842 2226 Fidem

2336 2287 2437 2342 pro
2467 2288 2581 2327 sua:
2604 2270 3114 2327 Fitleiconfessione
3132 2270 3464 2327 Constantio
3486 2269 3841 2325 exhibereinlib.

2336 2367 2401 2421 de
2416 2384 2517 2422 non
2533 2384 2681 2436 parc.
2703 2368 2757 2420 in
2773 2366 2938 2421 Deum
2949 2365 3054 2422 del.
3072 2380 3126 2437 p.
3138 2365 3245 2421 204
3269 2366 3382 2436 (hic
3398 2366 3497 2420 col.
3520 2364 3654 2437 973).
3670 2364 3809 2419 Plures
3823 2377 3843 2417 ι

2335 2472 2396 2514 se
2423 2459 2633 2516 litteras
2660 2459 2891 2529 scriptas
2922 2468 3191 2514 memorat
3209 2457 3614 2529 ipseimciferin
3639 2456 3843 2513 eod.|ibro

2340 2568 2394 2624 p.
2417 2551 2526 2607 2l2
2557 2552 2663 2623 (hic
2683 2552 2786 2611 col.
2809 2551 2911 2607 981
2943 2570 2955 2606 :
2986 2550 3221 2606 Probant
3248 2551 3488 2620 epistola:
3513 2565 3627 2606 mete
3648 2549 3846 2603 mediocri-

2340 2646 2479 2711 tatis,
2506 2654 2556 2700 ct
2588 2646 2704 2700 libri
2730 2647 2923 2700 rustico
2949 2646 3070 2701 licet
3106 2661 3346 2701 sermone
3384 2644 3647 2715 descripti,
3673 2660 3735 2697 me
3753 2658 3846 2711 sapt

2339 2739 2553 2803 dixisse,
2584 2739 2726 2811 quod
2777 2747 2987 2807 peccata
3037 2737 3246 2807 quidem
3309 2739 3523 2809 fecerint
3571 2746 3731 2798 nostra.
3754 2744 3791 2788 ut
3811 2735 3844 2786 in

2338 2842 2454 2888 tuas
2475 2833 2777 2887 Antichristi
2797 2833 3132 2901 prwcursoris
3149 2834 3442 2887 veniremus
3462 2840 3710 2896 manus;et
3726 2828 3843 2882 Atiu-

2340 2927 2528 2981 nasius
2552 2926 2604 2980 in
2634 2925 2803 2981 altera
2826 2924 2893 2980 ail
2919 2924 3071 2979 illum
3093 2924 3335 2993 epistola
3366 2938 3424 2979 se
3450 2924 3562 2993 ejus
3580 2923 3750 2976 litteras
3764 2932 3842 2972 cum

2341 3018 2603 3074 librorum
2645 3016 2835 3073 codice
2869 3017 3061 3073 scribit
3089 3015 3397 3087 accepisse.
3430 3016 3503 3072 De
3530 3013 3727 3070 Luciferi
3754 3011 3844 3065 scri-

2342 3112 2450 3183 ptis
2480 3119 2745 3183 prteterea
2776 3110 2931 3166 nihil.

628 3204 754 3275 quid
782 3201 999 3275 Lucifer
1021 3220 1205 3259 novum
1235 3206 1490 3272 docuerit,
1521 3208 1660 3277 quod
1690 3223 1793 3261 non
1821 3222 1883 3261 ea:
1909 3204 2105 3260 Christi
2124 3222 2236 3259 ma-
2263 3209 2309 3275 (ζ
2414 3206 2543 3275 Ejus
2570 3206 2623 3260 in
2647 3202 2933 3260 scribendo
2961 3202 3134 3275 stylus
3155 3202 3390 3259 omnino
3409 3200 3553 3258 rudis
3576 3209 3625 3255 et
3646 3213 3751 3269 pene
3767 3196 3846 3250 bat-

627 3298 836 3369 gisterio
863 3297 1110 3353 traditum
1141 3308 1236 3366 est,
1259 3299 1400 3370 quod
1437 3316 1542 3354 non
1568 3301 1631 3354 ab
1663 3299 1923 3371 Apostolis
1960 3301 2234 3370 discipulis

632 3389 924 3445 Saluatoris
952 3392 1314 3447 transmissum
1342 3402 1413 3448 est
1444 3394 1497 3446 in
1524 3402 1773 3464 posteros.
1813 3391 1877 3446 Et
1909 3392 2069 3459 bene,
2094 3392 2234 3463 quod

624 3482 787 3539 libros
816 3486 1024 3554 scripsit
1047 3486 1115 3540 ad
1138 3484 1516 3551 Constantium,
1551 3502 1653 3541 non
1681 3497 1735 3540 ut
1759 3487 1985 3557 plerique
2014 3486 2236 3557 gloriam

629 3586 853 3649 captans
875 3578 1212 3651 ingenii,,sed
1239 3578 1415 3633 divina
1446 3580 1738 3636 testimonia
1767 3580 2031 3649 aptissime
2051 3596 2237 3653 conge-

627 3686 747 3725 rens
767 3679 946 3724 contra
975 3669 1263 3737 haereticos,
1295 3680 1343 3726 et
1364 3681 1545 3729 contra
1572 3676 1741 3744 ipsum
1765 3686 2039 3746 patronum
2069 3678 2235 3732 lucre-

624 3765 866 3831 ticorum,
894 3765 964 3818 ad
991 3763 1217 3818 divinam
1243 3768 1624 3822 wntulationem
1654 3785 1752 3832 pro
1778 3769 1905 3825 Filii
1934 3769 2035 3826 Dei
2062 3788 2238 3827 umore

628 3874 929 3914 succensus.
961 3857 1221 3915 Denotent
1249 3863 1373 3931 quid
1402 3861 1511 3916 illic
1538 3864 1855 3917 contrarium
1904 3863 2193 3933 Scripturis
2219 3907 2234 3931 ,

626 3956 753 4026 quid
784 3972 970 4012 novum
998 3957 1147 4027 quasi
1189 3957 1461 4013 haereticus
1491 3959 1719 4029 scripsit.
1756 3959 1897 4027 Quos
1932 3959 2140 4027 quidem
2171 3959 2237 4012 li-

630 4050 771 4118 bros,
810 4067 930 4106 cum
974 4068 1068 4123 per
1111 4054 1286 4107 omnia
1326 4069 1388 4107 ea:
1426 4053 1628 4124 integro
1674 4064 1869 4124 ageret,
1916 4054 2147 4125 suspexit
2191 4064 2238 4108 ct

628 4145 946 4202 Athanasius
1017 4156 1075 4202 ut
1150 4149 1257 4202 ueri
1326 4148 1586 4213 vindices,
1656 4160 1807 4219 atque
1874 4150 1930 4203 in
1999 4146 2238 4203 Gra’cum

627 4239 824 4312 stylum
862 4240 1155 4310 transtulit,
1200 4258 1263 4297 ne
1312 4250 1511 4296 tantum
1541 4241 1661 4297 boni
1692 4241 1874 4299 Greca
1919 4243 2098 4315 lingua
2136 4259 2242 4299 non

627 4332 855 4390 haberet.
882 4332 1080 4390 Parum
1116 4344 1224 4400 est,
1254 4336 1382 4404 quin
1418 4335 1573 4390 etiam
1617 4334 1847 4407 propriis
1889 4336 2074 4391 litteris
2102 4336 2241 4392 idem

631 4426 956 4483 Athanasius
982 4428 1189 4484 eosdem
1214 4428 1376 4485 libros
1403 4430 1655 4500 praedicat
1686 4440 1739 4485 ut
1780 4429 2168 4502 Pr0phetarum
2195 4442 2242 4487 et

636 4519 1093 4593 Ecangelistarum
1138 4534 1292 4595 atque
1340 4524 1715 4595 Apostolorum
1762 4524 2017 4581 doctrinis
2062 4536 2108 4580 et
2153 4527 2241 4598 pia

2339 3299 2504 3354 barus
2533 3299 2783 3369 cuiquam
2827 3305 2975 3368 patet
3029 3295 3229 3367 legenti
3262 3311 3280 3362 ;
3323 3294 3466 3366 quod
3503 3294 3544 3348 is
3574 3290 3845 3349 ultrolatetur

2338 3392 2521 3448 verbis
2576 3392 2735 3461 paulo
2778 3390 3026 3460 superius
3073 3388 3296 3454 allatis;
3348 3396 3404 3444 et
3432 3390 3484 3441 in
3522 3387 3609 3441 lib.
3652 3382 3843 3445 Monpro

2342 3486 2482 3542 Filio
2513 3484 2608 3539 Dei
2653 3500 2707 3555 p.
2740 3484 2844 3540 247
2881 3482 2987 3555 (hic
3017 3480 3120 3537 col.
3148 3479 3315 3553 1017)
3341 3523 3359 3546 ,
3390 3480 3534 3535 Inter
3561 3480 3671 3542 hazc,
3696 3470 3841 3532 seribil,

2340 3581 2556 3636 daturos
2582 3581 2806 3651 legentes
2828 3580 3028 3633 veniam
3049 3576 3351 3649 conspicere
3383 3576 3549 3639 debes,
3583 3570 3698 3642 quod
3720 3572 3843 3637 (acuu-

2340 3676 2431 3731 dia
2460 3675 2735 3730 mediocris
2760 3673 2954 3745 ingenii
3234 3671 3525 3726 describere
3550 3683 3641 3722 non
3668 3658 3844 3717 valuerit:

2341 3780 2454 3825 tum
2485 3785 2538 3839 p.
2568 3768 2676 3824 258
2709 3767 2813 3838 (hic
2854 3766 2956 3821 col.
2987 3764 3150 3837 1038)
3183 3782 3197 3818 :
3232 3764 3353 3820 Nos
3371 3781 3508 3828 vero.
3538 3761 3695 3833 quibus
3730 3754 3778 3809 ad
3798 3753 3844 3805 lo-

2340 3865 2601 3936 quendum
2623 3871 2807 3916 natura
2827 3859 3214 3931 sufﬁcit,alieni
3234 3859 3299 3913 ab
3324 3860 3464 3913 omni
3488 3854 3695 3915 scientia,
3715 3858 3750 3903 et
3768 3846 3843 3898 hinc

2339 3956 2498 4011 alieni
2525 3956 2835 4017 litterarum,
2867 3952 2935 4006 ad
2967 3968 3169 4007 omnem
3200 3951 3564 4007 destruendam
3590 3943 3845 4001 hemimet-

2343 4052 2528 4114 lemus,
2544 4050 2669 4120 quia
2686 4064 2766 4102 res
2788 4048 2905 4116 ipsa
2928 4063 2990 4101 ac
3003 4047 3194 4100 veritas
3211 4046 3444 4117 loquitur
3460 4062 3479 4111 ;
3506 4056 3563 4097 ac
3579 4050 3753 4095 rursum
3770 4031 3843 4086 ill-2

2344 4147 2459 4203 Nos
2487 4162 2661 4201 sumus
2683 4154 2886 4198 tantum
2907 4158 3086 4197 sacras
3117 4142 3335 4196 scientes
3358 4141 3569 4201 litteras,
3585 4144 3726 4190 noster
3739 4138 3845 4183 srmo

2339 4250 2418 4298 est
2445 4240 2763 4305 communis;
2789 4246 2970 4292 contra
2996 4244 3158 4291 vester
3177 4235 3393 4307 politus,
3423 4240 3638 4294 ornatus,
3662 4225 3733 4293 qui
3746 4220 3846 4277 etiam

2344 4335 2449 4389 dici
2489 4341 2749 4388 mereatur
2777 4332 3021 4386 disertus.
3047 4329 3184 4385 Hinc
3215 4329 3269 4384 in
3302 4326 3512 4384 Libello
3540 4326 3731 4381 Precum
3749 4317 3848 4387 igna-

2341 4446 2432 4485 rus
2463 4427 2662 4482 dicitur
2702 4425 2999 4495 artiﬁciosa:
3027 4423 3356 4491 eloquentiae.
3380 4422 3636 4477 Cmterum
3663 4412 3787 4469 'l‘ilius
3813 4404 3846 4456 in

2346 4523 2566 4582 Prmfat.
2589 4522 2658 4577 ad
2691 4520 2847 4576 Pium
2879 4519 2920 4574 V
2946 4518 3265 4575 Pontificem
3299 4535 3312 4571 :
3345 4513 3629 4572 Communis
3646 4506 3763 4566 mihi,
3783 4500 3843 4560 ait,

630 4614 949 4683 confessione
975 4626 1257 4671 contentos.
1276 4616 1344 4671 Et
1373 4619 1601 4686 quamvis
1622 4618 1863 4690 plurimis
1892 4621 1945 4673 in
1976 4635 2093 4673 eum
2121 4620 2235 4674 lau-
2262 4612 2317 4673 Ι)
2340 4630 2490 4692 atque
2515 4618 2657 4673 illius
2677 4616 2847 4671 tetatis
2877 4615 3081 4671 videtur
3114 4630 3281 4669 sermo
3314 4614 3512 4683 ipsius,
3541 4607 3655 4663 adeo
3677 4598 3847 4655 rudit!“

635 4704 784 4759 dibus
820 4706 1076 4779 erigatur,
1102 4718 1273 4761 tamen
1301 4724 1404 4762 non
1432 4718 1602 4780 azquat
1631 4711 1700 4764 ad
1727 4710 1901 4765 meriti
1943 4714 2056 4784 ejus
2095 4727 2233 4782 pra:-

634 4798 874 4861 conium;
900 4808 947 4853 et
975 4797 1182 4869 quidem
1220 4816 1336 4854 cum
1368 4801 1593 4872 amplius
1622 4802 1839 4857 laudare
1878 4819 1981 4858 non
2023 4813 2235 4873 posset:

633 4893 709 4947 ita
734 4908 906 4947 rerum
933 4896 1049 4966 ejus
1076 4895 1508 4962 supereminentia
1547 4898 1742 4968 qumvis
1788 4898 2014 4953 laudans
2058 4898 2235 4971 lingua

636 4999 932 5061 superatur.
961 4989 1068 5045 Sed
1097 4988 1309 5062 Lucifer
1330 5034 1345 5060 ,
1373 4993 1590 5065 ignarus
1622 4994 1740 5049 licet
1784 4996 2084 5065 artificiosa:
2125 4997 2235 5052 elo-

635 5083 875 5152 quentiae,
912 5094 1082 5138 tamen
1112 5096 1165 5139 ut
1202 5087 1500 5158 prophetico
1524 5098 1572 5143 et
1608 5090 1905 5161 evangelico
1933 5100 2085 5161 atque
2111 5107 2241 5159 apo-

633 5174 816 5231 stolico
848 5192 989 5230 more
1014 5176 1295 5243 scriberet,
1334 5178 1471 5249 quod
1514 5197 1671 5250 super
1717 5198 1915 5238 omnem
1960 5182 2239 5239 humanam

638 5267 978 5335 eloquentiam
1004 5278 1101 5334 est,
1131 5270 1308 5324 habuit
1344 5271 1563 5343 gratiam
1591 5274 1757 5328 sancti
1788 5274 2020 5346 Spiritus
2042 5292 2106 5331 ex
2128 5293 2238 5333 me-

635 5362 737 5416 rito
790 5372 944 5418 recta:
990 5363 1113 5432 ﬁdei
1156 5373 1205 5418 et
1242 5364 1603 5420 sincerissima:
1653 5367 1978 5424 conscientiae
2024 5369 2241 5441 (Graeca

637 5456 803 5510 uersio
829 5455 1081 5511 librorum
1109 5455 1404 5529 Luciferi).
1438 5456 1565 5513 Haec
1593 5458 1708 5523 illi,
1740 5458 1866 5514 alibi
1891 5460 2099 5531 quidem
2145 5464 2241 5516 mi-

638 5555 778 5609 nime
816 5553 1102 5627 probandi,
1138 5552 1419 5625 subjungit
1461 5552 1872 5622 Papehrochius
1903 5569 2027 5625 cap.
2059 5555 2097 5609 2
2127 5555 2234 5612 Vit.

640 5645 837 5712 Lucif.,
871 5647 925 5702 in
951 5662 1009 5701 eo
1031 5656 1201 5702 tamen
1228 5647 1283 5702 in
1303 5662 1404 5718 quo
1433 5643 1737 5717 Luciferum
1768 5646 2022 5712 laudant,
2052 5664 2247 5718 nequa-

641 5757 800 5811 quam
841 5741 1237 5809 contemnendi,
1300 5741 1426 5797 dum
1479 5739 1857 5811 suﬂ'ragantem
1908 5741 2006 5796 sibi
2058 5741 2247 5799 habent

661 5833 1032 5901 Athanasium,
1089 5836 1251 5890 immo
1304 5844 1462 5892 totam
1508 5833 1703 5890 Christi
1760 5833 2062 5890 Ecclesium.
2111 5832 2247 5892 Grai-

2341 4723 2393 4770 et
2430 4715 2753 4784 incomptus,
2776 4727 2929 4782 quem
2955 4712 3167 4780 ipsemet
3197 4710 3353 4764 etiant
3397 4706 3634 4761 rusticum
3657 4703 3790 4755 rorat;
3813 4696 3847 4791 ξι

2341 4809 2429 4879 qui
2481 4807 2756 4877 diligenter
2797 4805 3149 4876 perpenderit,
3188 4821 3304 4859 eum
3342 4817 3538 4873 gravem
3582 4807 3622 4850 et
3663 4784 3847 4879 sententiis

2340 4903 2607 4973 refertum,
2633 4900 2832 4971 virique
2860 4900 3068 4970 ingenio
3094 4899 3311 4955 valentis
3339 4895 3552 4951 inveniet
3571 4899 3643 4945 :et
3666 4888 3707 4941 la
3729 4874 3845 4937 ccidi

2343 5010 2463 5067 cap.
2497 4997 2588 5060 37,
2615 4994 2927 5050 Luciferum
2953 5003 3205 5058 excusat,
3235 4994 3438 5064 quippe
3482 4981 3723 5055 religionis
3744 4974 3845 5029 abre-

2344 5096 2465 5160 ptus
2520 5088 2742 5151 ardore.
2798 5097 2853 5143 et
2905 5088 3048 5142 inter
3104 5085 3324 5142 Greecos
3382 5088 3723 5139 commorans,
3763 5074 3843 5119 cum

2342 5201 2471 5242 suos
2524 5184 2791 5240 scriberet
2834 5182 3027 5247 libros,
3060 5180 3177 5238 fere
3235 5180 3440 5236 invitus
3483 5173 3632 5231 multa
3687 5167 3843 5230 exprﬁ‘

2341 5279 2476 5335 serit
2518 5277 2808 5349 negligenti
2860 5276 3089 5339 calamo,
3137 5284 3192 5331 et
3231 5274 3469 5331 Graecam
3513 5264 3756 5323 dictionem
3790 5261 3843 5304 ξε·

2343 5384 2500 5432 cutus
2526 5373 2709 5441 fuerit,
2734 5382 2797 5428 ut
2822 5373 2877 5428 in
2902 5370 3045 5427 notis
3066 5370 3265 5425 alicubi
3285 5383 3406 5424 cum
3429 5364 3560 5419 Tilio
3578 5351 3840 5415 monuimus:

2355 5470 2570 5525 Videtur
2608 5469 2664 5522 in
2717 5467 2891 5522 multis
2943 5465 3252 5521 latinitatem
3291 5459 3583 5535 neglexisse,
3625 5460 3665 5505 et
3703 5446 3839 5538 tetulit!

2349 5561 2559 5618 Graecos
2603 5561 2732 5617 adeo
2760 5561 2870 5617 zelo
2922 5557 3177 5628 efferbuit,
3227 5566 3285 5611 ut
3308 5554 3464 5610 multa
3503 5548 3623 5605 velut
3658 5538 3708 5594 ab
3735 5536 3840 5589 imm
3916 5580 3917 5635 Ξ

2350 5655 2672 5727 efﬂuxerint.
3916 5638 3917 5695 δ
