3972 6352
102 274 182 331 757
1410 265 1732 326 LUCIFERI
1781 264 1962 323 VITA.

120 403 371 426 *Μ

792 754 900 827 ςι.

152 941 356 999 Calarim
380 948 403 977 ι
433 937 696 995 Sardiniae
728 937 1032 1009 principem
1068 937 1257 992 urbem
1289 935 1516 1007 patriam
1549 935 1644 990 ha-

99 1039 248 1094 buisse
287 1031 623 1098 Luciferum,
659 1040 713 1088 et
758 1041 1013 1102 parentes
1063 1031 1307 1085 Romana
1355 1028 1564 1100 origine
1613 1042 1645 1084 e

99 1131 419 1186 Lucilerorum
469 1126 677 1181 familia
718 1132 747 1172 b
779 1126 1066 1180 virtutibus
1095 1134 1147 1179 et
1190 1125 1311 1178 fuso
1348 1138 1447 1192 pro
1483 1121 1641 1177 Chri-

102 1229 240 1281 sﬁana
268 1222 539 1294 Religione
569 1221 831 1292 sanguine
857 1221 1195 1277 clarissimos
1230 1219 1445 1289 scripsit
1485 1233 1646 1286 supe-

97 1323 197 1378 riori
225 1321 411 1375 saeculo
443 1317 750 1373 Methodius
787 1328 832 1370 ο.
882 1315 977 1369 llis
1025 1329 1189 1384 super
1223 1313 1285 1367 D.
1328 1311 1646 1368 iuvenalem

95 1414 419 1469 Calaritanum
451 1410 766 1464 AntiStitem
801 1405 827 1444 ιι
862 1423 1086 1478 puerum
1113 1405 1422 1461 Luciferum
1454 1420 1647 1476 paren-

97 1507 207 1561 III)":
243 1506 480 1560 orbatum
529 1502 921 1559 instituendum
953 1501 1253 1572 accepisse,
1314 1510 1368 1556 ct
1417 1501 1644 1555 Romam

96 1598 254 1655 deinde
283 1597 519 1652 ﬁrmiore
548 1605 706 1651 aatate
734 1594 1032 1666 profectum
1069 1595 1131 1648 D.
1166 1592 1402 1648 Eusebio
1423 1591 1647 1648 Vercel-

98 1695 201 1748 lcnsi
229 1692 558 1762 postmodum
585 1691 825 1746 Pra-sule
853 1699 1190 1760 prmccptore
1218 1704 1370 1743 usum
1391 1729 1405 1753 ,
1452 1689 1520 1743 ab
1557 1702 1651 1742 eo-

96 1803 175 1856 que
212 1801 351 1840 sacro
401 1786 550 1840 fonte
591 1782 808 1838 Christo
854 1793 1231 1854 regeneratum
1283 1781 1468 1846 fuisse,
1515 1789 1570 1835 et
1619 1797 1649 1835 a

99 1880 147 1934 D.
172 1881 413 1936 Silvestro
436 1879 600 1934 Rom.
633 1877 894 1933 Pontiﬁce
925 1877 1172 1932 Lectoris
1197 1874 1382 1930 ofﬁcio
1411 1875 1651 1930 cohone-

98 1984 277 2041 stalniu,
305 1975 483 2044 illique
505 1975 716 2036 Οιιῐξοιι,
743 1972 1040 2042 Latinaque
1064 1972 1243 2041 lingua
1271 1970 1652 2040 probatissimo

99 2085 255 2123 munus
282 2083 459 2123 sacras
490 2068 701 2122 litteras
724 2065 1120 2134 interpretandi
1148 2063 1552 2128 demandatum,
1588 2076 1653 2116 ac

352 513 410 566 re
517 466 1078 581 LUCIFERI
1153 493 1685 579 EPISCOPI
1764 490 2472 577 CALARITANI
2545 493 2859 577 VITA.

3239 265 3345 326 758

2934 401 3332 424 Ἥ

1667 751 1721 815 Α
1747 746 1969 802 Arelate
1998 745 2050 802 in
2083 744 2274 802 Galliis
2295 745 2406 816 jam
2436 744 2655 802 devicto
2677 746 2982 818 Magnentio
3003 747 3346 815 constiterat,

1747 855 1777 895 a
1817 840 2064 905 Valente,
2091 840 2324 910 aliisque
2373 840 2587 895 Arianis
2630 839 2920 913 Episcopis
2966 840 3252 898 comitatus
3299 851 3355 897 et

1747 934 2174 990 circumventus.
2201 933 2284 988 Ad
2318 933 2706 990 eumLiberius
2727 936 3009 1005 superiore
3036 949 3180 990 anno
3210 935 3354 1006 lega-

1749 1031 1950 1086 tionem
1983 1032 2311 1096 instituerat,
2331 1047 2437 1101 qua
2461 1046 2558 1100 per
2591 1030 2928 1087 Vincentium
2960 1039 3016 1087 et
3041 1029 3350 1086 Marcellum

1750 1123 2055 1194 Episcopus
2077 1134 2394 1194 speraverat
2413 1138 2471 1178 se
2493 1123 2737 1194 Augusto
2752 1139 3155 1195 persuasurum,
3175 1131 3232 1178 ut
3256 1137 3356 1194 pro

1750 1217 2031 1273 Athanasii
2079 1233 2242 1273 causa
2267 1261 2281 1282 ,
2311 1226 2366 1274 et
2393 1218 2457 1272 ad
2502 1217 2832 1274 refellendos
2855 1261 2868 1284 ,
2907 1218 3354 1289 damnandosque

1750 1310 2076 1366 Arianorum
2099 1325 2318 1366 errores
2345 1311 2606 1381 Aquileiae
2645 1310 2945 1368 Concilium
2983 1312 3151 1368 libere
3187 1326 3355 1383 coge--

1750 1415 1923 1459 retur.
1953 1405 2058 1460 Sed
2078 1419 2200 1459 cum
2225 1421 2312 1459 res
2342 1420 2444 1458 non
2481 1407 2737 1461 cessisset
2785 1423 2849 1461 ex
2899 1417 3024 1461 voto
3045 1449 3058 1472 ,
3105 1415 3159 1461 et
3203 1408 3358 1477 lapsu

1752 1496 2029 1551 Viucentii
2055 1496 2296 1567 Capuani
2334 1497 2590 1568 Episcopi
2620 1495 2644 1534 ιι
2669 1498 2846 1555 omnia
2878 1514 3094 1570 pessum
3129 1499 3271 1555 irent
3303 1499 3354 1554 in

1751 1593 1892 1656 dies,
1922 1594 2158 1663 legatum
2189 1593 2357 1648 alium
2389 1593 2456 1648 ad
2487 1593 2866 1650 Constantium
2922 1593 3220 1648 destinavit
3263 1593 3354 1648 Li-

1754 1685 1935 1741 berius
1970 1702 2094 1746 cum
2125 1685 2453 1741 Pancralioi
2488 1687 2806 1758 presbytero
2844 1694 2898 1741 et
2939 1686 3147 1741 llilario
3187 1687 3199 1736 ι
3241 1685 3358 1740 dia-

1754 1793 1893 1834 cono
1923 1777 2232 1834 Luciferum
2267 1778 2633 1834 Calaritanum
2667 1779 2981 1834 Antistitem
3014 1778 3200 1834 Roma:
3230 1787 3359 1834 tunc

1754 1872 2020 1942 temporis
2065 1871 2247 1926 divina
2296 1872 2376 1927 sic
2405 1871 2732 1942 disponente
2786 1872 3130 1943 providentia
3177 1870 3361 1926 diver-

1755 1975 2075 2029 sautem,ut
2107 1966 2366 2023 Ecclesize
2416 1969 2520 2021 sibi
2574 1967 2882 2023 commissae
2932 1969 3210 2038 negotium
3257 1968 3361 2023 ali-

1755 2061 1896 2131 quod
1928 2075 2166 2130 praesens
2195 2061 2408 2116 facilius
2429 2061 2756 2118 absolveret.
2785 2063 3009 2118 Romam
3036 2063 3360 2131 accessisse,

101 2162 272 2216 tandem
297 2202 309 2226 ,
349 2161 567 2215 sublato
598 2175 628 2214 e
660 2159 800 2214 vivis
829 2157 1122 2227 Protogeni
1163 2156 1474 2211 Calaritano
1526 2154 1653 2225 Epi-
1681 2166 1729 2226 Β
1757 2166 2022 2223 suumque
2051 2168 2268 2223 gregem
2299 2153 2610 2209 deseruisse
2645 2153 2954 2210 Luciferum
2985 2170 3012 2208 a
3051 2155 3162 2210 Deo
3205 2169 3364 2208 voca-

100 2271 228 2325 scnpo
255 2265 296 2318 ε,
326 2270 352 2307 a
399 2253 548 2308 Julio
580 2252 741 2306 Rom.
787 2251 944 2306 Pont.
993 2253 1046 2305 in
1088 2264 1151 2305 ea
1207 2249 1336 2304 sede
1393 2256 1513 2318 post
1557 2263 1647 2301 an.

102 2348 197 2403 Clir.
224 2349 316 2404 547
361 2346 645 2401 suffectum
673 2345 836 2399 fuisse
858 2344 998 2398 idem
1028 2352 1216 2398 auctor
1241 2342 1433 2396 litteris
1469 2339 1652 2395 consi-

101 2443 265 2514 gnavit.
293 2442 486 2497 Verum
533 2439 840 2495 Methodius
866 2437 1196 2507 conjecturis
1224 2436 1446 2491 nimium
1476 2435 1654 2489 indul-

102 2554 203 2609 gens
230 2554 283 2592 ea
302 2536 368 2592 de
389 2535 647 2591 Lucifero
675 2533 932 2598 tradidit,
959 2545 1080 2600 qum
1101 2573 1116 2597 ,
1155 2531 1202 2585 si
1238 2544 1389 2599 aequa
1439 2528 1654 2583 critices

104 2631 222 2686 lancc
243 2630 572 2701 pendentur,
610 2625 762 2681 nihili
792 2625 1032 2680 facienda
1070 2633 1196 2678 sunt
1233 2622 1276 2676 ί.
1311 2622 1463 2690 Quod
1492 2623 1653 2678 ctiam

102 2723 312 2791 judicium
344 2723 406 2778 iis
430 2723 688 2788 debetur,
716 2737 835 2790 quae
865 2719 932 2774 de
961 2719 1124 2773 natali
1157 2735 1321 2784 anno,
1351 2718 1528 2790 deque
1548 2717 1656 2773 Lu-

105 2813 220 2869 ciferi
247 2829 432 2884 genere
466 2821 526 2868 et
567 2811 860 2882 episcopali
889 2811 1232 2866 ordinatione
1279 2827 1344 2866 ex
1393 2811 1657 2866 Bonfante

106 2902 268 2968 hausit,
308 2905 636 2975 scripsitque
680 2903 959 2959 Machinus
1012 2903 1472 2974 Archiepiscopus
1503 2903 1659 2958 Cala-

104 2998 274 3054 ritantts
295 3008 338 3053 Β.
367 2998 512 3070 Ergo
541 3000 748 3052 incerta
781 2996 1012 3053 Luciferi
1043 2999 1239 3067 patria,
1268 2999 1535 3052 incertum
1566 3014 1659 3067 ge-

108 3104 184 3143 nus
206 3101 250 3146 et
277 3102 501 3161 tempus,
535 3090 742 3146 incerta
767 3089 972 3154 omnia,
997 3105 1117 3158 quae
1145 3089 1423 3144 somnians
1451 3090 1660 3145 Methoc

108 3183 197 3238 dius
216 3190 452 3256 asseruit,
499 3188 574 3244 ad
601 3204 802 3243 annum
829 3203 1000 3258 usque
1028 3185 1155 3251 554,
1178 3203 1284 3258 quo
1307 3198 1359 3242 et
1391 3203 1586 3242 nomen
1611 3197 1665 3243 et

109 3275 301 3333 ofﬁcium
327 3280 567 3337 Luciferi
598 3285 827 3350 primum
858 3291 1150 3335 occurrunt
1173 3280 1224 3333 in
1249 3279 1441 3335 litteris
1466 3280 1664 3336 Lilierii

109 3368 233 3425 Pont.
258 3372 319 3428 ad
346 3374 727 3430 Constantium
751 3373 1054 3444 Augustum
1074 3413 1089 3438 ,
1115 3373 1206 3442 qui
1247 3387 1344 3442 per
1367 3373 1419 3428 id
1454 3381 1666 3446 tempus

165 3533 423 3609 αιιᾴραλις,
465 3531 774 3609 Ptolemaeo
817 3529 1040 3609 Corallis
1073 3529 1170 3609 :in
1214 3544 1347 3609 mss.
1396 3531 1668 3609 pluribus,
1697 3535 1742 3600 C

111 3599 292 3668 Caratis',
322 3603 1066 3674 Caralitanus;_xapaxailemg,
1097 3599 1382 3674 Coracalis,
1411 3602 1671 3658 ϐαι-ασαιὶ-

111 3682 245 3730 tanus.
273 3677 648 3751 Καρακαλίνων,
675 3672 1101 3729 Caracalinorum
1133 3673 1294 3726 habet
1327 3674 1673 3746 Sophronins

109 3744 160 3798 tle
189 3747 280 3801 \‘ir.
313 3750 484 3803 ltlost.
518 3746 802 3803 Cerardus
825 3745 1040 3799 Casteel
1079 3746 1128 3796 io
1159 3744 1425 3801 Controv.
1461 3749 1669 3802 Eccles.

110 3755 160 3798 tte
190 3755 280 3801 \‘ir.
313 3755 484 3803 ltlost.
518 3755 802 3803 Gerardus
825 3755 1040 3799 Casteel
1079 3762 1128 3796 ιιι
1159 3755 1425 3801 Controv.
1461 3755 1669 3802 Eccles.

110 3814 218 3869 Hist.
257 3833 501 3896 contr-0v.
539 3818 632 3896 19,
668 3816 950 3896 νειμ-545,
980 3818 1088 3896 col.
1121 3817 1170 3882 l,
1199 3815 1677 3896 Luciferuuuh‘pi-

110 3839 218 3869 Πιδι.
257 3839 501 3873 (ΣΠΙΙΙΓΟΫ.
539 3839 632 3879 ἰδ’
668 3839 788 3887 pag.
821 3839 950 3881 040,
980 3839 1088 3870 CUI.
1121 3839 1170 3882 'I,
1199 3839 1500 3888 but‘qerutu
1549 3839 1587 3872 Γ.
1634 3839 1674 3871 Ι·-

110 3903 287 3964 scopum
314 3891 750 3964 Calaguritanutn
777 3888 913 3942 dixit
945 3907 957 3942 :
993 3887 1109 3964 ltznc
1141 3896 1226 3942 est
1257 3887 1558 3964 Calagurris
1581 3839 1674 3946 ﬂi-

108 3962 177 4031 rio
213 3965 329 4016 urbs
380 3960 665 4031 Hi'siiauite
708 3960 1160 4024 Tarraconensis,
1195 3974 1342 4013 nunc
1385 3960 1676 4015 Calahorra

110 4029 150 4083 in
165 4032 378 4104 Castella
413 4029 624 4088 Veteri.
650 4033 717 4086 At
739 4033 866 4104 quid
892 4046 920 4084 a
945 4033 1170 4104 veritate
1195 4032 1433 4104 alienum
1464 4034 1675 4104 magis?

163 4101 184 4140 δ
234 4105 303 4160 Ex
353 4105 752 4162 commentttiis
802 4101 1258 4170 Inscriptionibuis
1305 4101 1674 4171 Calaritauis,

109 4172 158 4226 T.
195 4174 406 4232 AELIUS
455 4174 785 4237 LL‘CIFER,
828 4175 888 4229 L.
935 4171 1166 4229 AELIUS
1213 4173 1536 4240 LUCIFER,
1587 4176 1674 4230 IV.

112 4242 334 4303 zEMlLlA
367 4246 744 4306 LUCIFERA,
773 4255 828 4300 et
851 4261 915 4300 ex
949 4249 1184 4312 quodam
1215 4248 1565 4315 supposititio
1592 4247 1680 4302 Si-

110 4320 207 4372 culo
231 4320 426 4383 lapide,
459 4320 522 4375 L.
556 4316 828 4373 CASSIUS
859 4316 1178 4371 LUILIFER.
1216 4316 1334 4372 για.
1371 4317 1505 4372 Boll.
1543 4321 1679 4373 Acta

111 4387 191 4443 SS.
222 4402 258 4445 t.
288 4392 375 4456 IV,
406 4393 479 4448 20
511 4391 660 4454 Maii,
693 4391 826 4443 edit.
864 4388 1002 4443 Ven.
1033 4404 1153 4458 pag.
1187 4388 1317 4454 660,
1352 4407 1405 4442 ιι.
1439 4389 1496 4445 2.

169 4472 186 4498 τ
212 4461 267 4516 F.
299 4464 632 4518 Ambrosius
676 4460 986 4516 Methodius
1020 4459 1348 4515 Tarentinus
1377 4459 1514 4516 0rd.
1549 4461 1682 4517 Ere—

111 4531 208 4604 mit.
238 4535 292 4589 S.
326 4535 618 4604 Augustini
654 4534 705 4586 in
747 4532 996 4604 Vitams.
1027 4547 1093 4604 ex
1123 4531 1258 4586 Boll.
1293 4533 1413 4604 loco
1437 4532 1530 4587 cit.

167 4601 189 4639 ἀ
212 4604 342 4660 Boll.
377 4601 452 4660 ιι).
489 4607 543 4661 in
573 4613 788 4675 praeter.
817 4603 884 4658 ad
921 4603 992 4657 28
1020 4603 1165 4657 Maii.
1209 4607 1290 4659 An
1323 4603 1368 4658 is
1396 4603 1558 4659 fuerit
1581 4604 1684 4660 Ca-

112 4673 346 4733 laritauus
375 4673 626 4734 Antistes
658 4690 786 4730 sine.
821 4678 952 4728 Chr.
988 4690 1063 4742 IV,
1094 4684 1189 4729 aut
1225 4690 1294 4730 eo
1334 4677 1579 4737 ineunte,
1612 4693 1681 4731 an

114 4747 211 4817 scil.
243 4748 338 4803 Ch.
367 4750 499 4817 505,
539 4758 598 4802 ut
632 4746 940 4811 Ferrarius,
972 4745 1136 4810 Area,
1165 4745 1486 4810 Boufantes,
1516 4747 1679 4813 Fara,

114 4816 382 4890 iluchiuus,
416 4816 490 4876 et
518 4819 934 4890 Papebrochius
962 4819 1329 4885 contendunt,
1359 4818 1575 4874 dubitat
1606 4821 1679 4874 cl.

114 4885 385 4962 Matthaeius
413 4893 577 4950 Sartl.
599 4885 733 4946 'Sac.
770 4906 894 4962 pag.
929 4891 1019 4944 70.

1758 2255 1894 2308 ιιιιιι,
1929 2255 1990 2298 ιιι
2030 2245 2292 2298 laboranti
2344 2245 2623 2316 suppetias
2670 2246 2838 2301 ferret
2885 2255 3072 2300 contra
3123 2244 3363 2300 Arianos

1755 2336 2052 2392 Catholith
2077 2336 2357 2402 Ecclesiae,
2383 2350 2571 2392 auctor
2605 2346 2690 2393 est
2723 2338 2862 2393 idem
2899 2336 3208 2392 Methodius
3236 2337 3260 2374 ιτ
3297 2352 3363 2390 ex

1759 2433 1824 2488 iis
1856 2433 1995 2487 forte
2024 2432 2227 2488 Liberii
2259 2433 2464 2500 verbis,
2492 2431 2605 2488 Deo
2627 2443 2938 2504 coaperante
2963 2430 3152 2486 Frater
3168 2442 3216 2488 et
3237 2431 3368 2488 Coe-

1761 2528 2008 2597 piscopus
2038 2535 2210 2580 noster
2240 2525 2451 2596 Lucifer
2482 2525 2545 2580 de
2568 2525 2820 2582 Sardinia
2847 2529 3142 2596 supervenit
3172 2523 3214 2579 ι.

1831 2622 1932 2690 Qui
1975 2621 2284 2677 Luciferum
2330 2637 2435 2676 non
2477 2621 2907 2686 Sardiniensem,
2959 2620 3053 2675 sed
3103 2619 3367 2675 Sirmien-

1760 2734 1874 2774 sem
1909 2728 1979 2785 ιη,
2008 2718 2092 2773 vel
2125 2719 2288 2773 etiam
2333 2717 2717 2773 Sardicensem
2749 2725 2777 2752 ιλ
2808 2717 3102 2771 Ριωειιιειιι
3145 2713 3368 2781 dixere,

1761 2814 1830 2870 ab
1862 2812 2120 2870 historica
2151 2813 2383 2868 veritate
2406 2812 2648 2867 omnium
2677 2810 2850 2867 ferme
2872 2809 3236 2874 eruditorum,
3264 2809 3372 2863 cri-

1763 2909 2102 2978 ticorumque
2157 2905 2428 2977 suffragiis
2459 2947 2472 2972 ,
2525 2914 2581 2961 et
2624 2904 2996 2960 Conciliorum
3048 2900 3373 2956 auctoritate

1766 3003 1996 3068 ﬁrmata,
2027 3016 2188 3072 quam
2221 3000 2536 3070 turpissime
2581 3000 2923 3054 aberrarunt.
2953 2997 2997 3052 A
3031 3005 3220 3051 nostro
3242 3011 3371 3049 vero

1766 3096 1905 3151 alius
1943 3095 2167 3150 omnino
2198 3102 2281 3149 est
2309 3091 2528 3148 Lucifer
2557 3093 2647 3147 illc
2683 3091 2996 3156 Sardensis,
3028 3089 3119 3160 qui
3153 3086 3372 3159 Synodo

1765 3192 2087 3249 Caesariensi
2130 3192 2181 3245 in
2230 3189 2604 3260 Cappadocia,
2655 3188 2706 3241 in
2754 3203 2858 3257 qua
2929 3185 2988 3242 S.
3024 3183 3258 3239 Basilius
3302 3180 3370 3235 ad

1769 3285 1916 3340 illam
1947 3283 2130 3339 sedem
2164 3282 2533 3352 occupandam
2578 3281 2788 3335 electus
2839 3278 2963 3344 fuit,
3007 3275 3251 3332 interfuit
3281 3290 3370 3328 an.

1771 3380 1900 3434 Chr.
1933 3379 2039 3434 570
2069 3389 2114 3446 ο,
2151 3393 2259 3448 quo
2286 3385 2540 3444 exeunte,
2571 3376 2653 3429 vel
2693 3375 2885 3429 saltem
2939 3367 3218 3442 sequentis
3246 3367 3374 3424 anni

1850 3533 1876 3571 ιλ
1900 3534 2023 3590 Vid.
2040 3534 2214 3604 Epist.
2239 3532 2440 3589 Liberii
2465 3533 2626 3604 Papia
2649 3532 2714 3585 ad
2733 3529 3024 3604 Eusebium
3059 3528 3376 3604 Vercellen:

1778 3622 1891 3661 sem
1924 3598 2254 3674 Episcopum
2291 3617 2326 3658 t.
2370 3605 2410 3659 ll
2439 3598 2653 3658 Concil.
2689 3604 2821 3658 edit.
2858 3602 3076 3658 Venetae
3117 3617 3236 3672 pag.
3271 3598 3378 3656 805

1777 3690 1829 3733 et
1855 3689 1970 3733 not.
2001 3678 2138 3732 Biuii
2171 3677 2303 3732 ibid.
2335 3692 2455 3746 pag.
2487 3678 2610 3731 800.

1857 3749 1871 3786 ί
1913 3749 2221 3819 Eutropium
2265 3744 2426 3803 Vocat
2452 3747 2593 3802 Cave
2631 3748 2700 3802 de
2745 3747 2944 3816 Script.
2993 3744 3205 3801 Eccles.
3248 3758 3380 3801 saec.

1780 3821 1972 3877 Arian.
2009 3821 2127 3874 Vict.
2162 3820 2410 3888 Lucifer;
2441 3819 2536 3874 St'd
2571 3821 2733 3875 male.
3061 3843 3066 3847 -

1856 3892 1868 3942 i
1913 3893 2154 3948 llilarins
2193 3894 2279 3945 hic
2329 3891 2488 3946 Rom.
2537 3890 2800 3946 Ecclesia!
2848 3889 3120 3945 Diaconus
3163 3888 3383 3945 Lucife-

1780 3964 1950 4020 rianis
1993 3980 2118 4019 sese
2162 3963 2440 4033 adiunxit,
2493 3978 2794 4025 eorumque
2836 3961 3162 4032 corypha-us
3210 3961 3386 4033 factus

1781 4035 2060 4091 schismati
2091 4032 2344 4090 haeresim
2374 4035 2604 4100 addidit,
2635 4051 2795 4106 quem
2821 4033 2885 4087 D.
2923 4033 3288 4106 Hieronymus
3316 4032 3388 4086 ob

1781 4110 2110 4161 Arianorum
2159 4110 2224 4160 ad
2272 4107 2608 4161 Catholicam
2655 4103 3103 4160 communionem
3137 4103 3392 4158 redeun-

1783 4180 1915 4232 tium
1946 4179 2434 4247 rebaptizationi-m
2466 4193 2665 4232 novum
2693 4175 2844 4232 orbis
2871 4176 3262 4231 Deucaliouem
3294 4191 3393 4229 no-

1783 4251 1951 4304 tuiuat
1980 4250 2034 4304 io
2070 4251 2169 4303 lib.
2213 4263 2402 4303 contra
2446 4248 2847 4305 Lucifer-ianos.
2894 4248 3072 4315 Opera
3114 4256 3291 4300 tamen
3337 4254 3394 4299 ct

1783 4323 1902 4376 zelo
1945 4323 2003 4377 S.
2044 4321 2256 4376 Damasi
2308 4321 2470 4390 Papa:
2516 4321 2796 4390 Hilarium,
2825 4323 3041 4372 tandem
3091 4316 3158 4372 ad
3203 4331 3390 4371 sanam

1784 4402 2021 4448 mentem
2052 4392 2305 4456 rediisse,
2329 4389 2706 4446 et’Catholicis
2737 4389 3038 4444 adhaesisse
3064 4403 3190 4443 cum
3225 4390 3392 4455 l’agio

1784 4465 1837 4519 iit
1886 4467 2028 4518 Anu.
2060 4464 2185 4517 Bar.
2215 4462 2281 4516 ad
2313 4480 2404 4518 an.
2433 4463 2568 4518 Chr.
2604 4462 2735 4527 562,
2762 4479 2817 4515 ιι.
2849 4461 2945 4526 25,
2979 4472 3035 4515 et
3073 4460 3196 4514 Nat.
3231 4461 3392 4516 Alex.

1784 4550 1914 4590 saec.
1948 4533 2003 4601 4,
2036 4551 2085 4590 c.
2117 4534 2172 4600 6,
2206 4545 2310 4588 art.
2351 4534 2438 4599 IL,
2481 4542 2633 4588 tenet
2669 4534 2744 4589 cl.
2783 4533 3116 4588 Sarazauius
3151 4532 3204 4586 in
3251 4531 3398 4588 notis

1785 4608 1850 4661 ad
1883 4617 2034 4677 gesta
2068 4617 2125 4660 et
2153 4607 2416 4676 opuscula
2444 4606 2503 4661 S.
2545 4605 2761 4660 Damasi
2794 4620 2918 4674 cap.
2957 4604 3053 4669 εἰ,
3089 4622 3143 4658 ιι.
3179 4604 3234 4677 6.
3266 4619 3396 4659 nos-

1786 4676 2111 4747 que’iisdem
2144 4679 2266 4732 fulti
2296 4680 2635 4749 argumentis
2664 4677 2794 4733 huic
2821 4677 3118 4734 sententiae
3149 4676 3397 4746 subscri-

1788 4751 1989 4804 bimus.

1861 4820 1884 4892 ‘f
1918 4822 2020 4876 Ubi
2049 4837 2236 4892 supra.
2272 4820 2394 4875 Vid.
2424 4820 2677 4876 Bolland.
2709 4821 2748 4876 l.
2776 4821 2870 4877 cit.
2899 4837 2954 4876 ιι.
2985 4821 3039 4876 5.

1868 4890 1884 4931 ι
1919 4892 1975 4946 lu
2021 4889 2196 4966 Epist.
2233 4893 2301 4948 ad
2332 4894 2532 4949 Euseb.
2559 4893 2796 4966 Vercell.
2845 4903 2885 4948 t.
2918 4893 2969 4966 Il
3005 4891 3218 4966 Concil.
3259 4889 3394 4948 edit.

175 4937 1434 5045 {Inie‘r‘f'ui’tu-N‘icieutzv‘e,reiDSa-rdieensi.Synod-9
1461 4982 1480 5045 ε·
1501 4964 1547 5018 is
1577 4979 1685 5019 non
1711 4937 1765 4999 Ῐ)
1795 4937 2532 5045 Rigida-565:2;

118 5030 468 5106 Sardiniensis,
523 5038 618 5090 sed
672 5033 1000 5106 Sardicensis
1047 5035 1124 5106 in,
1152 5030 1336 5089 Mtesia
1384 5035 1688 5106 Episcopus

117 5103 218 5166 fuit,
257 5120 309 5160 ut
355 5118 580 5164 coostat
616 5123 685 5162 ex
731 5105 1044 5159 Andronico
1101 5103 1688 5175 Palieologo'Seuiore

117 5177 236 5241 apud
265 5178 529 5234 Goarium
555 5179 620 5232 ad
649 5178 856 5232 calcem
879 5177 1072 5232 Codini
1103 5193 1226 5245 pag.
1249 5175 1378 5244 405,
1404 5191 1458 5232 et
1485 5194 1554 5234 ex
1587 5179 1690 5233 Le-

119 5248 310 5320 quienio
351 5262 390 5305 t.
425 5250 495 5310 ll.
531 5251 715 5305 Orieu.
757 5247 963 5303 Cluist.
1006 5249 1113 5304 col.
1156 5249 1283 5314 501,
1316 5261 1368 5305 et
1413 5266 1530 5320 seq.
1575 5252 1688 5304 Ma-

120 5317 290 5393 chiuus
334 5333 521 5377 tamen
566 5323 692 5376 totis
740 5321 946 5374 viribus
990 5321 1275 5375 contendit
1320 5317 1682 5393 I’rotogenem

123 5386 242 5466 hunc
286 5393 605 5449 Antistitem
650 5394 1019 5466 Calaritaoum
1061 5393 1233 5466 tuisse
1277 5403 1391 5448 toto
1434 5386 1556 5466 ca'p.
1593 5395 1681 5461 l7,

123 5458 205 5514 lib.
235 5479 268 5518 ιι
302 5468 494 5521 tiefeo.
528 5466 716 5521 Sanct.
748 5464 810 5518 Β.
837 5463 1095 5519 Luciferi.

187 5533 200 5608 ξ
229 5537 307 5588 Cl.
342 5537 652 5591 Matthmius
683 5538 804 5590 loco
835 5553 993 5608 supra
1019 5537 1112 5589 cit.
1150 5552 1272 5608 pag.
1300 5537 1386 5602 72,
1414 5538 1489 5593 ait
1523 5559 1536 5594 :
1567 5537 1697 5592 ch

124 5604 305 5671 quidem
335 5608 398 5662 de
429 5607 676 5678 Lucifero
705 5617 885 5662 narrat
905 5604 1242 5670 Methodius,
1272 5611 1363 5661 sed
1401 5609 1574 5663 omnia
1616 5611 1698 5664 in-

128 5691 274 5752 certa,
305 5697 366 5732 ne
405 5683 532 5750 quid
557 5682 758 5748 gravius
787 5681 990 5746 dicam,
1035 5689 1172 5733 sunt.
1212 5678 1330 5734 Vid.
1377 5681 1608 5752 Papebr.
1654 5682 1692 5737 I.

128 5748 228 5814 cit.,
260 5767 309 5804 n.
337 5753 371 5805 2
399 5748 455 5807 et
478 5754 536 5806 3.

191 5830 213 5871 ε
244 5819 422 5880 Delen.
454 5823 637 5881 Sanct.
671 5825 731 5881 Β.
756 5823 991 5883 Luciferi
1022 5840 1141 5897 par.
1167 5826 1220 5894 'l,
1252 5839 1301 5882 c.
1336 5826 1386 5880 1.

1866 5033 2304 5108 πηςιιίιιεῖῖετίαηὶγα
2333 5035 2579 5108 Lucifero
2607 5037 2816 5108 Sinnia:
2840 5035 3126 5108 Episcopo,
3157 5035 3246 5104 qui
3273 5050 3397 5108 con-

1793 5117 1872 5160 tra
1902 5107 2189 5181 Episcopos
2229 5107 2548 5173 Catholicos,
2589 5111 2675 5179 qui
2715 5107 3004 5162 Constantii
3046 5107 3402 5176 persecutione

1791 5182 2026 5248 perfidia:
2057 5182 2367 5234 Arianorum
2396 5181 2768 5235 consentientes
2794 5189 2962 5242 erant,
2999 5190 3047 5234 et
3082 5187 3261 5248 postea
3289 5193 3407 5231 cor-

1788 5253 1913 5305 recti
1935 5252 2139 5320 rediere
2166 5253 2218 5305 in
2242 5251 2590 5315 Catholicam,
2607 5262 2715 5307 etc.
2748 5250 2806 5308 S.
2832 5251 3074 5305 Isidorus
3092 5250 3161 5305 de
3182 5249 3400 5319 Urigiu.

1787 5322 1886 5376 lib.
1911 5337 2023 5388 VIII,
2052 5337 2174 5394 pag.
2199 5323 2325 5388 105,
2353 5323 2488 5377 edit.
2521 5322 2883 5394 Baris.7160il,
2910 5320 3403 5394 etllonoriusAu-

1787 5392 2082 5464 gustodun.
2117 5392 2183 5450 de
2215 5396 2418 5449 harres.
2444 5394 2495 5448 in
2530 5393 2671 5449 Bibl.
2706 5393 2814 5448 PP.
2848 5403 2887 5448 t.
2916 5393 3034 5448 XII.
3064 5393 3140 5447 Ita
3181 5405 3235 5464 et
3267 5392 3404 5448 Era-

1807 5480 1960 5520 smus
1985 5468 2036 5520 in
2069 5476 2185 5522 not.
2220 5466 2287 5520 ad
2320 5467 2456 5521 Dial.
2481 5465 2540 5521 S.
2571 5465 2794 5522 Hieron.
2829 5480 3021 5519 contra
3050 5463 3314 5529 Lucifer.,
3346 5477 3410 5518 ac

1808 5536 2110 5593 Nauclerus
2135 5540 2186 5592 in
2214 5552 2315 5592 suo
2346 5536 2548 5593 Chron.
2585 5547 2624 5590 t.
2661 5537 2724 5601 ll,
2757 5545 2919 5607 atque
2954 5537 3122 5592 etiam
3151 5535 3408 5590 Montho-

1808 5609 1988 5664 Ionius
2019 5611 2075 5665 in
2106 5610 2348 5680 Pronipt.
2385 5618 2425 5664 t.
2451 5608 2514 5673 Il,
2548 5623 2673 5680 pag.
2707 5609 2802 5664 28.

1878 5690 1906 5717 ιι
1945 5681 2006 5737 ν.
2038 5679 2356 5736 Cornelium
2401 5697 2428 5734 a
2468 5679 2673 5748 Lapide
2703 5680 2758 5735 in
2797 5680 2968 5750 Apoc.
2996 5694 3048 5736 c.
3072 5681 3129 5748 5,
3157 5694 3302 5736 vers.
3333 5679 3358 5734 I
3394 5697 3407 5734 :

1808 5753 1875 5809 Et
1906 5752 2103 5823 Angela
2127 5753 2380 5808 Ecclesia:
2411 5753 2600 5808 Sardis
2629 5753 2817 5818 scribe,
2849 5763 2955 5807 etc.

1881 5835 1903 5860 “
1930 5829 2022 5882 Καὶ
2050 5833 2167 5888 τοῦς
2214 5827 2265 5881 ἐκ
2306 5835 2400 5888 τῆς
2446 5826 2726 5902 ὑπερορίας
2770 5825 3133 5890 ἅνακληθέντας
3178 5845 3410 5907 προσκοι-
