  <div class='ocr_page' id='page_1' title='image "/cluster/home/n/w/nwhite01/storage/ocr_20150623/13/hvd.32044015471295/376.png"; bbox 0 0 3972 6352; ppageno 0'>
   <div class='ocr_carea' id='block_1_1' title="bbox 122 297 3403 367">
    <p class='ocr_par' dir='ltr' id='par_1_1' title="bbox 122 297 3403 367">
     <span class='ocr_line' id='line_1_1' title="bbox 122 297 3403 367; baseline 0.002 -6"><span class='ocrx_word' id='word_1_1' title='bbox 122 305 208 366; x_wconf 65' lang='grc'><strong><em>’141</em></strong></span> <span class='ocrx_word' id='word_1_2' title='bbox 1457 297 1782 362; x_wconf 69' lang='grc' dir='ltr'><strong><em>ιυειηηι</em></strong></span> <span class='ocrx_word' id='word_1_3' title='bbox 1819 299 2001 360; x_wconf 65' lang='grc' dir='ltr'><strong>νιτΑι</strong></span> <span class='ocrx_word' id='word_1_4' title='bbox 3298 311 3403 367; x_wconf 65' lang='lat' dir='ltr'><strong><em>ii!</em></strong></span> 
     </span>
    </p>
   </div>
   <div class='ocr_carea' id='block_1_2' title="bbox 122 415 3404 494">
    <p class='ocr_par' dir='ltr' id='par_1_2' title="bbox 122 415 3404 494">
     <span class='ocr_line' id='line_1_2' title="bbox 122 415 3404 494; baseline 0.001 -18"><span class='ocrx_word' id='word_1_5' title='bbox 122 422 259 476; x_wconf 88' lang='lat' dir='ltr'><strong><em>modo</em></strong></span> <span class='ocrx_word' id='word_1_6' title='bbox 282 419 569 489; x_wconf 71' lang='lat' dir='ltr'><strong><em>Imperator</em></strong></span> <span class='ocrx_word' id='word_1_7' title='bbox 595 424 798 473; x_wconf 84' lang='lat' dir='ltr'><strong><em>tantum</em></strong></span> <span class='ocrx_word' id='word_1_8' title='bbox 823 433 1093 472; x_wconf 83' lang='lat' dir='ltr'><strong><em>numerum</em></strong></span> <span class='ocrx_word' id='word_1_9' title='bbox 1112 415 1696 489; x_wconf 76' lang='lat' dir='ltr'><strong><em>Episcoporumcoegit,</em></strong></span> <span class='ocrx_word' id='word_1_10' title='bbox 1725 425 1781 485; x_wconf 80' lang='grc' dir='ltr'>Α</span> <span class='ocrx_word' id='word_1_11' title='bbox 1803 418 1943 473; x_wconf 88' lang='lat' dir='ltr'><strong><em>diam</em></strong></span> <span class='ocrx_word' id='word_1_12' title='bbox 1982 416 2233 490; x_wconf 87' lang='lat' dir='ltr'><strong><em>Episcopi</em></strong></span> <span class='ocrx_word' id='word_1_13' title='bbox 2267 419 2633 492; x_wconf 72' lang='lat' dir='ltr'><strong><em>(Athanasii),</em></strong></span> <span class='ocrx_word' id='word_1_14' title='bbox 2663 431 2769 476; x_wconf 77' lang='lat' dir='ltr'><strong><em>tum</em></strong></span> <span class='ocrx_word' id='word_1_15' title='bbox 2802 431 2858 477; x_wconf 88' lang='lat' dir='ltr'><strong><em>ut</em></strong></span> <span class='ocrx_word' id='word_1_16' title='bbox 2887 423 3107 494; x_wconf 75' lang='lat' dir='ltr'><strong><em>speciem</em></strong></span> <span class='ocrx_word' id='word_1_17' title='bbox 3151 424 3404 493; x_wconf 85' lang='lat' dir='ltr'><strong><em>aliquam,</em></strong></span> 
     </span>
    </p>
   </div>
   <div class='ocr_carea' id='block_1_3' title="bbox 122 510 3413 587">
    <p class='ocr_par' dir='ltr' id='par_1_3' title="bbox 122 510 3413 587">
     <span class='ocr_line' id='line_1_3' title="bbox 122 510 3413 587; baseline 0.001 -17"><span class='ocrx_word' id='word_1_18' title='bbox 122 532 222 571; x_wconf 88' lang='lat' dir='ltr'><strong><em>cum</em></strong></span> <span class='ocrx_word' id='word_1_19' title='bbox 249 515 436 582; x_wconf 77' lang='lat' dir='ltr'><strong><em>partim</em></strong></span> <span class='ocrx_word' id='word_1_20' title='bbox 464 512 613 567; x_wconf 86' lang='lat' dir='ltr'><strong><em>minis</em></strong></span> <span class='ocrx_word' id='word_1_21' title='bbox 650 522 931 576; x_wconf 86' lang='lat' dir='ltr'><strong><em>terrerent,</em></strong></span> <span class='ocrx_word' id='word_1_22' title='bbox 968 512 1159 576; x_wconf 81' lang='lat' dir='ltr'><strong><em>partim</em></strong></span> <span class='ocrx_word' id='word_1_23' title='bbox 1203 510 1473 583; x_wconf 71' lang='lat' dir='ltr'><strong><em>promissis</em></strong></span> <span class='ocrx_word' id='word_1_24' title='bbox 1526 510 1704 566; x_wconf 87' lang='lat' dir='ltr'><strong><em>allice-</em></strong></span> <span class='ocrx_word' id='word_1_25' title='bbox 1806 512 2173 584; x_wconf 73' lang='lat' dir='ltr'><strong><em>dignitatisque</em></strong></span> <span class='ocrx_word' id='word_1_26' title='bbox 2197 514 2473 587; x_wconf 79' lang='lat' dir='ltr'><strong><em>imaginem</em></strong></span> <span class='ocrx_word' id='word_1_27' title='bbox 2498 517 2705 573; x_wconf 69' lang='lat' dir='ltr'><strong><em>Ariona</em></strong></span> <span class='ocrx_word' id='word_1_28' title='bbox 2730 516 2914 572; x_wconf 65' lang='lat' dir='ltr'><strong><em>haeresi</em></strong></span> <span class='ocrx_word' id='word_1_29' title='bbox 2945 517 3247 574; x_wconf 82' lang='lat' dir='ltr'><strong><em>conciliaret</em></strong></span> <span class='ocrx_word' id='word_1_30' title='bbox 3273 559 3287 585; x_wconf 94' lang='lat'><strong><em>,</em></strong></span> <span class='ocrx_word' id='word_1_31' title='bbox 3319 534 3413 572; x_wconf 51' lang='lat' dir='ltr'><strong><em>crte</em></strong></span> 
     </span>
    </p>
   </div>
   <div class='ocr_carea' id='block_1_4' title="bbox 122 604 3406 683">
    <p class='ocr_par' dir='ltr' id='par_1_4' title="bbox 122 604 3406 683">
     <span class='ocr_line' id='line_1_4' title="bbox 122 604 3406 683; baseline 0.002 -23"><span class='ocrx_word' id='word_1_32' title='bbox 122 616 240 671; x_wconf 88' lang='lat' dir='ltr'><strong><em>rent,</em></strong></span> <span class='ocrx_word' id='word_1_33' title='bbox 264 616 312 660; x_wconf 85' lang='lat' dir='ltr'><strong><em>ut</em></strong></span> <span class='ocrx_word' id='word_1_34' title='bbox 340 622 394 659; x_wconf 87' lang='lat' dir='ltr'><strong><em>se</em></strong></span> <span class='ocrx_word' id='word_1_35' title='bbox 433 605 715 674; x_wconf 76' lang='lat' dir='ltr'><strong><em>faterentur</em></strong></span> <span class='ocrx_word' id='word_1_36' title='bbox 743 620 847 658; x_wconf 88' lang='lat' dir='ltr'><strong><em>non</em></strong></span> <span class='ocrx_word' id='word_1_37' title='bbox 885 604 1112 674; x_wconf 88' lang='lat' dir='ltr'><strong><em>amplius</em></strong></span> <span class='ocrx_word' id='word_1_38' title='bbox 1133 605 1545 658; x_wconf 83' lang='lat' dir='ltr'><strong><em>communionem</em></strong></span> <span class='ocrx_word' id='word_1_39' title='bbox 1587 620 1704 657; x_wconf 88' lang='lat' dir='ltr'><strong><em>cum</em></strong></span> <span class='ocrx_word' id='word_1_40' title='bbox 1796 606 1890 671; x_wconf 88' lang='lat' dir='ltr'><strong><em>jus</em></strong></span> <span class='ocrx_word' id='word_1_41' title='bbox 1911 606 2023 676; x_wconf 80' lang='lat' dir='ltr'><strong><em>ipse</em></strong></span> <span class='ocrx_word' id='word_1_42' title='bbox 2045 619 2405 681; x_wconf 84' lang='lat' dir='ltr'><strong><em>prapugnator</em></strong></span> <span class='ocrx_word' id='word_1_43' title='bbox 2433 616 2567 665; x_wconf 73' lang='lat' dir='ltr'><strong><em>erat.</em></strong></span> <span class='ocrx_word' id='word_1_44' title='bbox 2594 610 2705 667; x_wconf 85' lang='lat' dir='ltr'><strong><em>Hoc</em></strong></span> <span class='ocrx_word' id='word_1_45' title='bbox 2732 620 2890 682; x_wconf 88' lang='lat' dir='ltr'><strong><em>pacto</em></strong></span> <span class='ocrx_word' id='word_1_46' title='bbox 2913 653 2928 679; x_wconf 90' lang='lat'><strong><em>,</em></strong></span> <span class='ocrx_word' id='word_1_47' title='bbox 2963 623 3150 667; x_wconf 85' lang='lat' dir='ltr'><strong><em>nostro</em></strong></span> <span class='ocrx_word' id='word_1_48' title='bbox 3189 613 3406 683; x_wconf 81' lang='lat' dir='ltr'><strong><em>quidem</em></strong></span> 
     </span>
    </p>
   </div>
   <div class='ocr_carea' id='block_1_5' title="bbox 123 693 3411 772">
    <p class='ocr_par' dir='ltr' id='par_1_5' title="bbox 123 693 3411 772">
     <span class='ocr_line' id='line_1_5' title="bbox 123 693 3411 772; baseline 0 -18"><span class='ocrx_word' id='word_1_49' title='bbox 123 698 384 754; x_wconf 75' lang='lat' dir='ltr'><strong><em>Athanasio</em></strong></span> <span class='ocrx_word' id='word_1_50' title='bbox 453 696 639 754; x_wconf 84' lang='lat' dir='ltr'><strong><em>habere</em></strong></span> <span class='ocrx_word' id='word_1_51' title='bbox 689 713 708 752; x_wconf 91' lang='lat'><strong><em>:</em></strong></span> <span class='ocrx_word' id='word_1_52' title='bbox 756 708 918 769; x_wconf 89' lang='lat' dir='ltr'><strong><em>atque</em></strong></span> <span class='ocrx_word' id='word_1_53' title='bbox 995 699 1102 753; x_wconf 91' lang='lat' dir='ltr'><strong><em>huc</em></strong></span> <span class='ocrx_word' id='word_1_54' title='bbox 1165 698 1328 754; x_wconf 87' lang='lat' dir='ltr'><strong><em>etiam</em></strong></span> <span class='ocrx_word' id='word_1_55' title='bbox 1400 700 1707 767; x_wconf 79' lang='lat' dir='ltr'><strong><em>respexisse</em></strong></span> <span class='ocrx_word' id='word_1_56' title='bbox 1801 693 2032 764; x_wconf 86' lang='lat' dir='ltr'><strong><em>judicio,</em></strong></span> <span class='ocrx_word' id='word_1_57' title='bbox 2062 697 2307 755; x_wconf 89' lang='lat' dir='ltr'><strong><em>Socratis</em></strong></span> <span class='ocrx_word' id='word_1_58' title='bbox 2329 708 2384 754; x_wconf 89' lang='lat' dir='ltr'><strong><em>et</em></strong></span> <span class='ocrx_word' id='word_1_59' title='bbox 2408 699 2693 756; x_wconf 80' lang='lat' dir='ltr'><strong><em>Sozomeni</em></strong></span> <span class='ocrx_word' id='word_1_60' title='bbox 2716 701 3027 757; x_wconf 85' lang='lat' dir='ltr'><strong><em>testimonia</em></strong></span> <span class='ocrx_word' id='word_1_61' title='bbox 3052 702 3260 757; x_wconf 85' lang='lat' dir='ltr'><strong><em>admitti</em></strong></span> <span class='ocrx_word' id='word_1_62' title='bbox 3287 718 3411 772; x_wconf 84' lang='lat' dir='ltr'><strong><em>pos-</em></strong></span> 
     </span>
    </p>
   </div>
   <div class='ocr_carea' id='block_1_6' title="bbox 124 782 3413 864">
    <p class='ocr_par' dir='ltr' id='par_1_6' title="bbox 124 782 3413 864">
     <span class='ocr_line' id='line_1_6' title="bbox 124 782 3413 864; baseline -0 -15"><span class='ocrx_word' id='word_1_63' title='bbox 124 794 334 849; x_wconf 83' lang='lat' dir='ltr'><strong><em>arbitror</em></strong></span> <span class='ocrx_word' id='word_1_64' title='bbox 393 792 703 849; x_wconf 78' lang='lat' dir='ltr'><strong><em>Luciferum</em></strong></span> <span class='ocrx_word' id='word_1_65' title='bbox 767 802 1014 849; x_wconf 89' lang='lat' dir='ltr'><strong><em>nostrum</em></strong></span> <span class='ocrx_word' id='word_1_66' title='bbox 1078 793 1143 847; x_wconf 89' lang='lat' dir='ltr'><strong><em>iis</em></strong></span> <span class='ocrx_word' id='word_1_67' title='bbox 1195 791 1262 846; x_wconf 87' lang='lat' dir='ltr'><strong><em>ad</em></strong></span> <span class='ocrx_word' id='word_1_68' title='bbox 1330 782 1705 849; x_wconf 87' lang='lat' dir='ltr'><strong><em>Constantium</em></strong></span> <span class='ocrx_word' id='word_1_69' title='bbox 1807 797 1955 852; x_wconf 88' lang='lat' dir='ltr'><strong><em>sunt,</em></strong></span> <span class='ocrx_word' id='word_1_70' title='bbox 1977 798 2161 859; x_wconf 90' lang='lat' dir='ltr'><strong><em>utpote</em></strong></span> <span class='ocrx_word' id='word_1_71' title='bbox 2187 791 2277 861; x_wconf 84' lang='lat' dir='ltr'><strong><em>qui</em></strong></span> <span class='ocrx_word' id='word_1_72' title='bbox 2302 807 2367 846; x_wconf 83' lang='lat' dir='ltr'><strong><em>ex</em></strong></span> <span class='ocrx_word' id='word_1_73' title='bbox 2402 791 2991 864; x_wconf 79' lang='lat' dir='ltr'><strong><em>totsubscriptionibus</em></strong></span> <span class='ocrx_word' id='word_1_74' title='bbox 3017 794 3413 864; x_wconf 86' lang='lat' dir='ltr'><strong><em>Episcoporum</em></strong></span> 
     </span>
    </p>
   </div>
   <div class='ocr_carea' id='block_1_7' title="bbox 126 878 3415 955">
    <p class='ocr_par' dir='ltr' id='par_1_7' title="bbox 126 878 3415 955">
     <span class='ocr_line' id='line_1_7' title="bbox 126 878 3415 955; baseline -0.001 -10"><span class='ocrx_word' id='word_1_75' title='bbox 126 887 440 946; x_wconf 81' lang='lat' dir='ltr'><strong><em>verbis:Ad</em></strong></span> <span class='ocrx_word' id='word_1_76' title='bbox 491 888 780 943; x_wconf 88' lang='lat' dir='ltr'><strong><em>innocentis</em></strong></span> <span class='ocrx_word' id='word_1_77' title='bbox 829 904 1005 941; x_wconf 87' lang='lat' dir='ltr'><strong><em>necem</em></strong></span> <span class='ocrx_word' id='word_1_78' title='bbox 1058 901 1261 941; x_wconf 87' lang='lat' dir='ltr'><strong><em>onmem</em></strong></span> <span class='ocrx_word' id='word_1_79' title='bbox 1315 884 1529 941; x_wconf 82' lang='lat' dir='ltr'><strong><em>chorum</em></strong></span> <span class='ocrx_word' id='word_1_80' title='bbox 1578 885 1710 938; x_wconf 77' lang='lat' dir='ltr'><strong><em>invi—</em></strong></span> <span class='ocrx_word' id='word_1_81' title='bbox 1807 878 2176 937; x_wconf 88' lang='lat' dir='ltr'><strong><em>aConstantio</em></strong></span> <span class='ocrx_word' id='word_1_82' title='bbox 2197 883 2425 939; x_wconf 88' lang='lat' dir='ltr'><strong><em>subdole</em></strong></span> <span class='ocrx_word' id='word_1_83' title='bbox 2451 885 2697 941; x_wconf 85' lang='lat' dir='ltr'><strong><em>collectis</em></strong></span> <span class='ocrx_word' id='word_1_84' title='bbox 2719 900 2882 955; x_wconf 85' lang='lat' dir='ltr'><strong><em>supra</em></strong></span> <span class='ocrx_word' id='word_1_85' title='bbox 2918 895 3190 943; x_wconf 88' lang='lat' dir='ltr'><strong><em>trecentos</em></strong></span> <span class='ocrx_word' id='word_1_86' title='bbox 3222 888 3415 943; x_wconf 77' lang='lat' dir='ltr'><strong><em>Patres</em></strong></span> 
     </span>
    </p>
   </div>
   <div class='ocr_carea' id='block_1_8' title="bbox 128 972 3418 1051">
    <p class='ocr_par' dir='ltr' id='par_1_8' title="bbox 128 972 3418 1051">
     <span class='ocr_line' id='line_1_8' title="bbox 128 972 3418 1051; baseline -0.001 -15"><span class='ocrx_word' id='word_1_87' title='bbox 128 982 231 1036; x_wconf 85' lang='lat' dir='ltr'><strong><em>taris</em></strong></span> <span class='ocrx_word' id='word_1_88' title='bbox 277 981 655 1051; x_wconf 84' lang='lat' dir='ltr'><strong><em>Episcoporum</em></strong></span> <span class='ocrx_word' id='word_1_89' title='bbox 705 989 753 1034; x_wconf 73' lang='grc' dir='ltr'><strong><em>α.</em></strong></span> <span class='ocrx_word' id='word_1_90' title='bbox 798 979 997 1035; x_wconf 85' lang='lat' dir='ltr'><strong><em>Verum</em></strong></span> <span class='ocrx_word' id='word_1_91' title='bbox 1053 980 1343 1045; x_wconf 79' lang='lat' dir='ltr'><strong><em>enimvero</em></strong></span> <span class='ocrx_word' id='word_1_92' title='bbox 1387 977 1452 1031; x_wconf 88' lang='lat' dir='ltr'><strong><em>ad</em></strong></span> <span class='ocrx_word' id='word_1_93' title='bbox 1504 976 1707 1033; x_wconf 83' lang='lat' dir='ltr'><strong><em>Medio-</em></strong></span> <span class='ocrx_word' id='word_1_94' title='bbox 1811 972 2204 1031; x_wconf 79' lang='lat' dir='ltr'><strong><em>Mediolanensi</em></strong></span> <span class='ocrx_word' id='word_1_95' title='bbox 2254 976 2499 1032; x_wconf 85' lang='lat' dir='ltr'><strong><em>Concilio</em></strong></span> <span class='ocrx_word' id='word_1_96' title='bbox 2545 993 2740 1033; x_wconf 81' lang='lat' dir='ltr'><strong><em>nomen</em></strong></span> <span class='ocrx_word' id='word_1_97' title='bbox 2789 978 3010 1035; x_wconf 84' lang='lat' dir='ltr'><strong><em>dedisse</em></strong></span> <span class='ocrx_word' id='word_1_98' title='bbox 3050 978 3418 1046; x_wconf 88' lang='lat' dir='ltr'><strong><em>tradiderunt,</em></strong></span> 
     </span>
    </p>
   </div>
   <div class='ocr_carea' id='block_1_9' title="bbox 126 1066 3419 1145">
    <p class='ocr_par' dir='ltr' id='par_1_9' title="bbox 126 1066 3419 1145">
     <span class='ocr_line' id='line_1_9' title="bbox 126 1066 3419 1145; baseline -0.001 -15"><span class='ocrx_word' id='word_1_99' title='bbox 126 1075 376 1130; x_wconf 88' lang='lat' dir='ltr'><strong><em>lanensem</em></strong></span> <span class='ocrx_word' id='word_1_100' title='bbox 436 1073 718 1145; x_wconf 79' lang='lat' dir='ltr'><strong><em>Synodum</em></strong></span> <span class='ocrx_word' id='word_1_101' title='bbox 784 1074 939 1143; x_wconf 83' lang='lat' dir='ltr'><strong><em>pauci</em></strong></span> <span class='ocrx_word' id='word_1_102' title='bbox 988 1070 1209 1142; x_wconf 83' lang='lat' dir='ltr'><strong><em>quidem</em></strong></span> <span class='ocrx_word' id='word_1_103' title='bbox 1264 1084 1544 1127; x_wconf 83' lang='lat' dir='ltr'><strong><em>accessere</em></strong></span> <span class='ocrx_word' id='word_1_104' title='bbox 1601 1068 1705 1125; x_wconf 84' lang='lat' dir='ltr'><strong><em>Oe-</em></strong></span> <span class='ocrx_word' id='word_1_105' title='bbox 1809 1075 1862 1122; x_wconf 89' lang='lat' dir='ltr'><strong><em>et</em></strong></span> <span class='ocrx_word' id='word_1_106' title='bbox 1884 1066 2100 1123; x_wconf 89' lang='lat' dir='ltr'><strong><em>veritati</em></strong></span> <span class='ocrx_word' id='word_1_107' title='bbox 2135 1066 2408 1124; x_wconf 63' lang='lat' dir='ltr'><strong><em>historica:</em></strong></span> <span class='ocrx_word' id='word_1_108' title='bbox 2451 1070 2753 1127; x_wconf 78' lang='lat' dir='ltr'><strong><em>consulitur</em></strong></span> <span class='ocrx_word' id='word_1_109' title='bbox 2782 1087 2905 1128; x_wconf 83' lang='lat' dir='ltr'><strong><em>eum</em></strong></span> <span class='ocrx_word' id='word_1_110' title='bbox 2947 1071 3164 1129; x_wconf 82' lang='lat' dir='ltr'><strong><em>Valesio</em></strong></span> <span class='ocrx_word' id='word_1_111' title='bbox 3203 1083 3258 1128; x_wconf 91' lang='lat' dir='ltr'><strong><em>et</em></strong></span> <span class='ocrx_word' id='word_1_112' title='bbox 3288 1072 3419 1128; x_wconf 83' lang='lat' dir='ltr'><strong><em>Pra-</em></strong></span> 
     </span>
    </p>
   </div>
   <div class='ocr_carea' id='block_1_10' title="bbox 126 1162 3419 1237">
    <p class='ocr_par' dir='ltr' id='par_1_10' title="bbox 126 1162 3419 1237">
     <span class='ocr_line' id='line_1_10' title="bbox 126 1162 3419 1237; baseline -0 -15"><span class='ocrx_word' id='word_1_113' title='bbox 126 1166 394 1223; x_wconf 79' lang='lat' dir='ltr'><strong><em>cidentales</em></strong></span> <span class='ocrx_word' id='word_1_114' title='bbox 449 1166 749 1237; x_wconf 82' lang='lat' dir='ltr'><strong><em>Episcopi,</em></strong></span> <span class='ocrx_word' id='word_1_115' title='bbox 794 1166 827 1221; x_wconf 89' lang='lat' dir='ltr'><strong><em>ii</em></strong></span> <span class='ocrx_word' id='word_1_116' title='bbox 873 1166 1167 1229; x_wconf 80' lang='lat' dir='ltr'><strong><em>nimirum,</em></strong></span> <span class='ocrx_word' id='word_1_117' title='bbox 1215 1167 1303 1234; x_wconf 88' lang='lat' dir='ltr'><strong><em>qui</em></strong></span> <span class='ocrx_word' id='word_1_118' title='bbox 1363 1164 1449 1218; x_wconf 93' lang='lat' dir='ltr'><strong><em>vel</em></strong></span> <span class='ocrx_word' id='word_1_119' title='bbox 1508 1163 1710 1219; x_wconf 75' lang='lat' dir='ltr'><strong><em>Medio-</em></strong></span> <span class='ocrx_word' id='word_1_120' title='bbox 1809 1162 1947 1215; x_wconf 74' lang='grc' dir='ltr'><strong><em>ιθηεὶ</em></strong></span> <span class='ocrx_word' id='word_1_121' title='bbox 2001 1163 2373 1218; x_wconf 89' lang='lat' dir='ltr'><strong><em>asserentibus</em></strong></span> <span class='ocrx_word' id='word_1_122' title='bbox 2429 1163 2677 1219; x_wconf 85' lang='lat' dir='ltr'><strong><em>Concilio</em></strong></span> <span class='ocrx_word' id='word_1_123' title='bbox 2734 1164 2814 1219; x_wconf 85' lang='lat' dir='ltr'><strong><em>illi</em></strong></span> <span class='ocrx_word' id='word_1_124' title='bbox 2866 1166 3147 1236; x_wconf 78' lang='lat' dir='ltr'><strong><em>sexaginta</em></strong></span> <span class='ocrx_word' id='word_1_125' title='bbox 3199 1168 3419 1222; x_wconf 79' lang='lat' dir='ltr'><strong><em>circiter</em></strong></span> 
     </span>
    </p>
   </div>
   <div class='ocr_carea' id='block_1_11' title="bbox 128 1248 3419 1331">
    <p class='ocr_par' dir='ltr' id='par_1_11' title="bbox 128 1248 3419 1331">
     <span class='ocr_line' id='line_1_11' title="bbox 128 1248 3419 1331; baseline -0 -16"><span class='ocrx_word' id='word_1_126' title='bbox 128 1260 233 1315; x_wconf 85' lang='lat' dir='ltr'><strong><em>lano</em></strong></span> <span class='ocrx_word' id='word_1_127' title='bbox 256 1261 613 1331; x_wconf 80' lang='lat' dir='ltr'><strong><em>proximiores</em></strong></span> <span class='ocrx_word' id='word_1_128' title='bbox 660 1248 839 1325; x_wconf 65' lang='lat' dir='ltr'><strong><em>erant,</em></strong></span> <span class='ocrx_word' id='word_1_129' title='bbox 881 1259 992 1325; x_wconf 88' lang='lat' dir='ltr'><strong><em>vel,</em></strong></span> <span class='ocrx_word' id='word_1_130' title='bbox 1025 1259 1125 1314; x_wconf 88' lang='lat' dir='ltr'><strong><em>etsi</em></strong></span> <span class='ocrx_word' id='word_1_131' title='bbox 1172 1258 1332 1329; x_wconf 73' lang='lat' dir='ltr'><strong><em>longe</em></strong></span> <span class='ocrx_word' id='word_1_132' title='bbox 1377 1257 1577 1324; x_wconf 84' lang='lat' dir='ltr'><strong><em>dissiti,</em></strong></span> <span class='ocrx_word' id='word_1_133' title='bbox 1610 1272 1709 1328; x_wconf 90' lang='lat' dir='ltr'><strong><em>pro</em></strong></span> <span class='ocrx_word' id='word_1_134' title='bbox 1809 1253 2111 1324; x_wconf 79' lang='lat' dir='ltr'><strong><em>Episcopos</em></strong></span> <span class='ocrx_word' id='word_1_135' title='bbox 2138 1254 2475 1312; x_wconf 75' lang='lat' dir='ltr'><strong><em>interfuisse.</em></strong></span> <span class='ocrx_word' id='word_1_136' title='bbox 2504 1256 2616 1313; x_wconf 83' lang='lat' dir='ltr'><strong><em>Nos</em></strong></span> <span class='ocrx_word' id='word_1_137' title='bbox 2644 1259 2746 1313; x_wconf 90' lang='lat' dir='ltr'><strong><em>hac</em></strong></span> <span class='ocrx_word' id='word_1_138' title='bbox 2788 1259 2839 1313; x_wconf 91' lang='lat' dir='ltr'><strong><em>in</em></strong></span> <span class='ocrx_word' id='word_1_139' title='bbox 2870 1274 2928 1314; x_wconf 89' lang='lat' dir='ltr'><strong><em>re</em></strong></span> <span class='ocrx_word' id='word_1_140' title='bbox 2961 1259 3097 1313; x_wconf 90' lang='lat' dir='ltr'><strong><em>nihil</em></strong></span> <span class='ocrx_word' id='word_1_141' title='bbox 3139 1260 3274 1315; x_wconf 88' lang='lat' dir='ltr'><strong><em>certi</em></strong></span> <span class='ocrx_word' id='word_1_142' title='bbox 3306 1270 3419 1314; x_wconf 88' lang='lat' dir='ltr'><strong><em>sta-</em></strong></span> 
     </span>
    </p>
   </div>
   <div class='ocr_carea' id='block_1_12' title="bbox 129 1349 3417 1423">
    <p class='ocr_par' dir='ltr' id='par_1_12' title="bbox 129 1349 3417 1423">
     <span class='ocr_line' id='line_1_12' title="bbox 129 1349 3417 1423; baseline -0 -16"><span class='ocrx_word' id='word_1_143' title='bbox 129 1351 307 1407; x_wconf 86' lang='lat' dir='ltr'><strong><em>tuendo</em></strong></span> <span class='ocrx_word' id='word_1_144' title='bbox 334 1351 659 1418; x_wconf 81' lang='lat' dir='ltr'><strong><em>Athanasio,</em></strong></span> <span class='ocrx_word' id='word_1_145' title='bbox 686 1350 1015 1423; x_wconf 67' lang='lat' dir='ltr'><strong><em>Nicaanaque</em></strong></span> <span class='ocrx_word' id='word_1_146' title='bbox 1037 1350 1171 1407; x_wconf 85' lang='lat' dir='ltr'><strong><em>Fide</em></strong></span> <span class='ocrx_word' id='word_1_147' title='bbox 1210 1351 1525 1407; x_wconf 88' lang='lat' dir='ltr'><strong><em>sustinenda</em></strong></span> <span class='ocrx_word' id='word_1_148' title='bbox 1570 1366 1708 1421; x_wconf 70' lang='lat' dir='ltr'><strong><em>prte-</em></strong></span> <span class='ocrx_word' id='word_1_149' title='bbox 1812 1349 2036 1414; x_wconf 81' lang='lat' dir='ltr'><strong><em>luimus,</em></strong></span> <span class='ocrx_word' id='word_1_150' title='bbox 2064 1352 2313 1419; x_wconf 83' lang='lat' dir='ltr'><strong><em>quamvis</em></strong></span> <span class='ocrx_word' id='word_1_151' title='bbox 2330 1366 2393 1404; x_wconf 75' lang='lat' dir='ltr'><strong><em>ex</em></strong></span> <span class='ocrx_word' id='word_1_152' title='bbox 2421 1351 2600 1405; x_wconf 83' lang='lat' dir='ltr'><strong><em>allatis</em></strong></span> <span class='ocrx_word' id='word_1_153' title='bbox 2632 1351 2962 1407; x_wconf 85' lang='lat' dir='ltr'><strong><em>testimoniis</em></strong></span> <span class='ocrx_word' id='word_1_154' title='bbox 2985 1362 3268 1420; x_wconf 79' lang='lat' dir='ltr'><strong><em>utramque</em></strong></span> <span class='ocrx_word' id='word_1_155' title='bbox 3297 1368 3417 1407; x_wconf 67' lang='lat' dir='ltr'><strong><em>sen-</em></strong></span> 
     </span>
    </p>
   </div>
   <div class='ocr_carea' id='block_1_13' title="bbox 128 1442 3420 1516">
    <p class='ocr_par' dir='ltr' id='par_1_13' title="bbox 128 1442 3420 1516">
     <span class='ocr_line' id='line_1_13' title="bbox 128 1442 3420 1516; baseline -0.001 -12"><span class='ocrx_word' id='word_1_156' title='bbox 128 1448 277 1504; x_wconf 76' lang='lat' dir='ltr'><strong><em>sentis</em></strong></span> <span class='ocrx_word' id='word_1_157' title='bbox 303 1462 396 1502; x_wconf 90' lang='lat' dir='ltr'><strong><em>sua</em></strong></span> <span class='ocrx_word' id='word_1_158' title='bbox 428 1448 525 1503; x_wconf 91' lang='lat' dir='ltr'><strong><em>illo</em></strong></span> <span class='ocrx_word' id='word_1_159' title='bbox 554 1447 610 1502; x_wconf 90' lang='lat' dir='ltr'><strong><em>in</em></strong></span> <span class='ocrx_word' id='word_1_160' title='bbox 639 1446 886 1503; x_wconf 89' lang='lat' dir='ltr'><strong><em>Concilio</em></strong></span> <span class='ocrx_word' id='word_1_161' title='bbox 914 1462 1054 1516; x_wconf 80' lang='lat' dir='ltr'><strong><em>Opus</em></strong></span> <span class='ocrx_word' id='word_1_162' title='bbox 1080 1460 1204 1502; x_wconf 80' lang='lat' dir='ltr'><strong><em>esse</em></strong></span> <span class='ocrx_word' id='word_1_163' title='bbox 1242 1446 1656 1501; x_wconf 77' lang='lat' dir='ltr'><strong><em>arbitrabantur</em></strong></span> <span class='ocrx_word' id='word_1_164' title='bbox 1691 1463 1703 1498; x_wconf 88' lang='lat'><strong>:</strong></span> <span class='ocrx_word' id='word_1_165' title='bbox 1813 1442 2036 1497; x_wconf 90' lang='lat' dir='ltr'><strong><em>tentiam</em></strong></span> <span class='ocrx_word' id='word_1_166' title='bbox 2060 1442 2341 1499; x_wconf 88' lang='lat' dir='ltr'><strong><em>conciliari</em></strong></span> <span class='ocrx_word' id='word_1_167' title='bbox 2378 1444 2535 1500; x_wconf 75' lang='lat' dir='ltr'><strong><em>facile</em></strong></span> <span class='ocrx_word' id='word_1_168' title='bbox 2563 1458 2725 1515; x_wconf 84' lang='lat' dir='ltr'><strong><em>posse</em></strong></span> <span class='ocrx_word' id='word_1_169' title='bbox 2747 1446 3148 1501; x_wconf 74' lang='lat' dir='ltr'><strong><em>existimemus.</em></strong></span> <span class='ocrx_word' id='word_1_170' title='bbox 3176 1446 3420 1501; x_wconf 87' lang='lat' dir='ltr'><strong><em>Eruditis</em></strong></span> 
     </span>
    </p>
   </div>
   <div class='ocr_carea' id='block_1_14' title="bbox 128 1534 3414 1610">
    <p class='ocr_par' dir='ltr' id='par_1_14' title="bbox 128 1534 3414 1610">
     <span class='ocr_line' id='line_1_14' title="bbox 128 1534 3414 1610; baseline -0.001 -15"><span class='ocrx_word' id='word_1_171' title='bbox 128 1542 188 1595; x_wconf 86' lang='lat' dir='ltr'><strong><em>ita</em></strong></span> <span class='ocrx_word' id='word_1_172' title='bbox 220 1540 268 1595; x_wconf 90' lang='lat' dir='ltr'><strong><em>in</em></strong></span> <span class='ocrx_word' id='word_1_173' title='bbox 294 1540 409 1610; x_wconf 87' lang='lat' dir='ltr'><strong><em>ipsa</em></strong></span> <span class='ocrx_word' id='word_1_174' title='bbox 452 1541 519 1595; x_wconf 92' lang='lat' dir='ltr'><strong><em>ad</em></strong></span> <span class='ocrx_word' id='word_1_175' title='bbox 574 1540 868 1595; x_wconf 85' lang='lat' dir='ltr'><strong><em>Eusebium</em></strong></span> <span class='ocrx_word' id='word_1_176' title='bbox 920 1538 1225 1595; x_wconf 80' lang='lat' dir='ltr'><strong><em>Constantii</em></strong></span> <span class='ocrx_word' id='word_1_177' title='bbox 1273 1539 1500 1609; x_wconf 85' lang='lat' dir='ltr'><strong><em>epistola</em></strong></span> <span class='ocrx_word' id='word_1_178' title='bbox 1555 1540 1706 1609; x_wconf 89' lang='lat' dir='ltr'><strong><em>pauci</em></strong></span> <span class='ocrx_word' id='word_1_179' title='bbox 1806 1534 2071 1603; x_wconf 84' lang='lat' dir='ltr'><strong><em>judicium</em></strong></span> <span class='ocrx_word' id='word_1_180' title='bbox 2102 1543 2157 1589; x_wconf 87' lang='lat' dir='ltr'><strong><em>et</em></strong></span> <span class='ocrx_word' id='word_1_181' title='bbox 2187 1546 2371 1591; x_wconf 88' lang='lat' dir='ltr'><strong><em>votum</em></strong></span> <span class='ocrx_word' id='word_1_182' title='bbox 2402 1544 2539 1591; x_wconf 85' lang='lat' dir='ltr'><strong><em>esto.</em></strong></span> <span class='ocrx_word' id='word_1_183' title='bbox 2566 1536 2681 1592; x_wconf 83' lang='lat' dir='ltr'><strong><em>Jam</em></strong></span> <span class='ocrx_word' id='word_1_184' title='bbox 2731 1553 2762 1593; x_wconf 91' lang='lat' dir='ltr'><strong><em>e</em></strong></span> <span class='ocrx_word' id='word_1_185' title='bbox 2798 1537 3123 1593; x_wconf 76' lang='lat' dir='ltr'><strong><em>diverticulo</em></strong></span> <span class='ocrx_word' id='word_1_186' title='bbox 3155 1540 3206 1593; x_wconf 93' lang='lat' dir='ltr'><strong><em>in</em></strong></span> <span class='ocrx_word' id='word_1_187' title='bbox 3252 1538 3414 1593; x_wconf 86' lang='lat' dir='ltr'><strong><em>viam.</em></strong></span> 
     </span>
    </p>
   </div>
   <div class='ocr_carea' id='block_1_15' title="bbox 130 1627 3422 1713">
    <p class='ocr_par' dir='ltr' id='par_1_15' title="bbox 130 1627 3422 1713">
     <span class='ocr_line' id='line_1_15' title="bbox 130 1627 3422 1713; baseline 0 -26"><span class='ocrx_word' id='word_1_188' title='bbox 130 1631 361 1703; x_wconf 85' lang='lat' dir='ltr'><strong><em>Episcopi</em></strong></span> <span class='ocrx_word' id='word_1_189' title='bbox 398 1647 463 1687; x_wconf 81' lang='lat' dir='ltr'><strong><em>ex</em></strong></span> <span class='ocrx_word' id='word_1_190' title='bbox 506 1633 806 1703; x_wconf 85' lang='lat' dir='ltr'><strong><em>provinciis</em></strong></span> <span class='ocrx_word' id='word_1_191' title='bbox 855 1632 1088 1703; x_wconf 75' lang='lat' dir='ltr'><strong><em>singulis</em></strong></span> <span class='ocrx_word' id='word_1_192' title='bbox 1132 1632 1498 1688; x_wconf 75' lang='lat' dir='ltr'><strong><em>Mediolanum</em></strong></span> <span class='ocrx_word' id='word_1_193' title='bbox 1546 1632 1709 1688; x_wconf 79' lang='lat' dir='ltr'><strong><em>adve-</em></strong></span> <span class='ocrx_word' id='word_1_194' title='bbox 1812 1627 1960 1699; x_wconf 86' lang='lat' dir='ltr'><strong><em>Ergo</em></strong></span> <span class='ocrx_word' id='word_1_195' title='bbox 1988 1628 2165 1686; x_wconf 88' lang='lat' dir='ltr'><strong><em>liberii</em></strong></span> <span class='ocrx_word' id='word_1_196' title='bbox 2197 1631 2353 1685; x_wconf 87' lang='lat' dir='ltr'><strong><em>Pont.</em></strong></span> <span class='ocrx_word' id='word_1_197' title='bbox 2390 1631 2609 1687; x_wconf 90' lang='lat' dir='ltr'><strong><em>nomine</em></strong></span> <span class='ocrx_word' id='word_1_198' title='bbox 2632 1630 2850 1713; x_wconf 79' lang='lat' dir='ltr'><strong><em>Lucifer</em></strong></span> <span class='ocrx_word' id='word_1_199' title='bbox 2879 1646 3002 1687; x_wconf 88' lang='lat' dir='ltr'><strong><em>cum</em></strong></span> <span class='ocrx_word' id='word_1_200' title='bbox 3029 1633 3193 1688; x_wconf 87' lang='lat' dir='ltr'><strong><em>sociis</em></strong></span> <span class='ocrx_word' id='word_1_201' title='bbox 3219 1632 3422 1687; x_wconf 62' lang='lat' dir='ltr'><strong><em>Modio-</em></strong></span> 
     </span>
    </p>
   </div>
   <div class='ocr_carea' id='block_1_16' title="bbox 132 1720 3421 1799">
    <p class='ocr_par' dir='ltr' id='par_1_16' title="bbox 132 1720 3421 1799">
     <span class='ocr_line' id='line_1_16' title="bbox 132 1720 3421 1799; baseline -0 -18"><span class='ocrx_word' id='word_1_202' title='bbox 132 1728 254 1782; x_wconf 81' lang='lat' dir='ltr'><strong><em>nisse</em></strong></span> <span class='ocrx_word' id='word_1_203' title='bbox 282 1727 536 1782; x_wconf 87' lang='lat' dir='ltr'><strong><em>dicuntur</em></strong></span> <span class='ocrx_word' id='word_1_204' title='bbox 571 1745 586 1781; x_wconf 74' lang='grc' dir='ltr'>ε</span> <span class='ocrx_word' id='word_1_205' title='bbox 616 1725 849 1799; x_wconf 72' lang='lat' dir='ltr'><strong><em>Denique</em></strong></span> <span class='ocrx_word' id='word_1_206' title='bbox 877 1728 1134 1782; x_wconf 78' lang='lat' dir='ltr'><strong><em>uenientes</em></strong></span> <span class='ocrx_word' id='word_1_207' title='bbox 1164 1728 1318 1798; x_wconf 85' lang='lat' dir='ltr'><strong><em>pauci</em></strong></span> <span class='ocrx_word' id='word_1_208' title='bbox 1341 1728 1402 1782; x_wconf 92' lang='lat' dir='ltr'><strong><em>de</em></strong></span> <span class='ocrx_word' id='word_1_209' title='bbox 1434 1727 1709 1798; x_wconf 78' lang='lat' dir='ltr'><strong><em>prouinciis</em></strong></span> <span class='ocrx_word' id='word_1_210' title='bbox 1812 1720 2020 1776; x_wconf 84' lang='lat' dir='ltr'><strong><em>lanettsi</em></strong></span> <span class='ocrx_word' id='word_1_211' title='bbox 2054 1720 2301 1777; x_wconf 82' lang='lat' dir='ltr'><strong><em>Concilio</em></strong></span> <span class='ocrx_word' id='word_1_212' title='bbox 2332 1724 2569 1792; x_wconf 78' lang='lat' dir='ltr'><strong><em>pra-luit,</em></strong></span> <span class='ocrx_word' id='word_1_213' title='bbox 2603 1724 2717 1793; x_wconf 91' lang='lat' dir='ltr'><strong><em>qui,</em></strong></span> <span class='ocrx_word' id='word_1_214' title='bbox 2750 1724 2854 1779; x_wconf 86' lang='lat' dir='ltr'><strong><em>etsi</em></strong></span> <span class='ocrx_word' id='word_1_215' title='bbox 2895 1722 3218 1780; x_wconf 80' lang='lat' dir='ltr'><strong><em>Arianorum</em></strong></span> <span class='ocrx_word' id='word_1_216' title='bbox 3271 1742 3421 1780; x_wconf 81' lang='lat' dir='ltr'><strong><em>nit-n-</em></strong></span> 
     </span>
    </p>
   </div>
   <div class='ocr_carea' id='block_1_17' title="bbox 132 1815 3422 1891">
    <p class='ocr_par' dir='ltr' id='par_1_17' title="bbox 132 1815 3422 1891">
     <span class='ocr_line' id='line_1_17' title="bbox 132 1815 3422 1891; baseline 0 -19"><span class='ocrx_word' id='word_1_217' title='bbox 132 1820 322 1891; x_wconf 84' lang='lat' dir='ltr'><strong><em>singulis</em></strong></span> <span class='ocrx_word' id='word_1_218' title='bbox 345 1820 609 1873; x_wconf 79' lang='lat' dir='ltr'><strong><em>voluntate</em></strong></span> <span class='ocrx_word' id='word_1_219' title='bbox 644 1822 905 1874; x_wconf 88' lang='lat' dir='ltr'><strong><em>communi</em></strong></span> <span class='ocrx_word' id='word_1_220' title='bbox 950 1822 1217 1874; x_wconf 87' lang='lat' dir='ltr'><strong><em>unanimes</em></strong></span> <span class='ocrx_word' id='word_1_221' title='bbox 1264 1822 1627 1890; x_wconf 79' lang='lat' dir='ltr'><strong><em>protulerunt,</em></strong></span> <span class='ocrx_word' id='word_1_222' title='bbox 1659 1832 1707 1875; x_wconf 89' lang='lat' dir='ltr'><strong><em>et</em></strong></span> <span class='ocrx_word' id='word_1_223' title='bbox 1745 1816 1789 1876; x_wconf 83' lang='grc' dir='ltr'><strong>Β</strong></span> <span class='ocrx_word' id='word_1_224' title='bbox 1817 1823 1946 1882; x_wconf 88' lang='lat' dir='ltr'><strong><em>lem,</em></strong></span> <span class='ocrx_word' id='word_1_225' title='bbox 1972 1816 2323 1888; x_wconf 84' lang='lat' dir='ltr'><strong><em>animumque</em></strong></span> <span class='ocrx_word' id='word_1_226' title='bbox 2353 1815 2704 1887; x_wconf 87' lang='lat' dir='ltr'><strong><em>Imperatoris</em></strong></span> <span class='ocrx_word' id='word_1_227' title='bbox 2727 1818 2791 1872; x_wconf 88' lang='lat' dir='ltr'><strong><em>ad</em></strong></span> <span class='ocrx_word' id='word_1_228' title='bbox 2824 1819 2930 1873; x_wconf 88' lang='lat' dir='ltr'><strong><em>vim</em></strong></span> <span class='ocrx_word' id='word_1_229' title='bbox 2955 1818 3254 1875; x_wconf 86' lang='lat' dir='ltr'><strong><em>Catholicis</em></strong></span> <span class='ocrx_word' id='word_1_230' title='bbox 3294 1820 3422 1889; x_wconf 82' lang='lat' dir='ltr'><strong><em>Epi-</em></strong></span> 
     </span>
    </p>
   </div>
   <div class='ocr_carea' id='block_1_18' title="bbox 130 1913 1707 1984">
    <p class='ocr_par' dir='ltr' id='par_1_18' title="bbox 130 1913 1707 1984">
     <span class='ocr_line' id='line_1_18' title="bbox 130 1913 1707 1984; baseline 0.003 -20"><span class='ocrx_word' id='word_1_231' title='bbox 130 1916 263 1984; x_wconf 70' lang='lat' dir='ltr'><strong><em>juxta</em></strong></span> <span class='ocrx_word' id='word_1_232' title='bbox 303 1916 678 1967; x_wconf 82' lang='lat' dir='ltr'><strong><em>uenerationem</em></strong></span> <span class='ocrx_word' id='word_1_233' title='bbox 719 1914 822 1983; x_wconf 88' lang='lat' dir='ltr'><strong><em>legi</em></strong></span> <span class='ocrx_word' id='word_1_234' title='bbox 860 1913 1086 1967; x_wconf 82' lang='lat' dir='ltr'><strong><em>debitam</em></strong></span> <span class='ocrx_word' id='word_1_235' title='bbox 1120 1913 1454 1983; x_wconf 81' lang='lat' dir='ltr'><strong><em>ﬁrmaverunt</em></strong></span> <span class='ocrx_word' id='word_1_236' title='bbox 1485 1931 1501 1967; x_wconf 87' lang='lat'><strong><em>:</em></strong></span> <span class='ocrx_word' id='word_1_237' title='bbox 1533 1916 1602 1968; x_wconf 84' lang='lat' dir='ltr'><strong><em>ita</em></strong></span> <span class='ocrx_word' id='word_1_238' title='bbox 1653 1915 1707 1969; x_wconf 92' lang='lat' dir='ltr'><strong><em>in</em></strong></span> 
     </span>
    </p>
   </div>
   <div class='ocr_carea' id='block_1_19' title="bbox 136 2004 1711 2078">
    <p class='ocr_par' dir='ltr' id='par_1_19' title="bbox 136 2004 1711 2078">
     <span class='ocr_line' id='line_1_19' title="bbox 136 2004 1711 2078; baseline 0.003 -20"><span class='ocrx_word' id='word_1_239' title='bbox 136 2004 239 2059; x_wconf 76' lang='lat' dir='ltr'><strong><em>Vita</em></strong></span> <span class='ocrx_word' id='word_1_240' title='bbox 262 2006 314 2061; x_wconf 88' lang='lat' dir='ltr'><strong><em>S.</em></strong></span> <span class='ocrx_word' id='word_1_241' title='bbox 351 2006 595 2078; x_wconf 87' lang='lat' dir='ltr'><strong><em>Dionysii</em></strong></span> <span class='ocrx_word' id='word_1_242' title='bbox 627 2007 882 2077; x_wconf 83' lang='lat' dir='ltr'><strong><em>Episcopi</em></strong></span> <span class='ocrx_word' id='word_1_243' title='bbox 909 2007 1335 2063; x_wconf 82' lang='lat' dir='ltr'><strong><em>Mediolanensis</em></strong></span> <span class='ocrx_word' id='word_1_244' title='bbox 1360 2022 1422 2063; x_wconf 77' lang='lat' dir='ltr'><strong><em>es</em></strong></span> <span class='ocrx_word' id='word_1_245' title='bbox 1459 2008 1711 2065; x_wconf 75' lang='lat' dir='ltr'><strong><em>Mombri-</em></strong></span> 
     </span>
    </p>
   </div>
   <div class='ocr_carea' id='block_1_20' title="bbox 138 2099 1708 2157">
    <p class='ocr_par' dir='ltr' id='par_1_20' title="bbox 138 2099 1708 2157">
     <span class='ocr_line' id='line_1_20' title="bbox 138 2099 1708 2157; baseline 0.003 -6"><span class='ocrx_word' id='word_1_246' title='bbox 138 2099 199 2151; x_wconf 89' lang='lat' dir='ltr'><strong><em>tio</em></strong></span> <span class='ocrx_word' id='word_1_247' title='bbox 233 2110 280 2153; x_wconf 87' lang='lat' dir='ltr'><strong><em>et</em></strong></span> <span class='ocrx_word' id='word_1_248' title='bbox 306 2115 434 2155; x_wconf 89' lang='lat' dir='ltr'><strong><em>mss.</em></strong></span> <span class='ocrx_word' id='word_1_249' title='bbox 466 2100 757 2155; x_wconf 82' lang='lat' dir='ltr'><strong><em>codicibus</em></strong></span> <span class='ocrx_word' id='word_1_250' title='bbox 783 2101 1175 2156; x_wconf 78' lang='lat' dir='ltr'><strong><em>Mediolanensi</em></strong></span> <span class='ocrx_word' id='word_1_251' title='bbox 1203 2115 1267 2155; x_wconf 90' lang='lat' dir='ltr'><strong><em>ac</em></strong></span> <span class='ocrx_word' id='word_1_252' title='bbox 1298 2101 1657 2157; x_wconf 83' lang='lat' dir='ltr'><strong><em>Blaudurensi</em></strong></span> <span class='ocrx_word' id='word_1_253' title='bbox 1680 2099 1708 2140; x_wconf 69' lang='grc' dir='ltr'>δ</span> 
     </span>
    </p>
   </div>
   <div class='ocr_carea' id='block_1_21' title="bbox 136 2191 1711 2267">
    <p class='ocr_par' dir='ltr' id='par_1_21' title="bbox 136 2191 1711 2267">
     <span class='ocr_line' id='line_1_21' title="bbox 136 2191 1711 2267; baseline 0.004 -21"><span class='ocrx_word' id='word_1_254' title='bbox 136 2191 367 2250; x_wconf 80' lang='lat' dir='ltr'><strong><em>habemus</em></strong></span> <span class='ocrx_word' id='word_1_255' title='bbox 408 2194 626 2249; x_wconf 86' lang='lat' dir='ltr'><strong><em>vicinos</em></strong></span> <span class='ocrx_word' id='word_1_256' title='bbox 651 2194 962 2251; x_wconf 79' lang='lat' dir='ltr'><strong><em>Mediolano</em></strong></span> <span class='ocrx_word' id='word_1_257' title='bbox 1007 2196 1311 2267; x_wconf 89' lang='lat' dir='ltr'><strong><em>Episcopos</em></strong></span> <span class='ocrx_word' id='word_1_258' title='bbox 1339 2198 1589 2254; x_wconf 90' lang='lat' dir='ltr'><strong><em>Concilio</em></strong></span> <span class='ocrx_word' id='word_1_259' title='bbox 1631 2199 1711 2253; x_wconf 88' lang='lat' dir='ltr'><strong><em>itt-</em></strong></span> 
     </span>
    </p>
   </div>
   <div class='ocr_carea' id='block_1_22' title="bbox 139 2287 1700 2364">
    <p class='ocr_par' dir='ltr' id='par_1_22' title="bbox 139 2287 1700 2364">
     <span class='ocr_line' id='line_1_22' title="bbox 139 2287 1700 2364; baseline 0.004 -24"><span class='ocrx_word' id='word_1_260' title='bbox 139 2287 357 2345; x_wconf 82' lang='lat' dir='ltr'><strong><em>terl‘uisse</em></strong></span> <span class='ocrx_word' id='word_1_261' title='bbox 386 2307 398 2343; x_wconf 91' lang='lat'><strong>:</strong></span> <span class='ocrx_word' id='word_1_262' title='bbox 431 2289 776 2346; x_wconf 80' lang='lat' dir='ltr'><strong><em>Aduenientes</em></strong></span> <span class='ocrx_word' id='word_1_263' title='bbox 805 2293 997 2362; x_wconf 79' lang='lat' dir='ltr'><strong><em>quippe</em></strong></span> <span class='ocrx_word' id='word_1_264' title='bbox 1030 2308 1095 2347; x_wconf 74' lang='lat' dir='ltr'><strong><em>ea;</em></strong></span> <span class='ocrx_word' id='word_1_265' title='bbox 1122 2293 1300 2347; x_wconf 84' lang='lat' dir='ltr'><strong><em>vicinis</em></strong></span> <span class='ocrx_word' id='word_1_266' title='bbox 1336 2292 1546 2348; x_wconf 75' lang='lat' dir='ltr'><strong><em>urbibus</em></strong></span> <span class='ocrx_word' id='word_1_267' title='bbox 1582 2292 1700 2364; x_wconf 82' lang='lat' dir='ltr'><strong><em>Epi-</em></strong></span> 
     </span>
    </p>
   </div>
   <div class='ocr_carea' id='block_1_23' title="bbox 135 2383 1715 2450">
    <p class='ocr_par' dir='ltr' id='par_1_23' title="bbox 135 2383 1715 2450">
     <span class='ocr_line' id='line_1_23' title="bbox 135 2383 1715 2450; baseline 0.004 -17"><span class='ocrx_word' id='word_1_268' title='bbox 135 2384 272 2450; x_wconf 82' lang='lat' dir='ltr'><strong><em>scopi,</em></strong></span> <span class='ocrx_word' id='word_1_269' title='bbox 294 2392 338 2437; x_wconf 89' lang='lat' dir='ltr'><strong><em>et</em></strong></span> <span class='ocrx_word' id='word_1_270' title='bbox 362 2384 648 2438; x_wconf 84' lang='lat' dir='ltr'><strong><em>coadunati</em></strong></span> <span class='ocrx_word' id='word_1_271' title='bbox 677 2384 813 2437; x_wconf 89' lang='lat' dir='ltr'><strong><em>intra</em></strong></span> <span class='ocrx_word' id='word_1_272' title='bbox 843 2383 1130 2439; x_wconf 83' lang='lat' dir='ltr'><strong><em>Ecclesiam</em></strong></span> <span class='ocrx_word' id='word_1_273' title='bbox 1153 2386 1447 2438; x_wconf 82' lang='lat' dir='ltr'><strong><em>resederunt</em></strong></span> <span class='ocrx_word' id='word_1_274' title='bbox 1471 2401 1488 2438; x_wconf 93' lang='lat'><em>:</em></span> <span class='ocrx_word' id='word_1_275' title='bbox 1521 2385 1589 2439; x_wconf 87' lang='lat' dir='ltr'><strong><em>ita</em></strong></span> <span class='ocrx_word' id='word_1_276' title='bbox 1619 2384 1715 2440; x_wconf 83' lang='lat' dir='ltr'><strong><em>dc-</em></strong></span> 
     </span>
    </p>
   </div>
   <div class='ocr_carea' id='block_1_24' title="bbox 138 2472 1715 2544">
    <p class='ocr_par' dir='ltr' id='par_1_24' title="bbox 138 2472 1715 2544">
     <span class='ocr_line' id='line_1_24' title="bbox 138 2472 1715 2544; baseline 0.004 -18"><span class='ocrx_word' id='word_1_277' title='bbox 138 2472 274 2544; x_wconf 87' lang='lat' dir='ltr'><strong><em>nique</em></strong></span> <span class='ocrx_word' id='word_1_278' title='bbox 299 2491 407 2531; x_wconf 89' lang='lat' dir='ltr'><strong><em>rem</em></strong></span> <span class='ocrx_word' id='word_1_279' title='bbox 434 2474 881 2532; x_wconf 81' lang='lat' dir='ltr'><strong><em>cosiiicitAuctor</em></strong></span> <span class='ocrx_word' id='word_1_280' title='bbox 906 2476 1040 2531; x_wconf 72' lang='lat' dir='ltr'><strong><em>Vitae</em></strong></span> <span class='ocrx_word' id='word_1_281' title='bbox 1069 2477 1127 2532; x_wconf 84' lang='lat' dir='ltr'><strong><em>S.</em></strong></span> <span class='ocrx_word' id='word_1_282' title='bbox 1160 2476 1381 2533; x_wconf 77' lang='lat' dir='ltr'><strong><em>Eusebii</em></strong></span> <span class='ocrx_word' id='word_1_283' title='bbox 1401 2477 1715 2533; x_wconf 83' lang='lat' dir='ltr'><strong><em>Vercellen-</em></strong></span> 
     </span>
    </p>
   </div>
   <div class='ocr_carea' id='block_1_25' title="bbox 139 2567 1714 2627">
    <p class='ocr_par' dir='ltr' id='par_1_25' title="bbox 139 2567 1714 2627">
     <span class='ocr_line' id='line_1_25' title="bbox 139 2567 1714 2627; baseline 0.003 -7"><span class='ocrx_word' id='word_1_284' title='bbox 139 2567 198 2622; x_wconf 90' lang='lat' dir='ltr'><strong><em>sis</em></strong></span> <span class='ocrx_word' id='word_1_285' title='bbox 246 2585 306 2623; x_wconf 81' lang='lat' dir='ltr'><strong><em>ex</em></strong></span> <span class='ocrx_word' id='word_1_286' title='bbox 355 2572 555 2626; x_wconf 87' lang='lat' dir='ltr'><strong><em>codice</em></strong></span> <span class='ocrx_word' id='word_1_287' title='bbox 612 2570 993 2626; x_wconf 83' lang='lat' dir='ltr'><strong><em>Nonantulano</em></strong></span> <span class='ocrx_word' id='word_1_288' title='bbox 1043 2581 1063 2608; x_wconf 74' lang='grc' dir='ltr'>ε</span> <span class='ocrx_word' id='word_1_289' title='bbox 1124 2589 1137 2625; x_wconf 89' lang='lat'><strong>:</strong></span> <span class='ocrx_word' id='word_1_290' title='bbox 1191 2572 1493 2627; x_wconf 84' lang='lat' dir='ltr'><strong><em>Sustinente</em></strong></span> <span class='ocrx_word' id='word_1_291' title='bbox 1542 2580 1714 2627; x_wconf 81' lang='lat' dir='ltr'><strong><em>autem</em></strong></span> 
     </span>
    </p>
   </div>
   <div class='ocr_carea' id='block_1_26' title="bbox 143 2659 1717 2735">
    <p class='ocr_par' dir='ltr' id='par_1_26' title="bbox 143 2659 1717 2735">
     <span class='ocr_line' id='line_1_26' title="bbox 143 2659 1717 2735; baseline 0.004 -22"><span class='ocrx_word' id='word_1_292' title='bbox 143 2659 448 2734; x_wconf 83' lang='lat' dir='ltr'><strong><em>lmperatore,</em></strong></span> <span class='ocrx_word' id='word_1_293' title='bbox 487 2682 557 2720; x_wconf 87' lang='lat' dir='ltr'><strong><em>ac</em></strong></span> <span class='ocrx_word' id='word_1_294' title='bbox 608 2666 938 2735; x_wconf 75' lang='lat' dir='ltr'><strong><em>priestolante</em></strong></span> <span class='ocrx_word' id='word_1_295' title='bbox 994 2664 1185 2720; x_wconf 88' lang='lat' dir='ltr'><strong><em>Liberii</em></strong></span> <span class='ocrx_word' id='word_1_296' title='bbox 1236 2666 1509 2721; x_wconf 73' lang='lat' dir='ltr'><strong><em>adventum</em></strong></span> <span class='ocrx_word' id='word_1_297' title='bbox 1565 2675 1717 2722; x_wconf 72' lang='lat' dir='ltr'><strong><em>cate-</em></strong></span> 
     </span>
    </p>
   </div>
   <div class='ocr_carea' id='block_1_27' title="bbox 141 2758 1715 2831">
    <p class='ocr_par' dir='ltr' id='par_1_27' title="bbox 141 2758 1715 2831">
     <span class='ocr_line' id='line_1_27' title="bbox 141 2758 1715 2831; baseline 0.001 -22"><span class='ocrx_word' id='word_1_298' title='bbox 141 2772 376 2828; x_wconf 87' lang='lat' dir='ltr'><strong><em>rorumque</em></strong></span> <span class='ocrx_word' id='word_1_299' title='bbox 391 2758 797 2831; x_wconf 79' lang='lat' dir='ltr'><strong><em>Episcoporum,</em></strong></span> <span class='ocrx_word' id='word_1_300' title='bbox 815 2760 902 2830; x_wconf 88' lang='lat' dir='ltr'><strong><em>qui</em></strong></span> <span class='ocrx_word' id='word_1_301' title='bbox 920 2758 1142 2816; x_wconf 83' lang='lat' dir='ltr'><strong><em>necdum</em></strong></span> <span class='ocrx_word' id='word_1_302' title='bbox 1161 2759 1495 2825; x_wconf 83' lang='lat' dir='ltr'><strong><em>advenerant,</em></strong></span> <span class='ocrx_word' id='word_1_303' title='bbox 1510 2760 1715 2813; x_wconf 83' lang='lat' dir='ltr'><strong><em>interim</em></strong></span> 
     </span>
    </p>
   </div>
   <div class='ocr_carea' id='block_1_28' title="bbox 143 2848 1719 2925">
    <p class='ocr_par' dir='ltr' id='par_1_28' title="bbox 143 2848 1719 2925">
     <span class='ocr_line' id='line_1_28' title="bbox 143 2848 1719 2925; baseline 0.001 -20"><span class='ocrx_word' id='word_1_304' title='bbox 143 2848 436 2908; x_wconf 80' lang='lat' dir='ltr'><strong><em>Constantius</em></strong></span> <span class='ocrx_word' id='word_1_305' title='bbox 466 2852 774 2925; x_wconf 76' lang='lat' dir='ltr'><strong><em>Imperator</em></strong></span> <span class='ocrx_word' id='word_1_306' title='bbox 802 2870 920 2907; x_wconf 87' lang='lat' dir='ltr'><strong><em>cum</em></strong></span> <span class='ocrx_word' id='word_1_307' title='bbox 946 2853 1158 2908; x_wconf 76' lang='lat' dir='ltr'><strong><em>Arionis</em></strong></span> <span class='ocrx_word' id='word_1_308' title='bbox 1189 2852 1466 2925; x_wconf 87' lang='lat' dir='ltr'><strong><em>Episcopis</em></strong></span> <span class='ocrx_word' id='word_1_309' title='bbox 1496 2856 1633 2925; x_wconf 81' lang='lat' dir='ltr'><strong><em>egit,</em></strong></span> <span class='ocrx_word' id='word_1_310' title='bbox 1664 2862 1719 2907; x_wconf 87' lang='lat' dir='ltr'><strong><em>ut</em></strong></span> 
     </span>
    </p>
   </div>
   <div class='ocr_carea' id='block_1_29' title="bbox 142 2947 1716 3017">
    <p class='ocr_par' dir='ltr' id='par_1_29' title="bbox 142 2947 1716 3017">
     <span class='ocr_line' id='line_1_29' title="bbox 142 2947 1716 3017; baseline 0.004 -19"><span class='ocrx_word' id='word_1_311' title='bbox 142 2947 499 3003; x_wconf 80' lang='lat' dir='ltr'><strong><em>subscriberetur</em></strong></span> <span class='ocrx_word' id='word_1_312' title='bbox 534 2964 717 3004; x_wconf 87' lang='lat' dir='ltr'><strong><em>eorum</em></strong></span> <span class='ocrx_word' id='word_1_313' title='bbox 746 2948 901 3017; x_wconf 81' lang='lat' dir='ltr'><strong><em>ﬁdes,</em></strong></span> <span class='ocrx_word' id='word_1_314' title='bbox 923 2958 971 3002; x_wconf 88' lang='lat' dir='ltr'><strong><em>et</em></strong></span> <span class='ocrx_word' id='word_1_315' title='bbox 1004 2948 1321 3002; x_wconf 77' lang='lat' dir='ltr'><strong><em>Athanasius</em></strong></span> <span class='ocrx_word' id='word_1_316' title='bbox 1361 2948 1716 3004; x_wconf 83' lang='lat' dir='ltr'><strong><em>damnaretur.</em></strong></span> 
     </span>
    </p>
   </div>
   <div class='ocr_carea' id='block_1_30' title="bbox 146 3037 1721 3113">
    <p class='ocr_par' dir='ltr' id='par_1_30' title="bbox 146 3037 1721 3113">
     <span class='ocr_line' id='line_1_30' title="bbox 146 3037 1721 3113; baseline 0.002 -20"><span class='ocrx_word' id='word_1_317' title='bbox 146 3037 546 3111; x_wconf 68' lang='lat' dir='ltr'><strong><em>Sabscripserunt</em></strong></span> <span class='ocrx_word' id='word_1_318' title='bbox 593 3043 728 3097; x_wconf 80' lang='lat' dir='ltr'><strong><em>enini</em></strong></span> <span class='ocrx_word' id='word_1_319' title='bbox 771 3041 1053 3113; x_wconf 67' lang='lat' dir='ltr'><strong><em>Dionysius</em></strong></span> <span class='ocrx_word' id='word_1_320' title='bbox 1106 3043 1269 3113; x_wconf 85' lang='lat' dir='ltr'><strong><em>ipsius</em></strong></span> <span class='ocrx_word' id='word_1_321' title='bbox 1318 3042 1721 3099; x_wconf 75' lang='lat' dir='ltr'><strong><em>Mediolanettsis</em></strong></span> 
     </span>
    </p>
   </div>
   <div class='ocr_carea' id='block_1_31' title="bbox 148 3133 1721 3206">
    <p class='ocr_par' dir='ltr' id='par_1_31' title="bbox 148 3133 1721 3206">
     <span class='ocr_line' id='line_1_31' title="bbox 148 3133 1721 3206; baseline 0.003 -22"><span class='ocrx_word' id='word_1_322' title='bbox 148 3134 260 3185; x_wconf 80' lang='lat' dir='ltr'><strong><em>urbis</em></strong></span> <span class='ocrx_word' id='word_1_323' title='bbox 288 3133 605 3206; x_wconf 81' lang='lat' dir='ltr'><strong><em>EpiscOpus,</em></strong></span> <span class='ocrx_word' id='word_1_324' title='bbox 636 3137 907 3204; x_wconf 75' lang='lat' dir='ltr'><strong><em>creterique</em></strong></span> <span class='ocrx_word' id='word_1_325' title='bbox 935 3134 1185 3206; x_wconf 85' lang='lat' dir='ltr'><strong><em>Episcopi</em></strong></span> <span class='ocrx_word' id='word_1_326' title='bbox 1220 3144 1336 3206; x_wconf 86' lang='lat' dir='ltr'><strong><em>past</em></strong></span> <span class='ocrx_word' id='word_1_327' title='bbox 1361 3152 1478 3190; x_wconf 87' lang='lat' dir='ltr'><strong><em>eum</em></strong></span> <span class='ocrx_word' id='word_1_328' title='bbox 1509 3152 1721 3190; x_wconf 88' lang='lat' dir='ltr'><strong><em>numero</em></strong></span> 
     </span>
    </p>
   </div>
   <div class='ocr_carea' id='block_1_32' title="bbox 1812 1910 3420 1986">
    <p class='ocr_par' dir='ltr' id='par_1_32' title="bbox 1812 1910 3420 1986">
     <span class='ocr_line' id='line_1_32' title="bbox 1812 1910 3420 1986; baseline 0 -19"><span class='ocrx_word' id='word_1_329' title='bbox 1812 1912 1991 1982; x_wconf 67' lang='lat' dir='ltr'><strong><em>scortis</em></strong></span> <span class='ocrx_word' id='word_1_330' title='bbox 2013 1910 2351 1969; x_wconf 79' lang='lat' dir='ltr'><strong><em>inferendam</em></strong></span> <span class='ocrx_word' id='word_1_331' title='bbox 2375 1916 2777 1983; x_wconf 80' lang='lat' dir='ltr'><strong><em>paratissimum</em></strong></span> <span class='ocrx_word' id='word_1_332' title='bbox 2798 1917 3048 1985; x_wconf 88' lang='lat' dir='ltr'><strong><em>appritne</em></strong></span> <span class='ocrx_word' id='word_1_333' title='bbox 3065 1928 3420 1986; x_wconf 75' lang='lat' dir='ltr'><strong><em>cognoverat,</em></strong></span> 
     </span>
    </p>
   </div>
   <div class='ocr_carea' id='block_1_33' title="bbox 1813 2007 3426 2080">
    <p class='ocr_par' dir='ltr' id='par_1_33' title="bbox 1813 2007 3426 2080">
     <span class='ocr_line' id='line_1_33' title="bbox 1813 2007 3426 2080; baseline 0.002 -16"><span class='ocrx_word' id='word_1_334' title='bbox 1813 2007 1879 2064; x_wconf 86' lang='lat' dir='ltr'><strong><em>de</em></strong></span> <span class='ocrx_word' id='word_1_335' title='bbox 1904 2007 2047 2064; x_wconf 79' lang='lat' dir='ltr'><strong><em>felici</em></strong></span> <span class='ocrx_word' id='word_1_336' title='bbox 2071 2018 2251 2065; x_wconf 83' lang='lat' dir='ltr'><strong><em>tamen</em></strong></span> <span class='ocrx_word' id='word_1_337' title='bbox 2295 2024 2479 2065; x_wconf 80' lang='lat' dir='ltr'><strong><em>rerum</em></strong></span> <span class='ocrx_word' id='word_1_338' title='bbox 2508 2011 2658 2065; x_wconf 85' lang='lat' dir='ltr'><strong><em>exitu</em></strong></span> <span class='ocrx_word' id='word_1_339' title='bbox 2710 2025 2811 2080; x_wconf 90' lang='lat' dir='ltr'><strong><em>pro</em></strong></span> <span class='ocrx_word' id='word_1_340' title='bbox 2859 2009 3140 2066; x_wconf 85' lang='lat' dir='ltr'><strong><em>Catholica</em></strong></span> <span class='ocrx_word' id='word_1_341' title='bbox 3192 2010 3426 2067; x_wconf 66' lang='lat' dir='ltr'><strong><em>veritate</em></strong></span> 
     </span>
    </p>
   </div>
   <div class='ocr_carea' id='block_1_34' title="bbox 1815 2100 3426 2174">
    <p class='ocr_par' dir='ltr' id='par_1_34' title="bbox 1815 2100 3426 2174">
     <span class='ocr_line' id='line_1_34' title="bbox 1815 2100 3426 2174; baseline 0.004 -19"><span class='ocrx_word' id='word_1_342' title='bbox 1815 2100 2039 2167; x_wconf 88' lang='lat' dir='ltr'><strong><em>tuenda,</em></strong></span> <span class='ocrx_word' id='word_1_343' title='bbox 2070 2102 2525 2174; x_wconf 80' lang='lat' dir='ltr'><strong><em>defendendoque</em></strong></span> <span class='ocrx_word' id='word_1_344' title='bbox 2561 2102 2860 2159; x_wconf 81' lang='lat' dir='ltr'><strong><em>Athanasio</em></strong></span> <span class='ocrx_word' id='word_1_345' title='bbox 2892 2121 2998 2159; x_wconf 90' lang='lat' dir='ltr'><strong><em>non</em></strong></span> <span class='ocrx_word' id='word_1_346' title='bbox 3055 2105 3279 2160; x_wconf 88' lang='lat' dir='ltr'><strong><em>omnino</em></strong></span> <span class='ocrx_word' id='word_1_347' title='bbox 3329 2106 3426 2161; x_wconf 87' lang='lat' dir='ltr'><strong><em>de-</em></strong></span> 
     </span>
    </p>
   </div>
   <div class='ocr_carea' id='block_1_35' title="bbox 1815 2196 3412 2269">
    <p class='ocr_par' dir='ltr' id='par_1_35' title="bbox 1815 2196 3412 2269">
     <span class='ocr_line' id='line_1_35' title="bbox 1815 2196 3412 2269; baseline 0.004 -20"><span class='ocrx_word' id='word_1_348' title='bbox 1815 2206 2151 2265; x_wconf 84' lang='lat' dir='ltr'><strong><em>speraverat.</em></strong></span> <span class='ocrx_word' id='word_1_349' title='bbox 2176 2196 2449 2253; x_wconf 79' lang='lat' dir='ltr'><strong><em>Eusebius</em></strong></span> <span class='ocrx_word' id='word_1_350' title='bbox 2477 2197 2685 2253; x_wconf 87' lang='lat' dir='ltr'><strong><em>interea</em></strong></span> <span class='ocrx_word' id='word_1_351' title='bbox 2702 2197 3079 2255; x_wconf 78' lang='lat' dir='ltr'><strong><em>Vereollensis</em></strong></span> <span class='ocrx_word' id='word_1_352' title='bbox 3105 2199 3412 2269; x_wconf 75' lang='lat' dir='ltr'><strong><em>Episcopus</em></strong></span> 
     </span>
    </p>
   </div>
   <div class='ocr_carea' id='block_1_36' title="bbox 1816 2287 3427 2363">
    <p class='ocr_par' dir='ltr' id='par_1_36' title="bbox 1816 2287 3427 2363">
     <span class='ocr_line' id='line_1_36' title="bbox 1816 2287 3427 2363; baseline 0.004 -20"><span class='ocrx_word' id='word_1_353' title='bbox 1816 2303 1941 2343; x_wconf 90' lang='lat' dir='ltr'><strong><em>cum</em></strong></span> <span class='ocrx_word' id='word_1_354' title='bbox 1973 2287 2131 2344; x_wconf 89' lang='lat' dir='ltr'><strong><em>dolos</em></strong></span> <span class='ocrx_word' id='word_1_355' title='bbox 2170 2289 2389 2345; x_wconf 63' lang='lat' dir='ltr'><strong><em>Arianae</em></strong></span> <span class='ocrx_word' id='word_1_356' title='bbox 2414 2293 2587 2360; x_wconf 89' lang='lat' dir='ltr'><strong><em>partis</em></strong></span> <span class='ocrx_word' id='word_1_357' title='bbox 2630 2292 2837 2360; x_wconf 88' lang='lat' dir='ltr'><strong><em>optime</em></strong></span> <span class='ocrx_word' id='word_1_358' title='bbox 2888 2293 3296 2363; x_wconf 78' lang='lat' dir='ltr'><strong><em>introspexisset</em></strong></span> <span class='ocrx_word' id='word_1_359' title='bbox 3322 2336 3334 2357; x_wconf 93' lang='lat'><strong><em>,</em></strong></span> <span class='ocrx_word' id='word_1_360' title='bbox 3370 2306 3427 2350; x_wconf 89' lang='lat' dir='ltr'><strong><em>et</em></strong></span> 
     </span>
    </p>
   </div>
   <div class='ocr_carea' id='block_1_37' title="bbox 1818 2378 3425 2455">
    <p class='ocr_par' dir='ltr' id='par_1_37' title="bbox 1818 2378 3425 2455">
     <span class='ocr_line' id='line_1_37' title="bbox 1818 2378 3425 2455; baseline 0.007 -23"><span class='ocrx_word' id='word_1_361' title='bbox 1818 2378 2281 2437; x_wconf 85' lang='lat' dir='ltr'><strong><em>Mediolaneusem</em></strong></span> <span class='ocrx_word' id='word_1_362' title='bbox 2309 2392 2638 2439; x_wconf 77' lang='lat' dir='ltr'><strong><em>conventam</em></strong></span> <span class='ocrx_word' id='word_1_363' title='bbox 2658 2426 2673 2449; x_wconf 96' lang='lat'><strong><em>,</em></strong></span> <span class='ocrx_word' id='word_1_364' title='bbox 2704 2387 2952 2455; x_wconf 84' lang='lat' dir='ltr'><strong><em>quamvis</em></strong></span> <span class='ocrx_word' id='word_1_365' title='bbox 2981 2384 3250 2443; x_wconf 88' lang='lat' dir='ltr'><strong><em>Catholici</em></strong></span> <span class='ocrx_word' id='word_1_366' title='bbox 3282 2390 3425 2443; x_wconf 74' lang='lat' dir='ltr'><strong><em>tion-</em></strong></span> 
     </span>
    </p>
   </div>
   <div class='ocr_carea' id='block_1_38' title="bbox 1817 2472 3428 2548">
    <p class='ocr_par' dir='ltr' id='par_1_38' title="bbox 1817 2472 3428 2548">
     <span class='ocr_line' id='line_1_38' title="bbox 1817 2472 3428 2548; baseline 0.006 -22"><span class='ocrx_word' id='word_1_367' title='bbox 1817 2472 1927 2526; x_wconf 90' lang='lat' dir='ltr'><strong><em>cilii</em></strong></span> <span class='ocrx_word' id='word_1_368' title='bbox 1944 2487 2145 2529; x_wconf 82' lang='lat' dir='ltr'><strong><em>nomen</em></strong></span> <span class='ocrx_word' id='word_1_369' title='bbox 2166 2489 2276 2543; x_wconf 70' lang='lat' dir='ltr'><strong><em>prie</em></strong></span> <span class='ocrx_word' id='word_1_370' title='bbox 2293 2488 2353 2530; x_wconf 86' lang='lat' dir='ltr'><strong><em>se</em></strong></span> <span class='ocrx_word' id='word_1_371' title='bbox 2372 2474 2561 2537; x_wconf 77' lang='lat' dir='ltr'><strong><em>ierrt-t,</em></strong></span> <span class='ocrx_word' id='word_1_372' title='bbox 2584 2477 2918 2547; x_wconf 81' lang='lat' dir='ltr'><strong><em>tyrannicam</em></strong></span> <span class='ocrx_word' id='word_1_373' title='bbox 2952 2479 3428 2548; x_wconf 77' lang='lat' dir='ltr'><strong><em>petitis‘eonsnlta-</em></strong></span> 
     </span>
    </p>
   </div>
   <div class='ocr_carea' id='block_1_39' title="bbox 1774 2565 3426 2641">
    <p class='ocr_par' dir='ltr' id='par_1_39' title="bbox 1774 2565 3426 2641">
     <span class='ocr_line' id='line_1_39' title="bbox 1774 2565 3426 2641; baseline 0.006 -23"><span class='ocrx_word' id='word_1_374' title='bbox 1774 2590 1786 2602; x_wconf 84' lang='lat'><strong>-</strong></span> <span class='ocrx_word' id='word_1_375' title='bbox 1820 2565 2055 2632; x_wconf 88' lang='lat' dir='ltr'><strong><em>tionem,</em></strong></span> <span class='ocrx_word' id='word_1_376' title='bbox 2087 2568 2453 2638; x_wconf 86' lang='lat' dir='ltr'><strong><em>Arianamque</em></strong></span> <span class='ocrx_word' id='word_1_377' title='bbox 2483 2569 2918 2638; x_wconf 88' lang='lat' dir='ltr'><strong><em>conjutationem</em></strong></span> <span class='ocrx_word' id='word_1_378' title='bbox 2960 2570 3195 2627; x_wconf 82' lang='lat' dir='ltr'><strong><em>futuram</em></strong></span> <span class='ocrx_word' id='word_1_379' title='bbox 3228 2574 3426 2641; x_wconf 61' lang='lat' dir='ltr'><strong><em>pr&#39;crio</em></strong></span> 
     </span>
    </p>
   </div>
   <div class='ocr_carea' id='block_1_40' title="bbox 1819 2657 3429 2735">
    <p class='ocr_par' dir='ltr' id='par_1_40' title="bbox 1819 2657 3429 2735">
     <span class='ocr_line' id='line_1_40' title="bbox 1819 2657 3429 2735; baseline 0.006 -24"><span class='ocrx_word' id='word_1_380' title='bbox 1819 2657 2012 2725; x_wconf 88' lang='lat' dir='ltr'><strong><em>disset,</em></strong></span> <span class='ocrx_word' id='word_1_381' title='bbox 2049 2659 2175 2713; x_wconf 89' lang='lat' dir='ltr'><strong><em>illuc</em></strong></span> <span class='ocrx_word' id='word_1_382' title='bbox 2198 2674 2256 2715; x_wconf 90' lang='lat' dir='ltr'><strong><em>se</em></strong></span> <span class='ocrx_word' id='word_1_383' title='bbox 2286 2660 2533 2716; x_wconf 79' lang='lat' dir='ltr'><strong><em>conferre</em></strong></span> <span class='ocrx_word' id='word_1_384' title='bbox 2559 2663 2865 2718; x_wconf 84' lang='lat' dir='ltr'><strong><em>recusabat.</em></strong></span> <span class='ocrx_word' id='word_1_385' title='bbox 2886 2663 3075 2734; x_wconf 84' lang='lat' dir='ltr'><strong><em>Legati</em></strong></span> <span class='ocrx_word' id='word_1_386' title='bbox 3096 2680 3259 2734; x_wconf 90' lang='lat' dir='ltr'><strong><em>porro</em></strong></span> <span class='ocrx_word' id='word_1_387' title='bbox 3284 2665 3429 2735; x_wconf 65' lang='lat' dir='ltr'><strong><em>Aio-</em></strong></span> 
     </span>
    </p>
   </div>
   <div class='ocr_carea' id='block_1_41' title="bbox 1820 2753 3429 2833">
    <p class='ocr_par' dir='ltr' id='par_1_41' title="bbox 1820 2753 3429 2833">
     <span class='ocr_line' id='line_1_41' title="bbox 1820 2753 3429 2833; baseline 0.004 -27"><span class='ocrx_word' id='word_1_388' title='bbox 1820 2753 2022 2819; x_wconf 90' lang='lat' dir='ltr'><strong><em>stolici,</em></strong></span> <span class='ocrx_word' id='word_1_389' title='bbox 2052 2764 2106 2810; x_wconf 91' lang='lat' dir='ltr'><strong><em>et</em></strong></span> <span class='ocrx_word' id='word_1_390' title='bbox 2133 2753 2486 2810; x_wconf 85' lang='lat' dir='ltr'><strong><em>Constantius</em></strong></span> <span class='ocrx_word' id='word_1_391' title='bbox 2527 2756 2644 2826; x_wconf 90' lang='lat' dir='ltr'><strong><em>ipse</em></strong></span> <span class='ocrx_word' id='word_1_392' title='bbox 2684 2757 2925 2814; x_wconf 76' lang='lat' dir='ltr'><strong><em>diversis</em></strong></span> <span class='ocrx_word' id='word_1_393' title='bbox 2960 2758 3179 2827; x_wconf 84' lang='lat' dir='ltr'><strong><em>quidem</em></strong></span> <span class='ocrx_word' id='word_1_394' title='bbox 3212 2759 3429 2833; x_wconf 73' lang='lat' dir='ltr'><strong><em>studiis,</em></strong></span> 
     </span>
    </p>
   </div>
   <div class='ocr_carea' id='block_1_42' title="bbox 1820 2847 3429 2915">
    <p class='ocr_par' dir='ltr' id='par_1_42' title="bbox 1820 2847 3429 2915">
     <span class='ocr_line' id='line_1_42' title="bbox 1820 2847 3429 2915; baseline 0.003 -13"><span class='ocrx_word' id='word_1_395' title='bbox 1820 2847 2012 2902; x_wconf 88' lang='lat' dir='ltr'><strong><em>eodem</em></strong></span> <span class='ocrx_word' id='word_1_396' title='bbox 2060 2860 2238 2904; x_wconf 89' lang='lat' dir='ltr'><strong><em>tamen</em></strong></span> <span class='ocrx_word' id='word_1_397' title='bbox 2288 2858 2508 2915; x_wconf 90' lang='lat' dir='ltr'><strong><em>conatu,</em></strong></span> <span class='ocrx_word' id='word_1_398' title='bbox 2559 2850 2964 2909; x_wconf 74' lang='lat' dir='ltr'><strong><em>Vercellensem</em></strong></span> <span class='ocrx_word' id='word_1_399' title='bbox 3012 2852 3309 2907; x_wconf 70' lang='lat' dir='ltr'><strong><em>Prmsulrm</em></strong></span> <span class='ocrx_word' id='word_1_400' title='bbox 3363 2853 3429 2907; x_wconf 90' lang='lat' dir='ltr'><strong><em>ad</em></strong></span> 
     </span>
    </p>
   </div>
   <div class='ocr_carea' id='block_1_43' title="bbox 1821 2941 3430 3018">
    <p class='ocr_par' dir='ltr' id='par_1_43' title="bbox 1821 2941 3430 3018">
     <span class='ocr_line' id='line_1_43' title="bbox 1821 2941 3430 3018; baseline 0.005 -21"><span class='ocrx_word' id='word_1_401' title='bbox 1821 2941 2126 2998; x_wconf 89' lang='lat' dir='ltr'><strong><em>Concilium</em></strong></span> <span class='ocrx_word' id='word_1_402' title='bbox 2160 2944 2448 3014; x_wconf 84' lang='lat' dir='ltr'><strong><em>urgebant,</em></strong></span> <span class='ocrx_word' id='word_1_403' title='bbox 2488 2946 2592 3001; x_wconf 86' lang='lat' dir='ltr'><strong><em>iste</em></strong></span> <span class='ocrx_word' id='word_1_404' title='bbox 2638 2956 2696 3001; x_wconf 87' lang='lat' dir='ltr'><strong><em>tit</em></strong></span> <span class='ocrx_word' id='word_1_405' title='bbox 2727 2948 2779 3003; x_wconf 90' lang='lat' dir='ltr'><strong><em>in</em></strong></span> <span class='ocrx_word' id='word_1_406' title='bbox 2826 2963 2952 3003; x_wconf 88' lang='lat' dir='ltr'><strong><em>suas</em></strong></span> <span class='ocrx_word' id='word_1_407' title='bbox 2991 2957 3174 3018; x_wconf 86' lang='lat' dir='ltr'><strong><em>partes</em></strong></span> <span class='ocrx_word' id='word_1_408' title='bbox 3214 2950 3430 3005; x_wconf 81' lang='lat' dir='ltr'><strong><em>tandem</em></strong></span> 
     </span>
    </p>
   </div>
   <div class='ocr_carea' id='block_1_44' title="bbox 1823 3035 3435 3105">
    <p class='ocr_par' dir='ltr' id='par_1_44' title="bbox 1823 3035 3435 3105">
     <span class='ocr_line' id='line_1_44' title="bbox 1823 3035 3435 3105; baseline 0.005 -16"><span class='ocrx_word' id='word_1_409' title='bbox 1823 3035 2121 3105; x_wconf 84' lang='lat' dir='ltr'><strong><em>aliquando</em></strong></span> <span class='ocrx_word' id='word_1_410' title='bbox 2145 3036 2229 3091; x_wconf 89' lang='lat' dir='ltr'><strong><em>vel</em></strong></span> <span class='ocrx_word' id='word_1_411' title='bbox 2264 3048 2408 3094; x_wconf 88' lang='lat' dir='ltr'><strong><em>metu</em></strong></span> <span class='ocrx_word' id='word_1_412' title='bbox 2440 3039 2524 3093; x_wconf 89' lang='lat' dir='ltr'><strong><em>vel</em></strong></span> <span class='ocrx_word' id='word_1_413' title='bbox 2566 3039 2694 3095; x_wconf 91' lang='lat' dir='ltr'><strong><em>dolo</em></strong></span> <span class='ocrx_word' id='word_1_414' title='bbox 2738 3050 2987 3095; x_wconf 83' lang='lat' dir='ltr'><strong><em>sanctum</em></strong></span> <span class='ocrx_word' id='word_1_415' title='bbox 3030 3043 3206 3098; x_wconf 88' lang='lat' dir='ltr'><strong><em>virum</em></strong></span> <span class='ocrx_word' id='word_1_416' title='bbox 3255 3044 3435 3098; x_wconf 86' lang='lat' dir='ltr'><strong><em>trahe-</em></strong></span> 
     </span>
    </p>
   </div>
   <div class='ocr_carea' id='block_1_45' title="bbox 1825 3127 3437 3194">
    <p class='ocr_par' dir='ltr' id='par_1_45' title="bbox 1825 3127 3437 3194">
     <span class='ocr_line' id='line_1_45' title="bbox 1825 3127 3437 3194; baseline 0.007 -12"><span class='ocrx_word' id='word_1_417' title='bbox 1825 3138 1928 3193; x_wconf 89' lang='lat' dir='ltr'><strong><em>ret,</em></strong></span> <span class='ocrx_word' id='word_1_418' title='bbox 1961 3127 2043 3184; x_wconf 90' lang='lat' dir='ltr'><strong><em>illi</em></strong></span> <span class='ocrx_word' id='word_1_419' title='bbox 2074 3137 2131 3184; x_wconf 89' lang='lat' dir='ltr'><strong><em>ut</em></strong></span> <span class='ocrx_word' id='word_1_420' title='bbox 2150 3128 2444 3187; x_wconf 73' lang='lat' dir='ltr'><strong><em>Catholica:</em></strong></span> <span class='ocrx_word' id='word_1_421' title='bbox 2489 3134 2735 3189; x_wconf 81' lang='lat' dir='ltr'><strong><em>veritatis</em></strong></span> <span class='ocrx_word' id='word_1_422' title='bbox 2776 3133 3133 3191; x_wconf 82' lang='lat' dir='ltr'><strong><em>fortissimum</em></strong></span> <span class='ocrx_word' id='word_1_423' title='bbox 3189 3137 3240 3192; x_wconf 89' lang='lat' dir='ltr'><strong><em>in</em></strong></span> <span class='ocrx_word' id='word_1_424' title='bbox 3287 3147 3437 3194; x_wconf 89' lang='lat' dir='ltr'><strong><em>tanto</em></strong></span> 
     </span>
    </p>
   </div>
   <div class='ocr_carea' id='block_1_46' title="bbox 147 3214 3437 3297">
    <p class='ocr_par' dir='ltr' id='par_1_46' title="bbox 147 3214 3437 3297">
     <span class='ocr_line' id='line_1_46' title="bbox 147 3214 3437 3297; baseline 0.003 -23"><span class='ocrx_word' id='word_1_425' title='bbox 147 3224 294 3293; x_wconf 73' lang='lat' dir='ltr'><strong><em>uiginti</em></strong></span> <span class='ocrx_word' id='word_1_426' title='bbox 321 3236 365 3281; x_wconf 87' lang='lat' dir='ltr'><strong><em>et</em></strong></span> <span class='ocrx_word' id='word_1_427' title='bbox 392 3244 581 3282; x_wconf 83' lang='lat' dir='ltr'><strong><em>nouem</em></strong></span> <span class='ocrx_word' id='word_1_428' title='bbox 606 3225 631 3262; x_wconf 76' lang='grc' dir='ltr'>ἀ</span> <span class='ocrx_word' id='word_1_429' title='bbox 658 3244 673 3289; x_wconf 85' lang='grc'><em>;</em></span> <span class='ocrx_word' id='word_1_430' title='bbox 702 3227 935 3281; x_wconf 86' lang='lat' dir='ltr'><strong><em>nondum</em></strong></span> <span class='ocrx_word' id='word_1_431' title='bbox 960 3227 1097 3281; x_wconf 88' lang='lat' dir='ltr'><strong><em>enim</em></strong></span> <span class='ocrx_word' id='word_1_432' title='bbox 1122 3227 1435 3282; x_wconf 81' lang='lat' dir='ltr'><strong><em>advenerant</em></strong></span> <span class='ocrx_word' id='word_1_433' title='bbox 1464 3225 1719 3283; x_wconf 84' lang='lat' dir='ltr'><strong><em>Catholici</em></strong></span> <span class='ocrx_word' id='word_1_434' title='bbox 1748 3214 1793 3277; x_wconf 86' lang='lat' dir='ltr'><strong><em>C</em></strong></span> <span class='ocrx_word' id='word_1_435' title='bbox 1825 3222 2144 3280; x_wconf 86' lang='lat' dir='ltr'><strong><em>discrimine</em></strong></span> <span class='ocrx_word' id='word_1_436' title='bbox 2176 3223 2525 3282; x_wconf 82' lang='lat' dir='ltr'><strong><em>defensorem</em></strong></span> <span class='ocrx_word' id='word_1_437' title='bbox 2565 3226 2848 3285; x_wconf 85' lang='lat' dir='ltr'><strong><em>haberent.</em></strong></span> <span class='ocrx_word' id='word_1_438' title='bbox 2882 3228 3063 3297; x_wconf 84' lang='lat' dir='ltr'><strong><em>Quare</em></strong></span> <span class='ocrx_word' id='word_1_439' title='bbox 3106 3230 3437 3287; x_wconf 84' lang='lat' dir='ltr'><strong><em>Arianorum</em></strong></span> 
     </span>
    </p>
   </div>
   <div class='ocr_carea' id='block_1_47' title="bbox 149 3314 1723 3391">
    <p class='ocr_par' dir='ltr' id='par_1_47' title="bbox 149 3314 1723 3391">
     <span class='ocr_line' id='line_1_47' title="bbox 149 3314 1723 3391; baseline 0.004 -23"><span class='ocrx_word' id='word_1_440' title='bbox 149 3314 383 3391; x_wconf 79' lang='lat' dir='ltr'><strong><em>Episwpi.</em></strong></span> <span class='ocrx_word' id='word_1_441' title='bbox 417 3319 646 3374; x_wconf 78' lang='lat' dir='ltr'><strong><em>Factum</em></strong></span> <span class='ocrx_word' id='word_1_442' title='bbox 674 3331 747 3373; x_wconf 88' lang='lat' dir='ltr'><strong><em>est</em></strong></span> <span class='ocrx_word' id='word_1_443' title='bbox 775 3328 971 3383; x_wconf 83' lang='lat' dir='ltr'><strong><em>autem,</em></strong></span> <span class='ocrx_word' id='word_1_444' title='bbox 1003 3329 1054 3373; x_wconf 88' lang='lat' dir='ltr'><strong><em>ut</em></strong></span> <span class='ocrx_word' id='word_1_445' title='bbox 1079 3320 1211 3374; x_wconf 84' lang='lat' dir='ltr'><strong><em>inter</em></strong></span> <span class='ocrx_word' id='word_1_446' title='bbox 1234 3337 1289 3374; x_wconf 88' lang='lat' dir='ltr'><strong><em>se</em></strong></span> <span class='ocrx_word' id='word_1_447' title='bbox 1313 3329 1419 3374; x_wconf 88' lang='lat' dir='ltr'><strong><em>tam</em></strong></span> <span class='ocrx_word' id='word_1_448' title='bbox 1452 3319 1606 3390; x_wconf 86' lang='lat' dir='ltr'><strong><em>Papa</em></strong></span> <span class='ocrx_word' id='word_1_449' title='bbox 1637 3320 1723 3375; x_wconf 82' lang='lat' dir='ltr'><strong><em>Li-</em></strong></span> 
     </span>
    </p>
   </div>
   <div class='ocr_carea' id='block_1_48' title="bbox 152 3409 1725 3486">
    <p class='ocr_par' dir='ltr' id='par_1_48' title="bbox 152 3409 1725 3486">
     <span class='ocr_line' id='line_1_48' title="bbox 152 3409 1725 3486; baseline 0.004 -25"><span class='ocrx_word' id='word_1_450' title='bbox 152 3409 287 3466; x_wconf 82' lang='lat' dir='ltr'><strong><em>berius</em></strong></span> <span class='ocrx_word' id='word_1_451' title='bbox 310 3432 459 3485; x_wconf 86' lang='lat' dir='ltr'><strong><em>quam</em></strong></span> <span class='ocrx_word' id='word_1_452' title='bbox 483 3415 664 3469; x_wconf 64' lang='lat' dir='ltr'><strong><em>caeteri</em></strong></span> <span class='ocrx_word' id='word_1_453' title='bbox 686 3412 940 3469; x_wconf 79' lang='lat' dir='ltr'><strong><em>Catholici</em></strong></span> <span class='ocrx_word' id='word_1_454' title='bbox 970 3412 1219 3485; x_wconf 85' lang='lat' dir='ltr'><strong><em>Episcopi</em></strong></span> <span class='ocrx_word' id='word_1_455' title='bbox 1239 3414 1371 3470; x_wconf 85' lang='lat' dir='ltr'><strong><em>diem</em></strong></span> <span class='ocrx_word' id='word_1_456' title='bbox 1400 3415 1725 3486; x_wconf 82' lang='lat' dir='ltr'><strong><em>designarent</em></strong></span> 
     </span>
    </p>
   </div>
   <div class='ocr_carea' id='block_1_49' title="bbox 153 3506 1727 3579">
    <p class='ocr_par' dir='ltr' id='par_1_49' title="bbox 153 3506 1727 3579">
     <span class='ocr_line' id='line_1_49' title="bbox 153 3506 1727 3579; baseline 0.005 -23"><span class='ocrx_word' id='word_1_457' title='bbox 153 3521 223 3572; x_wconf 85' lang='lat' dir='ltr'><strong><em>per</em></strong></span> <span class='ocrx_word' id='word_1_458' title='bbox 244 3507 472 3577; x_wconf 86' lang='lat' dir='ltr'><strong><em>epistolas</em></strong></span> <span class='ocrx_word' id='word_1_459' title='bbox 494 3526 647 3575; x_wconf 76' lang='lat' dir='ltr'><strong><em>suas,</em></strong></span> <span class='ocrx_word' id='word_1_460' title='bbox 681 3524 782 3579; x_wconf 88' lang='lat' dir='ltr'><strong><em>quo</em></strong></span> <span class='ocrx_word' id='word_1_461' title='bbox 815 3506 1171 3562; x_wconf 79' lang='lat' dir='ltr'><strong><em>Mediolanum</em></strong></span> <span class='ocrx_word' id='word_1_462' title='bbox 1204 3509 1520 3563; x_wconf 85' lang='lat' dir='ltr'><strong><em>unanimiter</em></strong></span> <span class='ocrx_word' id='word_1_463' title='bbox 1545 3525 1727 3564; x_wconf 83' lang='lat' dir='ltr'><strong><em>conve-</em></strong></span> 
     </span>
    </p>
   </div>
   <div class='ocr_carea' id='block_1_50' title="bbox 153 3594 1730 3676">
    <p class='ocr_par' dir='ltr' id='par_1_50' title="bbox 153 3594 1730 3676">
     <span class='ocr_line' id='line_1_50' title="bbox 153 3594 1730 3676; baseline 0.001 -20"><span class='ocrx_word' id='word_1_464' title='bbox 153 3602 309 3659; x_wconf 85' lang='lat' dir='ltr'><strong><em>nirent.</em></strong></span> <span class='ocrx_word' id='word_1_465' title='bbox 339 3605 476 3675; x_wconf 86' lang='lat' dir='ltr'><strong><em>Ergo</em></strong></span> <span class='ocrx_word' id='word_1_466' title='bbox 507 3613 642 3676; x_wconf 81' lang='lat' dir='ltr'><strong><em>post</em></strong></span> <span class='ocrx_word' id='word_1_467' title='bbox 666 3605 887 3675; x_wconf 82' lang='lat' dir='ltr'><strong><em>triginta</em></strong></span> <span class='ocrx_word' id='word_1_468' title='bbox 920 3605 1064 3672; x_wconf 87' lang='lat' dir='ltr'><strong><em>illos,</em></strong></span> <span class='ocrx_word' id='word_1_469' title='bbox 1090 3606 1177 3675; x_wconf 87' lang='lat' dir='ltr'><strong><em>qui</em></strong></span> <span class='ocrx_word' id='word_1_470' title='bbox 1213 3594 1374 3675; x_wconf 82' lang='lat' dir='ltr'><strong><em>primi</em></strong></span> <span class='ocrx_word' id='word_1_471' title='bbox 1406 3606 1459 3659; x_wconf 85' lang='lat' dir='ltr'><strong><em>in</em></strong></span> <span class='ocrx_word' id='word_1_472' title='bbox 1486 3603 1730 3660; x_wconf 70' lang='lat' dir='ltr'><strong><em>Athana-</em></strong></span> 
     </span>
    </p>
   </div>
   <div class='ocr_carea' id='block_1_51' title="bbox 156 3693 1726 3770">
    <p class='ocr_par' dir='ltr' id='par_1_51' title="bbox 156 3693 1726 3770">
     <span class='ocr_line' id='line_1_51' title="bbox 156 3693 1726 3770; baseline 0.003 -22"><span class='ocrx_word' id='word_1_473' title='bbox 156 3693 268 3750; x_wconf 85' lang='lat' dir='ltr'><strong><em>sium</em></strong></span> <span class='ocrx_word' id='word_1_474' title='bbox 290 3698 691 3770; x_wconf 88' lang='lat' dir='ltr'><strong><em>subscripsere,</em></strong></span> <span class='ocrx_word' id='word_1_475' title='bbox 722 3698 816 3753; x_wconf 88' lang='lat' dir='ltr'><strong><em>alii</em></strong></span> <span class='ocrx_word' id='word_1_476' title='bbox 844 3698 967 3754; x_wconf 89' lang='lat' dir='ltr'><strong><em>dein</em></strong></span> <span class='ocrx_word' id='word_1_477' title='bbox 994 3698 1447 3768; x_wconf 84' lang='lat' dir='ltr'><strong><em>supervenientes</em></strong></span> <span class='ocrx_word' id='word_1_478' title='bbox 1475 3697 1726 3767; x_wconf 85' lang='lat' dir='ltr'><strong><em>Episcopi</em></strong></span> 
     </span>
    </p>
   </div>
   <div class='ocr_carea' id='block_1_52' title="bbox 156 3791 1726 3863">
    <p class='ocr_par' dir='ltr' id='par_1_52' title="bbox 156 3791 1726 3863">
     <span class='ocr_line' id='line_1_52' title="bbox 156 3791 1726 3863; baseline 0.002 -19"><span class='ocrx_word' id='word_1_479' title='bbox 156 3806 400 3848; x_wconf 67' lang='lat' dir='ltr'><strong><em>uulnerum</em></strong></span> <span class='ocrx_word' id='word_1_480' title='bbox 446 3793 700 3849; x_wconf 80' lang='lat' dir='ltr'><strong><em>Concilio</em></strong></span> <span class='ocrx_word' id='word_1_481' title='bbox 747 3794 994 3849; x_wconf 79' lang='lat' dir='ltr'><strong><em>fecerunt</em></strong></span> <span class='ocrx_word' id='word_1_482' title='bbox 1046 3810 1059 3846; x_wconf 88' lang='lat'><strong>:</strong></span> <span class='ocrx_word' id='word_1_483' title='bbox 1104 3802 1238 3863; x_wconf 88' lang='lat' dir='ltr'><strong><em>quot</em></strong></span> <span class='ocrx_word' id='word_1_484' title='bbox 1275 3804 1457 3849; x_wconf 87' lang='lat' dir='ltr'><strong><em>autem</em></strong></span> <span class='ocrx_word' id='word_1_485' title='bbox 1506 3791 1726 3859; x_wconf 82' lang='lat' dir='ltr'><strong><em>fuerint,</em></strong></span> 
     </span>
    </p>
   </div>
   <div class='ocr_carea' id='block_1_53' title="bbox 156 3880 1731 3956">
    <p class='ocr_par' dir='ltr' id='par_1_53' title="bbox 156 3880 1731 3956">
     <span class='ocr_line' id='line_1_53' title="bbox 156 3880 1731 3956; baseline 0.003 -20"><span class='ocrx_word' id='word_1_486' title='bbox 156 3880 377 3940; x_wconf 75' lang='lat' dir='ltr'><strong><em>habemus</em></strong></span> <span class='ocrx_word' id='word_1_487' title='bbox 432 3885 635 3941; x_wconf 85' lang='lat' dir='ltr'><strong><em>ibidem</em></strong></span> <span class='ocrx_word' id='word_1_488' title='bbox 684 3884 821 3939; x_wconf 89' lang='lat' dir='ltr'><strong><em>infra</em></strong></span> <span class='ocrx_word' id='word_1_489' title='bbox 874 3884 958 3941; x_wconf 84' lang='lat' dir='ltr'><strong><em>his</em></strong></span> <span class='ocrx_word' id='word_1_490' title='bbox 1002 3885 1183 3939; x_wconf 79' lang='lat' dir='ltr'><strong><em>verbis</em></strong></span> <span class='ocrx_word' id='word_1_491' title='bbox 1234 3905 1248 3940; x_wconf 92' lang='lat'>:</span> <span class='ocrx_word' id='word_1_492' title='bbox 1300 3886 1731 3956; x_wconf 84' lang='lat' dir='ltr'><strong><em>Subscripserunt</em></strong></span> 
     </span>
    </p>
   </div>
   <div class='ocr_carea' id='block_1_54' title="bbox 159 3978 1732 4048">
    <p class='ocr_par' dir='ltr' id='par_1_54' title="bbox 159 3978 1732 4048">
     <span class='ocr_line' id='line_1_54' title="bbox 159 3978 1732 4048; baseline 0.003 -21"><span class='ocrx_word' id='word_1_493' title='bbox 159 3986 296 4031; x_wconf 81' lang='lat' dir='ltr'><strong><em>autem</em></strong></span> <span class='ocrx_word' id='word_1_494' title='bbox 326 3978 459 4048; x_wconf 88' lang='lat' dir='ltr'><strong><em>(scil.</em></strong></span> <span class='ocrx_word' id='word_1_495' title='bbox 493 3978 770 4034; x_wconf 65' lang='lat' dir='ltr'><strong><em>Formulm</em></strong></span> <span class='ocrx_word' id='word_1_496' title='bbox 800 3978 1032 4033; x_wconf 67' lang='lat' dir='ltr'><strong><em>Nicanore</em></strong></span> <span class='ocrx_word' id='word_1_497' title='bbox 1056 3978 1243 4047; x_wconf 88' lang='lat' dir='ltr'><strong><em>Fidei)</em></strong></span> <span class='ocrx_word' id='word_1_498' title='bbox 1273 3988 1321 4033; x_wconf 91' lang='lat' dir='ltr'><strong><em>et</em></strong></span> <span class='ocrx_word' id='word_1_499' title='bbox 1347 3979 1518 4033; x_wconf 74' lang='grc' dir='ltr'><strong><em>τίετενὶ</em></strong></span> <span class='ocrx_word' id='word_1_500' title='bbox 1549 3979 1732 4034; x_wconf 87' lang='lat' dir='ltr'><strong><em>Sancti</em></strong></span> 
     </span>
    </p>
   </div>
   <div class='ocr_carea' id='block_1_55' title="bbox 162 4065 1730 4144">
    <p class='ocr_par' dir='ltr' id='par_1_55' title="bbox 162 4065 1730 4144">
     <span class='ocr_line' id='line_1_55' title="bbox 162 4065 1730 4144; baseline 0.006 -25"><span class='ocrx_word' id='word_1_501' title='bbox 162 4065 315 4125; x_wconf 89' lang='lat' dir='ltr'><strong><em>Patres</em></strong></span> <span class='ocrx_word' id='word_1_502' title='bbox 337 4088 543 4127; x_wconf 88' lang='lat' dir='ltr'><strong><em>numero</em></strong></span> <span class='ocrx_word' id='word_1_503' title='bbox 577 4073 943 4144; x_wconf 82' lang='lat' dir='ltr'><strong><em>quadraginta.</em></strong></span> <span class='ocrx_word' id='word_1_504' title='bbox 965 4072 1074 4127; x_wconf 82' lang='lat' dir='ltr'><strong><em>llos</em></strong></span> <span class='ocrx_word' id='word_1_505' title='bbox 1092 4088 1224 4143; x_wconf 84' lang='lat' dir='ltr'><strong><em>ergo</em></strong></span> <span class='ocrx_word' id='word_1_506' title='bbox 1255 4072 1299 4128; x_wconf 87' lang='lat' dir='ltr'><strong><em>si</em></strong></span> <span class='ocrx_word' id='word_1_507' title='bbox 1324 4073 1512 4142; x_wconf 82' lang='lat' dir='ltr'><strong><em>primis</em></strong></span> <span class='ocrx_word' id='word_1_508' title='bbox 1541 4074 1730 4143; x_wconf 87' lang='lat' dir='ltr'><strong><em>viginti</em></strong></span> 
     </span>
    </p>
   </div>
   <div class='ocr_carea' id='block_1_56' title="bbox 160 4163 1731 4235">
    <p class='ocr_par' dir='ltr' id='par_1_56' title="bbox 160 4163 1731 4235">
     <span class='ocr_line' id='line_1_56' title="bbox 160 4163 1731 4235; baseline 0.006 -23"><span class='ocrx_word' id='word_1_509' title='bbox 160 4174 322 4216; x_wconf 85' lang='lat' dir='ltr'><strong><em>novem</em></strong></span> <span class='ocrx_word' id='word_1_510' title='bbox 347 4163 739 4228; x_wconf 84' lang='lat' dir='ltr'><strong><em>addiderimus,</em></strong></span> <span class='ocrx_word' id='word_1_511' title='bbox 768 4163 881 4219; x_wconf 81' lang='lat' dir='ltr'><strong><em>fere</em></strong></span> <span class='ocrx_word' id='word_1_512' title='bbox 915 4165 1263 4235; x_wconf 78' lang='lat' dir='ltr'><strong><em>septuaginta</em></strong></span> <span class='ocrx_word' id='word_1_513' title='bbox 1282 4164 1601 4220; x_wconf 83' lang='lat' dir='ltr'><strong><em>habebimus</em></strong></span> <span class='ocrx_word' id='word_1_514' title='bbox 1628 4164 1731 4221; x_wconf 32' lang='lat' dir='ltr'><strong><em>Pas</em></strong></span> 
     </span>
    </p>
   </div>
   <div class='ocr_carea' id='block_1_57' title="bbox 162 4254 1733 4327">
    <p class='ocr_par' dir='ltr' id='par_1_57' title="bbox 162 4254 1733 4327">
     <span class='ocr_line' id='line_1_57' title="bbox 162 4254 1733 4327; baseline 0.003 -20"><span class='ocrx_word' id='word_1_515' title='bbox 162 4262 253 4310; x_wconf 85' lang='lat' dir='ltr'><strong><em>tres</em></strong></span> <span class='ocrx_word' id='word_1_516' title='bbox 279 4256 324 4310; x_wconf 86' lang='lat' dir='ltr'><strong><em>in</em></strong></span> <span class='ocrx_word' id='word_1_517' title='bbox 355 4256 602 4313; x_wconf 87' lang='lat' dir='ltr'><strong><em>Concilio</em></strong></span> <span class='ocrx_word' id='word_1_518' title='bbox 634 4256 1023 4314; x_wconf 78' lang='lat' dir='ltr'><strong><em>Mediolanensi</em></strong></span> <span class='ocrx_word' id='word_1_519' title='bbox 1058 4264 1301 4313; x_wconf 74' lang='lat' dir='ltr'><strong><em>eoacto‘s.</em></strong></span> <span class='ocrx_word' id='word_1_520' title='bbox 1336 4254 1466 4327; x_wconf 75' lang='lat' dir='ltr'><strong><em>Qua:</em></strong></span> <span class='ocrx_word' id='word_1_521' title='bbox 1496 4272 1615 4313; x_wconf 88' lang='lat' dir='ltr'><strong><em>cum</em></strong></span> <span class='ocrx_word' id='word_1_522' title='bbox 1662 4261 1733 4312; x_wconf 85' lang='lat' dir='ltr'><strong><em>ita</em></strong></span> 
     </span>
    </p>
   </div>
   <div class='ocr_carea' id='block_1_58' title="bbox 162 4336 1732 4421">
    <p class='ocr_par' dir='ltr' id='par_1_58' title="bbox 162 4336 1732 4421">
     <span class='ocr_line' id='line_1_58' title="bbox 162 4336 1732 4421; baseline 0.004 -22"><span class='ocrx_word' id='word_1_523' title='bbox 162 4347 270 4415; x_wconf 88' lang='lat' dir='ltr'><strong><em>sint,</em></strong></span> <span class='ocrx_word' id='word_1_524' title='bbox 294 4362 513 4420; x_wconf 88' lang='lat' dir='ltr'><strong><em>apparet</em></strong></span> <span class='ocrx_word' id='word_1_525' title='bbox 542 4346 819 4417; x_wconf 88' lang='lat' dir='ltr'><strong><em>dilucide,</em></strong></span> <span class='ocrx_word' id='word_1_526' title='bbox 855 4366 1141 4407; x_wconf 89' lang='lat' dir='ltr'><strong><em>numerum</em></strong></span> <span class='ocrx_word' id='word_1_527' title='bbox 1190 4360 1559 4407; x_wconf 83' lang='lat' dir='ltr'><strong><em>trecentorum</em></strong></span> <span class='ocrx_word' id='word_1_528' title='bbox 1608 4336 1732 4421; x_wconf 81' lang='lat' dir='ltr'><strong><em>Epi-</em></strong></span> 
     </span>
    </p>
   </div>
   <div class='ocr_carea' id='block_1_59' title="bbox 164 4443 1734 4515">
    <p class='ocr_par' dir='ltr' id='par_1_59' title="bbox 164 4443 1734 4515">
     <span class='ocr_line' id='line_1_59' title="bbox 164 4443 1734 4515; baseline 0.001 -20"><span class='ocrx_word' id='word_1_529' title='bbox 164 4455 417 4511; x_wconf 85' lang='lat' dir='ltr'><strong><em>scoporum</em></strong></span> <span class='ocrx_word' id='word_1_530' title='bbox 457 4453 746 4500; x_wconf 80' lang='lat' dir='ltr'><strong><em>eonstssse</em></strong></span> <span class='ocrx_word' id='word_1_531' title='bbox 792 4443 1010 4513; x_wconf 81' lang='lat' dir='ltr'><strong><em>quidem</em></strong></span> <span class='ocrx_word' id='word_1_532' title='bbox 1058 4458 1123 4499; x_wconf 78' lang='lat' dir='ltr'><strong><em>es</em></strong></span> <span class='ocrx_word' id='word_1_533' title='bbox 1170 4443 1657 4515; x_wconf 79' lang='lat' dir='ltr'><strong><em>subscriptiotiibus</em></strong></span> <span class='ocrx_word' id='word_1_534' title='bbox 1703 4454 1734 4496; x_wconf 91' lang='lat' dir='ltr'><strong><em>a</em></strong></span> 
     </span>
    </p>
   </div>
   <div class='ocr_carea' id='block_1_60' title="bbox 166 4531 1735 4607">
    <p class='ocr_par' dir='ltr' id='par_1_60' title="bbox 166 4531 1735 4607">
     <span class='ocr_line' id='line_1_60' title="bbox 166 4531 1735 4607; baseline 0 -19"><span class='ocrx_word' id='word_1_535' title='bbox 166 4531 449 4593; x_wconf 83' lang='lat' dir='ltr'><strong><em>Constantio</em></strong></span> <span class='ocrx_word' id='word_1_536' title='bbox 472 4539 524 4593; x_wconf 92' lang='lat' dir='ltr'><strong><em>vi</em></strong></span> <span class='ocrx_word' id='word_1_537' title='bbox 552 4548 608 4593; x_wconf 89' lang='lat' dir='ltr'><strong><em>et</em></strong></span> <span class='ocrx_word' id='word_1_538' title='bbox 638 4534 767 4592; x_wconf 92' lang='lat' dir='ltr'><strong><em>dolo</em></strong></span> <span class='ocrx_word' id='word_1_539' title='bbox 799 4538 1031 4593; x_wconf 73' lang='lat' dir='ltr'><strong><em>extortis</em></strong></span> <span class='ocrx_word' id='word_1_540' title='bbox 1061 4537 1128 4591; x_wconf 87' lang='lat' dir='ltr'><strong><em>ab</em></strong></span> <span class='ocrx_word' id='word_1_541' title='bbox 1160 4535 1447 4607; x_wconf 84' lang='lat' dir='ltr'><strong><em>Episcopis</em></strong></span> <span class='ocrx_word' id='word_1_542' title='bbox 1479 4534 1735 4591; x_wconf 84' lang='lat' dir='ltr'><strong><em>occiden-</em></strong></span> 
     </span>
    </p>
   </div>
   <div class='ocr_carea' id='block_1_61' title="bbox 1826 3318 3435 3395">
    <p class='ocr_par' dir='ltr' id='par_1_61' title="bbox 1826 3318 3435 3395">
     <span class='ocr_line' id='line_1_61' title="bbox 1826 3318 3435 3395; baseline 0.006 -24"><span class='ocrx_word' id='word_1_543' title='bbox 1826 3318 2068 3374; x_wconf 81' lang='lat' dir='ltr'><strong><em>lautores</em></strong></span> <span class='ocrx_word' id='word_1_544' title='bbox 2118 3334 2213 3388; x_wconf 91' lang='lat' dir='ltr'><strong><em>per</em></strong></span> <span class='ocrx_word' id='word_1_545' title='bbox 2265 3318 2568 3377; x_wconf 79' lang='lat' dir='ltr'><strong><em>Eudoxium</em></strong></span> <span class='ocrx_word' id='word_1_546' title='bbox 2617 3330 2672 3377; x_wconf 87' lang='lat' dir='ltr'><strong><em>et</em></strong></span> <span class='ocrx_word' id='word_1_547' title='bbox 2718 3322 3059 3378; x_wconf 86' lang='lat' dir='ltr'><strong><em>Germinium</em></strong></span> <span class='ocrx_word' id='word_1_548' title='bbox 3114 3324 3435 3395; x_wconf 66' lang='lat' dir='ltr'><strong><em>Episcotios,</em></strong></span> 
     </span>
    </p>
   </div>
   <div class='ocr_carea' id='block_1_62' title="bbox 1827 3410 3435 3484">
    <p class='ocr_par' dir='ltr' id='par_1_62' title="bbox 1827 3410 3435 3484">
     <span class='ocr_line' id='line_1_62' title="bbox 1827 3410 3435 3484; baseline 0.004 -17"><span class='ocrx_word' id='word_1_549' title='bbox 1827 3410 2184 3468; x_wconf 88' lang='lat' dir='ltr'><strong><em>Constantius</em></strong></span> <span class='ocrx_word' id='word_1_550' title='bbox 2211 3412 2399 3478; x_wconf 89' lang='lat' dir='ltr'><strong><em>etiam,</em></strong></span> <span class='ocrx_word' id='word_1_551' title='bbox 2430 3425 2481 3469; x_wconf 89' lang='lat' dir='ltr'><strong><em>et</em></strong></span> <span class='ocrx_word' id='word_1_552' title='bbox 2509 3413 2722 3469; x_wconf 82' lang='lat' dir='ltr'><strong><em>Lucifer</em></strong></span> <span class='ocrx_word' id='word_1_553' title='bbox 2741 3416 2857 3484; x_wconf 88' lang='lat' dir='ltr'><strong><em>ipse</em></strong></span> <span class='ocrx_word' id='word_1_554' title='bbox 2877 3430 3001 3470; x_wconf 91' lang='lat' dir='ltr'><strong><em>cum</em></strong></span> <span class='ocrx_word' id='word_1_555' title='bbox 3034 3417 3199 3473; x_wconf 89' lang='lat' dir='ltr'><strong><em>sociis</em></strong></span> <span class='ocrx_word' id='word_1_556' title='bbox 3222 3417 3435 3473; x_wconf 81' lang='lat' dir='ltr'><strong><em>litteras</em></strong></span> 
     </span>
    </p>
   </div>
   <div class='ocr_carea' id='block_1_63' title="bbox 1831 3502 3435 3580">
    <p class='ocr_par' dir='ltr' id='par_1_63' title="bbox 1831 3502 3435 3580">
     <span class='ocr_line' id='line_1_63' title="bbox 1831 3502 3435 3580; baseline 0.006 -23"><span class='ocrx_word' id='word_1_557' title='bbox 1831 3502 2069 3559; x_wconf 90' lang='lat' dir='ltr'><strong><em>Eusebio</em></strong></span> <span class='ocrx_word' id='word_1_558' title='bbox 2100 3505 2400 3571; x_wconf 87' lang='lat' dir='ltr'><strong><em>miserunt,</em></strong></span> <span class='ocrx_word' id='word_1_559' title='bbox 2431 3506 2581 3561; x_wconf 89' lang='lat' dir='ltr'><strong><em>illum</em></strong></span> <span class='ocrx_word' id='word_1_560' title='bbox 2609 3508 2675 3561; x_wconf 90' lang='lat' dir='ltr'><strong><em>ad</em></strong></span> <span class='ocrx_word' id='word_1_561' title='bbox 2706 3507 2818 3576; x_wconf 86' lang='lat' dir='ltr'><strong><em>jam</em></strong></span> <span class='ocrx_word' id='word_1_562' title='bbox 2869 3517 3115 3563; x_wconf 82' lang='lat' dir='ltr'><strong><em>coactam</em></strong></span> <span class='ocrx_word' id='word_1_563' title='bbox 3155 3511 3435 3580; x_wconf 82' lang='lat' dir='ltr'><strong><em>Synodum</em></strong></span> 
     </span>
    </p>
   </div>
   <div class='ocr_carea' id='block_1_64' title="bbox 1829 3596 3438 3663">
    <p class='ocr_par' dir='ltr' id='par_1_64' title="bbox 1829 3596 3438 3663">
     <span class='ocr_line' id='line_1_64' title="bbox 1829 3596 3438 3663; baseline 0.006 -10"><span class='ocrx_word' id='word_1_564' title='bbox 1829 3596 2063 3657; x_wconf 88' lang='lat' dir='ltr'><strong><em>sollicite</em></strong></span> <span class='ocrx_word' id='word_1_565' title='bbox 2116 3598 2446 3656; x_wconf 84' lang='lat' dir='ltr'><strong><em>advocantes</em></strong></span> <span class='ocrx_word' id='word_1_566' title='bbox 2489 3611 2534 3653; x_wconf 76' lang='grc' dir='ltr'><strong><em>ο.</em></strong></span> <span class='ocrx_word' id='word_1_567' title='bbox 2581 3602 2769 3658; x_wconf 84' lang='lat' dir='ltr'><strong><em>Paruit</em></strong></span> <span class='ocrx_word' id='word_1_568' title='bbox 2823 3603 3040 3661; x_wconf 86' lang='lat' dir='ltr'><strong><em>tandem</em></strong></span> <span class='ocrx_word' id='word_1_569' title='bbox 3100 3604 3185 3659; x_wconf 81' lang='lat' dir='ltr'><strong><em>vel</em></strong></span> <span class='ocrx_word' id='word_1_570' title='bbox 3234 3604 3438 3663; x_wconf 88' lang='lat' dir='ltr'><strong><em>invitus</em></strong></span> 
     </span>
    </p>
   </div>
   <div class='ocr_carea' id='block_1_65' title="bbox 1831 3692 3438 3761">
    <p class='ocr_par' dir='ltr' id='par_1_65' title="bbox 1831 3692 3438 3761">
     <span class='ocr_line' id='line_1_65' title="bbox 1831 3692 3438 3761; baseline 0.008 -17"><span class='ocrx_word' id='word_1_571' title='bbox 1831 3692 2213 3748; x_wconf 89' lang='lat' dir='ltr'><strong><em>communibus</em></strong></span> <span class='ocrx_word' id='word_1_572' title='bbox 2232 3695 2375 3750; x_wconf 90' lang='lat' dir='ltr'><strong><em>votis</em></strong></span> <span class='ocrx_word' id='word_1_573' title='bbox 2406 3694 2700 3761; x_wconf 82' lang='lat' dir='ltr'><strong><em>Eusebius,</em></strong></span> <span class='ocrx_word' id='word_1_574' title='bbox 2733 3705 2788 3751; x_wconf 90' lang='lat' dir='ltr'><strong><em>et</em></strong></span> <span class='ocrx_word' id='word_1_575' title='bbox 2820 3697 3183 3754; x_wconf 69' lang='lat' dir='ltr'><strong><em>Mediolanum</em></strong></span> <span class='ocrx_word' id='word_1_576' title='bbox 3212 3700 3438 3757; x_wconf 76' lang='lat' dir='ltr'><strong><em>veniens</em></strong></span> 
     </span>
    </p>
   </div>
   <div class='ocr_carea' id='block_1_66' title="bbox 1831 3783 3440 3860">
    <p class='ocr_par' dir='ltr' id='par_1_66' title="bbox 1831 3783 3440 3860">
     <span class='ocr_line' id='line_1_66' title="bbox 1831 3783 3440 3860; baseline 0.006 -21"><span class='ocrx_word' id='word_1_577' title='bbox 1831 3783 2084 3842; x_wconf 80' lang='lat' dir='ltr'><strong><em>Lucifero</em></strong></span> <span class='ocrx_word' id='word_1_578' title='bbox 2126 3783 2533 3856; x_wconf 73' lang='lat' dir='ltr'><strong><em>Catholicisque</em></strong></span> <span class='ocrx_word' id='word_1_579' title='bbox 2563 3787 2815 3843; x_wconf 70' lang='lat' dir='ltr'><strong><em>Patribus</em></strong></span> <span class='ocrx_word' id='word_1_580' title='bbox 2861 3791 3116 3846; x_wconf 80' lang='lat' dir='ltr'><strong><em>accessit.</em></strong></span> <span class='ocrx_word' id='word_1_581' title='bbox 3148 3792 3291 3860; x_wconf 87' lang='lat' dir='ltr'><strong><em>Quot</em></strong></span> <span class='ocrx_word' id='word_1_582' title='bbox 3342 3808 3440 3848; x_wconf 91' lang='lat' dir='ltr'><strong><em>au-</em></strong></span> 
     </span>
    </p>
   </div>
   <div class='ocr_carea' id='block_1_67' title="bbox 1834 3877 3449 3958">
    <p class='ocr_par' dir='ltr' id='par_1_67' title="bbox 1834 3877 3449 3958">
     <span class='ocr_line' id='line_1_67' title="bbox 1834 3877 3449 3958; baseline 0.007 -29"><span class='ocrx_word' id='word_1_583' title='bbox 1834 3883 1941 3932; x_wconf 90' lang='lat' dir='ltr'><strong><em>tem</em></strong></span> <span class='ocrx_word' id='word_1_584' title='bbox 1973 3877 2159 3933; x_wconf 86' lang='lat' dir='ltr'><strong><em>turbas</em></strong></span> <span class='ocrx_word' id='word_1_585' title='bbox 2202 3886 2331 3935; x_wconf 90' lang='lat' dir='ltr'><strong><em>tunc</em></strong></span> <span class='ocrx_word' id='word_1_586' title='bbox 2375 3880 2646 3936; x_wconf 87' lang='lat' dir='ltr'><strong><em>moverint</em></strong></span> <span class='ocrx_word' id='word_1_587' title='bbox 2684 3880 2940 3939; x_wconf 84' lang='lat' dir='ltr'><strong><em>Ursacius</em></strong></span> <span class='ocrx_word' id='word_1_588' title='bbox 2969 3891 3025 3939; x_wconf 85' lang='lat' dir='ltr'><strong><em>et</em></strong></span> <span class='ocrx_word' id='word_1_589' title='bbox 3054 3882 3285 3952; x_wconf 77' lang='lat' dir='ltr'><strong><em>Valens,</em></strong></span> <span class='ocrx_word' id='word_1_590' title='bbox 3315 3896 3449 3958; x_wconf 90' lang='lat' dir='ltr'><strong><em>quot</em></strong></span> 
     </span>
    </p>
   </div>
   <div class='ocr_carea' id='block_1_68' title="bbox 1834 3966 3443 4048">
    <p class='ocr_par' dir='ltr' id='par_1_68' title="bbox 1834 3966 3443 4048">
     <span class='ocr_line' id='line_1_68' title="bbox 1834 3966 3443 4048; baseline 0.009 -27"><span class='ocrx_word' id='word_1_591' title='bbox 1834 3966 1888 4022; x_wconf 89' lang='lat' dir='ltr'><strong><em>in</em></strong></span> <span class='ocrx_word' id='word_1_592' title='bbox 1917 3967 2263 4027; x_wconf 81' lang='lat' dir='ltr'><strong><em>Orthodoxos</em></strong></span> <span class='ocrx_word' id='word_1_593' title='bbox 2292 3971 2594 4044; x_wconf 81' lang='lat' dir='ltr'><strong><em>Episcopus</em></strong></span> <span class='ocrx_word' id='word_1_594' title='bbox 2617 3974 3005 4031; x_wconf 72' lang='lat' dir='ltr'><strong><em>intentat-crint</em></strong></span> <span class='ocrx_word' id='word_1_595' title='bbox 3028 3976 3223 4041; x_wconf 87' lang='lat' dir='ltr'><strong><em>minas,</em></strong></span> <span class='ocrx_word' id='word_1_596' title='bbox 3240 3987 3297 4033; x_wconf 91' lang='lat' dir='ltr'><strong><em>et</em></strong></span> <span class='ocrx_word' id='word_1_597' title='bbox 3322 3995 3443 4048; x_wconf 71' lang='lat' dir='ltr'><strong><em>qua:</em></strong></span> 
     </span>
    </p>
   </div>
   <div class='ocr_carea' id='block_1_69' title="bbox 1834 4064 3447 4139">
    <p class='ocr_par' dir='ltr' id='par_1_69' title="bbox 1834 4064 3447 4139">
     <span class='ocr_line' id='line_1_69' title="bbox 1834 4064 3447 4139; baseline 0.007 -22"><span class='ocrx_word' id='word_1_598' title='bbox 1834 4074 2146 4135; x_wconf 75' lang='lat' dir='ltr'><strong><em>quantaque</em></strong></span> <span class='ocrx_word' id='word_1_599' title='bbox 2173 4064 2436 4122; x_wconf 84' lang='lat' dir='ltr'><strong><em>adversus</em></strong></span> <span class='ocrx_word' id='word_1_600' title='bbox 2458 4083 2554 4124; x_wconf 88' lang='lat' dir='ltr'><strong><em>eos</em></strong></span> <span class='ocrx_word' id='word_1_601' title='bbox 2584 4068 2748 4139; x_wconf 87' lang='lat' dir='ltr'><strong><em>itnpie</em></strong></span> <span class='ocrx_word' id='word_1_602' title='bbox 2775 4069 2991 4139; x_wconf 79' lang='lat' dir='ltr'><strong><em>egerint</em></strong></span> <span class='ocrx_word' id='word_1_603' title='bbox 3018 4071 3343 4127; x_wconf 89' lang='lat' dir='ltr'><strong><em>Constantio</em></strong></span> <span class='ocrx_word' id='word_1_604' title='bbox 3366 4072 3447 4128; x_wconf 81' lang='lat' dir='ltr'><strong><em>fa-</em></strong></span> 
     </span>
    </p>
   </div>
   <div class='ocr_carea' id='block_1_70' title="bbox 1836 4158 3446 4235">
    <p class='ocr_par' dir='ltr' id='par_1_70' title="bbox 1836 4158 3446 4235">
     <span class='ocr_line' id='line_1_70' title="bbox 1836 4158 3446 4235; baseline 0.006 -23"><span class='ocrx_word' id='word_1_605' title='bbox 1836 4167 2015 4223; x_wconf 86' lang='lat' dir='ltr'><strong><em>vente,</em></strong></span> <span class='ocrx_word' id='word_1_606' title='bbox 2074 4158 2307 4214; x_wconf 85' lang='lat' dir='ltr'><strong><em>libenter</em></strong></span> <span class='ocrx_word' id='word_1_607' title='bbox 2358 4162 2522 4215; x_wconf 85' lang='lat' dir='ltr'><strong><em>missa</em></strong></span> <span class='ocrx_word' id='word_1_608' title='bbox 2579 4161 2750 4225; x_wconf 79' lang='lat' dir='ltr'><strong><em>facio,</em></strong></span> <span class='ocrx_word' id='word_1_609' title='bbox 2784 4178 2909 4218; x_wconf 81' lang='lat' dir='ltr'><strong><em>cunt</em></strong></span> <span class='ocrx_word' id='word_1_610' title='bbox 2958 4162 3446 4235; x_wconf 83' lang='lat' dir='ltr'><strong><em>Latrociniiltujus</em></strong></span> 
     </span>
    </p>
   </div>
   <div class='ocr_carea' id='block_1_71' title="bbox 1837 4249 3446 4325">
    <p class='ocr_par' dir='ltr' id='par_1_71' title="bbox 1837 4249 3446 4325">
     <span class='ocr_line' id='line_1_71' title="bbox 1837 4249 3446 4325; baseline 0.004 -21"><span class='ocrx_word' id='word_1_611' title='bbox 1837 4265 1943 4305; x_wconf 89' lang='lat' dir='ltr'><strong><em>non</em></strong></span> <span class='ocrx_word' id='word_1_612' title='bbox 1967 4249 2101 4305; x_wconf 81' lang='lat' dir='ltr'><strong><em>Acta</em></strong></span> <span class='ocrx_word' id='word_1_613' title='bbox 2131 4251 2225 4306; x_wconf 89' lang='lat' dir='ltr'><strong><em>sed</em></strong></span> <span class='ocrx_word' id='word_1_614' title='bbox 2271 4251 2476 4307; x_wconf 84' lang='lat' dir='ltr'><strong><em>scelera</em></strong></span> <span class='ocrx_word' id='word_1_615' title='bbox 2508 4252 2649 4325; x_wconf 85' lang='lat' dir='ltr'><strong><em>apud</em></strong></span> <span class='ocrx_word' id='word_1_616' title='bbox 2697 4264 2888 4309; x_wconf 77' lang='lat' dir='ltr'><strong><em>tirones</em></strong></span> <span class='ocrx_word' id='word_1_617' title='bbox 2918 4256 3309 4310; x_wconf 67' lang='lat' dir='ltr'><strong><em>ecclesiasticae</em></strong></span> <span class='ocrx_word' id='word_1_618' title='bbox 3336 4256 3446 4311; x_wconf 88' lang='lat' dir='ltr'><strong><em>his-</em></strong></span> 
     </span>
    </p>
   </div>
   <div class='ocr_carea' id='block_1_72' title="bbox 1837 4340 3441 4417">
    <p class='ocr_par' dir='ltr' id='par_1_72' title="bbox 1837 4340 3441 4417">
     <span class='ocr_line' id='line_1_72' title="bbox 1837 4340 3441 4417; baseline 0.004 -17"><span class='ocrx_word' id='word_1_619' title='bbox 1837 4346 1993 4400; x_wconf 77' lang='lat' dir='ltr'><strong><em>toria:</em></strong></span> <span class='ocrx_word' id='word_1_620' title='bbox 2018 4340 2313 4415; x_wconf 85' lang='lat' dir='ltr'><strong><em>scriptores</em></strong></span> <span class='ocrx_word' id='word_1_621' title='bbox 2346 4348 2544 4417; x_wconf 90' lang='lat' dir='ltr'><strong><em>passim</em></strong></span> <span class='ocrx_word' id='word_1_622' title='bbox 2570 4356 2626 4404; x_wconf 88' lang='lat' dir='ltr'><strong><em>et</em></strong></span> <span class='ocrx_word' id='word_1_623' title='bbox 2663 4346 2970 4405; x_wconf 81' lang='lat' dir='ltr'><strong><em>luculenter</em></strong></span> <span class='ocrx_word' id='word_1_624' title='bbox 3012 4348 3205 4405; x_wconf 82' lang='lat' dir='ltr'><strong><em>tradita</em></strong></span> <span class='ocrx_word' id='word_1_625' title='bbox 3254 4358 3441 4407; x_wconf 85' lang='lat' dir='ltr'><strong><em>occur-</em></strong></span> 
     </span>
    </p>
   </div>
   <div class='ocr_carea' id='block_1_73' title="bbox 1838 4436 3449 4512">
    <p class='ocr_par' dir='ltr' id='par_1_73' title="bbox 1838 4436 3449 4512">
     <span class='ocr_line' id='line_1_73' title="bbox 1838 4436 3449 4512; baseline 0.007 -22"><span class='ocrx_word' id='word_1_626' title='bbox 1838 4446 1980 4491; x_wconf 89' lang='lat' dir='ltr'><strong><em>rant.</em></strong></span> <span class='ocrx_word' id='word_1_627' title='bbox 2018 4436 2099 4491; x_wconf 87' lang='lat' dir='ltr'><strong><em>Ad</em></strong></span> <span class='ocrx_word' id='word_1_628' title='bbox 2146 4436 2457 4494; x_wconf 75' lang='lat' dir='ltr'><strong><em>Luciferum</em></strong></span> <span class='ocrx_word' id='word_1_629' title='bbox 2496 4449 2742 4496; x_wconf 87' lang='lat' dir='ltr'><strong><em>nostrum</em></strong></span> <span class='ocrx_word' id='word_1_630' title='bbox 2792 4442 2934 4512; x_wconf 88' lang='lat' dir='ltr'><strong><em>quod</em></strong></span> <span class='ocrx_word' id='word_1_631' title='bbox 2983 4443 3196 4508; x_wconf 84' lang='lat' dir='ltr'><strong><em>attinet,</em></strong></span> <span class='ocrx_word' id='word_1_632' title='bbox 3231 4442 3449 4502; x_wconf 83' lang='lat' dir='ltr'><strong><em>fortiter</em></strong></span> 
     </span>
    </p>
   </div>
   <div class='ocr_carea' id='block_1_74' title="bbox 1839 4527 3449 4608">
    <p class='ocr_par' dir='ltr' id='par_1_74' title="bbox 1839 4527 3449 4608">
     <span class='ocr_line' id='line_1_74' title="bbox 1839 4527 3449 4608; baseline 0.008 -28"><span class='ocrx_word' id='word_1_633' title='bbox 1839 4542 1938 4597; x_wconf 83' lang='lat' dir='ltr'><strong><em>pro</em></strong></span> <span class='ocrx_word' id='word_1_634' title='bbox 1967 4527 2261 4583; x_wconf 74' lang='lat' dir='ltr'><strong><em>Athanasio</em></strong></span> <span class='ocrx_word' id='word_1_635' title='bbox 2298 4543 2420 4583; x_wconf 90' lang='lat' dir='ltr'><strong><em>cum</em></strong></span> <span class='ocrx_word' id='word_1_636' title='bbox 2450 4530 2667 4586; x_wconf 88' lang='lat' dir='ltr'><strong><em>Arianis</em></strong></span> <span class='ocrx_word' id='word_1_637' title='bbox 2694 4531 3025 4601; x_wconf 83' lang='lat' dir='ltr'><strong><em>decertavit,</em></strong></span> <span class='ocrx_word' id='word_1_638' title='bbox 3063 4535 3449 4608; x_wconf 68' lang='lat' dir='ltr'><strong><em>Nicaenamque</em></strong></span> 
     </span>
    </p>
   </div>
   <div class='ocr_carea' id='block_1_75' title="bbox 169 4611 3451 4702">
    <p class='ocr_par' dir='ltr' id='par_1_75' title="bbox 169 4611 3451 4702">
     <span class='ocr_line' id='line_1_75' title="bbox 169 4611 3451 4702; baseline 0.006 -37"><span class='ocrx_word' id='word_1_639' title='bbox 169 4627 326 4684; x_wconf 59' lang='lat' dir='ltr'><strong><em>unum</em></strong></span> <span class='ocrx_word' id='word_1_640' title='bbox 362 4631 800 4702; x_wconf 59' lang='lat' dir='ltr'><strong><em>provinciarum;</em></strong></span> <span class='ocrx_word' id='word_1_641' title='bbox 837 4644 1070 4701; x_wconf 69' lang='lat' dir='ltr'><strong><em>eumque</em></strong></span> <span class='ocrx_word' id='word_1_642' title='bbox 1127 4646 1411 4686; x_wconf 65' lang='lat' dir='ltr'><strong><em>numerum</em></strong></span> <span class='ocrx_word' id='word_1_643' title='bbox 1462 4633 1737 4701; x_wconf 54' lang='lat' dir='ltr'><strong><em>Augustus</em></strong></span> <span class='ocrx_word' id='word_1_644' title='bbox 1766 4611 1814 4670; x_wconf 88' lang='lat' dir='ltr'>D</span> <span class='ocrx_word' id='word_1_645' title='bbox 1844 4618 2031 4674; x_wconf 85' lang='lat' dir='ltr'><strong><em>Fidem</em></strong></span> <span class='ocrx_word' id='word_1_646' title='bbox 2062 4614 2265 4676; x_wconf 77' lang='lat' dir='ltr'><strong><em>tutatus</em></strong></span> <span class='ocrx_word' id='word_1_647' title='bbox 2312 4622 2535 4677; x_wconf 86' lang='lat' dir='ltr'><strong><em>strenue</em></strong></span> <span class='ocrx_word' id='word_1_648' title='bbox 2568 4622 2859 4681; x_wconf 86' lang='lat' dir='ltr'><strong><em>Catholicis</em></strong></span> <span class='ocrx_word' id='word_1_649' title='bbox 2904 4638 3120 4697; x_wconf 72' lang='lat' dir='ltr'><strong><em>semper</em></strong></span> <span class='ocrx_word' id='word_1_650' title='bbox 3165 4627 3451 4702; x_wconf 38' lang='lat' dir='ltr'><strong><em>Episcoliis‘</em></strong></span> 
     </span>
    </p>
   </div>
   <div class='ocr_carea' id='block_1_76' title="bbox 168 4718 1741 4793">
    <p class='ocr_par' dir='ltr' id='par_1_76' title="bbox 168 4718 1741 4793">
     <span class='ocr_line' id='line_1_76' title="bbox 168 4718 1741 4793; baseline 0.003 -22"><span class='ocrx_word' id='word_1_651' title='bbox 168 4718 262 4787; x_wconf 85' lang='lat' dir='ltr'><strong><em>ipse</em></strong></span> <span class='ocrx_word' id='word_1_652' title='bbox 299 4726 608 4779; x_wconf 87' lang='lat' dir='ltr'><strong><em>ostentabat</em></strong></span> <span class='ocrx_word' id='word_1_653' title='bbox 665 4733 939 4793; x_wconf 81' lang='lat' dir='ltr'><strong><em>tamquam</em></strong></span> <span class='ocrx_word' id='word_1_654' title='bbox 985 4724 1335 4779; x_wconf 68' lang='grc' dir='ltr'><strong><em>(Ερωτιθηίοἰ</em></strong></span> <span class='ocrx_word' id='word_1_655' title='bbox 1387 4721 1636 4789; x_wconf 85' lang='lat' dir='ltr'><strong><em>Concilii,</em></strong></span> <span class='ocrx_word' id='word_1_656' title='bbox 1682 4729 1741 4776; x_wconf 80' lang='grc' dir='ltr'><strong><em>ιιι</em></strong></span> 
     </span>
    </p>
   </div>
   <div class='ocr_carea' id='block_1_77' title="bbox 169 4814 1737 4887">
    <p class='ocr_par' dir='ltr' id='par_1_77' title="bbox 169 4814 1737 4887">
     <span class='ocr_line' id='line_1_77' title="bbox 169 4814 1737 4887; baseline 0.004 -24"><span class='ocrx_word' id='word_1_657' title='bbox 169 4817 407 4869; x_wconf 86' lang='lat' dir='ltr'><strong><em>communi</em></strong></span> <span class='ocrx_word' id='word_1_658' title='bbox 434 4816 803 4871; x_wconf 83' lang='lat' dir='ltr'><strong><em>Occidentalis</em></strong></span> <span class='ocrx_word' id='word_1_659' title='bbox 835 4815 1093 4870; x_wconf 72' lang='lat' dir='ltr'><strong><em>Ecclesia:</em></strong></span> <span class='ocrx_word' id='word_1_660' title='bbox 1124 4814 1385 4887; x_wconf 67' lang='lat' dir='ltr'><strong><em>suffragio</em></strong></span> <span class='ocrx_word' id='word_1_661' title='bbox 1425 4814 1737 4870; x_wconf 81' lang='lat' dir='ltr'><strong><em>damnatum</em></strong></span> 
     </span>
    </p>
   </div>
   <div class='ocr_carea' id='block_1_78' title="bbox 173 4894 1737 4977">
    <p class='ocr_par' dir='ltr' id='par_1_78' title="bbox 173 4894 1737 4977">
     <span class='ocr_line' id='line_1_78' title="bbox 173 4894 1737 4977; baseline 0.002 -19"><span class='ocrx_word' id='word_1_662' title='bbox 173 4905 522 4977; x_wconf 81' lang='lat' dir='ltr'><strong><em>Athanasium,</em></strong></span> <span class='ocrx_word' id='word_1_663' title='bbox 558 4921 614 4967; x_wconf 89' lang='lat' dir='ltr'><strong><em>et</em></strong></span> <span class='ocrx_word' id='word_1_664' title='bbox 657 4904 1051 4965; x_wconf 87' lang='lat' dir='ltr'><strong><em>conclamatani</em></strong></span> <span class='ocrx_word' id='word_1_665' title='bbox 1084 4906 1151 4965; x_wconf 85' lang='lat' dir='ltr'><strong><em>ab</em></strong></span> <span class='ocrx_word' id='word_1_666' title='bbox 1180 4894 1549 4966; x_wconf 62' lang='lat' dir='ltr'><strong><em>(Ecum‘c‘nico</em></strong></span> <span class='ocrx_word' id='word_1_667' title='bbox 1592 4906 1737 4964; x_wconf 54' lang='lat' dir='ltr'><strong><em>Con.</em></strong></span> 
     </span>
    </p>
   </div>
   <div class='ocr_carea' id='block_1_79' title="bbox 174 4997 1741 5075">
    <p class='ocr_par' dir='ltr' id='par_1_79' title="bbox 174 4997 1741 5075">
     <span class='ocr_line' id='line_1_79' title="bbox 174 4997 1741 5075; baseline 0.005 -26"><span class='ocrx_word' id='word_1_668' title='bbox 174 4997 278 5053; x_wconf 86' lang='lat' dir='ltr'><strong><em>cilio</em></strong></span> <span class='ocrx_word' id='word_1_669' title='bbox 303 5002 551 5059; x_wconf 86' lang='lat' dir='ltr'><strong><em>Ariauam</em></strong></span> <span class='ocrx_word' id='word_1_670' title='bbox 590 5004 897 5058; x_wconf 86' lang='lat' dir='ltr'><strong><em>doctrinam</em></strong></span> <span class='ocrx_word' id='word_1_671' title='bbox 935 5000 1255 5073; x_wconf 70' lang='lat' dir='ltr'><strong><em>praedicaret</em></strong></span> <span class='ocrx_word' id='word_1_672' title='bbox 1288 5020 1301 5059; x_wconf 85' lang='lat'><strong>:</strong></span> <span class='ocrx_word' id='word_1_673' title='bbox 1339 5003 1469 5070; x_wconf 65' lang='lat' dir='ltr'><strong><em>Quae</em></strong></span> <span class='ocrx_word' id='word_1_674' title='bbox 1502 5018 1584 5056; x_wconf 87' lang='lat' dir='ltr'><strong><em>res</em></strong></span> <span class='ocrx_word' id='word_1_675' title='bbox 1610 5002 1627 5075; x_wconf 96' lang='lat'>(</span> <span class='ocrx_word' id='word_1_676' title='bbox 1649 5018 1741 5057; x_wconf 88' lang='lat' dir='ltr'><strong><em>se-</em></strong></span> 
     </span>
    </p>
   </div>
   <div class='ocr_carea' id='block_1_80' title="bbox 176 5092 1742 5168">
    <p class='ocr_par' dir='ltr' id='par_1_80' title="bbox 176 5092 1742 5168">
     <span class='ocr_line' id='line_1_80' title="bbox 176 5092 1742 5168; baseline 0.004 -25"><span class='ocrx_word' id='word_1_677' title='bbox 176 5092 328 5157; x_wconf 82' lang='lat' dir='ltr'><strong><em>quitur</em></strong></span> <span class='ocrx_word' id='word_1_678' title='bbox 356 5097 493 5150; x_wconf 79' lang='lat' dir='ltr'><strong><em>itlom</em></strong></span> <span class='ocrx_word' id='word_1_679' title='bbox 521 5094 877 5168; x_wconf 74' lang='lat' dir='ltr'><strong><em>Athanasius)</em></strong></span> <span class='ocrx_word' id='word_1_680' title='bbox 914 5097 964 5150; x_wconf 87' lang='lat' dir='ltr'><strong><em>in</em></strong></span> <span class='ocrx_word' id='word_1_681' title='bbox 997 5112 1153 5149; x_wconf 81' lang='lat' dir='ltr'><strong><em>causa</em></strong></span> <span class='ocrx_word' id='word_1_682' title='bbox 1177 5097 1309 5167; x_wconf 75' lang='lat' dir='ltr'><strong><em>fuit,</em></strong></span> <span class='ocrx_word' id='word_1_683' title='bbox 1349 5112 1442 5149; x_wconf 84' lang='lat' dir='ltr'><strong><em>cur</em></strong></span> <span class='ocrx_word' id='word_1_684' title='bbox 1469 5105 1573 5149; x_wconf 85' lang='lat' dir='ltr'><strong><em>tam</em></strong></span> <span class='ocrx_word' id='word_1_685' title='bbox 1606 5096 1742 5149; x_wconf 80' lang='lat' dir='ltr'><strong><em>initl-</em></strong></span> 
     </span>
    </p>
   </div>
   <div class='ocr_carea' id='block_1_81' title="bbox 177 5187 1741 5260">
    <p class='ocr_par' dir='ltr' id='par_1_81' title="bbox 177 5187 1741 5260">
     <span class='ocr_line' id='line_1_81' title="bbox 177 5187 1741 5260; baseline 0.008 -32"><span class='ocrx_word' id='word_1_686' title='bbox 177 5187 238 5232; x_wconf 73' lang='lat' dir='ltr'><strong><em>tos</em></strong></span> <span class='ocrx_word' id='word_1_687' title='bbox 262 5189 591 5258; x_wconf 82' lang='lat' dir='ltr'><strong><em>compelleret,</em></strong></span> <span class='ocrx_word' id='word_1_688' title='bbox 623 5197 675 5242; x_wconf 86' lang='lat' dir='ltr'><strong><em>ut</em></strong></span> <span class='ocrx_word' id='word_1_689' title='bbox 696 5205 748 5240; x_wconf 88' lang='lat' dir='ltr'><strong><em>se</em></strong></span> <span class='ocrx_word' id='word_1_690' title='bbox 770 5188 948 5257; x_wconf 85' lang='lat' dir='ltr'><strong><em>paucis</em></strong></span> <span class='ocrx_word' id='word_1_691' title='bbox 970 5188 1330 5260; x_wconf 83' lang='lat' dir='ltr'><strong><em>adjungerent,</em></strong></span> <span class='ocrx_word' id='word_1_692' title='bbox 1359 5200 1667 5260; x_wconf 76' lang='lat' dir='ltr'><strong><em>magnopere</em></strong></span> <span class='ocrx_word' id='word_1_693' title='bbox 1688 5187 1741 5241; x_wconf 83' lang='lat' dir='ltr'><strong><em>id</em></strong></span> 
     </span>
    </p>
   </div>
   <div class='ocr_carea' id='block_1_82' title="bbox 179 5274 1746 5354">
    <p class='ocr_par' dir='ltr' id='par_1_82' title="bbox 179 5274 1746 5354">
     <span class='ocr_line' id='line_1_82' title="bbox 179 5274 1746 5354; baseline 0.009 -31"><span class='ocrx_word' id='word_1_694' title='bbox 179 5274 377 5345; x_wconf 74' lang='lat' dir='ltr'><strong><em>studens,</em></strong></span> <span class='ocrx_word' id='word_1_695' title='bbox 408 5291 463 5334; x_wconf 87' lang='lat' dir='ltr'><strong><em>ut</em></strong></span> <span class='ocrx_word' id='word_1_696' title='bbox 490 5278 765 5335; x_wconf 84' lang='lat' dir='ltr'><strong><em>multarunt</em></strong></span> <span class='ocrx_word' id='word_1_697' title='bbox 795 5282 1006 5336; x_wconf 88' lang='lat' dir='ltr'><strong><em>nomina</em></strong></span> <span class='ocrx_word' id='word_1_698' title='bbox 1039 5291 1333 5354; x_wconf 87' lang='lat' dir='ltr'><strong><em>corrogaret</em></strong></span> <span class='ocrx_word' id='word_1_699' title='bbox 1363 5293 1471 5335; x_wconf 87' lang='lat' dir='ltr'><strong><em>tum</em></strong></span> <span class='ocrx_word' id='word_1_700' title='bbox 1511 5282 1578 5336; x_wconf 87' lang='lat' dir='ltr'><strong><em>atl</em></strong></span> <span class='ocrx_word' id='word_1_701' title='bbox 1615 5282 1746 5337; x_wconf 83' lang='lat' dir='ltr'><strong><em>invi-</em></strong></span> 
     </span>
    </p>
   </div>
   <div class='ocr_carea' id='block_1_83' title="bbox 242 5416 1743 5505">
    <p class='ocr_par' dir='ltr' id='par_1_83' title="bbox 242 5416 1743 5505">
     <span class='ocr_line' id='line_1_83' title="bbox 242 5416 1743 5505; baseline 0.005 -34"><span class='ocrx_word' id='word_1_702' title='bbox 242 5426 263 5505; x_wconf 57' lang='lat'>:</span> <span class='ocrx_word' id='word_1_703' title='bbox 299 5416 402 5505; x_wconf 63' lang='lat' dir='ltr'><strong><em>Lib.</em></strong></span> <span class='ocrx_word' id='word_1_704' title='bbox 436 5422 492 5505; x_wconf 56' lang='lat' dir='ltr'><strong><em>tl,</em></strong></span> <span class='ocrx_word' id='word_1_705' title='bbox 520 5440 616 5493; x_wconf 86' lang='lat' dir='ltr'><strong><em>pro</em></strong></span> <span class='ocrx_word' id='word_1_706' title='bbox 640 5418 1070 5505; x_wconf 37' lang='lat' dir='ltr'><strong><em>;S_.‘Athana§io‘,.</em></strong></span> <span class='ocrx_word' id='word_1_707' title='bbox 1094 5439 1147 5505; x_wconf 31' lang='lat' dir='ltr'><strong><em>pf.</em></strong></span> <span class='ocrx_word' id='word_1_708' title='bbox 1182 5422 1423 5505; x_wconf 44' lang='lat' dir='ltr'><strong><em>15:2.(hic</em></strong></span> <span class='ocrx_word' id='word_1_709' title='bbox 1453 5416 1555 5505; x_wconf 57' lang='lat' dir='ltr'><strong><em>gql.</em></strong></span> <span class='ocrx_word' id='word_1_710' title='bbox 1587 5420 1743 5505; x_wconf 64' lang='grc'>893).</span> 
     </span>
    </p>
   </div>
   <div class='ocr_carea' id='block_1_84' title="bbox 240 5482 1743 5576">
    <p class='ocr_par' dir='ltr' id='par_1_84' title="bbox 240 5482 1743 5576">
     <span class='ocr_line' id='line_1_84' title="bbox 240 5482 1743 5576; baseline 0.005 -33"><span class='ocrx_word' id='word_1_711' title='bbox 240 5486 264 5525; x_wconf 68' lang='grc' dir='ltr'><strong><em>ι)</em></strong></span> <span class='ocrx_word' id='word_1_712' title='bbox 301 5482 843 5576; x_wconf 29' lang='grc' dir='ltr'><strong><em>(ἒᾳιρῖἃέξρυιξαῦυιιη</em></strong></span> <span class='ocrx_word' id='word_1_713' title='bbox 879 5504 917 5547; x_wconf 91' lang='lat' dir='ltr'><strong><em>t.</em></strong></span> <span class='ocrx_word' id='word_1_714' title='bbox 953 5492 991 5548; x_wconf 85' lang='lat' dir='ltr'>V</span> <span class='ocrx_word' id='word_1_715' title='bbox 1028 5482 1147 5549; x_wconf 51' lang='lat' dir='ltr'><strong><em>ila&#39;ii</em></strong></span> <span class='ocrx_word' id='word_1_716' title='bbox 1190 5494 1255 5548; x_wconf 83' lang='lat' dir='ltr'><strong><em>atl</em></strong></span> <span class='ocrx_word' id='word_1_717' title='bbox 1283 5482 1426 5550; x_wconf 81' lang='lat' dir='ltr'><strong><em>diem</em></strong></span> <span class='ocrx_word' id='word_1_718' title='bbox 1459 5482 1560 5558; x_wconf 57' lang='lat' dir='ltr'><strong><em>Q3.</em></strong></span> <span class='ocrx_word' id='word_1_719' title='bbox 1598 5514 1653 5551; x_wconf 85' lang='lat' dir='ltr'><strong><em>tt.</em></strong></span> <span class='ocrx_word' id='word_1_720' title='bbox 1689 5482 1743 5560; x_wconf 76' lang='grc'><strong><em>9,</em></strong></span> 
     </span>
    </p>
   </div>
   <div class='ocr_carea' id='block_1_85' title="bbox 187 5564 1643 5720">
    <p class='ocr_par' dir='ltr' id='par_1_85' title="bbox 187 5564 1643 5720">
     <span class='ocr_line' id='line_1_85' title="bbox 187 5564 772 5630; baseline 0.012 -20"><span class='ocrx_word' id='word_1_721' title='bbox 187 5570 292 5627; x_wconf 78' lang='lat' dir='ltr'><strong><em>pag.</em></strong></span> <span class='ocrx_word' id='word_1_722' title='bbox 323 5564 439 5630; x_wconf 63' lang='grc' dir='ltr'><strong><em>δη,</em></strong></span> <span class='ocrx_word' id='word_1_723' title='bbox 473 5567 606 5619; x_wconf 82' lang='lat' dir='ltr'><strong><em>edit.</em></strong></span> <span class='ocrx_word' id='word_1_724' title='bbox 640 5566 772 5627; x_wconf 82' lang='lat' dir='ltr'><strong><em>Ven.</em></strong></span> 
     </span>
     <span class='ocr_line' id='line_1_86' title="bbox 248 5632 1643 5720; baseline 0.003 -34"><span class='ocrx_word' id='word_1_725' title='bbox 248 5641 267 5720; x_wconf 63' lang='grc' dir='ltr'><strong>ξ</strong></span> <span class='ocrx_word' id='word_1_726' title='bbox 302 5632 451 5720; x_wconf 58' lang='lat' dir='ltr'><strong><em>Ioui.</em></strong></span> <span class='ocrx_word' id='word_1_727' title='bbox 488 5636 527 5689; x_wconf 92' lang='lat' dir='ltr'><strong><em>ll</em></strong></span> <span class='ocrx_word' id='word_1_728' title='bbox 559 5634 767 5720; x_wconf 73' lang='lat' dir='ltr'><strong><em>Concil.</em></strong></span> <span class='ocrx_word' id='word_1_729' title='bbox 804 5634 939 5694; x_wconf 78' lang='lat' dir='ltr'><strong><em>Ven.</em></strong></span> <span class='ocrx_word' id='word_1_730' title='bbox 979 5634 1114 5720; x_wconf 66' lang='lat' dir='ltr'><strong><em>edit.</em></strong></span> <span class='ocrx_word' id='word_1_731' title='bbox 1149 5654 1267 5720; x_wconf 75' lang='lat' dir='ltr'><strong><em>pag.</em></strong></span> <span class='ocrx_word' id='word_1_732' title='bbox 1294 5636 1405 5719; x_wconf 43' lang='lat'><strong><em>.840</em></strong></span> <span class='ocrx_word' id='word_1_733' title='bbox 1434 5647 1489 5720; x_wconf 83' lang='lat' dir='ltr'><strong><em>et</em></strong></span> <span class='ocrx_word' id='word_1_734' title='bbox 1518 5632 1643 5720; x_wconf 54' lang='lat' dir='ltr'><strong><em>811i.</em></strong></span> 
     </span>
    </p>
   </div>
   <div class='ocr_carea' id='block_1_86' title="bbox 92 5699 1747 5783">
    <p class='ocr_par' dir='ltr' id='par_1_86' title="bbox 92 5699 1747 5783">
     <span class='ocr_line' id='line_1_87' title="bbox 92 5699 1747 5783; baseline 0.005 -29"><span class='ocrx_word' id='word_1_735' title='bbox 92 5770 101 5775; x_wconf 86' lang='lat'>_</span> <span class='ocrx_word' id='word_1_736' title='bbox 248 5699 285 5783; x_wconf 41' lang='grc' dir='ltr'><strong><em>ἀ.</em></strong></span> <span class='ocrx_word' id='word_1_737' title='bbox 307 5704 516 5783; x_wconf 74' lang='lat' dir='ltr'><strong><em>Nomina</em></strong></span> <span class='ocrx_word' id='word_1_738' title='bbox 563 5711 975 5783; x_wconf 70' lang='lat' dir='ltr'><strong><em>episcoporum,</em></strong></span> <span class='ocrx_word' id='word_1_739' title='bbox 1014 5699 1307 5783; x_wconf 40' lang='grc' dir='ltr'><strong>ι]ῡίᾃῇέῖῖηί</strong></span> <span class='ocrx_word' id='word_1_740' title='bbox 1346 5706 1747 5783; x_wconf 33' lang='grc' dir='ltr'><strong><em>οοιῃςθλΑΙΙη-</em></strong></span> 
     </span>
    </p>
   </div>
   <div class='ocr_carea' id='block_1_87' title="bbox 193 5772 1743 5857">
    <p class='ocr_par' dir='ltr' id='par_1_87' title="bbox 193 5772 1743 5857">
     <span class='ocr_line' id='line_1_88' title="bbox 193 5772 1743 5857; baseline 0.005 -32"><span class='ocrx_word' id='word_1_741' title='bbox 193 5772 878 5857; x_wconf 42' lang='lat' dir='ltr'><strong><em>assium“subcripsoruot,</em></strong></span> <span class='ocrx_word' id='word_1_742' title='bbox 902 5772 1091 5857; x_wconf 41' lang='lat' dir='ltr'><strong><em>all&#39;er&#39;t.‘</em></strong></span> <span class='ocrx_word' id='word_1_743' title='bbox 1108 5772 1307 5857; x_wconf 56' lang='lat' dir='ltr'><strong><em>paron.</em></strong></span> <span class='ocrx_word' id='word_1_744' title='bbox 1326 5819 1343 5847; x_wconf 95' lang='lat'><strong><em>,</em></strong></span> <span class='ocrx_word' id='word_1_745' title='bbox 1375 5780 1503 5857; x_wconf 50' lang='grc' dir='ltr'><strong><em>ιλ]ιί</em></strong></span> <span class='ocrx_word' id='word_1_746' title='bbox 1546 5772 1743 5857; x_wconf 76' lang='lat' dir='ltr'><strong><em>Annal.</em></strong></span> 
     </span>
    </p>
   </div>
   <div class='ocr_carea' id='block_1_88' title="bbox 94 5842 1745 5924">
    <p class='ocr_par' dir='ltr' id='par_1_88' title="bbox 94 5842 1745 5924">
     <span class='ocr_line' id='line_1_89' title="bbox 94 5842 1745 5924; baseline 0.007 -28"><span class='ocrx_word' id='word_1_747' title='bbox 94 5904 95 5911; x_wconf 25' lang='grc' dir='ltr'><strong>η</strong></span> <span class='ocrx_word' id='word_1_748' title='bbox 194 5842 250 5896; x_wconf 82' lang='lat' dir='ltr'><strong><em>tul</em></strong></span> <span class='ocrx_word' id='word_1_749' title='bbox 274 5860 351 5899; x_wconf 86' lang='lat' dir='ltr'><strong><em>an.</em></strong></span> <span class='ocrx_word' id='word_1_750' title='bbox 382 5849 506 5906; x_wconf 85' lang='lat' dir='ltr'><strong><em>Chr.</em></strong></span> <span class='ocrx_word' id='word_1_751' title='bbox 540 5852 662 5921; x_wconf 70' lang='lat'><strong><em>355,</em></strong></span> <span class='ocrx_word' id='word_1_752' title='bbox 698 5869 752 5908; x_wconf 92' lang='lat' dir='ltr'><strong><em>n.</em></strong></span> <span class='ocrx_word' id='word_1_753' title='bbox 785 5851 875 5919; x_wconf 69' lang='lat'><strong><em>22,</em></strong></span> <span class='ocrx_word' id='word_1_754' title='bbox 912 5864 1031 5924; x_wconf 74' lang='lat' dir='ltr'><strong><em>pag.</em></strong></span> <span class='ocrx_word' id='word_1_755' title='bbox 1065 5848 1192 5921; x_wconf 74' lang='lat'><strong><em>813,</em></strong></span> <span class='ocrx_word' id='word_1_756' title='bbox 1226 5842 1355 5908; x_wconf 76' lang='lat' dir='ltr'><strong><em>edit.</em></strong></span> <span class='ocrx_word' id='word_1_757' title='bbox 1386 5846 1520 5908; x_wconf 76' lang='lat' dir='ltr'><strong><em>Ven.</em></strong></span> <span class='ocrx_word' id='word_1_758' title='bbox 1566 5854 1629 5908; x_wconf 74' lang='lat' dir='ltr'><strong><em>es</em></strong></span> <span class='ocrx_word' id='word_1_759' title='bbox 1667 5861 1745 5913; x_wconf 83' lang='lat' dir='ltr'><strong><em>ta-</em></strong></span> 
     </span>
    </p>
   </div>
   <div class='ocr_carea' id='block_1_89' title="bbox 1841 4706 3446 4793">
    <p class='ocr_par' dir='ltr' id='par_1_89' title="bbox 1841 4706 3446 4793">
     <span class='ocr_line' id='line_1_90' title="bbox 1841 4706 3446 4793; baseline 0.006 -23"><span class='ocrx_word' id='word_1_760' title='bbox 1841 4724 1894 4770; x_wconf 89' lang='lat' dir='ltr'><strong><em>et</em></strong></span> <span class='ocrx_word' id='word_1_761' title='bbox 1917 4713 2152 4770; x_wconf 72' lang='lat' dir='ltr'><strong><em>maxime</em></strong></span> <span class='ocrx_word' id='word_1_762' title='bbox 2181 4714 2418 4772; x_wconf 89' lang='lat' dir='ltr'><strong><em>Eusebio</em></strong></span> <span class='ocrx_word' id='word_1_763' title='bbox 2461 4731 2523 4772; x_wconf 86' lang='lat' dir='ltr'><strong><em>ac</em></strong></span> <span class='ocrx_word' id='word_1_764' title='bbox 2568 4717 2829 4790; x_wconf 80' lang='lat' dir='ltr'><strong><em>Dionysio</em></strong></span> <span class='ocrx_word' id='word_1_765' title='bbox 2873 4706 3124 4790; x_wconf 69' lang='lat' dir='ltr'><strong><em>adltmsit,</em></strong></span> <span class='ocrx_word' id='word_1_766' title='bbox 3156 4714 3446 4793; x_wconf 87' lang='lat' dir='ltr'><strong><em>populum-</em></strong></span> 
     </span>
    </p>
   </div>
   <div class='ocr_carea' id='block_1_90' title="bbox 1842 4806 3449 4878">
    <p class='ocr_par' dir='ltr' id='par_1_90' title="bbox 1842 4806 3449 4878">
     <span class='ocr_line' id='line_1_91' title="bbox 1842 4806 3449 4878; baseline 0.008 -19"><span class='ocrx_word' id='word_1_767' title='bbox 1842 4822 1947 4878; x_wconf 84' lang='lat' dir='ltr'><strong><em>que</em></strong></span> <span class='ocrx_word' id='word_1_768' title='bbox 2006 4806 2466 4864; x_wconf 75' lang='lat' dir='ltr'><strong><em>Mediolanensem</em></strong></span> <span class='ocrx_word' id='word_1_769' title='bbox 2530 4810 2670 4867; x_wconf 86' lang='lat' dir='ltr'><strong><em>dolls</em></strong></span> <span class='ocrx_word' id='word_1_770' title='bbox 2724 4826 2787 4866; x_wconf 88' lang='lat' dir='ltr'><strong><em>ac</em></strong></span> <span class='ocrx_word' id='word_1_771' title='bbox 2845 4811 3013 4867; x_wconf 85' lang='lat' dir='ltr'><strong><em>minis</em></strong></span> <span class='ocrx_word' id='word_1_772' title='bbox 3067 4813 3449 4872; x_wconf 62' lang='lat' dir='ltr'><strong><em>haereticorum</em></strong></span> 
     </span>
    </p>
   </div>
   <div class='ocr_carea' id='block_1_91' title="bbox 1844 4900 3445 4973">
    <p class='ocr_par' dir='ltr' id='par_1_91' title="bbox 1844 4900 3445 4973">
     <span class='ocr_line' id='line_1_92' title="bbox 1844 4900 3445 4973; baseline 0.005 -14"><span class='ocrx_word' id='word_1_773' title='bbox 1844 4903 2172 4973; x_wconf 80' lang='lat' dir='ltr'><strong><em>exagitatum</em></strong></span> <span class='ocrx_word' id='word_1_774' title='bbox 2200 4904 2250 4959; x_wconf 91' lang='lat' dir='ltr'><strong><em>in</em></strong></span> <span class='ocrx_word' id='word_1_775' title='bbox 2281 4900 2411 4961; x_wconf 87' lang='lat' dir='ltr'><strong><em>Fide</em></strong></span> <span class='ocrx_word' id='word_1_776' title='bbox 2438 4902 2748 4961; x_wconf 80' lang='lat' dir='ltr'><strong><em>Ortliodoxa</em></strong></span> <span class='ocrx_word' id='word_1_777' title='bbox 2779 4906 3067 4962; x_wconf 78' lang='lat' dir='ltr'><strong><em>ccutiu‘tllt.</em></strong></span> <span class='ocrx_word' id='word_1_778' title='bbox 3097 4908 3230 4965; x_wconf 78' lang='lat' dir='ltr'><strong><em>Astu</em></strong></span> <span class='ocrx_word' id='word_1_779' title='bbox 3264 4914 3445 4967; x_wconf 79' lang='lat' dir='ltr'><strong><em>tamen</em></strong></span> 
     </span>
    </p>
   </div>
   <div class='ocr_carea' id='block_1_92' title="bbox 1848 4994 3446 5069">
    <p class='ocr_par' dir='ltr' id='par_1_92' title="bbox 1848 4994 3446 5069">
     <span class='ocr_line' id='line_1_93' title="bbox 1848 4994 3446 5069; baseline 0.004 -15"><span class='ocrx_word' id='word_1_780' title='bbox 1848 4999 2201 5064; x_wconf 87' lang='lat' dir='ltr'><strong><em>Arianorum,</em></strong></span> <span class='ocrx_word' id='word_1_781' title='bbox 2233 5000 2324 5069; x_wconf 89' lang='lat' dir='ltr'><strong><em>qui</em></strong></span> <span class='ocrx_word' id='word_1_782' title='bbox 2360 4998 2412 5054; x_wconf 88' lang='lat' dir='ltr'><strong><em>in</em></strong></span> <span class='ocrx_word' id='word_1_783' title='bbox 2440 4996 2646 5055; x_wconf 82' lang='lat' dir='ltr'><strong><em>Palatio</em></strong></span> <span class='ocrx_word' id='word_1_784' title='bbox 2692 4994 2835 5069; x_wconf 88' lang='lat' dir='ltr'><strong><em>apud</em></strong></span> <span class='ocrx_word' id='word_1_785' title='bbox 2876 5000 3255 5057; x_wconf 82' lang='lat' dir='ltr'><strong><em>Constantium</em></strong></span> <span class='ocrx_word' id='word_1_786' title='bbox 3282 5020 3311 5057; x_wconf 92' lang='lat' dir='ltr'><strong><em>a</em></strong></span> <span class='ocrx_word' id='word_1_787' title='bbox 3344 5003 3446 5060; x_wconf 87' lang='lat' dir='ltr'><strong><em>Ca-</em></strong></span> 
     </span>
    </p>
   </div>
   <div class='ocr_carea' id='block_1_93' title="bbox 1846 5091 3448 5163">
    <p class='ocr_par' dir='ltr' id='par_1_93' title="bbox 1846 5091 3448 5163">
     <span class='ocr_line' id='line_1_94' title="bbox 1846 5091 3448 5163; baseline 0.002 -17"><span class='ocrx_word' id='word_1_788' title='bbox 1846 5093 2063 5147; x_wconf 81' lang='lat' dir='ltr'><strong><em>tltolicis</em></strong></span> <span class='ocrx_word' id='word_1_789' title='bbox 2091 5091 2248 5147; x_wconf 69' lang='lat' dir='ltr'><strong><em>divisi</em></strong></span> <span class='ocrx_word' id='word_1_790' title='bbox 2280 5106 2409 5147; x_wconf 85' lang='lat' dir='ltr'><strong><em>suos</em></strong></span> <span class='ocrx_word' id='word_1_791' title='bbox 2429 5100 2731 5148; x_wconf 75' lang='lat' dir='ltr'><strong><em>conventus</em></strong></span> <span class='ocrx_word' id='word_1_792' title='bbox 2760 5092 3050 5155; x_wconf 70' lang='lat' dir='ltr'><strong><em>habebant,</em></strong></span> <span class='ocrx_word' id='word_1_793' title='bbox 3087 5094 3448 5163; x_wconf 67' lang='lat' dir='ltr'><strong><em>corripi-alten-</em></strong></span> 
     </span>
    </p>
   </div>
   <div class='ocr_carea' id='block_1_94' title="bbox 1849 5184 3455 5256">
    <p class='ocr_par' dir='ltr' id='par_1_94' title="bbox 1849 5184 3455 5256">
     <span class='ocr_line' id='line_1_95' title="bbox 1849 5184 3455 5256; baseline 0.001 -17"><span class='ocrx_word' id='word_1_794' title='bbox 1849 5198 1943 5240; x_wconf 87' lang='lat' dir='ltr'><strong><em>sus</em></strong></span> <span class='ocrx_word' id='word_1_795' title='bbox 1974 5184 2193 5240; x_wconf 71' lang='lat' dir='ltr'><strong><em>Lucifer</em></strong></span> <span class='ocrx_word' id='word_1_796' title='bbox 2221 5185 2272 5239; x_wconf 88' lang='lat' dir='ltr'><strong><em>in</em></strong></span> <span class='ocrx_word' id='word_1_797' title='bbox 2302 5185 2415 5256; x_wconf 87' lang='lat' dir='ltr'><strong><em>ipsa</em></strong></span> <span class='ocrx_word' id='word_1_798' title='bbox 2445 5185 2792 5256; x_wconf 81' lang='lat' dir='ltr'><strong><em>Imperatoris</em></strong></span> <span class='ocrx_word' id='word_1_799' title='bbox 2823 5185 2943 5240; x_wconf 88' lang='lat' dir='ltr'><strong><em>aula</em></strong></span> <span class='ocrx_word' id='word_1_800' title='bbox 2977 5186 3227 5241; x_wconf 81' lang='lat' dir='ltr'><strong><em>detentus</em></strong></span> <span class='ocrx_word' id='word_1_801' title='bbox 3256 5194 3357 5253; x_wconf 81' lang='lat' dir='ltr'><strong><em>est,</em></strong></span> <span class='ocrx_word' id='word_1_802' title='bbox 3384 5192 3455 5243; x_wconf 73' lang='lat' dir='ltr'><strong><em>eo</em></strong></span> 
     </span>
    </p>
   </div>
   <div class='ocr_carea' id='block_1_95' title="bbox 1850 5266 3452 5350">
    <p class='ocr_par' dir='ltr' id='par_1_95' title="bbox 1850 5266 3452 5350">
     <span class='ocr_line' id='line_1_96' title="bbox 1850 5266 3452 5350; baseline 0.002 -14"><span class='ocrx_word' id='word_1_803' title='bbox 1850 5280 2141 5336; x_wconf 69' lang='lat' dir='ltr'><strong><em>dementiae</em></strong></span> <span class='ocrx_word' id='word_1_804' title='bbox 2170 5278 2421 5337; x_wconf 85' lang='lat' dir='ltr'><strong><em>adductis</em></strong></span> <span class='ocrx_word' id='word_1_805' title='bbox 2450 5270 2697 5350; x_wconf 69' lang='lat' dir='ltr'><strong><em>Arianis,</em></strong></span> <span class='ocrx_word' id='word_1_806' title='bbox 2726 5274 2815 5350; x_wconf 83' lang='lat' dir='ltr'><strong><em>ut,</em></strong></span> <span class='ocrx_word' id='word_1_807' title='bbox 2859 5266 3108 5339; x_wconf 73' lang='lat' dir='ltr'><strong><em>Lucifero</em></strong></span> <span class='ocrx_word' id='word_1_808' title='bbox 3163 5286 3192 5338; x_wconf 81' lang='lat' dir='ltr'><strong><em>a</em></strong></span> <span class='ocrx_word' id='word_1_809' title='bbox 3237 5282 3452 5339; x_wconf 74' lang='lat' dir='ltr'><strong><em>cmlcrls</em></strong></span> 
     </span>
    </p>
   </div>
   <div class='ocr_carea' id='block_1_96' title="bbox 1854 5416 3450 5491">
    <p class='ocr_par' dir='ltr' id='par_1_96' title="bbox 1854 5416 3450 5491">
     <span class='ocr_line' id='line_1_97' title="bbox 1854 5416 3450 5491; baseline 0.003 -15"><span class='ocrx_word' id='word_1_810' title='bbox 1854 5420 1978 5476; x_wconf 90' lang='lat' dir='ltr'><strong><em>bula</em></strong></span> <span class='ocrx_word' id='word_1_811' title='bbox 2004 5416 2229 5477; x_wconf 78' lang='lat' dir='ltr'><strong><em>At-cltivi</em></strong></span> <span class='ocrx_word' id='word_1_812' title='bbox 2266 5420 2479 5476; x_wconf 69' lang='grc' dir='ltr'><strong><em>νει-ρει.</em></strong></span> <span class='ocrx_word' id='word_1_813' title='bbox 2516 5432 2635 5490; x_wconf 87' lang='lat' dir='ltr'><strong><em>post</em></strong></span> <span class='ocrx_word' id='word_1_814' title='bbox 2668 5422 2828 5491; x_wconf 90' lang='lat' dir='ltr'><strong><em>epist.</em></strong></span> <span class='ocrx_word' id='word_1_815' title='bbox 2873 5422 3092 5478; x_wconf 80' lang='lat' dir='ltr'><strong><em>concilii</em></strong></span> <span class='ocrx_word' id='word_1_816' title='bbox 3131 5420 3350 5481; x_wconf 75' lang='lat' dir='ltr'><strong><em>Mediol.</em></strong></span> <span class='ocrx_word' id='word_1_817' title='bbox 3382 5426 3450 5481; x_wconf 87' lang='lat' dir='ltr'><strong><em>ad</em></strong></span> 
     </span>
    </p>
   </div>
   <div class='ocr_carea' id='block_1_97' title="bbox 1859 5490 3450 5567">
    <p class='ocr_par' dir='ltr' id='par_1_97' title="bbox 1859 5490 3450 5567">
     <span class='ocr_line' id='line_1_98' title="bbox 1859 5490 3450 5567; baseline 0.003 -20"><span class='ocrx_word' id='word_1_818' title='bbox 1859 5494 2169 5557; x_wconf 78' lang='lat' dir='ltr'><strong><em>Eusebium,</em></strong></span> <span class='ocrx_word' id='word_1_819' title='bbox 2199 5501 2254 5547; x_wconf 84' lang='lat' dir='ltr'><strong><em>ct</em></strong></span> <span class='ocrx_word' id='word_1_820' title='bbox 2283 5490 2593 5567; x_wconf 73' lang='lat' dir='ltr'><strong><em>llartluinus</em></strong></span> <span class='ocrx_word' id='word_1_821' title='bbox 2620 5494 2672 5547; x_wconf 90' lang='lat' dir='ltr'><strong><em>in</em></strong></span> <span class='ocrx_word' id='word_1_822' title='bbox 2708 5490 2846 5548; x_wconf 67' lang='lat' dir='ltr'><strong><em>nou.-</em></strong></span> <span class='ocrx_word' id='word_1_823' title='bbox 2878 5495 3225 5567; x_wconf 71' lang='lat' dir='ltr'><strong><em>ad_eamdem</em></strong></span> <span class='ocrx_word' id='word_1_824' title='bbox 3258 5500 3450 5567; x_wconf 67' lang='lat' dir='ltr'><strong><em>epist,</em></strong></span> 
     </span>
    </p>
   </div>
   <div class='ocr_carea' id='block_1_98' title="bbox 1853 5556 3453 5642">
    <p class='ocr_par' dir='ltr' id='par_1_98' title="bbox 1853 5556 3453 5642">
     <span class='ocr_line' id='line_1_99' title="bbox 1853 5556 3453 5642; baseline 0.005 -24"><span class='ocrx_word' id='word_1_825' title='bbox 1853 5567 1942 5642; x_wconf 75' lang='lat' dir='ltr'><strong><em>qui</em></strong></span> <span class='ocrx_word' id='word_1_826' title='bbox 1973 5580 2201 5642; x_wconf 86' lang='lat' dir='ltr'><strong><em>nt_t_mer0</em></strong></span> <span class='ocrx_word' id='word_1_827' title='bbox 2225 5578 2426 5642; x_wconf 52' lang='lat' dir='ltr'><strong><em>petaso</em></strong></span> <span class='ocrx_word' id='word_1_828' title='bbox 2457 5558 2787 5642; x_wconf 55' lang='lat' dir='ltr'><strong><em>bLariniantts</em></strong></span> <span class='ocrx_word' id='word_1_829' title='bbox 2814 5582 2913 5642; x_wconf 48' lang='lat' dir='ltr'><strong><em>pio</em></strong></span> <span class='ocrx_word' id='word_1_830' title='bbox 2941 5556 3453 5642; x_wconf 46' lang='lat' dir='ltr'><strong><em>Martiniauus&#39;lrgil.</em></strong></span> 
     </span>
    </p>
   </div>
   <div class='ocr_carea' id='block_1_99' title="bbox 1854 5583 2935 5715">
    <p class='ocr_par' dir='ltr' id='par_1_99' title="bbox 1854 5583 2935 5715">
     <span class='ocr_line' id='line_1_100' title="bbox 1854 5583 2913 5635; baseline 0.001 -18"><span class='ocrx_word' id='word_1_831' title='bbox 1854 5583 1942 5635; x_wconf 84' lang='lat' dir='ltr'><strong><em>qui</em></strong></span> <span class='ocrx_word' id='word_1_832' title='bbox 1973 5583 2201 5620; x_wconf 89' lang='lat' dir='ltr'><strong><em>numero</em></strong></span> <span class='ocrx_word' id='word_1_833' title='bbox 2230 5583 2426 5619; x_wconf 79' lang='lat' dir='ltr'><strong><em>oetam</em></strong></span> <span class='ocrx_word' id='word_1_834' title='bbox 2457 5583 2787 5620; x_wconf 79' lang='lat' dir='ltr'><strong><em>atarttnanus</em></strong></span> <span class='ocrx_word' id='word_1_835' title='bbox 2836 5583 2913 5629; x_wconf 71' lang='lat' dir='ltr'><strong><em>uio</em></strong></span> 
     </span>
     <span class='ocr_line' id='line_1_101' title="bbox 1854 5583 2935 5715; baseline -0.004 -24"><span class='ocrx_word' id='word_1_836' title='bbox 1854 5636 1907 5692; x_wconf 91' lang='lat' dir='ltr'><strong><em>in</em></strong></span> <span class='ocrx_word' id='word_1_837' title='bbox 1940 5632 2448 5715; x_wconf 14' lang='lat' dir='ltr'><strong><em>t._ilicottcil._‘c_dit.</em></strong></span> <span class='ocrx_word' id='word_1_838' title='bbox 2478 5624 2620 5715; x_wconf 49' lang='lat' dir='ltr'><strong><em>Folk</em></strong></span> 
     </span>
    </p>
   </div>
   <div class='ocr_carea' id='block_1_100' title="bbox 1928 5702 3450 5768">
    <p class='ocr_par' dir='ltr' id='par_1_100' title="bbox 1928 5702 3450 5768">
     <span class='ocr_line' id='line_1_102' title="bbox 1928 5702 3450 5768; baseline 0.003 -4"><span class='ocrx_word' id='word_1_839' title='bbox 1928 5716 1951 5744; x_wconf 73' lang='grc' dir='ltr'>θ</span> <span class='ocrx_word' id='word_1_840' title='bbox 1994 5706 2073 5764; x_wconf 59' lang='lat' dir='ltr'><strong><em>Et</em></strong></span> <span class='ocrx_word' id='word_1_841' title='bbox 2122 5708 2243 5763; x_wconf 78' lang='lat' dir='ltr'><strong><em>Act.</em></strong></span> <span class='ocrx_word' id='word_1_842' title='bbox 2291 5704 2426 5764; x_wconf 73' lang='lat' dir='ltr'><strong><em>Vita:</em></strong></span> <span class='ocrx_word' id='word_1_843' title='bbox 2476 5707 2534 5764; x_wconf 90' lang='lat' dir='ltr'><strong><em>S.</em></strong></span> <span class='ocrx_word' id='word_1_844' title='bbox 2584 5702 2801 5765; x_wconf 76' lang='lat' dir='ltr'><strong><em>Eusebii</em></strong></span> <span class='ocrx_word' id='word_1_845' title='bbox 2841 5709 2893 5761; x_wconf 87' lang='lat' dir='ltr'><strong><em>in</em></strong></span> <span class='ocrx_word' id='word_1_846' title='bbox 2937 5702 3172 5766; x_wconf 76' lang='lat' dir='ltr'><strong><em>Vercell.</em></strong></span> <span class='ocrx_word' id='word_1_847' title='bbox 3222 5713 3450 5768; x_wconf 75' lang='lat' dir='ltr'><strong><em>a&#39;rchiro</em></strong></span> 
     </span>
    </p>
   </div>
   <div class='ocr_carea' id='block_1_101' title="bbox 1854 5776 3451 5851">
    <p class='ocr_par' dir='ltr' id='par_1_101' title="bbox 1854 5776 3451 5851">
     <span class='ocr_line' id='line_1_103' title="bbox 1854 5776 3451 5851; baseline 0.003 -16"><span class='ocrx_word' id='word_1_848' title='bbox 1854 5779 2113 5851; x_wconf 81' lang='lat' dir='ltr'><strong><em>cpi-tolas</em></strong></span> <span class='ocrx_word' id='word_1_849' title='bbox 2143 5779 2292 5846; x_wconf 75' lang='lat' dir='ltr'><strong><em>illas,</em></strong></span> <span class='ocrx_word' id='word_1_850' title='bbox 2334 5789 2387 5835; x_wconf 89' lang='lat' dir='ltr'><strong><em>et</em></strong></span> <span class='ocrx_word' id='word_1_851' title='bbox 2426 5776 2643 5835; x_wconf 86' lang='lat' dir='ltr'><strong><em>Eusebii</em></strong></span> <span class='ocrx_word' id='word_1_852' title='bbox 2678 5778 3050 5848; x_wconf 62' lang='lat' dir='ltr'><strong><em>respotiSiva&#39;tii</em></strong></span> <span class='ocrx_word' id='word_1_853' title='bbox 3082 5781 3147 5837; x_wconf 62' lang='lat' dir='ltr'><strong><em>ad</em></strong></span> <span class='ocrx_word' id='word_1_854' title='bbox 3181 5776 3451 5841; x_wconf 61' lang='lat' dir='ltr'><strong><em>(lituslitu-</em></strong></span> 
     </span>
    </p>
   </div>
   <div class='ocr_carea' id='block_1_102' title="bbox 1854 5850 2860 5910">
    <p class='ocr_par' dir='ltr' id='par_1_102' title="bbox 1854 5850 2860 5910">
     <span class='ocr_line' id='line_1_104' title="bbox 1854 5850 2860 5910; baseline -0.002 -4"><span class='ocrx_word' id='word_1_855' title='bbox 1854 5850 1986 5909; x_wconf 89' lang='lat' dir='ltr'><strong><em>tium</em></strong></span> <span class='ocrx_word' id='word_1_856' title='bbox 2018 5850 2178 5908; x_wconf 75' lang='lat' dir='ltr'><strong><em>aliert</em></strong></span> <span class='ocrx_word' id='word_1_857' title='bbox 2206 5850 2402 5907; x_wconf 83' lang='lat' dir='ltr'><strong><em>Bat&#39;ott.</em></strong></span> <span class='ocrx_word' id='word_1_858' title='bbox 2441 5853 2474 5905; x_wconf 90' lang='grc' dir='ltr'><strong><em>ι.</em></strong></span> <span class='ocrx_word' id='word_1_859' title='bbox 2506 5868 2556 5908; x_wconf 88' lang='lat' dir='ltr'><strong><em>e.</em></strong></span> <span class='ocrx_word' id='word_1_860' title='bbox 2585 5868 2640 5908; x_wconf 86' lang='grc' dir='ltr'><strong>η.</strong></span> <span class='ocrx_word' id='word_1_861' title='bbox 2674 5852 2707 5910; x_wconf 82' lang='lat'><strong>6</strong></span> <span class='ocrx_word' id='word_1_862' title='bbox 2732 5862 2784 5908; x_wconf 84' lang='lat' dir='ltr'><strong><em>et</em></strong></span> <span class='ocrx_word' id='word_1_863' title='bbox 2808 5850 2860 5905; x_wconf 91' lang='lat'><strong><em>7.</em></strong></span> 
     </span>
    </p>
   </div>
  </div>
