3972 6352
592 288 704 346 ’115
1612 288 1918 349 LUCIFER
1965 288 2341 350 EPISCOPUS
2377 289 2887 354 CALARITANUS.
3711 311 3791 369 ut

590 406 807 472 avulso,
837 403 1239 461 Catholicorum
1262 402 1486 461 Patrum
1516 404 1573 460 in
1611 402 1831 461 Nicmna
1878 405 2014 462 Fide
2060 421 2192 462 con-
2217 411 2267 471 Α
2297 412 2477 461 tamen
2506 406 2688 462 brevis
2725 406 2804 463 illi
2834 419 3021 474 mora;
3050 420 3117 463 ex
3164 419 3273 478 quo
3321 408 3503 467 factum
3551 414 3711 487 credo,
3749 433 3793 477 ut

590 498 849 555 stantiam
896 513 956 553 se
987 497 1351 554 labefacturos
1395 506 1704 570 sperarent.
1747 497 1817 553 At
1861 499 2079 556 clausus
2126 500 2193 555 li-

587 599 679 647 cet
717 589 1058 648 Calaritanus
1099 589 1363 657 Antistes,
1414 589 1601 647 animo
1630 600 1812 646 tamen
1861 590 2019 656 liber,
2075 607 2191 648 mo-

590 683 720 740 dum
771 684 1023 755 viamque
1075 684 1282 742 invenit
1321 687 1599 745 scribendi
1645 689 2007 761 mittendique
2073 691 2192 762 epi-

586 780 782 837 stolam
819 780 885 837 ad
915 778 1287 854 Coepiscopos
1345 784 1401 838 in
1457 782 1704 840 Ecclesia
1754 785 2035 852 collectos,
2068 800 2189 857 qua:

585 870 825 930 Eusebio
854 889 918 930 ac
944 874 1200 947 Dionysio
1229 874 1475 932 exhibita
1532 891 1600 933 ne
1652 878 1853 949 populo
1908 878 2188 949 legeretur

580 965 770 1022 Ariani
804 967 1140 1023 tumultuose
1168 967 1496 1025 obstiterunt
1521 985 1534 1023 :
1561 969 1656 1025 sed
1685 970 1770 1025 bis
1800 985 1831 1026 e
1862 971 2067 1041 templo
2090 987 2187 1042 per

583 1059 693 1116 vim
725 1060 918 1131 ejectis
940 1060 1170 1131 epistola
1198 1060 1433 1118 Luciferi
1466 1061 1638 1119 libere
1684 1078 1843 1120 sacro
1886 1064 2051 1120 ραδιυί
2083 1065 2185 1121 sub

581 1165 799 1213 noctem
826 1155 964 1211 lecta
992 1162 1078 1212 est
1106 1164 1153 1222 κ,
1186 1170 1346 1227 quam
1377 1155 1654 1212 interiisse
1679 1155 1974 1213 dolendum
2008 1158 2183 1212 maxi-

580 1265 703 1317 me;
735 1249 842 1305 nisi
870 1250 1007 1306 forte
1035 1251 1086 1304 in
1121 1248 1451 1306 Vercellensi
1482 1259 1577 1306 aut
1606 1250 1996 1308 Mediolanensi
2023 1252 2182 1308 tabu-

579 1342 718 1399 lario
740 1345 1006 1400 scrutanti
1035 1342 1199 1399 alicui
1222 1358 1349 1414 spes
1378 1346 1449 1400 sit
1479 1359 1639 1415 posse
1661 1345 1956 1416 aliquando
1984 1347 2038 1401 in
2082 1360 2182 1416 pu-

2295 498 2442 553 nulla
2472 509 2649 556 exstet
2675 500 2744 557 de
2770 500 2946 571 primo
2973 500 3076 558 hoc
3105 502 3299 559 exsilio
3321 504 3443 561 satis
3475 507 3603 564 clara
3625 551 3638 577 ,
3663 522 3795 569 certa-

2293 607 2399 664 que
2419 596 2702 651 memoria.
2723 595 3039 652 Translatus
3055 594 3183 653 inde
3210 596 3415 655 Lucifer
3430 598 3792 661 GermanicianiIl

2295 684 2440 743 hanc
2486 687 2666 745 exsilii
2728 688 2955 745 alteram
3010 689 3495 764 diuturnioremqtte
3534 694 3689 752 sedem
3726 699 3795 755 ha-

2288 779 2427 846 buit,
2469 791 2528 838 ut
2568 783 2798 854 ipsemet
2836 784 2891 840 in
2933 786 3105 856 primo
3136 800 3237 858 pro
3274 787 3331 844 S.
3360 786 3543 846 Athan.
3570 790 3650 846 lib.
3674 807 3716 864 p.
3743 795 3795 851 65

2291 874 2309 943 (
2315 875 2398 929 hic
2419 874 2521 930 col.
2537 876 2667 948 830)
2691 887 2879 949 aperte
2910 887 3158 948 testatur,
3183 879 3360 951 ibique
3379 881 3584 938 Eudoxii
3606 885 3796 943 meminit

2288 966 2817 1025 Germaniciensium
2852 972 3365 1044 pseudo-episcopi,
3392 990 3539 1046 quem
3581 979 3796 1049 antiphra-

2286 1058 2423 1116 stice
2451 1060 2719 1116 Adoxium
2752 1070 2914 1119 vocat
2941 1061 2985 1132 ί,
3010 1079 3246 1134 eumque
3277 1076 3453 1136 utpote
3479 1067 3666 1125 Arianae
3689 1070 3796 1129 facit

2286 1152 2563 1210 hominem
2596 1156 2970 1213 adversarium
3018 1158 3434 1217 infensissimum
3485 1178 3674 1235 passum
3709 1181 3795 1224 esse

2284 1248 2417 1303 satis
2454 1248 2680 1306 indicat.
2705 1249 2861 1307 Hunc
2886 1252 3066 1308 exsilii
3090 1252 3270 1309 locum
3317 1238 3468 1311 tertio
3505 1268 3797 1317 commutasse

2283 1340 2592 1400 Luciferum
2622 1355 2813 1401 auctor
2836 1356 2921 1402 est
2944 1346 3307 1419 Hieronymus
3334 1347 3505 1415 i,etin
3526 1351 3793 1409 Palaestinam

576 1435 773 1494 hlicam
832 1438 1006 1493 lucem
1058 1437 1263 1493 efferri.
1314 1436 1537 1509 Aliquot
1592 1436 1783 1494 diebus
1846 1439 1901 1493 in
1967 1437 2180 1493 Palatio
2281 1434 2649 1506 deportatum,
2674 1438 2983 1496 Salutarem
3013 1442 3243 1508 scilicet,
3269 1443 3320 1498 in
3350 1458 3448 1515 qua
3478 1445 3798 1520 Eleutheropo-

573 1542 818 1590 retentus
840 1533 1061 1589 Lucifer
1083 1533 1304 1590 tandem
1325 1534 1439 1589 suis
1466 1533 1714 1589 redditus
1757 1543 1877 1600 est;
1911 1534 2010 1591 sed
2047 1535 2175 1591 dein
2279 1526 2346 1582 lis
2370 1569 2386 1596 ,
2437 1529 2526 1585 ubi
2566 1530 2893 1603 Episcopum
2937 1535 3131 1605 agebat
3170 1536 3459 1607 Eutychius
3496 1539 3695 1597 Arianus
3722 1540 3796 1598 Ca-

571 1627 901 1682 Arianorunt
955 1626 1348 1697 Episcoporum
1399 1626 1627 1698 perfidia
1658 1643 1781 1684 cum
1830 1628 2068 1685 Eusebio
2121 1639 2177 1686 οι
2282 1621 2497 1679 thoiicis
2527 1624 2955 1693 infensissimus,
2988 1644 3015 1681 a
3040 1645 3148 1700 quo
3174 1629 3420 1699 Lucifer,
3448 1641 3500 1688 et
3540 1648 3567 1687 a
3604 1633 3796 1693 Turbonc

571 1718 851 1778 Florentio
880 1721 947 1777 ad
992 1720 1370 1777 Constantium
1405 1722 1636 1791 rapitur.
1673 1722 1943 1779 Eusebius
1991 1735 2174 1780 tamen
2280 1713 2306 1751 “
2331 1716 2578 1787 ejusdem
2609 1718 2834 1776 fut-luris
2864 1720 3117 1794 Eutychii
3154 1737 3464 1781 successore
3489 1727 3613 1784 male
3633 1728 3795 1785 habitus

569 1828 635 1870 ac
662 1812 972 1871 Florentius
999 1816 1184 1869 statim
1227 1812 1441 1869 dimissi
1479 1815 1547 1869 ad
1591 1814 1887 1870 Ecclesiam
1930 1814 2167 1881 rediere,
2203 1812 2250 1873 B
2280 1820 2387 1877 est,
2416 1821 2604 1884 utpote
2631 1814 2725 1885 qui
2754 1816 3092 1873 etcatholica
3116 1818 3366 1890 dogmata
3390 1829 3444 1876 et
3466 1821 3705 1879 Athanasii
3728 1824 3797 1879 do-

569 1914 826 1962 manente
864 1905 1007 1977 apud
1035 1905 1424 1976 Imperatorem
1463 1904 1755 1971 Lucifero,
1788 1907 1915 1979 qui,
1949 1923 2071 1963 cum
2104 1907 2177 1964 ibi
2281 1904 2541 1972 ctrinam,
2570 1910 3027 1981 sanctitatemque
3059 1911 3233 1969 libere
3274 1912 3562 1971 vindicaret
3591 1914 3628 1969 ι.
3654 1916 3794 1973 Hacin

570 2000 778 2073 aliquot
825 2001 1017 2057 diebus
1061 2001 1418 2068 detineretur,
1449 2016 1572 2057 cum
1621 2003 1838 2057 Arianis
1888 2002 2177 2073 Episcopis
2283 1997 2414 2054 urbe
2438 2012 2561 2055 cum
2601 1999 2816 2057 Lucifer
2863 2002 3272 2073 divcharetur,
3308 2004 3629 2063 Hermionem
3664 2009 3795 2079 magni

574 2110 674 2167 pro
726 2093 945 2151 Nicmna
1002 2093 1138 2151 Fide
1193 2095 1525 2167 disputando
1580 2103 1802 2151 strenue
1847 2095 2173 2166 decertavit,

574 2188 802 2261 ejusque
822 2188 991 2245 animi
1022 2188 1191 2245 robur
1220 2198 1277 2245 et
1305 2188 1629 2260 eloquentiae
1669 2190 1777 2244 vim
1821 2187 2177 2247 Constantius

570 2282 713 2353 ipse,
743 2284 846 2339 etsi
873 2284 1037 2339 ducto
1053 2283 1179 2339 velo
1210 2282 1479 2347 occultus,
1507 2297 1750 2355 praesens
1785 2291 1965 2339 tamen
2006 2282 2180 2340 admi-

570 2388 722 2434 ratus
752 2389 837 2434 est
864 2377 915 2432 ιι.
974 2377 1080 2434 Sed
1112 2386 1399 2449 postquam
1431 2376 1575 2433 facto
1624 2376 1678 2432 in
1715 2376 2017 2433 Ecclesiam
2075 2377 2178 2433 im-

569 2481 697 2543 petu
732 2471 802 2527 ab
829 2470 1067 2527 Eusebio
1118 2470 1381 2526 Eunucho
1433 2469 1837 2527 Catholicorum
1869 2469 2173 2542 Episcopo-

566 2583 691 2626 rum
733 2569 982 2640 plerique
1033 2566 1416 2637 comprehensi
1447 2574 1613 2635 sunt,
1647 2576 1703 2623 et
1729 2566 1783 2622 in
1826 2565 2173 2623 lleracleanis

566 2665 821 2722 Thermis
850 2676 873 2706 ο
906 2664 1126 2730 reclusi,
1158 2662 1377 2720 Lucifer
1420 2663 1587 2718 etiam
1626 2662 1835 2718 carceri
1889 2662 2047 2718 datus
2090 2671 2173 2719 est

567 2773 692 2815 cum
722 2757 1001 2815 Florentio
1027 2755 1172 2827 apud
1204 2757 1391 2813 Caium
1422 2755 1655 2810 militum
1684 2754 1960 2810 tribunum
1985 2752 2035 2809 ἀ.

1288 2848 1317 2918 5
1358 2847 1447 2904 tu.

639 2943 862 3002 Lucifer
884 2944 1101 3001 interim
1149 2942 1204 2997 in
1235 2941 1340 2997 iide
1371 2939 1717 2997 ﬁrmissimus
1747 2938 2130 2996 insidiantibus
2150 2981 2167 3009 ,

565 3054 802 3109 eumque
830 3037 1200 3109 afﬂigentibus
1230 3033 1468 3103 Arianis,
1509 3033 1614 3090 etsi
1642 3034 1781 3089 duro
1822 3047 2044 3089 carcere
2074 3033 2169 3089 dc-

564 3137 852 3202 tineretnr,
883 3149 990 3190 non
1014 3132 1201 3198 cessit,
1231 3130 1398 3187 immo
1430 3130 1539 3186 illis
1564 3144 1665 3201 pro
1691 3122 1958 3201 religione
1978 3128 2168 3186 catho-

2289 2092 2527 2148 nominis
2579 2094 2848 2167 virginem
2880 2095 3071 2152 habuit
3099 2098 3202 2153 sibi
3242 2097 3641 2156 addictissimam
3667 2101 3797 2157 etado

2275 2185 2529 2256 jutricem
2565 2188 2617 2243 in
2652 2189 2717 2244 iis
2748 2190 3092 2260 perferendis
3122 2192 3387 2251 aerumnis
3411 2235 3427 2262 ,
3454 2194 3793 2267 molestiisqtte,

2277 2280 2473 2350 quibus
2519 2281 2587 2337 ab
2631 2280 2851 2337 Arianis
2895 2282 3136 2355 quotidie
3180 2283 3516 2342 afficiebatur
3541 2296 3595 2340 ω.
3637 2286 3796 2342 Scimus

2277 2373 2441 2429 etiam
2470 2372 2783 2432 Turbonem
2834 2376 2983 2431 illum
3016 2377 3597 2452 Elcutberopoiitanum
3621 2380 3797 2452 pseudo.
3880 2370 3883 2371 ⁷

2278 2465 2599 2538 episcopum
2621 2484 2743 2524 cum
2777 2469 2891 2525 suis
2913 2469 3131 2526 Arianis
3161 2471 3214 2527 in
3266 2472 3562 2529 Luciferum
3588 2487 3713 2529 sacra
3742 2472 3798 2528 fa-

2274 2560 2510 2618 cientem
2556 2562 2809 2629 irruisse,
2860 2563 3058 2633 januas
3108 2566 3359 2622 ecclesiae
3406 2566 3649 2639 fregisse,
3686 2580 3796 2622 sacra

2273 2668 2422 2720 vasa,
2444 2663 2771 2726 sanctosque
2798 2654 3014 2728 codices
3040 2654 3360 2728 diripuisse,
3391 2668 3447 2715 at
3473 2658 3659 2729 aliquos
3677 2659 3795 2714 etiam

2272 2747 2511 2804 Luciferi
2543 2748 2721 2804 socios
2746 2750 2865 2805 neci
2886 2749 3049 2821 impie
3068 2748 3331 2808 dedisse:
3363 2750 3495 2808 Sunt
3519 2752 3667 2806 adhuc
3686 2750 3797 2806 hodie

2271 2840 2370 2912 (ita
2398 2840 2691 2897 Faustinus
2717 2849 2773 2898 et
2797 2841 3139 2900 Marcellinus
3168 2843 3221 2915 ιι)
3246 2845 3303 2899 in
3325 2843 3617 2911 Paltcstina,
3642 2844 3715 2915 qui
3733 2843 3799 2896 illo

2272 2947 2502 3007 tempore
2524 2936 3029 3008 insequentibusillis
3050 2954 3226 3008 partas
3250 2940 3572 3011 gravissimas
3586 2937 3796 2997 dederunt,

2272 3047 2333 3087 eo
2353 3033 2496 3104 quod
2525 3048 2642 3087 cum
2673 3032 2956 3087 Catholica:
3005 3033 3127 3103 ﬁdei
3161 3032 3426 3107 Episcopo
3456 3033 3673 3106 Lucifero
3712 3047 3799 3086 con-

2268 3129 2522 3183 venirent.
2554 3126 2607 3181 Ν
2614 3138 2781 3199 egent,
2810 3127 2855 3182 si
2900 3144 3003 3181 non
3034 3129 3168 3183 inter
3193 3138 3384 3185 cetera
3430 3146 3520 3185 sua
3546 3126 3798 3198 atrocia,ja-

561 3232 666 3289 lica
690 3240 747 3288 et
776 3227 1059 3285 Athanasii
1086 3225 1393 3282 innocentia
1424 3224 1626 3280 invicte
1667 3222 1805 3278 adeo
1845 3223 2078 3288 restitit,
2110 3231 2169 3277 ut
2196 3207 2240 3271 C
2272 3237 2429 3275 uuam
2457 3222 2691 3275 clausam
2720 3221 2986 3276 securibus
3017 3220 3370 3295 eﬂregerunt;
3397 3223 3441 3279 si
3476 3239 3572 3277 non
3606 3223 3797 3275 irruentes

561 3328 805 3383 furentes
841 3324 1027 3380 hostes
1053 3321 1376 3378 Constantio
1416 3318 1644 3389 jubente
1690 3327 1969 3373 extorrem
2015 3316 2164 3371 illum

561 3420 887 3485 Mediolano,
916 3417 1177 3487 italiaque
1228 3413 1517 3469 discedere
1570 3412 1870 3482 coegerint.
1903 3410 2061 3479 Quod
2109 3420 2167 3467 ut

560 3515 781 3572 Liberio
825 3512 1074 3568 Pontifici
1118 3508 1372 3573 innotuit,
1402 3505 1654 3562 Lucifero
1703 3504 2023 3577 ueterisque
2066 3520 2167 3578 pro

560 3610 791 3665 veritate
819 3605 1122 3660 orthodoxa
1154 3602 1438 3658 exsulibus
1469 3600 1679 3656 litteras
1722 3600 1919 3654 solatio
1954 3608 2010 3654 et
2035 3613 2168 3671 apo—

558 3701 755 3758 stolico
800 3698 1002 3755 robore
1057 3697 1247 3766 plenas
1287 3693 1440 3749 dedit
1473 3701 1531 3758 0;
1564 3706 1701 3763 quas
1732 3691 1822 3747 ubi
1853 3694 2165 3763 acceperint

561 3790 831 3853 incertum
852 3802 955 3849 est.
971 3790 1263 3860 Relegatur
1288 3803 1417 3859 ergo
1438 3785 1662 3843 Lucifer
1684 3786 1739 3842 iu
1766 3784 2163 3858 Cappadociam

561 3886 777 3961 primo,
806 3895 866 3941 ut
906 3879 1283 3956 Papebrochio
1313 3878 1335 3919 ί
1368 3889 1423 3936 et
1452 3879 1727 3936 Matthaeio
1776 3880 1957 3950 placet
1983 3889 2045 3947 6;
2093 3880 2167 3938 ibi

636 4086 664 4116 ι
701 4074 781 4133 Ex
809 4074 917 4129 vita
943 4071 1003 4128 S.
1037 4067 1253 4126 Eusebii
1279 4063 1516 4123 Vercell.
1551 4062 1726 4135 episc.
1750 4061 1893 4134 apud
1920 4062 2061 4119 Boil.
2090 4061 2159 4118 ad

560 4149 707 4209 diem
736 4147 810 4221 25
838 4146 1071 4221 Maii,_n.
1104 4139 1194 4221 i4.
1389 4210 1400 4221 _
1446 4209 1474 4221 μ,
1537 4208 1549 4220 ο
1596 4216 1605 4221 Δ
1759 4208 1771 4221 Ι
1889 4207 1920 4221 __

632 4207 661 4263 δ
702 4220 810 4278 Sed
833 4207 1102 4291 perspicis,
1128 4215 1181 4266 in
1203 4221 1290 4291 tuo
1312 4209 1507 4279 palatio
1530 4208 1671 4291 intra
1691 4208 1866 4291 velum,
1882 4207 2000 4261 licet
2019 4216 2161 4262 stans

559 4296 726 4353 tulisti
746 4280 1047 4363 responsum
1066 4304 1098 4339 a
1118 4301 1198 4363 me
1216 4283 1285 4363 ad
1305 4280 1707 4363 conservandam
1730 4280 1970 4363 salutent,
1989 4296 2162 4363 omnes

560 4351 659 4423 Dei
682 4351 872 4425 servos,
896 4360 1093 4416 calcata
1117 4354 1304 4427 frivola
1325 4354 1632 4427 auctoritate
1638 4362 1759 4427 tua,
1780 4361 1961 4427 mente,
1982 4351 2163 4405 volun-

559 4421 685 4494 tate.
710 4421 907 4498 studio,
933 4421 1138 4489 virtute,
1167 4442 1301 4498 uoce
1315 4425 1623 4498 consentire.
1638 4423 1757 4498 Lib.
1775 4421 1915 4498 Mor.
1932 4440 2040 4478 esse
2064 4438 2163 4498 pro

2265 3317 2320 3371 in
2347 3314 2649 3386 Luciferum
2693 3313 3060 3386 ﬁdelissimum
3106 3316 3431 3372 sacerdotem
3471 3315 3627 3370 diuina
3650 3325 3797 3384 quoq"

2266 3422 2592 3467 sacramenta
2613 3420 2896 3480 uerterunt,
2921 3429 3337 3487 unumquemque
3358 3414 3468 3469 illic
3487 3413 3547 3467 de
3569 3412 3639 3466 his
3662 3408 3797 3481 fratri.

2269 3507 2381 3574 bus,
2410 3506 2499 3577 qui
2532 3516 2899 3574 conuenerant,
2930 3506 3096 3576 impia
3140 3510 3284 3563 crede
3321 3508 3603 3562 multantes.
3630 3502 3794 3574 Negat,

2267 3601 2313 3654 si
2338 3617 2440 3654 non
2469 3598 2627 3654 hodie
2673 3599 2815 3671 apud
2845 3615 2900 3655 se
2943 3609 3122 3655 sancta
3158 3602 3387 3672 mystica
3416 3617 3567 3666 vasa,
3596 3612 3691 3670 qua:
3712 3604 3797 3648 tunc

2268 3692 2425 3763 impie
2449 3690 2696 3763 Lucifero
2740 3692 3100 3763 diripuerunt,
3133 3709 3252 3747 cum
3282 3693 3444 3749 sacris
3469 3689 3694 3747 codicibus
3712 3699 3794 3756 pai-

2272 3786 2463 3842 sident.
2496 3789 2564 3839 At
2600 3786 2685 3841 his
2713 3799 2820 3841 non
2849 3786 3092 3841 contenti
3118 3785 3350 3853 Ariani,
3400 3795 3459 3842 ut
3498 3778 3797 3841 constantissi-

2274 3895 2421 3936 mum
2461 3878 2665 3935 Christi
2722 3878 2981 3936 athletam
3040 3879 3232 3937 dttrius
3284 3881 3629 3954 exagitarent,
3654 3880 3795 3948 quarto

2269 4061 2375 4118 alia
2407 4061 2465 4118 S.
2499 4058 2778 4131 Dionysii,
2808 4075 2867 4131 ο.
2891 4060 2925 4115 5
2948 4059 3000 4115 in
3031 4067 3071 4115 t.
3104 4058 3146 4114 V
3179 4059 3331 4127 Maii,
3366 4074 3487 4131 pag.
3519 4058 3631 4123 5i5,
3661 4051 3792 4131 n.29:

2267 4132 2436 4189 Facto
2480 4128 2672 4201 impetu
2724 4132 2787 4186 ab
2842 4129 3064 4186 Eusebio
3108 4128 3382 4187 Eunuclto'
3411 4128 3690 4203 apprehensi
3717 4132 3798 4179 sunt

2269 4208 2332 4260 de
2351 4206 2593 4275 ﬁdelibus
2614 4204 2734 4258 viris
2757 4219 2969 4259 numero
2990 4211 3193 4257 centum
3214 4205 3560 4275 quadraginta
3578 4211 3620 4275 et
3636 4208 3793 4275 senm.

2269 4270 2386 4332 cum
2404 4276 2820 4348 quibusquidam
2842 4276 2905 4329 de
2928 4270 3281 4348 sacerdotibus
3307 4270 3517 4348 et_cl'ero
3542 4271 3677 4348 vincti
3698 4270 3794 4321 intra
3906 4322 3907 4333 χ

2269 4345 2518 4403 Thermas
2558 4345 2903 4402 Herculianas
2940 4347 3124 4402 reclusi
3154 4355 3297 4401 sunt.
3344 4345 3631 4401 Florentius
3655 4358 3744 4417 rem
3765 4348 3797 4417 ξι

2271 4419 2484 4491 Lucifer
2508 4420 2777 4490 episcopus
2798 4418 2938 4490 apud
2961 4418 3225 4473 tribunum
3252 4418 3463 4487 Caium,
3495 4415 3711 4473 Eusebius
3727 4415 3795 4463 tri-

962 4484 1201 4573 ἳὸξξμιίε
1222 4496 1322 4573 col.
1355 4496 1535 4573 l099),
1558 4504 1616 4551 et
1650 4494 1969 4573 ibid._lnfr:t,
1992 4484 2165 4573 p.24}
2191 4484 2245 4545 D
2269 4484 3191 4573 buno:.Galbioni'custodite.traditus
3213 4501 3319 4573 est.

558 4578 667 4651 (hic
692 4578 791 4632 col.
815 4565 979 4651 to'ts)
1004 4565 1170 4651 :_Non
1190 4565 1887 4651 retines.Constan_ti,dia:isse
1909 4566 2152 4651 includi-

555 4637 725 4715 cibus,
758 4657 805 4701 te
832 4646 941 4701 velo
963 4637 1413 4715 'missoqaudiente,
1440 4637 1577 4706 quod
1600 4640 1718 4715 licet
1751 4646 1912 4715 totum
1932 4637 2148 4715 militem

560 4709 793 4777 tuum'iu
815 4732 908 4770 nos
950 4712 1257 4783 decreuisses
1290 4714 1465 4783 jacere
1493 4712 1640 4783 regni
1688 4710 1763 4783 tui
1810 4711 1930 4783 tela,
1971 4709 2025 4783 in
2057 4726 2151 4783 nos

555 4800 902 4850 exsecratores
925 4782 1257 4856 blasphemia:
1283 4780 1405 4856 iure,
1415 4791 1474 4856 ut
1501 4782 1556 4835 in
1588 4782 1826 4851 sacrilegi
1857 4781 1934 4856 tui
1958 4780 2149 4835 decreti

552 4851 1132 4932 contemptoresmm'nia
1151 4870 1245 4908 sua
1266 4854 1569 4932 colliderent
1592 4869 1759 4932 arma;
1778 4868 1869 4932 nec
1887 4851 1966 4932 sic
1980 4861 2145 4932 tamen

551 4935 694 5003 quod
720 4923 985 5004 possemus
1012 4944 1043 4982 a
1071 4924 1334 5004 praposito
1359 4925 1647 5004 recedere?
1695 4935 1750 4979 et
1787 4923 1936 5004 ibid.
1955 4938 2009 4992 p.
2038 4924 2147 4979 245

556 4994 663 5080 (hic
685 4994 788 5062 col.
816 5000 981 5080 iOIS)
1016 5018 1031 5056 :
1061 4994 1278 5080 Nones!
1301 5012 1487 5080 nouum
1508 4996 1646 5067 quod
1657 5011 1756 5080 lnos
1779 4994 2153 5080 legati‘asseve-

550 5066 795 5134 rubenius
837 5078 893 5130 in
936 5066 1023 5127 tuo
1058 5068 1257 5142 palatio
1290 5108 1307 5136 ,
1352 5066 1702 5142 ethﬁrmando
1752 5084 1866 5142 Anon
1908 5066 2151 5142 desumus

551 5166 753 5219 semper
778 5150 852 5204 sic
890 5138 1134 5216 fuisse-et
1162 5156 1269 5219 esse
1295 5139 1547 5219 creditum
1582 5157 1613 5193 a
1638 5138 1966 5219 Christianis.
2000 5141 2150 5192 sicuti

551 5211 695 5293 apud
729 5211 961 5275 Nicteam
989 5225 1168 5271 contra
1203 5212 1437 5293 hceresim
1466 5222 1604 5265 tuam
1631 5211 1877 5293 Arianam
1902 5218 1949 5264 et
1975 5225 2148 5264 omnes

549 5283 751 5349 errores
768 5293 967 5348 videtur
994 5302 1106 5343 esse
1131 5299 1283 5338 sacra
1309 5283 1437 5349 ﬁdes
1465 5283 1777 5351 conscripta.

625 5377 649 5407 ο
689 5365 945 5421 Thermas
990 5358 1251 5429 proxima:
1275 5355 1542 5429 _Hercu|_i_s
1582 5353 1941 5429 tempiol‘cui
1984 5354 2146 5429 etia_m

545 5438 742 5494 vicinae
770 5444 929 5491 erant
967 5423 1111 5485 mdes
1149 5424 1457 5482 Maximiani
1492 5424 1764 5479 Herculei.
1803 5423 1878 5479 lbi
1911 5439 2054 5479 nunc
2081 5423 2146 5479 D.

545 5505 825 5568 Laurentii
881 5502 1187 5571 templum,
1246 5496 1387 5567 quod
1439 5511 1609 5571 prope
1665 5495 1924 5571 quaedam
1969 5496 2145 5571 adhuc

546 5566 843 5652 supersunt
881 5566 1099 5652 rudére.
1129 5566 1486 5652 ιηεείηεείιιές
1516 5567 1804 5652 celeuma-
1831 5566 2142 5652 νίάλςέεδξξ·

543 5635 917 5709 ἱιὸὶιζιιειιιοι.
950 5635 1134 5714 Antiq.
1166 5635 1285 5769 pag.
1312 5641 1366 5707 7,
1387 5638 1491 5694 tes
1516 5650 1570 5694 et
1596 5639 1698 5693 196
1715 5638 1884 5720 χιον.
1914 5635 2141 5722 Risi-atto

545 5724 602 5769 di
635 5721 851 5769 Μίιιιηυ-
898 5733 1020 5769 nam.
1056 5715 1188 5769 “2:
1270 5712 1432 5768 aleat.
1473 5710 1631 5768 Guai.
1662 5711 1841 5766 Prior.
1875 5707 2058 5764 Relas.
2086 5711 2141 5765 dt

545 5707 609 5777 di
633 5721 851 5787 Hilario,
898 5733 1020 5790 pag.
1056 5707 1188 5790 “2:;
1220 5707 1432 5769 Calcat.
1473 5710 1631 5768 Guai.
1662 5711 1841 5766 Prior.
1875 5707 2058 5764 Relas.
2086 5711 2143 5765 di

546 5791 771 5863 Hilario,
886 5786 938 5860 i,
958 5786 1086 5863 pag:
1111 5786 1201 5863 4‘2.

617 5861 645 5903 ἀ
685 5853 770 5921 Ex
794 5853 1011 5919 vita'S.
1034 5853 1267 5916 Eusebii
1296 5855 1440 5929 apud
1467 5854 1611 5915 Boil.
1645 5854 1685 5912 l.
1714 5871 1763 5913 c.
1798 5869 1855 5910 ιι.
1884 5853 1952 5924 6,
1990 5863 2045 5911 et
2075 5868 2143 5911 ex

2332 4574 2355 4600 ο
2402 4564 2464 4617 γ.
2497 4565 2657 4633 epist.
2696 4563 2838 4633 hanc
2859 4562 3027 4633 hujus
3052 4562 3184 4618 edit.
3213 4562 3397 4618 initio.

2331 4634 2350 4673 τ
2394 4635 2449 4690 1η
2474 4629 2595 4690 Vita
2623 4636 2683 4689 S.
2715 4629 2971 4699 Luciferi,
3006 4646 3137 4689 tom.
3164 4632 3233 4689 Ν
3262 4634 3411 4700 Maii,
3443 4649 3492 4691 c.
3525 4633 3573 4700 i,
3602 4647 3649 4688 ιι.
3675 4629 3718 4685 8.

2330 4716 2355 4794 ξ
2395 4705 2499 4794 libi
2528 4720 2649 4790 sup.
2683 4707 2737 4790 in
2769 4705 3166 4794 Ecclugaiar”.
3190 4721 3318 4794 pag.
3345 4708 3436 4794 7.3.
3475 4786 3513 4794 μ
3625 4769 3748 4794 nm:

2327 4777 2355 4817 δ
2392 4774 2735 4835 Germanicia
2773 4777 2895 4834 urb.
2927 4776 3112 4847 Episc.
3152 4774 3206 4833 in
3245 4774 3795 4848 EuphratensiProvin-

2255 4852 2361 4914 cia,
2390 4864 2488 4921 seu
2519 4848 2846 4921 leesyria,
2878 4864 3002 4918 quae
3030 4860 3086 4905 et
3113 4849 3453 4919 Comagena.
3669 4917 3678 4921 _
3791 4910 3796 4919 ,

2333 4923 2349 4959 ί
2395 4919 2539 4996 [alis
2565 4932 2640 4977 est
2668 4917 2946 4996 Georgius,
2973 4922 3144 4996 qualis
3170 4917 3345 4996 fuerat
3373 4921 3547 4986 Arius,
3568 4917 3718 4996 quales
3734 4917 3795 4996 qui

2260 5005 2378 5065 sunt
2422 4991 2673 5047 Ursacius
2711 5001 2757 5046 et
2807 4989 3019 5065 Valens,
3063 4994 3142 5065 uel
3171 4989 3249 5046 'ud
3284 5009 3436 5065 quem
3481 4989 3794 5065 meAdestinaslt

2254 5056 3054 5152 Germqniciensiumné‘dgsiu’s.
3114 5064 3236 5121 Lib.
3294 5056 3312 5120 i
3378 5079 3478 5136 pro
3545 5063 3598 5119 S.
3639 5056 3790 5114 Alban-

2254 5153 2379 5209 pag.
2414 5137 2483 5191 65
2511 5137 2615 5209 (hic
2641 5134 2743 5189 col.
2773 5133 2926 5209 830).
3380 5133 3394 5136 “

2328 5210 2341 5260 i
2393 5206 2520 5285 C‘um
2554 5207 2850 5285 nollel‘sulr
2867 5209 3079 5285 nomine
3098 5206 3376 5285 Athanasii
3414 5198 3791 5285 Nicartmmdam:

2252 5297 2377 5336 nare
2412 5280 2591 5350 ﬁdem,
2632 5279 2974 5353 Palwstinam
3002 5281 3260 5353 relegatus
3287 5281 3437 5353 mira:
3470 5276 3735 5353 consimili?
3760 5276 3793 5321 ιε

2253 5340 2534 5424 prteparati
2554 5340 2715 5405 animi
2732 5350 2801 5404 ad
2822 5340 3133 5422 martyrium
3140 5363 3323 5408 contra
3338 5349 3673 5408 Constantium
3687 5340 3789 5407 Imp.

2249 5425 2431 5480 scribit
2452 5423 2663 5489 librum,
2686 5422 2832 5494 eique
2854 5424 3126 5495 legendum
3146 5425 3311 5480 misit.
3331 5423 3411 5481 De
3425 5421 3614 5493 Script.
3630 5412 3791 5474 Eccles.

2253 5498 2305 5551 in
2340 5496 2509 5552 Lucii.

2322 5567 2349 5606 ¹ι
2391 5567 2589 5623 Baron.
2622 5566 2690 5622 ad
2718 5582 2809 5622 an.
2835 5564 2968 5622 Chr.
3000 5566 3130 5634 356,
3164 5583 3215 5622 ιι.
3251 5567 3348 5624 80.

2325 5638 2341 5677 ι
2389 5639 2466 5694 Id.
2515 5639 2584 5694 ad
2629 5654 2721 5694 an.
2750 5636 2884 5695 Chr.
2934 5638 3065 5708 555,
3099 5627 3155 5695 ri.
3196 5639 3289 5710 17,
3320 5648 3378 5697 et
3420 5631 3677 5697 Sirmond.
3701 5627 3791 5687 1ος.

2248 5710 2355 5767 col.
2382 5709 2508 5767 256.

2320 5791 2361 5820 ιη
2399 5782 2477 5838 id.
2511 5782 2578 5838 ad
2605 5798 2694 5839 an.
2724 5780 2852 5839 Cltr.
2884 5783 3012 5850 562,
3042 5799 3101 5840 ιι.
3136 5781 3261 5840 119.

2322 5863 2350 5892 ιι
2391 5854 2449 5911 in
2474 5854 2687 5913 Libello
2713 5855 2884 5927 Supp.
2910 5856 2978 5914 ad
2998 5849 3277 5929 Augustos
3297 5855 3443 5927 apud
3463 5855 3614 5913 Sirm.
3641 5849 3672 5906 1.
3694 5860 3735 5903 ο·
