3972 6352
62 5734 65 5869 i

131 261 248 321 ’145

1516 262 1834 323 LUCIFERI
1877 263 2056 321 VITA.

3331 268 3438 325 746

135 380 306 437 etiam
360 377 556 434 exsilio
608 374 907 432 multarunt
949 374 1003 430 in
1066 375 1443 447 superioribus
1496 376 1737 447 Thebis,
1767 389 1816 447 Α
1844 394 1942 435 sua
1966 377 2299 434 Bibliotheca
2325 378 2593 450 scriptum
2622 375 2949 451 reliquisse,
2980 377 3298 436 Luciferum
3324 397 3455 440 nos-

135 487 235 529 seu
280 470 519 527 secunda
574 468 873 537 Thebaide,
906 475 963 522 ut
1018 467 1279 524 Socrates
1330 477 1378 536 °,
1422 468 1739 526 Theodore-

136 576 227 623 tus
255 566 283 605 ιι
308 608 323 633 ,
354 565 693 621 Sozomenus
725 574 779 630 ε,
817 571 873 617 et
916 560 1282 618 Cassiodorus
1310 558 1337 599 ά
1366 564 1738 633 tradiderunt,

135 662 225 719 vel
255 662 309 715 in
343 660 593 733 partibus
618 658 857 731 Egypto
879 657 1097 724 vicinis,
1128 667 1185 712 ut
1214 658 1417 729 placuit
1453 658 1652 713 Ruﬁno
1691 669 1740 712 ε’.

136 758 224 815 Cl.
277 754 585 812 Richardus
632 770 664 810 e
721 751 1147 809 Praedicatorum
1206 752 1616 822 sapientissima
1666 750 1745 806 fa-

138 852 297 909 milia
336 850 443 906 hoc
477 849 642 907 etiam
689 847 941 904 exsilium
990 857 1357 903 commutasse
1411 846 1742 912 Luciferum,

140 947 365 1017 alioque
416 945 721 1000 traductum
766 949 1030 998 autumat.
1090 940 1109 979 τ
1139 940 1342 997 Verum
1397 955 1519 995 eum
1565 940 1745 994 locum

138 1040 325 1099 exsilii
371 1053 480 1094 non
535 1035 820 1108 indigitet,
850 1044 1075 1106 tresque
1124 1043 1335 1089 tantum
1396 1042 1557 1089 antea
1590 1032 1749 1088 Luci-

138 1133 247 1191 feri
274 1138 567 1189 enumeret
591 1130 1039 1201 deportationes,
1069 1128 1402 1185 crediderim
1442 1128 1750 1200 respexisse

140 1227 481 1285 Richardum
509 1225 577 1282 ad
604 1225 925 1282 exsiliumin
947 1223 1313 1295 Cappadocia,
1337 1223 1481 1295 quod
1512 1223 1747 1293 primum

138 1322 273 1389 fuit,
308 1322 670 1391 ordinemque
703 1319 1014 1376 invertisse.
1049 1318 1163 1375 lloc
1190 1319 1398 1374 interea
1428 1318 1750 1389 septenuio,

140 1431 253 1473 nec
286 1426 469 1470 taiuen
499 1415 715 1485 integro
734 1422 785 1480 ϐ,
811 1412 877 1467 ab
905 1428 1050 1467 anno
1082 1410 1293 1467 scilicet
1314 1411 1441 1475 555,
1467 1425 1622 1481 quoe
1646 1409 1751 1465 Me-

140 1507 465 1565 diolaneusi
494 1494 779 1562 Conventu
811 1503 867 1559 in
895 1504 1150 1558 exsilium
1179 1512 1334 1558 actus
1389 1513 1506 1567 est,
1548 1502 1615 1556 ad
1657 1517 1757 1558 an-

142 1616 283 1658 num
328 1615 503 1671 usque
545 1599 646 1655 561
699 1598 812 1669 jam
859 1598 1251 1660 inclinantem,
1295 1610 1406 1667 quo
1451 1597 1520 1651 ab
1563 1596 1757 1651 exsilio

142 1695 430 1751 liberatus
471 1701 590 1760 est,
616 1707 740 1764 quae
761 1700 1077 1763 quantaque
1107 1691 1177 1747 ab
1204 1688 1424 1745 Arianis
1467 1688 1760 1759 pertulerit

143 1789 380 1849 Lucifer
409 1830 425 1857 ,
483 1786 586 1843 etsi
632 1786 915 1843 memoriae
959 1800 1069 1841 non
1121 1783 1569 1856 consignaverint
1614 1782 1763 1838 illius
1796 1795 1840 1855 Β

144 1890 337 1946 relatis
370 1888 704 1958 scriptores,
728 1887 796 1942 ab
825 1888 940 1958 ipsa
967 1896 1147 1942 tamen
1171 1885 1553 1941 haereticorum
1583 1885 1769 1941 indole

144 1994 201 2042 et
225 1982 524 2055 impotenti
549 1981 817 2038 saeviendi
846 1982 899 2037 in
924 1980 1275 2037 Orthodoxos
1299 1981 1484 2036 animo
1505 1981 1770 2053 colligere

146 2077 320 2133 facile
367 2085 483 2142 est;
516 2083 592 2137 et.
627 2074 675 2131 si
718 2072 982 2130 Faustino
1020 2089 1084 2129 ac
1129 2074 1454 2130 Marcellino
1500 2073 1668 2141 fides,
1716 2074 1768 2128 in

147 2172 419 2229 exsElium
452 2171 677 2226 ductum
707 2169 877 2224 fuisse
900 2168 1211 2225 Luciferqu
1241 2170 1447 2224 scimus
1471 2184 1592 2223 cum
1622 2167 1773 2224 omni

150 2267 455 2324 atrocitate
510 2259 893 2334 injuriarumh
923 2306 937 2332 ,
998 2263 1138 2317 adeo
1188 2270 1249 2317 ut
1296 2262 1773 2333 religiosissimum

149 2364 342 2417 virum
377 2363 543 2414 vitam
573 2358 641 2414 ad
674 2357 878 2413 multos
901 2371 1077 2411 annos
1104 2355 1426 2426 produxisse
1450 2356 1775 2413 miraculum

108 2532 113 2535 ν
151 2457 443 2515 videatur.
478 2455 650 2510 Porro
697 2469 769 2509 ex
810 2452 1036 2522 Sulpicii
1071 2450 1262 2508 Severi
1309 2450 1539 2507 historia
1583 2451 1651 2507 de
1694 2451 1778 2507 his

152 2548 487 2608 fortissimis
515 2547 799 2604 exsulibus
837 2546 1125 2612 Lucifero,
1160 2546 1433 2614 Eusebio,
1476 2544 1776 2618 Dionysio,

153 2642 402 2713 aliisque
430 2637 667 2695 Concilii
708 2637 1136 2694 Mediolanensis
1174 2637 1483 2693 Catholicis
1523 2638 1780 2695 Patribus

155 2734 270 2792 hoc
314 2734 585 2789 habemus
626 2731 1046 2788 testimonium:
1081 2729 1335 2786 Craterum
1364 2730 1574 2801 (inquit
1603 2730 1783 2788 Histo-

156 2830 361 2897 ricus)
394 2827 600 2881 exsules
639 2825 768 2880 satis
813 2834 1015 2881 constat
1055 2824 1219 2879 totius
1247 2823 1388 2878 orbis
1424 2824 1614 2878 studiis
1648 2822 1784 2880 cele-

160 2925 368 2988 bratos,
411 2922 760 2992 pecuniasque
790 2920 860 2974 eis
890 2920 944 2974 in
973 2928 1234 2988 sumptum
1263 2917 1463 2985 affatim
1490 2930 1783 2991 congestas,

159 3017 527 3091 legationibus
566 3032 769 3087 quoque
811 3032 898 3071 eos
940 3015 1103 3083 plebis
1142 3011 1417 3068 catholica'
1453 3030 1517 3068 ea:
1547 3002 1785 3069 omnibus

161 3117 280 3186 fere
333 3112 619 3183 provinciis
672 3114 1023 3182 frequentatos
1056 3107 1110 3174 i;
1163 3122 1287 3178 qua:
1337 3108 1561 3178 egregie
1612 3106 1783 3162 etiam

1844 484 1986 530 trum
2014 485 2141 546 post
2177 472 2585 531 Mediolanense
2625 476 2939 531 Concilium
2981 490 3105 557 cum
3146 477 3444 551 Dionysio,

1844 566 2117 630 Eusebio,
2164 565 2465 635 Rhodano,
2504 577 2559 622 et
2595 566 2849 622 Paullino
2883 567 3173 640 Episcopis
3211 570 3452 628 Arimini

1845 659 2131 715 exsulasse
2152 668 2214 714 ω.
2244 658 2431 730 Neque
2462 659 2607 715 enim
2641 660 2769 715 urbs
2809 660 2898 714 illa
2930 660 3126 716 exsilio
3168 672 3324 732 apta,
3361 674 3452 720 ut-

1835 760 1975 831 pote
2026 752 2080 806 in
2141 750 2535 808 ﬂorentissima
2588 751 2758 807 Italia:
2809 755 3035 823 regione
3087 754 3227 821 sita,
3278 770 3461 827 neque

1849 844 1960 900 ulla
1998 845 2140 916 apud
2183 845 2324 901 alios
2367 844 2710 918 synchronos
2746 855 3003 902 auctores
3047 848 3253 903 mentio
3294 849 3456 920 hujus

1849 936 1956 992 loci
1977 938 2240 1001 occurrit,
2267 938 2434 992 immo
2458 953 2651 994 omnes
2672 952 2781 994 uno
2803 952 2900 993 ore
2921 937 3161 994 fatentur
3182 940 3234 995 in
3258 940 3459 998 Orien—

1850 1029 1991 1085 tales
2018 1030 2333 1086 Provincias
2369 1036 2641 1102 perquam
2680 1031 3119 1098 remotissimas,
3160 1042 3324 1104 atque
3364 1049 3455 1090 as-

1854 1122 2089 1193 peritate
2122 1125 2402 1189 locorum,
2442 1133 2499 1179 et
2538 1124 2869 1180 Arianorum
2919 1125 3144 1197 perfidia
3190 1128 3462 1197 potentia-

1854 1234 1959 1289 que
1997 1220 2352 1277 diflicillimas
2378 1223 2634 1279 exsulare
2676 1232 2902 1278 coactos
2937 1234 3156 1280 sanctos
3194 1224 3465 1283 Praesules

1856 1328 1885 1367 a
1915 1314 2241 1369 ConSIantio
2272 1314 2612 1385 Imperatore
2648 1316 2837 1372 fuisSe.
2869 1317 3152 1373 Notandus
3186 1320 3376 1376 ultimo
3411 1330 3469 1378 et

1856 1406 2036 1461 obiter
2057 1406 2294 1479 Philippi
2327 1407 2566 1463 Ferrarii
2590 1408 2853 1478 palmaris
2881 1424 3057 1475 error,
3091 1412 3182 1479 qui
3205 1411 3464 1468 Lucifero

1859 1515 1888 1553 a
1912 1498 2274 1556 Constantino
2304 1499 2437 1571 Imp.
2464 1501 2515 1555 in
2546 1501 2800 1556 exsilium
2825 1510 3003 1557 actum
3035 1504 3331 1574 scripsit";
3358 1506 3463 1561 nisi

1860 1592 2184 1663 typographi
2225 1594 2359 1649 vitio
2396 1594 2795 1651 Constantinum
2844 1611 2943 1667 pro
2975 1595 3283 1653 Constantio
3320 1600 3462 1655 irre-

1864 1688 2040 1758 psisse
2069 1688 2297 1759 mquiori
2328 1688 2537 1759 judicio
2568 1691 2818 1746 velimus.

2597 1852 2625 1923 ς,
2668 1852 2757 1909 ιν.

1943 1982 2078 2039 Dum
2105 1984 2264 2040 exsul
2293 1983 2516 2041 Lucifer
2544 1987 2827 2055 perfidiam
2850 1991 3185 2049 Arianorum
3211 1994 3475 2064 patientia

1870 2074 2190 2144 confundit,
2219 2092 2410 2134 eorum
2451 2078 2615 2134 etiam
2652 2090 2873 2140 errores
2903 2086 3192 2143 scribendo
3221 2088 3479 2161 proﬂiga-

1872 2170 1969 2225 vit.
2018 2170 2268 2238 Quatuor
2300 2172 2562 2230 habemus
2604 2176 2825 2246 priores
2865 2180 3083 2249 egregie
3125 2182 3361 2253 scriptos
3408 2182 3476 2239 ad

1873 2263 2256 2319 Constantium
2288 2268 2587 2338 Augustum
2620 2269 2792 2325 libros
2819 2286 2848 2326 a
2878 2270 3132 2329 Lucifero
3162 2284 3352 2331 nostro
3382 2292 3481 2345 pro

1875 2357 2163 2415 Catholica
2224 2361 2526 2417 asserenda
2576 2364 2887 2436 tuendaque
2941 2366 3172 2423 veritate
3219 2370 3487 2426 adversus

1878 2454 1993 2509 Arii
2037 2463 2095 2510 et
2141 2455 2475 2511 asseclarum
2528 2456 2646 2527 ejus
2694 2458 2860 2529 impia
2896 2461 3187 2532 dogmata,
3219 2474 3273 2518 et
3309 2464 3487 2535 impo-

1880 2556 2058 2604 tentes
2100 2547 2167 2603 ad
2199 2562 2262 2603 ea
2292 2549 2612 2605 sustinenda
2643 2551 2811 2621 ipsius
2844 2552 3196 2623 Imperatoris
3226 2564 3478 2613 conatus.

1877 2641 2089 2711 Scripta
2112 2641 2278 2712 igitur
2299 2641 2491 2699 isthaec
2516 2642 2663 2698 misit
2686 2642 2751 2698 ad
2778 2644 3157 2702 Constantium
3181 2647 3406 2704 Lucifer
3424 2660 3450 2684 ο
3474 2668 3486 2703 :
3563 2638 3566 2642 ’

1882 2748 1945 2789 ea
1976 2734 2022 2789 is
2051 2736 2294 2804 accepit,
2328 2734 2493 2805 legit,
2528 2736 2842 2808 obstupuit,
2881 2739 3088 2810 vixque
3116 2741 3219 2796 sibi
3259 2757 3490 2811 persua-

1881 2826 2019 2883 dens
2040 2868 2055 2893 ,
2089 2827 2322 2882 inveniri
2352 2828 2586 2899 aliquem
2618 2844 2783 2900 posse
2816 2838 2981 2886 tanta:
3011 2832 3395 2901 confidentiae,
3431 2835 3493 2890 li-

1884 2919 2221 2991 bertatisque
2250 2919 2425 2975 virum
2450 2964 2464 2986 ,
2498 2920 2594 2991 qui
2618 2921 2687 2977 de
2731 2922 3021 2993 impietate
3064 2940 3160 2979 sua
3205 2926 3357 2980 illum
3396 2944 3492 2983 au-

1889 3013 2050 3069 deret
2076 3021 2184 3068 lam
2216 3013 2388 3069 libere
2414 3022 2711 3084 aperteque
2738 3030 2990 3085 arguere,
3026 3016 3309 3073 Florentio
3330 3018 3496 3089 jussit

1889 3104 2206 3161 Ofﬁciorum
2251 3107 2548 3177 magistro,
2584 3114 2641 3161 ut
2687 3106 2944 3164 Lucifero
2986 3109 3091 3179 ipsi
3129 3124 3232 3165 suo
3274 3112 3497 3169 nomine

157 3184 573 3265 confirmantur
605 3213 715 3258 tum
747 3202 942 3257 Hilarii
970 3200 1158 3257 multis
1182 3200 1234 3255 iu
1259 3200 1390 3255 locis
1412 3208 1469 3255 et
1493 3199 1779 3270 Epiphanii
1806 3184 1850 3247 Ο
1885 3201 2132 3256 scribens
2170 3200 2397 3255 illumne
2434 3215 2625 3255 eorum
2662 3200 3001 3256 voluminum
3040 3213 3323 3259 auctorem
3371 3219 3495 3261 esse

158 3298 501 3358 testimonio
526 3297 574 3364 i,
606 3306 718 3351 tum
747 3294 947 3352 eximia
975 3293 1066 3348 illa
1099 3293 1321 3349 Eusebii
1349 3292 1588 3364 epistola
1620 3307 1647 3345 a
1678 3291 1782 3345 Ba-

144 3396 331 3453 ‘ronio
377 3393 550 3449 relata
575 3391 599 3429 κ
624 3432 639 3456 ,
680 3406 746 3447 ex
779 3404 882 3461 qua
914 3389 1081 3445 etiam
1122 3388 1324 3459 liquet,
1354 3403 1518 3459 quam
1556 3387 1782 3459 indigne

162 3490 234 3548 ab
265 3487 495 3545 Arianis
535 3484 869 3542 sanctissimi
904 3483 981 3539 illi
1014 3481 1373 3539 Confessores
1424 3493 1777 3540 vexarentur.

160 3581 332 3652 Quod
363 3590 550 3635 autem
580 3577 836 3635 Lucifero
866 3576 1222 3648 pepercerim
1255 3575 1478 3641 Ariani,
1514 3590 1584 3632 ne
1607 3585 1781 3631 morte

86 3676 91 3683 ’
163 3674 329 3732 illum
372 3670 697 3737 afficerent,
738 3669 792 3725 in
828 3682 991 3725 causa
1034 3668 1129 3722 fuit
1192 3667 1441 3739 martyrii
1502 3664 1778 3733 invidial,

161 3782 274 3840 qua
305 3781 337 3820 a
368 3763 693 3821 Constantio
721 3762 1035 3818 ordinatum
1057 3802 1073 3829 ,
1106 3760 1564 3832 mandatumque,
1597 3759 1782 3817 utLu-

163 3860 312 3918 cifer
344 3857 574 3914 omnino
611 3864 927 3913 servaretur
975 3854 1079 3910 hac
1106 3853 1271 3909 ducto
1308 3852 1471 3923 impia
1511 3852 1596 3909 vel
1634 3853 1778 3908 inani

163 3968 293 4025 spe,
320 3960 386 4007 ut
405 3966 521 4007 sua:
546 3950 800 4005 nimirum
828 3948 1092 4005 voluntati
1131 3946 1427 4019 aliquando
1457 3947 1698 4015 cederet,
1728 3957 1783 4003 et

163 4046 463 4105 Athanasii
486 4043 926 4101 eondemnationi
947 4084 963 4109 ,
986 4041 1135 4114 quod
1161 4043 1323 4099 unice
1363 4042 1414 4097 iu
1443 4042 1587 4097 votis
1628 4049 1777 4110 erat,

166 4155 401 4199 manum
432 4136 611 4197 daret.
652 4138 750 4195 Hic
791 4136 1089 4195 notandum
1135 4136 1379 4193 occurrit
1418 4135 1678 4194 Photium
1728 4137 1781 4192 in

251 4343 276 4369 ﬂ
318 4330 443 4387 Lib.
470 4329 525 4397 5,
559 4343 610 4386 c.
644 4330 700 4387 5.

170 4420 179 4471 μ
248 4404 278 4444 δ
318 4402 445 4459 Lib.
473 4400 535 4468 5,
565 4416 616 4456 c.
648 4402 706 4457 4.

255 4488 278 4515 ε
321 4475 449 4531 Lib.
477 4474 532 4539 5,
561 4488 613 4528 c.
646 4472 734 4528 l2.

248 4547 277 4585 εὶ
320 4544 462 4602 Hist.
495 4538 684 4617 tripar.
714 4541 981 4617 lib;76,c.
1008 4540 1097 4617 19.
1132 4540 1360 4617 Uterque
1380 4540 1517 4617 enim
1539 4538 1781 4617 (Lucifer

171 4630 234 4679 et
265 4613 582 4688 Eusebiusl
614 4618 756 4672 ultra
787 4614 1068 4671 Thebaidis
1103 4613 1349 4669 terminos
1381 4614 1445 4668 ab
1483 4614 1669 4668 exsilio
1696 4628 1781 4667 re-

170 4701 435 4751 meantes.
465 4697 571 4744 CIC.

254 4774 281 4803 ι·
322 4762 447 4818 Lib.
488 4762 550 4826 1,
583 4774 632 4815 c.
669 4760 755 4814 17.
789 4759 991 4815 Baron.
1022 4757 1058 4814 l.
1089 4773 1141 4813 c.
1176 4774 1233 4813 n.
1271 4756 1361 4813 80.
1390 4755 1629 4827 Papebr.
1658 4756 1698 4811 l.
1731 4769 1781 4811 e.

172 4854 234 4896 ιι.
270 4836 326 4891 8.
364 4832 672 4888 Matthaeius
703 4833 742 4887 l.
767 4846 929 4903 supra
955 4830 1050 4887 cit.

260 4906 282 4945 ί
325 4906 614 4962 Constanee
645 4898 970 4976 l’envogjaen
1003 4900 1171 4976 exibit
1196 4898 1545 4976 Germanirie,
1579 4901 1704 4976 vi_lle_
1723 4899 1787 4954 de

175 4980 365 5053 Sgrie,
398 4977 518 5053 d’oit
546 4975 586 5029 il
615 4971 980 5053 fuitransferé
1004 4974 1036 5028 ὰ
1066 4972 1485 5043 Eleuthémpolis
1511 4990 1572 5053 en
1603 4971 1789 5053 Pales-

177 5044 314 5113 ιὶἷιε,
346 5050 541 5104 ensuite
573 5044 637 5103 en
670 5046 957 5109 Thebaide,
992 5055 1040 5100 ct
1066 5062 1128 5099 en
1159 5062 1229 5099 un
1259 5055 1408 5099 autre
1432 5044 1636 5100 endroit
1662 5044 1788 5098 dant

174 5142 250 5181 on
283 5139 344 5178 ne
365 5122 465 5176 suit
489 5138 579 5191 pas
604 5120 651 5173 le
677 5135 816 5173 nom.
848 5118 1091 5191 Diction.
1106 5115 1267 5172 Univ.
1297 5115 1507 5172 Eccles.
1542 5127 1672 5172 tom.
1693 5115 1785 5184 ιιι,

176 5199 293 5254 litt.
328 5212 395 5257 ι..
423 5188 543 5262 pag.
571 5191 706 5257 712,
741 5193 849 5247 cnl.
880 5191 934 5246 2.
968 5188 1037 5262 γ.
1071 5188 1330 5262 Lucrren.

257 5277 286 5314 ες
318 5258 663 5321 Marcellinus
700 5271 757 5317 et
795 5260 1087 5318 Faustinus
1124 5261 1330 5315 erroris
1371 5258 1669 5331 arguendi,
1696 5259 1787 5331 qui

177 5337 425 5398 Luciferi
453 5335 648 5390 exsilio
673 5332 993 5390 decennium
1020 5334 1297 5402 assignant
1323 5332 1374 5385 in
1404 5335 1497 5387 cit.
1529 5330 1678 5386 libel.

255 5409 283 5449 ιι
314 5409 374 5465 lu
396 5406 544 5463 libel.
566 5420 717 5478 prec.
736 5406 877 5476 apud
894 5403 1201 5478 Sirmon.__l.
1222 5417 1274 5478 c.
1295 5414 1359 5478 et
1385 5402 1645 5478 exLucif.
1670 5403 1788 5478 ipso

180 5482 373 5558 lib._de
409 5472 748 5558 noiifonuen.
773 5472 1053 5558 'cunrhtzr.
1089 5473 1249 5558 (Ην).
1290 5473 1491 5558 Patrol.
1525 5472 1783 5558 tom._col.

180 5554 339 5623 775),
368 5552 489 5609 ubi:
515 5550 797 5620 Propterea
830 5549 943 5604 adis
973 5564 1065 5602 nos
1083 5545 1243 5615 ,quia
1262 5545 1540 5623 concilium
1565 5555 1786 5601 vestrum

180 5617 587 5700 malignantium
608 5617 959 5682 exsecremur,
990 5627 1260 5700 propterea
1285 5618 1339 5671 in
1365 5617 1550 5700 exsilio
1577 5634 1752 5700 sumus
1768 5657 1784 5684 ,

183 5690 463 5771 propierea
480 5695 534 5749 in
551 5709 756 5748 carcere
772 5707 1034 5771 negamur,
1058 5698 1329 5771 propterea
1346 5690 1489 5771 nobis
1514 5690 1638 5744 solis
1668 5705 1791 5771 pro-

186 5759 399 5825 hibetur
428 5774 772 5838 conspectus;
792 5765 987 5820 idcirco
1006 5759 1193 5838 reclusi
1219 5763 1272 5815 in
1299 5760 1530 5838 tenebras
1565 5759 1794 5838 custodi-

188 5859 308 5899 mur
333 5839 531 5913 ingenti
553 5832 806 5893 'custodia
830 5851 850 5891 :
896 5838 1050 5909 hujus
1086 5834 1159 5890 rei
1189 5848 1346 5889 causa
1384 5834 1563 5889 nullus
1594 5832 1662 5889 ad
1702 5849 1793 5887 nos

433 5934 715 5999 Ρηιιοι..
760 5928 941 5994 XIII.

1884 3293 2283 3359 sciscitaretur,
2330 3292 2683 3363 mitteretque
2711 3291 2879 3349 etiam
2930 3293 3102 3350 libros
3130 3295 3280 3366 ipsos
3320 3312 3351 3351 a
3383 3297 3493 3351 Lu-

1883 3387 2054 3445 cifero
2102 3386 2515 3459 cognoscendus
2536 3398 2583 3441 Ρ.
2641 3386 2824 3444 Libris
2870 3403 3004 3459 ergo
3047 3402 3171 3445 cum
3224 3389 3493 3447 Florentii

1882 3480 2115 3551 epistola
2142 3483 2386 3551 acceptis
2418 3479 2641 3537 Lucifer
2668 3482 2903 3551 ingenue
2928 3481 3108 3537 fassus
3139 3492 3260 3551 est,
3291 3499 3352 3539 se
3375 3484 3498 3541 illo-

1881 3591 2002 3632 rum
2035 3585 2323 3646 parentem
2352 3585 2746 3647 auctoremque
2775 3590 2934 3643 esse,
2966 3575 3181 3648 ipsique
3211 3578 3496 3635 Florentio

1885 3669 2194 3726 reseribens
2238 3664 2487 3726 codicem
2523 3670 2761 3727 reddidit
2782 3681 2831 3725 (ι.
2866 3671 3012 3727 Duos
3050 3688 3147 3742 pro
3194 3674 3501 3729 Athanasio

1886 3763 2058 3819 libros
2086 3763 2448 3820 Germanicize
2470 3764 2710 3836 scriptos
2732 3808 2748 3833 ,
2781 3767 3092 3837 missosque
3120 3767 3247 3825 inde
3270 3768 3337 3825 ad
3359 3767 3507 3825 Con-

1887 3860 2150 3912 stantium
2182 3866 2430 3913 autumat
2451 3857 2523 3914 cl.
2549 3858 2859 3916 Matthaeius
2882 3870 2903 3897 τ
2932 3875 2999 3916 ex
3027 3877 3095 3918 eo
3127 3861 3182 3917 in
3210 3861 3353 3918 hanc
3378 3878 3503 3920 seu-

1890 3952 2115 4006 tentiam
2150 3949 2493 4007 descendens
2514 3991 2529 4017 ,
2560 3950 2706 4031 quod
2735 3953 2788 4006 iu
2830 3953 2914 4008 eis
2942 3953 3163 4011 Lucifer
3195 3955 3499 4012 Eudoxium

1888 4044 2135 4101 nominet
2153 4042 2691 4112 Germaniciensem,
2712 4045 2977 4102 Arianum
3000 4048 3355 4120 Episcopum.
3387 4050 3500 4107 Ad-

1890 4146 2142 4194 versatur
2166 4146 2345 4193 tamen
2368 4137 2515 4194 Cave
2541 4136 2844 4205 Mattbaeio,
2866 4138 3063 4196 volens
3082 4138 3500 4212 Eleutheropoli
3540 4186 3541 4189 η

1888 4323 2128 4379 uisendos
2156 4324 2452 4379 admittitur
2481 4323 2772 4379 hominum.

1971 4394 1985 4431 ί
2021 4394 2144 4450 Lib.
2175 4395 2231 4450 2.
2263 4412 2319 4450 n.
2352 4395 2445 4452 40.

1965 4469 1980 4516 f
2018 4466 2163 4522 Haer.
2193 4468 2286 4524 50.

1961 4535 1989 4575 ¹ι
2017 4537 2099 4593 Ad
2124 4553 2211 4593 an.
2241 4536 2375 4595 Chr.
2402 4537 2532 4606 556,
2565 4556 2620 4595 ιι.
2653 4540 2745 4597 92.

1966 4607 1984 4647 Ῑ
2021 4609 2101 4665 Id.
2131 4609 2266 4665 ibid.
2304 4627 2359 4663 ιι.
2391 4608 2481 4665 80.

1810 4657 1864 4718 D
1960 4690 1999 4718 π’
2032 4684 2115 4738 Διὸ
2151 4686 2235 4738 καὶ
2267 4680 2482 4738 σύνοδον
2517 4680 2603 4739 διὰ
2626 4689 2799 4741 ταῦτα
2837 4686 2971 4742 κατὰ
3009 4684 3310 4746 Μεδιόλανον
3346 4695 3493 4750 πόλιν

1890 4762 1984 4815 τῆς
2006 4752 2497 4834 ίιταλέαςιάθροὶζει·
2528 4758 2615 4834 καί
2642 4778 2786 4834 ngas
2813 4761 2905 4834 μέν
2934 4760 3064 4834 πρὸς
3088 4763 3147 4817 τὸ
3175 4766 3362 4818 οἰκεῖον
3383 4764 3493 4821 dia-

1891 4827 2099 4900 στρέφει
2120 4825 2379 4900 βούλημα.
2409 4829 2664 4889 Διονύσιος
2690 4826 2744 4883 δέ
2765 4871 2779 4894 ,
2807 4825 2888 4885 icui
2912 4825 3154 4894 Εὔσέϐιος
3173 4874 3187 4895 ,
3218 4838 3300 4889 καὶ
3328 4833 3491 4892 Ῥοδα-

1889 4899 1994 4976 ξὸς,
2022 4897 2275 4976 “adlisos:
2285 4918 2373 4976 τε,
2394 4903 2488 4976 Δκοιί.
2514 4902 2768 4976 Δουκὶφᾳρ
2785 4942 2799 4963 ,
2822 4902 2882 4956 τὸ
2906 4904 3084 4958 οἰκεῖον
3112 4908 3314 4976 nui-ri);
3343 4909 3495 4961 εὐσε-

1892 4969 2034 5031 ϐείας
2074 4975 2143 5042 μή
2188 4969 2593 5047 καθυϐρίσςκντες
2635 4969 2893 5047 φρρςἓημα,
2939 4977 3027 5029 καὶ
3065 4975 3174 5031 οὐδ’
3203 4974 3496 5047 δΛθανασίου

1891 5050 2203 5122 κατᾳγνῶναι
2251 5042 2605 5122 amnem...
2643 5042 2870 5121 ζ’ᾕδεὸ-αν
2910 5048 3009 5122 γάρ
3051 5052 3150 5122 Arria
3202 5045 3497 5122 ’ᾼθανασίον

1889 5115 2188 5197 ξαῖᾲριςιν
2333 5115 3131 5197 τῆςιιιτὶστεωςπ-ρροξμιᾷζὶσρᾳι
3160 5121 3452 5197 {aestimata
3475 5120 3495 5190 )

1889 5186 1939 5239 ἐν
1963 5183 2208 5264 Ἀθὶμρνῳ
2225 5185 2631 5264 ὑπιηοριξςσνται.
2652 5186 2709 5241 ln
2728 5183 2989 5244 Bibliotll.
3009 5187 3142 5244 edit.
3164 5183 3493 5264 Roth'omag.

1888 5272 1957 5311 an
1992 5256 2155 5320 1655,
2189 5271 2308 5325 pag.
2329 5256 2363 5310 ’1
2376 5256 2504 5311 444.

1962 5336 1990 5363 τι
2022 5325 2087 5381 In
2117 5328 2301 5382 exsilio
2328 5344 2435 5382 una
2463 5345 2578 5383 cum
2607 5328 2666 5385 S.
2701 5328 2925 5385 Eusebio
2961 5330 3277 5389 Vercellensi
3301 5354 3334 5391 a
3363 5336 3500 5392 Con-

1890 5400 2115 5455 stantino
2159 5398 2339 5471 pulsus
2385 5408 2480 5454 est.
2515 5401 2572 5456 In
2596 5401 2772 5457 Calai.
2818 5403 2920 5460 SS.
2955 5403 3024 5459 ad
3065 5404 3210 5461 diem
3250 5408 3337 5464 13.
3370 5408 3495 5467 Jan.

1894 5471 2269 5617 “53.5mm.
2298 5542 2367 5599 de
2389 5542 2563 5617 scrip.
2594 5544 2744 5617 Eccl.
2777 5545 2831 5602 in
2854 5545 3035 5603 Lucif.

1966 5625 1996 5665 ιι
2023 5613 2091 5670 ν.
2124 5613 2324 5670 Baron.
2356 5615 2425 5671 ad
2465 5613 2556 5672 an.
2588 5616 2718 5672 Chr.
2750 5619 2878 5675 556.
2919 5635 2975 5673 ιι.
3009 5620 3098 5686 75,
3131 5629 3188 5677 et
3214 5620 3414 5682 Tilium
3444 5627 3497 5684 in

1898 5687 2048 5744 calce
2074 5686 2313 5756 Operum
2340 5686 2518 5745 Lucil.
2550 5688 2682 5745 edit.
2718 5689 2893 5747 Paris.
2926 5705 3019 5746 an.
3056 5691 3217 5750 1568.

1973 5770 2001 5809 (ι
2030 5757 2230 5815 Baron.
2262 5759 2396 5816 ibid.
2426 5769 2482 5815 et
2507 5760 2617 5818 Til.
2649 5759 2785 5816 ibid.

1979 5842 2000 5870 ι’
2033 5829 2197 5887 Sard.
2225 5830 2353 5889 Sac.
2382 5833 2439 5888 in
2469 5831 2620 5890 Eccl.
2658 5831 2838 5892 Calar.
2870 5849 2993 5908 pag.
3027 5835 3119 5893 75.

2981 5929 3063 5993 2h
