3972 6352
537 301 642 361 ῗ47

1543 293 1845 354 LUCIFER
1885 287 2263 352 EPISCOPUS
2301 287 2816 356 CALARITANUS.

3697 299 3781 366 iis

531 423 707 481 libros
757 417 884 476 illos
924 425 980 475 et
1025 413 1376 473 elucubratos
1403 420 1458 470 et
1500 411 1698 470 missos
1745 409 2068 468 Constantio
2093 417 2140 463 ι.
2171 413 2219 472 Α
2250 411 2302 467 lu
2337 409 2493 468 illum
2529 414 2863 470 contulerint
2894 414 3121 484 Patres,
3163 430 3482 490 suorumque
3524 427 3780 492 temporum

539 517 740 574 Verum
791 512 991 585 partim
1042 507 1438 577 Germaniciaa,
1479 507 1676 578 partim
1725 500 2146 574 Eieutberopoii
2250 502 2422 561 Eliam
2455 507 2606 562 illum
2650 507 2928 580 appellare
2962 525 3071 566 non
3100 507 3522 569 dubitaverinti.
3563 513 3782 588 ilicjudi-

533 610 772 680 scriptos
808 605 976 662 fuisse
1019 611 1074 661 et
1119 603 1364 660 rationes
1399 617 1504 658 non
1535 601 1612 656 ita
1642 601 1798 657 leves
1827 610 1881 655 et
1922 597 2142 670 conjec-

534 711 670 758 tura:
703 698 969 768 suadent,
1018 706 1076 753 ut
1122 699 1173 752 in
1206 695 1236 770 §
1268 709 1322 752 tv
1352 692 1573 752 Praefat.
1625 694 1832 750 dictum
1863 701 1949 749 est
1989 711 2000 746 :
2037 693 2142 749 hoc

535 809 701 852 unum
732 800 944 851 certum
977 789 1152 848 habeo
1192 789 1676 861 exploratumque,
1704 786 1878 843 libros
1911 785 2036 842 illos
2066 781 2136 841 ab

532 888 726 948 exsule
773 883 1027 943 Lucifero
1066 883 1288 942 exarari
1330 889 1544 953 cteptos
1577 889 1698 952 post
1729 893 1820 935 an.
1851 877 1982 935 Chr.
2009 877 2139 946 556,

527 989 582 1037 et
613 979 896 1036 absolutos
922 975 1071 1033 circa
1100 973 1316 1030 initium
1345 990 1439 1030 an.
1468 971 1596 1030 360.
1630 969 1704 1030 Ut
1736 971 1942 1044 egregii
1976 967 2141 1042 hujus

527 1073 714 1146 operis
738 1072 988 1129 nuntium
1019 1069 1231 1141 accepit
1261 1065 1629 1132 Athanasius,
1664 1067 1756 1138 qui
1784 1076 1916 1124 tunc
1943 1077 1997 1123 et
2023 1067 2140 1138 ipse

521 1165 846 1229 exsulabat.
888 1164 1074 1219 statim
1112 1177 1206 1234 per
1234 1159 1598 1234 Eutychetem
1642 1159 1944 1216 Diaconum
1977 1158 2140 1215 Luci-

523 1257 646 1318 fero
673 1259 887 1316 litteras
917 1257 1101 1326 misit,
1132 1269 1332 1328 rogans
1355 1263 1412 1310 ut
1441 1253 1612 1310 libros
1634 1251 1956 1309 Constantio
1986 1253 2139 1309 obia-

525 1366 611 1412 tos
651 1354 753 1412 sibi
801 1354 968 1410 etiam
1011 1351 1276 1421 legendos
1317 1347 1616 1420 diligenter
1664 1346 1981 1404 mitteretb.
2024 1345 2136 1402 iioc

520 1448 644 1505 sine
671 1461 826 1502 mora
853 1443 1110 1518 praestitit
1139 1441 1380 1509 Lucifer,
1406 1441 1499 1513 qui
1523 1455 1588 1497 ex
1615 1441 1718 1496 hoc
1739 1437 1808 1495 ab
1834 1439 2135 1495 Athanasio

519 1537 881 1597 honoriﬁcum
911 1537 1221 1594 sanctitatis
1249 1534 1626 1605 doctrinaeque
1657 1533 1858 1588 meruit
1887 1531 2136 1589 testimo-

518 1636 670 1692 nium
695 1673 710 1702 ,
743 1640 802 1689 ut
832 1628 1119 1688 Athanasii
1151 1625 1216 1682 ad
1259 1625 1574 1682 Luciferum
1615 1625 1905 1698 epistolam
1941 1625 2022 1680 vel
2055 1623 2134 1680 le-

519 1729 670 1804 genti
703 1735 854 1800 patet
884 1739 930 1781 ε.
965 1724 1316 1780 Marcellinus
1350 1729 1402 1778 et
1426 1719 1743 1787 Faustinus,
1773 1717 1963 1775 Libelli
1996 1735 2126 1790 sup-

2247 597 2391 654 cium
2427 599 2498 656 ci.
2533 601 2825 658 Meldcnsis
2867 603 3124 676 Episcopi
3153 604 3222 660 de
3251 605 3576 663 Luciferiano
3599 611 3780 682 styloin

2249 691 2486 748 medium
2538 694 2699 750 liceat
2741 693 3020 766 proferre,
3054 707 3245 769 utpote
3290 699 3376 771 qui
3423 695 3782 771 diligentissime

2248 781 2394 840 illius
2422 781 2652 842 edendis
2676 787 2935 858 operibus
2959 787 3168 862 primus
3191 789 3449 846 incubuit.
3473 783 3633 864 Ipsius
3650 810 3782 850 sermo

2246 875 2410 948 (scil.
2459 877 2743 952 Luciferi)
2793 881 2922 936 adeo
2952 881 3101 937 rudis
3148 892 3221 938 est
3265 895 3313 939 et
3345 879 3781 956 incomptus,quem

2243 970 2460 1040 ipsemet
2485 973 2639 1028 etiam
2654 975 2906 1029 rusticum
2932 986 3079 1030 uocat
3103 995 3121 1030 :
3150 987 3201 1030 at
3219 971 3306 1049 qui
3331 975 3590 1049 diligenter
3609 995 3782 1050 perpeno

2243 1063 2378 1119 derit
2398 1106 2413 1132 ,
2446 1082 2560 1120 eum
2587 1085 2795 1140 grurem
2837 1079 2888 1125 et
2933 1070 3202 1124 sententiis
3231 1072 3504 1144 refertum,
3532 1073 3698 1145 uirique
3719 1074 3783 1128 in-

2242 1157 2391 1229 genio
2419 1159 2634 1215 valentis
2664 1161 2908 1228 inveniet,
2942 1173 3040 1217 etc.
3077 1161 3282 1220 Deinde
3308 1179 3322 1220 :
3352 1155 3531 1219 Totum
3558 1183 3672 1236 opus
3695 1168 3782 1222 exi-

2239 1267 2398 1324 guum
2445 1251 2727 1308 admodum
2778 1255 2946 1326 foret,
3000 1253 3044 1310 si
3100 1251 3162 1311 ab
3208 1273 3264 1311 co
3313 1253 3576 1329 Scriptura
3617 1259 3782 1327 divina,

2239 1359 2393 1410 quant
2421 1347 2796 1434 promptiorem
2830 1347 3014 1404 habere
3044 1366 3145 1405 non
3174 1352 3448 1421 potuisset,
3487 1352 3782 1420 scinderetur,

2238 1447 2285 1492 et
2317 1442 2610 1510 auferretur
2642 1439 2685 1494 ἱ.
2737 1437 2815 1496 ita
2849 1439 2941 1498 ille
2964 1484 2977 1508 ,
3008 1451 3063 1498 et
3094 1443 3288 1500 merito
3314 1461 3327 1496 :
3372 1441 3650 1514 Scriptura:
3683 1461 3786 1501 vero

2237 1529 2438 1587 divina:
2485 1534 2702 1600 versio,
2733 1550 2838 1604 qua
2889 1551 3020 1591 usus
3061 1543 3147 1592 est
3173 1533 3412 1604 Lucifer,
3456 1539 3656 1610 antiqua
3689 1555 3784 1594 om-

2237 1623 2365 1679 nino
2396 1639 2458 1678 ea
2498 1636 2613 1692 est,
2651 1631 2707 1682 et
2743 1625 2813 1681 ab
2865 1625 2956 1682 illa
2981 1670 2996 1695 ,
3030 1644 3132 1699 qua
3171 1644 3323 1685 nunc
3358 1623 3572 1699 utimur,
3601 1627 3786 1704 Vulgata

2237 1715 2550 1773 notabiliter
2577 1717 2900 1804 discrepans
2924 1766 2937 1787 ,
2973 1729 3028 1775 ut
3061 1737 3126 1776 ex
3159 1723 3305 1778 notis
3333 1717 3457 1780 huic
3487 1733 3667 1779 nostra:
3697 1723 3787 1780 edi-

523 1825 685 1896 plicis
715 1831 992 1886 auctores,
1039 1820 1092 1875 in
1141 1833 1208 1875 eo
1254 1817 1535 1873 tradidere
1561 1857 1574 1880 ,
1624 1814 2018 1881 Athanasium,
2077 1822 2136 1868 ut
2167 1815 2210 1874 Β
2243 1809 2373 1865 tioni
2407 1809 2669 1881 subiectis
2701 1809 2878 1883 palam
2912 1813 2991 1869 lit.
3029 1813 3316 1871 interserit
3345 1817 3504 1871 etiam
3534 1815 3786 1887 sapissime

519 1917 893 1975 Orientalibus
917 1913 1218 1970 Cathoiieis
1245 1909 1441 1967 solatio
1473 1918 1528 1966 et
1556 1908 1812 1979 exemplo
1854 1916 2040 1964 essent
2071 1908 2124 1961 in

517 2025 579 2069 ea
611 2009 878 2068 Ecclesite
908 2008 1178 2063 universae
1211 2003 1652 2074 perturbatione,
1686 1997 1926 2058 Luciferi
1955 2000 2124 2056 libros

517 2106 573 2161 in
619 2103 875 2162 Greecum
926 2113 1260 2157 sermonem'
1299 2095 1677 2162 transtulisse,
1729 2109 1892 2165 quam
1942 2101 2124 2149 tamen

517 2195 802 2254 Athanasii
828 2191 1132 2250 versionem
1157 2205 1281 2247 eum
1305 2189 1429 2246 aliis
1451 2187 1520 2245 ad
1546 2185 1860 2244 Luciferum
1886 2184 2124 2243 litterisd
2167 2211 2178 2220 ο

429 2329 432 2334 -
521 2291 753 2365 periisse
787 2289 1058 2345 dolemus.
1105 2279 1184 2342 En
1221 2283 1522 2340 Marcellini
1561 2288 1617 2338 et
1643 2281 1890 2339 Faustini
1917 2281 2124 2337 verba:

521 2385 666 2452 Quos
694 2383 906 2454 quidem
939 2379 1095 2436 libros
1123 2393 1242 2433 cum
1269 2393 1361 2449 per
1391 2375 1567 2431 omnia
1597 2389 1662 2430 es:
1690 2375 1892 2448 integro
1921 2381 2122 2446 ageret,

517 2479 755 2549 suspexit
784 2486 832 2531 et
863 2473 1187 2530 Athanasius
1215 2481 1269 2525 ut
1303 2471 1408 2525 ueri
1433 2469 1663 2524 vindices
1684 2511 1698 2534 ,
1729 2477 1883 2538 atque
1910 2467 1964 2521 in
1995 2481 2126 2539 grat-

513 2587 633 2630 cum
660 2571 859 2644 stylum
891 2568 1185 2634 transtulit,
1233 2579 1294 2619 ne
1337 2573 1535 2618 tantum
1580 2561 1701 2616 boni
1727 2559 1911 2615 (ἔνατα
1946 2560 2128 2632 lingua

517 2683 620 2724 non
652 2665 881 2720 haberet.
916 2663 1017 2718 Ast
1044 2660 1175 2734 quid
1218 2659 1283 2714 iis
1323 2657 1488 2713 libris
1517 2657 1756 2725 acceptis
1799 2655 1979 2726 egerit
2015 2654 2128 2709 Au-

516 2771 746 2830 gustus,
795 2755 1110 2811 nescimus:
1161 2751 1401 2820 graviter
1442 2760 1624 2804 tamen
1673 2744 1989 2804 Luciferum
2021 2747 2127 2803 sibi

519 2851 697 2908 libere
739 2849 1107 2920 alloquentem
1151 2847 1339 2902 tulisse
1361 2885 1378 2914 ,
1411 2844 1859 2915 indignatnmque
1893 2844 2129 2899 maxime

518 2945 594 3002 illi
644 2944 810 3000 fuisse
851 2957 921 2998 ex
955 2941 1037 2997 his
1087 2938 1328 2996 Luciferi
1371 2939 1556 2994 verbis
1594 2937 1936 3007 conjicitur:
1982 2934 2130 2991 Dicis

518 3058 610 3098 nos
629 3041 912 3097 insolentes
924 3037 1179 3092 exstitisse
1199 3036 1338 3090 circa
1357 3044 1424 3100 te,
1443 3049 1589 3105 quem
1606 3033 1854 3087 honorari
1875 3031 2124 3086 decuerit.

519 3138 583 3195 Si
612 3137 882 3208 quisquam
907 3132 1006 3187 Dei
1027 3130 1288 3186 cultorum
1311 3127 1538 3200 pepercit
1562 3128 1837 3198 apostatis,
1861 3126 1964 3180 sint
1983 3140 2122 3191 uera,

2226 1902 2410 1960 latinis
2468 1903 2709 1961 Sardoas
2762 1911 2818 1962 et
2868 1905 3089 1964 Grecas
3139 1920 3308 1965 voces
3357 1903 3508 1965 Latio
3555 1907 3782 1974 donatas,

2226 1996 2563 2070 phrasesqne
2601 2008 2834 2070 usurpat
2861 2013 3001 2055 nova
3031 2013 3164 2058 sane
3205 2002 3419 2073 syntaxi
3452 2002 3657 2059 omnino
3683 2001 3782 2057 bar-

2229 2087 2420 2157 baras,
2476 2099 2531 2145 et
2579 2091 2967 2162 grmcizantes,
3022 2107 3210 2162 quasa
3269 2093 3403 2149 viris
3453 2091 3780 2150 doctissimis'

2229 2185 2373 2241 notis
2415 2185 2717 2242 illustratus
2747 2185 2849 2242 hac
2879 2187 2930 2242 in
2965 2185 3208 2243 editione
3239 2187 3432 2244 obvias
3465 2189 3785 2260 unusquisque

2231 2278 2415 2336 habeL

2901 2375 3034 2450 gv.

2303 2470 2606 2544 Antequam
2635 2469 2701 2528 ad
2734 2473 2840 2529 alia
2871 2473 3313 2546 progrediamur,
3347 2487 3464 2546 qua:
3490 2472 3552 2528 ad
3591 2465 3782 2527 Luciferi

2228 2571 2378 2635 gesta
2417 2571 2700 2633 spectant,
2747 2573 2809 2623 ut
2851 2581 2941 2624 res
2986 2561 3207 2624 clariori
3261 2567 3386 2624 luce
3427 2565 3699 2629 donentur,
3733 2560 3786 2617 de

2234 2653 2417 2709 Edicto
2451 2655 2546 2710 illo
2575 2655 2779 2714 celebri
2809 2673 2992 2730 opera:
3039 2659 3277 2731 pretium
3310 2658 3666 2716 existimamus
3691 2653 3785 2708 dili-

2228 2757 2423 2819 genter
2455 2747 2766 2820 inquirere,
2800 2751 2944 2823 quod
2980 2747 3140 2808 toties
3178 2759 3232 2807 et
3268 2747 3550 2823 indignans
3587 2755 3784 2804 comme.

2233 2851 2411 2897 morat
2443 2841 2559 2915 ipse
2589 2843 2804 2901 Lucifer
2836 2843 2889 2900 in
2933 2843 3189 2901 omnibus
3218 2844 3337 2902 fere
3379 2841 3528 2900 libris
3563 2855 3682 2914 quos
3712 2851 3784 2892 su-

2231 2937 2434 3009 periori
2465 2937 2805 3012 paragrapho
2831 2941 3208 2998 recensulmus
3229 2957 3244 3008 ;
3267 2939 3515 3012 quodque
3527 2935 3784 2995 uberiorem

2231 3031 2612 3086 tractationem
2656 3047 2683 3087 a
2717 3032 2878 3089 nobis
2919 3033 3203 3106 requirere
3247 3029 3461 3089 videtur
3497 3028 3560 3086 ad
3595 3022 3788 3084 Luciferi

2232 3137 2428 3179 sensus
2466 3123 2870 3196 dignoseendos
2894 3167 2909 3192 ,
2945 3134 3114 3197 utque
3159 3139 3222 3182 ea
3246 3169 3260 3190 .
3306 3139 3426 3198 qua:
3457 3123 3521 3181 ad
3553 3119 3787 3179 historiam

514 3243 630 3300 quas
675 3227 806 3282 dicis
850 3225 914 3280 de
959 3223 1108 3280 nobis
1136 3231 1183 3278 ο.
1217 3221 1405 3293 Neque
1454 3220 1538 3275 his
1569 3230 1860 3276 contentus
1903 3217 2125 3274 Lucifer
2153 3211 2197 3274 C
2233 3215 2380 3274 illius
2408 3221 2672 3290 temporis
2703 3221 2972 3290 attinent,
3002 3225 3239 3294 ipsemet
3267 3221 3497 3280 Luciferi
3523 3213 3789 3277 testimonio

517 3319 664 3378 aliud
705 3317 908 3376 deinde
949 3315 1122 3373 edidit
1163 3313 1654 3380 commentarium,
1690 3311 1836 3384 quod
1877 3312 2130 3370 absoluto

517 3412 805 3471 Sirmiensi
837 3407 1217 3466 Conciliabulo
1250 3413 1309 3463 et
1347 3404 1958 3476 Constantinopolitano
1990 3405 2128 3461 scri-

518 3509 698 3578 psisse
724 3521 795 3562 ex
829 3504 1000 3574 ipsius
1033 3502 1217 3558 verbis
1244 3499 1638 3556 elicitur:nam
1673 3498 1978 3554 Eudoxium
2015 3497 2127 3552 Ma-

516 3601 751 3658 cedonio
781 3597 834 3651 in
857 3592 1465 3664 Constantinopolitann
1491 3591 1635 3648 Sede
1663 3591 1952 3648 suii'ectum
1981 3605 2132 3646 eom-

516 3700 818 3756 memorat,
850 3692 940 3762 qui
971 3690 1052 3745 illi
1082 3697 1230 3744 certe
1265 3685 1333 3742 ab
1365 3687 1702 3743 Antiochena
1729 3687 1989 3743 cathedra
2023 3697 2131 3742 tra-

521 3787 721 3842 ductus
768 3793 890 3853 post
933 3783 1024 3838 illa
1075 3780 1544 3852 pseudo-concilia
1587 3780 1690 3835 fuit
1733 3781 2058 3853 subrogatus
2081 3781 2128 3838 τ.

522 3878 636 3935 Hoc
682 3887 819 3947 opus
845 3874 911 3930 de
950 3889 1054 3929 non
1092 3874 1356 3944 parcendo
1401 3873 1455 3927 in
1496 3872 1660 3928 Deum
1707 3873 2133 3944 delinquentibus

522 3974 826 4046 inscripsit,
851 3983 1086 4043 cumque
1112 3977 1259 4026 totus
1280 3969 1532 4042 martyrii
1556 3968 1832 4025 desiderio
1853 3977 2134 4036 mstuaret,

525 4083 626 4126 nec
653 4082 774 4140 quin
805 4068 856 4122 in
889 4067 1065 4122 lucem
1098 4063 1350 4120 ediderat
1389 4062 1454 4118 ad
1481 4061 1713 4118 Arianos
1746 4063 2134 4134 opprimendos

523 4165 660 4221 satis
702 4177 826 4220 esse
871 4160 1267 4222 arbitraretur,
1319 4163 1658 4228 postremum
1711 4155 1946 4212 subinde
1993 4167 2134 4228 Opus

528 4257 864 4322 elaboravit,
895 4255 981 4312 cui
1012 4255 1203 4310 titulus
1230 4251 1562 4306 Moriendum
1585 4266 1692 4305 esse
1717 4267 1813 4320 pro
1839 4249 1979 4306 Filio
2002 4249 2136 4319 Dei;

531 4367 667 4425 quos
697 4351 898 4415 libros,
932 4347 1036 4404 etsi
1063 4346 1228 4403 unico
1254 4347 1685 4416 comprehensos
1711 4343 1881 4415 aliqui
1909 4353 2138 4400 censue-

533 4445 644 4500 rint
667 4453 716 4511 ε,
747 4449 802 4498 et
833 4439 993 4497 simul
1028 4437 1348 4494 Constantio
1385 4435 1631 4501 oblatos,
1663 4439 1904 4492 attamen
1944 4436 2134 4494 eadem

2231 3311 2678 3384 comprehentur.
2713 3314 2826 3384 Qua
2855 3313 2913 3387 in
2949 3329 3007 3372 re
3040 3313 3172 3372 illud
3203 3327 3423 3374 certum
3459 3314 3716 3372 statuimus
3737 3319 3800 3397 ex.

2232 3403 2543 3464 Snzomeno
2563 3405 2575 3445 ¹
2592 3451 2605 3472 ,
2630 3407 3014 3466 Constantium
3039 3423 3106 3467 eo
3129 3409 3365 3469 consilio
3385 3405 3788 3468 Mediolancnsem

2236 3499 2516 3572 Synodum
2543 3501 2809 3559 indixisse
2829 3546 2842 3571 ,
2867 3509 2925 3558 ut
2947 3501 3231 3561 discordes
3255 3503 3634 3577 Episcoporum
3656 3493 3788 3554 animi

2237 3593 2292 3649 in
2328 3610 2490 3650 unum
2520 3595 2672 3650 Fidei
2715 3597 3041 3653 sententiam
3086 3597 3487 3666 ccuveuirent,
3515 3611 3626 3668 quae
3647 3603 3789 3648 tamen

2234 3685 2467 3741 Nicmnis
2488 3685 2726 3743 decretis
2749 3687 3136 3746 adversaretur
3162 3707 3175 3742 :
3195 3689 3527 3746 Constantius
3548 3687 3637 3761 (ait
3657 3685 3790 3742 Soro-

2237 3781 2466 3850 menus)
2493 3779 2579 3850 qui
2609 3779 2751 3838 solus
2771 3781 2888 3855 jam
2919 3781 3149 3854 Imperio
3175 3779 3332 3838 flant.
3363 3781 3655 3857 potiebatur,
3681 3773 3792 3829 omni

2239 3870 2415 3926 studio
2447 3871 2692 3943 perficere
2721 3883 2935 3931 conatus
2965 3879 3073 3944 est,
3113 3885 3170 3930 ut
3199 3871 3556 3931 Occidentales
3589 3865 3795 3942 Episcopi

2237 3981 2354 4022 cum
2380 3963 2445 4022 iis
2475 3969 2851 4038 consentirent,
2881 3969 2971 4042 qui
3000 3967 3201 4025 Filium
3237 3967 3389 4026 Patri
3417 3967 3622 4024 similem
3647 3977 3795 4019 secun-

2239 4061 2361 4116 dum
2393 4061 2739 4118 substantiam
2767 4063 3070 4119 asserebant
3100 4081 3118 4119 :
3143 4068 3276 4128 Τοὺς
3299 4065 3391 4122 ἀνὰ
3419 4070 3505 4125 τὴν
3545 4061 3677 4118 δύσιν
3708 4059 3793 4112 ἐπει

2240 4157 2466 4219 σκὸπους
2489 4166 2602 4219 τοῖς
2629 4157 2898 4230 ὁμὸούσιον
2925 4161 3088 4230 πατρὶ
3121 4157 3209 4216 τὸν
3234 4155 3344 4215 υἱὸν
3375 4159 3632 4226 δοξάζουσι
3658 4156 3792 4208 συνεῖ-

2238 4267 2362 4306 ναιέ
2392 4249 2480 4304 ubi
2511 4261 2689 4306 tamen
2719 4250 2976 4307 mendum
3010 4252 3460 4323 typographicum
3492 4252 3652 4312 inest,
3677 4242 3792 4299 edita

2239 4343 2512 4418 ὁμοουσὶου
2534 4359 2665 4401 voce
2681 4359 2778 4416 pro
2795 4345 3088 4417 ὁμοιουσίου
3108 4362 3122 4413 ;
3143 4360 3267 4401 cum
3293 4347 3434 4404 idem
3453 4341 3753 4402 Sosomenus
3765 4343 3794 4369 ω

2241 4439 2476 4504 scribat,
2522 4439 2903 4495 Constantium
2949 4457 3067 4511 non
3095 4441 3304 4510 penitus
3343 4437 3594 4495 destitisse
3635 4429 3796 4487 Filium

535 4535 708 4593 animi
739 4532 1046 4588 constantia
1092 4531 1360 4601 scriptos,
1394 4537 1518 4599 post
1563 4532 1800 4598 primos,
1833 4531 1903 4586 de
1942 4531 2138 4601 quibus
2172 4603 2185 4604 ί
2241 4533 2354 4589 κατ’
2383 4535 2559 4588 οὐσίαν
2581 4531 2754 4604 ὅμοιον
2777 4534 3033 4604 conﬁteri.
3059 4533 3167 4591 Sed
3195 4545 3321 4590 eum
3350 4533 3402 4590 id
3430 4527 3675 4600 consequi
3710 4537 3794 4579 non

535 4628 873 4689 mentionem
908 4624 1133 4680 fecimus
1153 4664 1166 4688 ,
1211 4631 1422 4678 certum
1451 4632 1537 4676 est
1577 4621 1888 4678 elaboratus
1919 4639 1946 4679 a
1977 4623 2141 4681 Luci-
2169 4603 2221 4663 ἶ)
2246 4633 2410 4694 posse
2435 4637 2495 4680 se
2525 4603 2798 4681 sentirent
2825 4603 3063 4683 haeretici
3093 4623 3382 4698 Episcopi,
3414 4623 3500 4697 qui
3522 4613 3800 4679 Constantio

535 4725 655 4782 fero
697 4719 904 4786 fuisse,
955 4721 1014 4771 ut
1047 4715 1124 4770 ait
1166 4711 1664 4786 Papebrochiush,
1712 4721 1766 4770 et
1810 4713 2043 4773 fortaSse
2085 4718 2135 4774 in

537 4816 732 4876 ultimo
763 4810 849 4869 sui
880 4805 1058 4867 exsilii
1094 4808 1234 4863 loco.
1265 4805 1322 4862 in
1350 4805 1503 4862 hisce
1532 4806 1768 4864 Luciferi
1801 4808 2140 4868 lucubratio-

535 4898 695 4969 nibus
745 4913 897 4980 patet
939 4902 1024 4959 vis
1055 4913 1250 4972 magna
1287 4901 1545 4967 dicendi,
1586 4900 1886 4973 igneusque
1927 4919 1992 4960 ex
2039 4919 2140 4963 ore

540 4999 778 5060 Luciferi
808 5005 1101 5066 erumpens
1147 4991 1364 5064 gladius
1407 4991 1474 5046 ad
1510 4992 1696 5048 hostes
1737 4989 1997 5052 Ecclesia:
2029 5009 2142 5053 uno

538 5095 708 5155 veluti
744 5091 852 5148 ictu
879 5085 1253 5160 perimendos,
1279 5096 1347 5142 ex
1372 5099 1479 5158 quo
1506 5079 1706 5141 factum
1748 5097 1804 5142 ut
1846 5097 1923 5144 tot
1962 5087 2139 5164 elogia

610 5243 635 5270 α
668 5229 744 5287 De
771 5227 974 5297 Script.
1003 5221 1186 5297 Eccl;
1189 5233 1316 5297 saec.
1348 5217 1550 5297 lar-lano
1584 5233 1704 5297 pag.
1739 5239 1810 5279 lli.
1851 5219 1973 5283 136.

607 5303 635 5343 ιι
664 5303 730 5358 ν.
763 5303 815 5356 in
850 5291 955 5354 line
985 5296 1118 5352 edit.
1146 5295 1252 5350 Til.
1285 5304 1340 5350 et
1363 5295 1562 5350 Baron.
1586 5291 1633 5350 'l.
1657 5291 1712 5350 ἒ.

616 5385 638 5414 ο
668 5373 866 5430 Baron.
895 5365 1038 5438 ibid.

606 5443 633 5484 ἀ
666 5445 923 5501 Eruimus
977 5435 1112 5496 alias
1173 5435 1532 5494 Athanasium
1597 5433 1852 5494 Lucifero
1878 5439 2136 5510 [dedisse

532 5519 794 5590 epistolas
824 5514 990 5590 exiis
1018 5513 1202 5590 verbis
1222 5553 1237 5580 ,
1270 5510 1508 5590 dtisimus
1551 5511 1710 5590 etiam
1731 5527 1903 5590 nunc_,
1935 5526 2043 5571 etc.
2078 5515 2131 5572 in

533 5581 824 5676 superstite
857 5587 978 5652 illa,
1023 5583 1093 5640 de
1132 5597 1238 5656 qua
1281 5582 1578 5654 loquimur,
1626 5581 1902 5655 epistulal’:
1947 5602 2136 5645 verum

539 5673 894 5788 pez‘iiieiibro
917 5727 995 5804 De
1023 5727 1414 5804 non_parcendo
1441 5722 1810 5804 etc.‘pag.169
1829 5724 1951 5800 (col.
1979 5727 2130 5804 957).

611 5803 631 5842 ί
663 5804 864 5859 Baron.
895 5801 962 5855 ad
991 5817 1082 5854 an.
1112 5795 1246 5854 Chr.
1278 5795 1407 5862 556.
1440 5811 1498 5854 n.
1531 5795 1622 5854 69.

595 5885 621 5926 s
652 5873 828 5932 Tiiius
892 5871 946 5928 in
1004 5867 1165 5927 Pref.
1211 5865 1281 5924 ad
1332 5865 1488 5926 Pium
1541 5865 1609 5925 ν.
1675 5867 1728 5925 in
1782 5870 1915 5930 edit.
1968 5890 2124 5948 oper.

2246 4717 2490 4786 quotidie
2519 4718 2749 4775 aderant
2774 4719 2958 4776 callidi
2989 4721 3139 4793 pacis
3173 4718 3526 4792 procurandae
3553 4726 3797 4774 auctores,

2249 4810 2400 4879 prius
2430 4810 2497 4866 de
2529 4812 2922 4882 proscribendo
2956 4813 3253 4870 Athanasio
3284 4813 3568 4868 consilium
3599 4810 3799 4878 impera

2247 4905 2352 4960 tori
2380 4915 2765 4977 suggesserant
2788 4950 2802 4975 ,
2829 4920 2939 4978 quo
2965 4907 3223 4963 damnato
3255 4907 3328 4962 ab
3357 4903 3632 4977 Epise0pis
3665 4899 3798 4954 etiam

2251 4995 2730 5070 Occidentalibus,
2770 4997 2928 5059 facile
2955 5001 3215 5073 deinceps
3241 4999 3457 5057 Nicaeae
3491 4995 3643 5054 Fides
3666 5001 3800 5048 ever-

2253 5103 2497 5152 teretur:
2533 5096 2624 5154 Sic
2661 5098 2796 5154 enim
2827 5097 2942 5169 (ait
2979 5095 3123 5154 idem
3153 5093 3524 5165 Sozemenus)
3553 5085 3801 5162 cogitabat,

2249 5232 2426 5288 Lucii.

2321 5301 2347 5342 h
2380 5301 2444 5377 Τ.
2475 5303 2530 5360 5.
2562 5306 2686 5362 Maii
2715 5307 2782 5362 ad
2809 5307 2864 5364 ιι.
2894 5307 2988 5365 eo.
3023 5323 3070 5364 e.
3103 5309 3162 5377 s,
3195 5326 3252 5364 η.
3283 5307 3374 5364 ss.

2293 5382 2339 5459 ,ί
2378 5376 2441 5459 δε
2493 5377 2690 5459 Alban.
2740 5364 3178 5459 apud__Corn.r_a
3230 5378 3431 5459 Lepide
3475 5373 3707 5459 epist}:
3745 5364 3801 5423 ad

2243 5445 2574 5528 Timotb._c.
2608 5449 2659 5506 1.
2690 5461 2744 5528 et
2775 5443 2832 5509 Β.
2865 5452 3090 5510 Hieron.
3121 5453 3191 5510 de
3223 5443 3322 5509 vir:
3350 5443 3523 5506 illast.
3554 5463 3603 5504 e.
3633 5443 3712 5500 95.

2319 5521 2332 5592 ξ
2376 5521 2431 5592 l_n
2461 5521 2556 5575 cit.
2588 5522 2744 5592 prmi.

2317 5587 2344 5628 ιι
2370 5581 2726 5666 Coteier'ius,
2775 5595 2976 5666 Tiiius,
3033 5596 3400 5663 Sabatierius,
3455 5589 3714 5652 Latinius,
3761 5581 3802 5637 la

2243 5661 2443 5719 Cerda.
2713 5661 2718 5662 ί
2961 5661 2971 5666 ⁷

2280 5785 2290 5800 ,
2318 5727 2334 5773 Ῑ
2369 5733 2492 5792 Lib.
2516 5736 2571 5792 4.
2598 5753 2650 5794 c.
2677 5739 2733 5795 8.
2763 5739 2896 5798 edit.
2927 5740 3111 5798 Vales.

2310 5816 2348 5844 π’
2381 5799 2459 5864 id.
2493 5809 2589 5866 lib.
2617 5812 2672 5868 '5.
2696 5826 2746 5867 c.
2783 5813 2867 5869 18.
