  <div class='ocr_page' id='page_1' title='image "/cluster/home/n/w/nwhite01/storage/ocr_20150623/13/hvd.32044015471295/380.png"; bbox 0 0 3972 6352; ppageno 0'>
   <div class='ocr_carea' id='block_1_1' title="bbox 250 310 351 369">
    <p class='ocr_par' dir='ltr' id='par_1_1' title="bbox 250 310 351 369">
     <span class='ocr_line' id='line_1_1' title="bbox 250 310 351 369; baseline 0 0"><span class='ocrx_word' id='word_1_1' title='bbox 250 310 351 369; x_wconf 72' lang='grc'><strong>’149</strong></span> 
     </span>
    </p>
   </div>
   <div class='ocr_carea' id='block_1_2' title="bbox 1632 314 2177 377">
    <p class='ocr_par' dir='ltr' id='par_1_2' title="bbox 1632 314 2177 377">
     <span class='ocr_line' id='line_1_2' title="bbox 1632 314 2177 377; baseline -0.002 -2"><span class='ocrx_word' id='word_1_2' title='bbox 1632 316 1949 377; x_wconf 80' lang='lat' dir='ltr'><strong>LUCIFERI</strong></span> <span class='ocrx_word' id='word_1_3' title='bbox 1995 314 2177 375; x_wconf 80' lang='lat' dir='ltr'><strong>VITA.</strong></span> 
     </span>
    </p>
   </div>
   <div class='ocr_carea' id='block_1_3' title="bbox 3464 328 3569 385">
    <p class='ocr_par' dir='ltr' id='par_1_3' title="bbox 3464 328 3569 385">
     <span class='ocr_line' id='line_1_3' title="bbox 3464 328 3569 385; baseline 0.019 -2"><span class='ocrx_word' id='word_1_4' title='bbox 3464 328 3569 385; x_wconf 80' lang='lat'><strong>750</strong></span> 
     </span>
    </p>
   </div>
   <div class='ocr_carea' id='block_1_4' title="bbox 250 425 3574 511">
    <p class='ocr_par' dir='ltr' id='par_1_4' title="bbox 250 425 3574 511">
     <span class='ocr_line' id='line_1_4' title="bbox 250 425 3574 511; baseline 0.007 -30"><span class='ocrx_word' id='word_1_5' title='bbox 250 428 294 481; x_wconf 84' lang='lat' dir='ltr'><strong><em>si</em></strong></span> <span class='ocrx_word' id='word_1_6' title='bbox 310 425 627 483; x_wconf 83' lang='lat' dir='ltr'><strong><em>Athanasius</em></strong></span> <span class='ocrx_word' id='word_1_7' title='bbox 646 432 905 487; x_wconf 88' lang='lat' dir='ltr'><strong><em>communi</em></strong></span> <span class='ocrx_word' id='word_1_8' title='bbox 926 433 1156 489; x_wconf 88' lang='lat' dir='ltr'><strong><em>omnium</em></strong></span> <span class='ocrx_word' id='word_1_9' title='bbox 1172 432 1423 507; x_wconf 68' lang='lat' dir='ltr'><strong><em>sulfragio</em></strong></span> <span class='ocrx_word' id='word_1_10' title='bbox 1452 451 1477 490; x_wconf 95' lang='lat' dir='ltr'><strong>e</strong></span> <span class='ocrx_word' id='word_1_11' title='bbox 1505 434 1675 490; x_wconf 89' lang='lat' dir='ltr'><strong><em>medio</em></strong></span> <span class='ocrx_word' id='word_1_12' title='bbox 1696 452 1859 490; x_wconf 86' lang='lat' dir='ltr'><strong><em>remo-</em></strong></span> <span class='ocrx_word' id='word_1_13' title='bbox 1889 446 1942 507; x_wconf 75' lang='grc' dir='ltr'><strong>Α</strong></span> <span class='ocrx_word' id='word_1_14' title='bbox 1967 435 2144 492; x_wconf 87' lang='lat' dir='ltr'><strong>clarat</strong></span> <span class='ocrx_word' id='word_1_15' title='bbox 2168 433 2189 472; x_wconf 68' lang='grc' dir='ltr'><em>τ</em></span> <span class='ocrx_word' id='word_1_16' title='bbox 2239 437 2549 511; x_wconf 63' lang='lat' dir='ltr'><strong>saepiusque</strong></span> <span class='ocrx_word' id='word_1_17' title='bbox 2594 440 2885 498; x_wconf 82' lang='lat' dir='ltr'><strong>confirmat</strong></span> <span class='ocrx_word' id='word_1_18' title='bbox 2910 452 2965 510; x_wconf 81' lang='lat'><strong>8;</strong></span> <span class='ocrx_word' id='word_1_19' title='bbox 3004 459 3125 501; x_wconf 87' lang='lat' dir='ltr'><strong>nam</strong></span> <span class='ocrx_word' id='word_1_20' title='bbox 3173 446 3382 502; x_wconf 81' lang='lat' dir='ltr'><strong>verbum</strong></span> <span class='ocrx_word' id='word_1_21' title='bbox 3427 458 3574 504; x_wconf 88' lang='lat' dir='ltr'><strong><em>tuum</em></strong></span> 
     </span>
    </p>
   </div>
   <div class='ocr_carea' id='block_1_5' title="bbox 250 522 1851 601">
    <p class='ocr_par' dir='ltr' id='par_1_5' title="bbox 250 522 1851 601">
     <span class='ocr_line' id='line_1_5' title="bbox 250 522 1851 601; baseline 0.005 -29"><span class='ocrx_word' id='word_1_22' title='bbox 250 529 468 588; x_wconf 73' lang='lat' dir='ltr'><strong><em>veretur,</em></strong></span> <span class='ocrx_word' id='word_1_23' title='bbox 485 522 637 592; x_wconf 79' lang='lat' dir='ltr'><strong>facile</strong></span> <span class='ocrx_word' id='word_1_24' title='bbox 650 539 704 578; x_wconf 90' lang='lat' dir='ltr'><strong>se</strong></span> <span class='ocrx_word' id='word_1_25' title='bbox 714 524 953 599; x_wconf 75' lang='lat' dir='ltr'><strong>deinceps</strong></span> <span class='ocrx_word' id='word_1_26' title='bbox 966 544 1024 582; x_wconf 89' lang='lat' dir='ltr'><strong>ea</strong></span> <span class='ocrx_word' id='word_1_27' title='bbox 1047 544 1159 598; x_wconf 74' lang='lat' dir='ltr'><strong><em>gnte</em></strong></span> <span class='ocrx_word' id='word_1_28' title='bbox 1175 527 1243 581; x_wconf 88' lang='lat' dir='ltr'><strong>ad</strong></span> <span class='ocrx_word' id='word_1_29' title='bbox 1260 528 1557 601; x_wconf 87' lang='lat' dir='ltr'><strong><em>religionem</em></strong></span> <span class='ocrx_word' id='word_1_30' title='bbox 1574 528 1851 598; x_wconf 77' lang='lat' dir='ltr'><strong>pertinent,</strong></span> 
     </span>
    </p>
   </div>
   <div class='ocr_carea' id='block_1_6' title="bbox 251 615 1854 695">
    <p class='ocr_par' dir='ltr' id='par_1_6' title="bbox 251 615 1854 695">
     <span class='ocr_line' id='line_1_6' title="bbox 251 615 1854 695; baseline 0.003 -27"><span class='ocrx_word' id='word_1_31' title='bbox 251 631 345 685; x_wconf 91' lang='lat' dir='ltr'><strong>pro</strong></span> <span class='ocrx_word' id='word_1_32' title='bbox 372 615 587 671; x_wconf 87' lang='lat' dir='ltr'><strong><em>arbitrio</em></strong></span> <span class='ocrx_word' id='word_1_33' title='bbox 613 620 1013 675; x_wconf 87' lang='lat' dir='ltr'><strong><em>constituturum</em></strong></span> <span class='ocrx_word' id='word_1_34' title='bbox 1043 638 1060 676; x_wconf 87' lang='lat'><em>:</em></span> <span class='ocrx_word' id='word_1_35' title='bbox 1086 640 1237 691; x_wconf 89' lang='lat' dir='ltr'><strong><em>quam</em></strong></span> <span class='ocrx_word' id='word_1_36' title='bbox 1266 638 1433 677; x_wconf 76' lang='lat' dir='ltr'><strong><em>rerum</em></strong></span> <span class='ocrx_word' id='word_1_37' title='bbox 1456 621 1620 695; x_wconf 76' lang='lat' dir='ltr'><strong><em>fuisse</em></strong></span> <span class='ocrx_word' id='word_1_38' title='bbox 1646 637 1854 675; x_wconf 83' lang='lat' dir='ltr'><strong>causam</strong></span> 
     </span>
    </p>
   </div>
   <div class='ocr_carea' id='block_1_7' title="bbox 252 705 1858 784">
    <p class='ocr_par' dir='ltr' id='par_1_7' title="bbox 252 705 1858 784">
     <span class='ocr_line' id='line_1_7' title="bbox 252 705 1858 784; baseline 0.004 -24"><span class='ocrx_word' id='word_1_39' title='bbox 252 705 659 764; x_wconf 75' lang='lat' dir='ltr'><strong><em>Mediolanensis</em></strong></span> <span class='ocrx_word' id='word_1_40' title='bbox 676 707 897 767; x_wconf 88' lang='lat' dir='ltr'><strong><em>Concilii</em></strong></span> <span class='ocrx_word' id='word_1_41' title='bbox 913 712 1031 783; x_wconf 91' lang='lat' dir='ltr'><strong>ipse</strong></span> <span class='ocrx_word' id='word_1_42' title='bbox 1047 713 1333 771; x_wconf 87' lang='lat' dir='ltr'><strong>confirmat</strong></span> <span class='ocrx_word' id='word_1_43' title='bbox 1350 728 1470 783; x_wconf 86' lang='lat' dir='ltr'><strong>cap.</strong></span> <span class='ocrx_word' id='word_1_44' title='bbox 1487 714 1542 769; x_wconf 92' lang='lat'><strong>9.</strong></span> <span class='ocrx_word' id='word_1_45' title='bbox 1565 713 1677 768; x_wconf 90' lang='lat' dir='ltr'><strong>lluc</strong></span> <span class='ocrx_word' id='word_1_46' title='bbox 1694 713 1858 784; x_wconf 81' lang='lat' dir='ltr'><strong>igitur</strong></span> 
     </span>
    </p>
   </div>
   <div class='ocr_carea' id='block_1_8' title="bbox 250 798 1853 878">
    <p class='ocr_par' dir='ltr' id='par_1_8' title="bbox 250 798 1853 878">
     <span class='ocr_line' id='line_1_8' title="bbox 250 798 1853 878; baseline 0.004 -24"><span class='ocrx_word' id='word_1_47' title='bbox 250 798 533 856; x_wconf 84' lang='lat' dir='ltr'><strong>referenda</strong></span> <span class='ocrx_word' id='word_1_48' title='bbox 552 842 566 867; x_wconf 94' lang='lat'><strong>,</strong></span> <span class='ocrx_word' id='word_1_49' title='bbox 602 818 723 871; x_wconf 78' lang='lat' dir='ltr'><strong>qua:</strong></span> <span class='ocrx_word' id='word_1_50' title='bbox 753 803 971 860; x_wconf 82' lang='lat' dir='ltr'><strong>Lucifer</strong></span> <span class='ocrx_word' id='word_1_51' title='bbox 1001 821 1147 877; x_wconf 63' lang='lat' dir='ltr'><strong>saepe</strong></span> <span class='ocrx_word' id='word_1_52' title='bbox 1173 804 1490 862; x_wconf 88' lang='lat' dir='ltr'><strong>Constantio</strong></span> <span class='ocrx_word' id='word_1_53' title='bbox 1522 805 1853 878; x_wconf 83' lang='lat' dir='ltr'><strong>exprobrat,</strong></span> 
     </span>
    </p>
   </div>
   <div class='ocr_carea' id='block_1_9' title="bbox 245 891 1857 969">
    <p class='ocr_par' dir='ltr' id='par_1_9' title="bbox 245 891 1857 969">
     <span class='ocr_line' id='line_1_9' title="bbox 245 891 1857 969; baseline 0.002 -23"><span class='ocrx_word' id='word_1_54' title='bbox 245 891 539 948; x_wconf 85' lang='lat' dir='ltr'><strong>subdolum</strong></span> <span class='ocrx_word' id='word_1_55' title='bbox 576 893 726 949; x_wconf 87' lang='lat' dir='ltr'><strong>illum</strong></span> <span class='ocrx_word' id='word_1_56' title='bbox 773 910 977 953; x_wconf 73' lang='lat' dir='ltr'><strong>vocans</strong></span> <span class='ocrx_word' id='word_1_57' title='bbox 1004 898 1154 969; x_wconf 82' lang='lat' dir='ltr'><strong>pacis</strong></span> <span class='ocrx_word' id='word_1_58' title='bbox 1194 906 1509 963; x_wconf 76' lang='lat' dir='ltr'><strong>auctorem,</strong></span> <span class='ocrx_word' id='word_1_59' title='bbox 1545 913 1670 954; x_wconf 90' lang='lat' dir='ltr'><strong>cum</strong></span> <span class='ocrx_word' id='word_1_60' title='bbox 1706 896 1857 967; x_wconf 90' lang='lat' dir='ltr'><strong>pacis</strong></span> 
     </span>
    </p>
   </div>
   <div class='ocr_carea' id='block_1_10' title="bbox 244 986 1857 1062">
    <p class='ocr_par' dir='ltr' id='par_1_10' title="bbox 244 986 1857 1062">
     <span class='ocr_line' id='line_1_10' title="bbox 244 986 1857 1062; baseline 0 -20"><span class='ocrx_word' id='word_1_61' title='bbox 244 1000 304 1042; x_wconf 88' lang='lat' dir='ltr'><strong>re</strong></span> <span class='ocrx_word' id='word_1_62' title='bbox 335 1002 459 1042; x_wconf 78' lang='lat' dir='ltr'><strong>vera</strong></span> <span class='ocrx_word' id='word_1_63' title='bbox 492 998 639 1043; x_wconf 88' lang='lat' dir='ltr'><strong>esset</strong></span> <span class='ocrx_word' id='word_1_64' title='bbox 665 986 923 1046; x_wconf 77' lang='lat' dir='ltr'><strong>inimicus</strong></span> <span class='ocrx_word' id='word_1_65' title='bbox 946 998 1008 1045; x_wconf 71' lang='grc' dir='ltr'><strong>ιε</strong></span> <span class='ocrx_word' id='word_1_66' title='bbox 1032 990 1231 1047; x_wconf 76' lang='lat' dir='ltr'><strong>Dixisti</strong></span> <span class='ocrx_word' id='word_1_67' title='bbox 1249 1034 1262 1055; x_wconf 86' lang='lat'><strong><em>,</em></strong></span> <span class='ocrx_word' id='word_1_68' title='bbox 1294 991 1484 1046; x_wconf 85' lang='lat' dir='ltr'><strong><em>Pacem</em></strong></span> <span class='ocrx_word' id='word_1_69' title='bbox 1514 994 1629 1046; x_wconf 83' lang='lat' dir='ltr'><strong><em>voto</em></strong></span> <span class='ocrx_word' id='word_1_70' title='bbox 1656 989 1857 1062; x_wconf 68' lang='lat' dir='ltr'><strong><em>ﬁrmari</em></strong></span> 
     </span>
    </p>
   </div>
   <div class='ocr_carea' id='block_1_11' title="bbox 244 1079 1850 1154">
    <p class='ocr_par' dir='ltr' id='par_1_11' title="bbox 244 1079 1850 1154">
     <span class='ocr_line' id='line_1_11' title="bbox 244 1079 1850 1154; baseline 0.001 -20"><span class='ocrx_word' id='word_1_71' title='bbox 244 1079 299 1134; x_wconf 85' lang='lat' dir='ltr'><strong>in</strong></span> <span class='ocrx_word' id='word_1_72' title='bbox 327 1080 543 1150; x_wconf 87' lang='lat' dir='ltr'><strong><em>imperio</em></strong></span> <span class='ocrx_word' id='word_1_73' title='bbox 574 1096 714 1145; x_wconf 91' lang='lat' dir='ltr'><strong><em>meo,</em></strong></span> <span class='ocrx_word' id='word_1_74' title='bbox 745 1082 959 1152; x_wconf 69' lang='lat' dir='ltr'><strong><em>cupiens</em></strong></span> <span class='ocrx_word' id='word_1_75' title='bbox 985 1083 1181 1139; x_wconf 81' lang='lat' dir='ltr'><strong><em>violare</em></strong></span> <span class='ocrx_word' id='word_1_76' title='bbox 1207 1084 1262 1138; x_wconf 88' lang='lat' dir='ltr'><strong>in</strong></span> <span class='ocrx_word' id='word_1_77' title='bbox 1303 1083 1450 1138; x_wconf 90' lang='lat' dir='ltr'><strong><em>nobis</em></strong></span> <span class='ocrx_word' id='word_1_78' title='bbox 1478 1100 1654 1154; x_wconf 88' lang='lat' dir='ltr'><strong><em>pacem</em></strong></span> <span class='ocrx_word' id='word_1_79' title='bbox 1686 1082 1850 1137; x_wconf 88' lang='lat' dir='ltr'><strong><em>domi-</em></strong></span> 
     </span>
    </p>
   </div>
   <div class='ocr_carea' id='block_1_12' title="bbox 249 1174 1859 1249">
    <p class='ocr_par' dir='ltr' id='par_1_12' title="bbox 249 1174 1859 1249">
     <span class='ocr_line' id='line_1_12' title="bbox 249 1174 1859 1249; baseline 0.001 -21"><span class='ocrx_word' id='word_1_80' title='bbox 249 1175 453 1241; x_wconf 88' lang='lat' dir='ltr'><strong><em>nicam;</em></strong></span> <span class='ocrx_word' id='word_1_81' title='bbox 482 1183 569 1230; x_wconf 90' lang='lat' dir='ltr'><strong>et:</strong></span> <span class='ocrx_word' id='word_1_82' title='bbox 609 1174 671 1230; x_wconf 91' lang='lat' dir='ltr'><strong>Si</strong></span> <span class='ocrx_word' id='word_1_83' title='bbox 701 1193 802 1229; x_wconf 86' lang='lat' dir='ltr'><strong>non</strong></span> <span class='ocrx_word' id='word_1_84' title='bbox 830 1192 883 1231; x_wconf 90' lang='lat' dir='ltr'><strong>es</strong></span> <span class='ocrx_word' id='word_1_85' title='bbox 927 1186 979 1230; x_wconf 90' lang='lat' dir='ltr'><strong><em>tu</em></strong></span> <span class='ocrx_word' id='word_1_86' title='bbox 1023 1174 1355 1231; x_wconf 73' lang='lat' dir='ltr'><strong><em>Constantius</em></strong></span> <span class='ocrx_word' id='word_1_87' title='bbox 1397 1175 1726 1249; x_wconf 82' lang='lat' dir='ltr'><strong><em>Imperator,</em></strong></span> <span class='ocrx_word' id='word_1_88' title='bbox 1771 1176 1859 1245; x_wconf 86' lang='lat' dir='ltr'><strong>qui</strong></span> 
     </span>
    </p>
   </div>
   <div class='ocr_carea' id='block_1_13' title="bbox 244 1266 1857 1340">
    <p class='ocr_par' dir='ltr' id='par_1_13' title="bbox 244 1266 1857 1340">
     <span class='ocr_line' id='line_1_13' title="bbox 244 1266 1857 1340; baseline 0.001 -18"><span class='ocrx_word' id='word_1_89' title='bbox 244 1266 464 1337; x_wconf 73' lang='lat' dir='ltr'><strong><em>ﬁnxeris</em></strong></span> <span class='ocrx_word' id='word_1_90' title='bbox 485 1284 662 1340; x_wconf 87' lang='lat' dir='ltr'><strong><em>pacem</em></strong></span> <span class='ocrx_word' id='word_1_91' title='bbox 686 1277 732 1323; x_wconf 91' lang='lat' dir='ltr'><strong><em>te</em></strong></span> <span class='ocrx_word' id='word_1_92' title='bbox 754 1268 926 1338; x_wconf 79' lang='lat' dir='ltr'><strong><em>facere</em></strong></span> <span class='ocrx_word' id='word_1_93' title='bbox 940 1286 958 1336; x_wconf 90' lang='lat'><strong><em>;</em></strong></span> <span class='ocrx_word' id='word_1_94' title='bbox 982 1279 1057 1334; x_wconf 92' lang='lat' dir='ltr'><strong>et,</strong></span> <span class='ocrx_word' id='word_1_95' title='bbox 1089 1269 1254 1324; x_wconf 77' lang='lat' dir='ltr'><strong><em>Nobis</em></strong></span> <span class='ocrx_word' id='word_1_96' title='bbox 1275 1270 1503 1336; x_wconf 81' lang='lat' dir='ltr'><strong>dicebas,</strong></span> <span class='ocrx_word' id='word_1_97' title='bbox 1528 1268 1719 1324; x_wconf 87' lang='lat' dir='ltr'><strong><em>Pacem</em></strong></span> <span class='ocrx_word' id='word_1_98' title='bbox 1740 1270 1857 1323; x_wconf 88' lang='lat' dir='ltr'><strong>volo</strong></span> 
     </span>
    </p>
   </div>
   <div class='ocr_carea' id='block_1_14' title="bbox 246 1358 1858 1430">
    <p class='ocr_par' dir='ltr' id='par_1_14' title="bbox 246 1358 1858 1430">
     <span class='ocr_line' id='line_1_14' title="bbox 246 1358 1858 1430; baseline -0.001 -15"><span class='ocrx_word' id='word_1_99' title='bbox 246 1359 390 1430; x_wconf 69' lang='lat' dir='ltr'><strong><em>ﬁeri.</em></strong></span> <span class='ocrx_word' id='word_1_100' title='bbox 419 1358 497 1416; x_wconf 84' lang='lat' dir='ltr'><strong>Ita</strong></span> <span class='ocrx_word' id='word_1_101' title='bbox 521 1360 573 1415; x_wconf 89' lang='lat' dir='ltr'><strong>in</strong></span> <span class='ocrx_word' id='word_1_102' title='bbox 597 1360 741 1415; x_wconf 88' lang='lat' dir='ltr'><strong>libro</strong></span> <span class='ocrx_word' id='word_1_103' title='bbox 772 1361 835 1415; x_wconf 89' lang='lat' dir='ltr'><strong>de</strong></span> <span class='ocrx_word' id='word_1_104' title='bbox 864 1378 967 1416; x_wconf 88' lang='lat' dir='ltr'><strong>non</strong></span> <span class='ocrx_word' id='word_1_105' title='bbox 1005 1362 1353 1417; x_wconf 84' lang='lat' dir='ltr'><strong><em>conrenienda</em></strong></span> <span class='ocrx_word' id='word_1_106' title='bbox 1396 1378 1513 1415; x_wconf 88' lang='lat' dir='ltr'><strong>cum</strong></span> <span class='ocrx_word' id='word_1_107' title='bbox 1557 1360 1858 1427; x_wconf 74' lang='lat' dir='ltr'><strong><em>htereticis;</em></strong></span> 
     </span>
    </p>
   </div>
   <div class='ocr_carea' id='block_1_15' title="bbox 251 1449 1854 1525">
    <p class='ocr_par' dir='ltr' id='par_1_15' title="bbox 251 1449 1854 1525">
     <span class='ocr_line' id='line_1_15' title="bbox 251 1449 1854 1525; baseline 0.001 -20"><span class='ocrx_word' id='word_1_108' title='bbox 251 1452 505 1522; x_wconf 81' lang='lat' dir='ltr'><strong>atquein</strong></span> <span class='ocrx_word' id='word_1_109' title='bbox 536 1452 677 1508; x_wconf 84' lang='lat' dir='ltr'><strong>libro</strong></span> <span class='ocrx_word' id='word_1_110' title='bbox 705 1469 719 1507; x_wconf 91' lang='grc' dir='ltr'>ι</span> <span class='ocrx_word' id='word_1_111' title='bbox 752 1467 854 1523; x_wconf 89' lang='lat' dir='ltr'><strong><em>pro</em></strong></span> <span class='ocrx_word' id='word_1_112' title='bbox 884 1451 942 1508; x_wconf 92' lang='lat' dir='ltr'><strong>S.</strong></span> <span class='ocrx_word' id='word_1_113' title='bbox 968 1452 1272 1510; x_wconf 77' lang='lat' dir='ltr'><strong>Athanasio</strong></span> <span class='ocrx_word' id='word_1_114' title='bbox 1296 1469 1418 1525; x_wconf 85' lang='lat' dir='ltr'><strong>pag.</strong></span> <span class='ocrx_word' id='word_1_115' title='bbox 1453 1452 1522 1507; x_wconf 76' lang='grc'><strong>54</strong></span> <span class='ocrx_word' id='word_1_116' title='bbox 1545 1452 1666 1523; x_wconf 91' lang='lat' dir='ltr'><strong><em>(col.</em></strong></span> <span class='ocrx_word' id='word_1_117' title='bbox 1694 1449 1854 1521; x_wconf 84' lang='lat' dir='ltr'><strong>8l9):</strong></span> 
     </span>
    </p>
   </div>
   <div class='ocr_carea' id='block_1_16' title="bbox 246 1547 1861 1618">
    <p class='ocr_par' dir='ltr' id='par_1_16' title="bbox 246 1547 1861 1618">
     <span class='ocr_line' id='line_1_16' title="bbox 246 1547 1861 1618; baseline 0 -17"><span class='ocrx_word' id='word_1_118' title='bbox 246 1547 335 1602; x_wconf 79' lang='lat' dir='ltr'><strong><em>Tu</em></strong></span> <span class='ocrx_word' id='word_1_119' title='bbox 360 1548 502 1618; x_wconf 87' lang='lat' dir='ltr'><strong><em>pacis</em></strong></span> <span class='ocrx_word' id='word_1_120' title='bbox 517 1550 745 1603; x_wconf 80' lang='lat' dir='ltr'><strong><em>caustt&#39;te</em></strong></span> <span class='ocrx_word' id='word_1_121' title='bbox 765 1550 936 1618; x_wconf 76' lang='lat' dir='ltr'><strong><em>facere</em></strong></span> <span class='ocrx_word' id='word_1_122' title='bbox 954 1550 1281 1615; x_wconf 70' lang='lat' dir='ltr'><strong><em>astruxeris;</em></strong></span> <span class='ocrx_word' id='word_1_123' title='bbox 1312 1559 1369 1603; x_wconf 90' lang='lat' dir='ltr'><strong>ut</strong></span> <span class='ocrx_word' id='word_1_124' title='bbox 1396 1548 1733 1603; x_wconf 83' lang='lat' dir='ltr'><strong>Athanasius</strong></span> <span class='ocrx_word' id='word_1_125' title='bbox 1754 1548 1861 1603; x_wconf 86' lang='lat' dir='ltr'><strong>sci-</strong></span> 
     </span>
    </p>
   </div>
   <div class='ocr_carea' id='block_1_17' title="bbox 244 1639 1859 1714">
    <p class='ocr_par' dir='ltr' id='par_1_17' title="bbox 244 1639 1859 1714">
     <span class='ocr_line' id='line_1_17' title="bbox 244 1639 1859 1714; baseline -0.001 -19"><span class='ocrx_word' id='word_1_126' title='bbox 244 1639 387 1695; x_wconf 82' lang='lat' dir='ltr'><strong>licet</strong></span> <span class='ocrx_word' id='word_1_127' title='bbox 402 1640 782 1696; x_wconf 86' lang='lat' dir='ltr'><strong>damnaretur:</strong></span> <span class='ocrx_word' id='word_1_128' title='bbox 805 1642 987 1696; x_wconf 91' lang='lat' dir='ltr'><strong>tumin</strong></span> <span class='ocrx_word' id='word_1_129' title='bbox 1009 1642 1104 1695; x_wconf 86' lang='lat' dir='ltr'><strong>lib.</strong></span> <span class='ocrx_word' id='word_1_130' title='bbox 1128 1644 1193 1697; x_wconf 88' lang='lat' dir='ltr'><strong>de</strong></span> <span class='ocrx_word' id='word_1_131' title='bbox 1217 1658 1317 1695; x_wconf 89' lang='lat' dir='ltr'><strong>non</strong></span> <span class='ocrx_word' id='word_1_132' title='bbox 1338 1643 1595 1714; x_wconf 87' lang='lat' dir='ltr'><strong><em>parcendo</em></strong></span> <span class='ocrx_word' id='word_1_133' title='bbox 1622 1641 1673 1695; x_wconf 91' lang='lat' dir='ltr'><strong>in</strong></span> <span class='ocrx_word' id='word_1_134' title='bbox 1694 1640 1859 1695; x_wconf 89' lang='lat' dir='ltr'><strong><em>Deum</em></strong></span> 
     </span>
    </p>
   </div>
   <div class='ocr_carea' id='block_1_18' title="bbox 245 1733 1863 1808">
    <p class='ocr_par' dir='ltr' id='par_1_18' title="bbox 245 1733 1863 1808">
     <span class='ocr_line' id='line_1_18' title="bbox 245 1733 1863 1808; baseline 0.001 -21"><span class='ocrx_word' id='word_1_135' title='bbox 245 1733 677 1803; x_wconf 80' lang='lat' dir='ltr'><strong><em>delinquentibus</em></strong></span> <span class='ocrx_word' id='word_1_136' title='bbox 700 1749 822 1806; x_wconf 86' lang='lat' dir='ltr'><strong>pag.</strong></span> <span class='ocrx_word' id='word_1_137' title='bbox 851 1733 961 1791; x_wconf 71' lang='grc'><strong>225</strong></span> <span class='ocrx_word' id='word_1_138' title='bbox 992 1733 1118 1808; x_wconf 88' lang='lat' dir='ltr'><strong><em>(col.</em></strong></span> <span class='ocrx_word' id='word_1_139' title='bbox 1142 1734 1274 1807; x_wconf 71' lang='grc'><strong>992)</strong></span> <span class='ocrx_word' id='word_1_140' title='bbox 1306 1754 1319 1790; x_wconf 85' lang='lat'><strong>:</strong></span> <span class='ocrx_word' id='word_1_141' title='bbox 1347 1733 1575 1807; x_wconf 75' lang='lat' dir='ltr'><strong>Fingens</strong></span> <span class='ocrx_word' id='word_1_142' title='bbox 1601 1751 1783 1802; x_wconf 87' lang='lat' dir='ltr'><strong><em>pacem</em></strong></span> <span class='ocrx_word' id='word_1_143' title='bbox 1816 1745 1863 1788; x_wconf 88' lang='lat' dir='ltr'><strong>te</strong></span> 
     </span>
    </p>
   </div>
   <div class='ocr_carea' id='block_1_19' title="bbox 1961 526 3575 610">
    <p class='ocr_par' dir='ltr' id='par_1_19' title="bbox 1961 526 3575 610">
     <span class='ocr_line' id='line_1_19' title="bbox 1961 526 3575 610; baseline 0.011 -29"><span class='ocrx_word' id='word_1_144' title='bbox 1961 526 2228 601; x_wconf 89' lang='lat' dir='ltr'><strong>(inquit),</strong></span> <span class='ocrx_word' id='word_1_145' title='bbox 2261 546 2350 601; x_wconf 85' lang='lat' dir='ltr'><strong>per</strong></span> <span class='ocrx_word' id='word_1_146' title='bbox 2377 532 2513 600; x_wconf 87' lang='lat' dir='ltr'><strong><em>quod</em></strong></span> <span class='ocrx_word' id='word_1_147' title='bbox 2540 533 2705 602; x_wconf 85' lang='lat' dir='ltr'><strong><em>serpis</em></strong></span> <span class='ocrx_word' id='word_1_148' title='bbox 2732 544 2785 591; x_wconf 88' lang='lat' dir='ltr'><strong>ut</strong></span> <span class='ocrx_word' id='word_1_149' title='bbox 2811 552 3015 606; x_wconf 79' lang='lat' dir='ltr'><strong>cancer,</strong></span> <span class='ocrx_word' id='word_1_150' title='bbox 3048 538 3184 608; x_wconf 81' lang='lat' dir='ltr'><strong><em>falso</em></strong></span> <span class='ocrx_word' id='word_1_151' title='bbox 3214 542 3388 610; x_wconf 81' lang='lat' dir='ltr'><strong><em>fucata</em></strong></span> <span class='ocrx_word' id='word_1_152' title='bbox 3408 541 3575 597; x_wconf 86' lang='lat' dir='ltr'><strong><em>scien-</em></strong></span> 
     </span>
    </p>
   </div>
   <div class='ocr_carea' id='block_1_20' title="bbox 1960 622 3577 708">
    <p class='ocr_par' dir='ltr' id='par_1_20' title="bbox 1960 622 3577 708">
     <span class='ocr_line' id='line_1_20' title="bbox 1960 622 3577 708; baseline 0.01 -32"><span class='ocrx_word' id='word_1_153' title='bbox 1960 622 2045 677; x_wconf 73' lang='lat' dir='ltr'><strong><em>tia:</em></strong></span> <span class='ocrx_word' id='word_1_154' title='bbox 2090 632 2289 678; x_wconf 91' lang='lat' dir='ltr'><strong><em>tumore</em></strong></span> <span class='ocrx_word' id='word_1_155' title='bbox 2335 625 2632 696; x_wconf 91' lang='lat' dir='ltr'><strong><em>componis,</em></strong></span> <span class='ocrx_word' id='word_1_156' title='bbox 2665 631 2944 687; x_wconf 85' lang='lat' dir='ltr'><strong><em>astruendo</em></strong></span> <span class='ocrx_word' id='word_1_157' title='bbox 2989 641 3037 686; x_wconf 92' lang='lat' dir='ltr'><strong>te</strong></span> <span class='ocrx_word' id='word_1_158' title='bbox 3083 633 3317 689; x_wconf 85' lang='lat' dir='ltr'><strong><em>omnibus</em></strong></span> <span class='ocrx_word' id='word_1_159' title='bbox 3359 636 3577 708; x_wconf 81' lang='lat' dir='ltr'><strong><em>ﬂagitiis</em></strong></span> 
     </span>
    </p>
   </div>
   <div class='ocr_carea' id='block_1_21' title="bbox 1963 715 3579 793">
    <p class='ocr_par' dir='ltr' id='par_1_21' title="bbox 1963 715 3579 793">
     <span class='ocr_line' id='line_1_21' title="bbox 1963 715 3579 793; baseline 0.011 -25"><span class='ocrx_word' id='word_1_160' title='bbox 1963 715 2063 770; x_wconf 87' lang='lat' dir='ltr'><strong><em>tuis</em></strong></span> <span class='ocrx_word' id='word_1_161' title='bbox 2114 715 2375 771; x_wconf 87' lang='lat' dir='ltr'><strong><em>maculato</em></strong></span> <span class='ocrx_word' id='word_1_162' title='bbox 2423 715 2610 772; x_wconf 88' lang='lat' dir='ltr'><strong><em>Edicto</em></strong></span> <span class='ocrx_word' id='word_1_163' title='bbox 2658 728 2745 774; x_wconf 90' lang='lat' dir='ltr'><strong>tuo</strong></span> <span class='ocrx_word' id='word_1_164' title='bbox 2791 724 3098 793; x_wconf 84' lang='lat' dir='ltr'><strong><em>rescissore,</em></strong></span> <span class='ocrx_word' id='word_1_165' title='bbox 3144 740 3305 781; x_wconf 84' lang='lat' dir='ltr'><strong><em>messe</em></strong></span> <span class='ocrx_word' id='word_1_166' title='bbox 3347 728 3579 785; x_wconf 80' lang='lat' dir='ltr'><strong><em>omnium</em></strong></span> 
     </span>
    </p>
   </div>
   <div class='ocr_carea' id='block_1_22' title="bbox 1959 809 3571 889">
    <p class='ocr_par' dir='ltr' id='par_1_22' title="bbox 1959 809 3571 889">
     <span class='ocr_line' id='line_1_22' title="bbox 1959 809 3571 889; baseline 0.012 -28"><span class='ocrx_word' id='word_1_167' title='bbox 1959 823 2233 875; x_wconf 87' lang='lat' dir='ltr'><strong><em>errorum;</em></strong></span> <span class='ocrx_word' id='word_1_168' title='bbox 2267 820 2378 865; x_wconf 92' lang='lat' dir='ltr'><strong>tum</strong></span> <span class='ocrx_word' id='word_1_169' title='bbox 2402 854 2415 878; x_wconf 95' lang='lat'><strong><em>,</em></strong></span> <span class='ocrx_word' id='word_1_170' title='bbox 2455 809 2677 867; x_wconf 83' lang='lat' dir='ltr'><strong><em>Novella</em></strong></span> <span class='ocrx_word' id='word_1_171' title='bbox 2710 823 2797 868; x_wconf 88' lang='lat' dir='ltr'><strong>tua</strong></span> <span class='ocrx_word' id='word_1_172' title='bbox 2828 816 3169 889; x_wconf 73' lang='lat' dir='ltr'><strong><em>praedicatio,</em></strong></span> <span class='ocrx_word' id='word_1_173' title='bbox 3201 829 3250 875; x_wconf 85' lang='lat' dir='ltr'><strong><em>et</em></strong></span> <span class='ocrx_word' id='word_1_174' title='bbox 3276 836 3454 879; x_wconf 87' lang='lat' dir='ltr'><strong><em>recens</em></strong></span> <span class='ocrx_word' id='word_1_175' title='bbox 3487 837 3571 879; x_wconf 81' lang='lat' dir='ltr'><strong>re-</strong></span> 
     </span>
    </p>
   </div>
   <div class='ocr_carea' id='block_1_23' title="bbox 1961 902 3577 983">
    <p class='ocr_par' dir='ltr' id='par_1_23' title="bbox 1961 902 3577 983">
     <span class='ocr_line' id='line_1_23' title="bbox 1961 902 3577 983; baseline 0.009 -28"><span class='ocrx_word' id='word_1_176' title='bbox 1961 902 2087 975; x_wconf 87' lang='lat' dir='ltr'><strong>ligio</strong></span> <span class='ocrx_word' id='word_1_177' title='bbox 2124 903 2215 959; x_wconf 86' lang='lat' dir='ltr'><strong>sub</strong></span> <span class='ocrx_word' id='word_1_178' title='bbox 2258 914 2513 976; x_wconf 70' lang='lat' dir='ltr'><strong><em>pra’textu</em></strong></span> <span class='ocrx_word' id='word_1_179' title='bbox 2548 904 2700 961; x_wconf 84' lang='lat' dir='ltr'><strong><em>Fidei</em></strong></span> <span class='ocrx_word' id='word_1_180' title='bbox 2733 908 3052 981; x_wconf 76' lang='lat' dir='ltr'><strong>blasphemia</strong></span> <span class='ocrx_word' id='word_1_181' title='bbox 3082 912 3135 971; x_wconf 87' lang='lat' dir='ltr'><strong><em>in</em></strong></span> <span class='ocrx_word' id='word_1_182' title='bbox 3164 914 3446 983; x_wconf 78' lang='lat' dir='ltr'><strong><em>perniciem</em></strong></span> <span class='ocrx_word' id='word_1_183' title='bbox 3486 930 3577 969; x_wconf 83' lang='lat' dir='ltr'><strong><em>sa-</em></strong></span> 
     </span>
    </p>
   </div>
   <div class='ocr_carea' id='block_1_24' title="bbox 1963 992 3580 1067">
    <p class='ocr_par' dir='ltr' id='par_1_24' title="bbox 1963 992 3580 1067">
     <span class='ocr_line' id='line_1_24' title="bbox 1963 992 3580 1067; baseline 0.011 -23"><span class='ocrx_word' id='word_1_184' title='bbox 1963 992 2088 1049; x_wconf 88' lang='lat' dir='ltr'><strong><em>lutis</em></strong></span> <span class='ocrx_word' id='word_1_185' title='bbox 2118 1004 2220 1049; x_wconf 73' lang='lat' dir='ltr'><strong><em>tua:</em></strong></span> <span class='ocrx_word' id='word_1_186' title='bbox 2260 1012 2351 1066; x_wconf 89' lang='lat' dir='ltr'><strong>per</strong></span> <span class='ocrx_word' id='word_1_187' title='bbox 2390 1006 2437 1050; x_wconf 90' lang='lat' dir='ltr'><strong><em>te</em></strong></span> <span class='ocrx_word' id='word_1_188' title='bbox 2465 996 2720 1067; x_wconf 88' lang='lat' dir='ltr'><strong><em>prolata;</em></strong></span> <span class='ocrx_word' id='word_1_189' title='bbox 2759 1014 2822 1055; x_wconf 91' lang='lat' dir='ltr'><strong>ac</strong></span> <span class='ocrx_word' id='word_1_190' title='bbox 2851 1016 3068 1059; x_wconf 86' lang='lat' dir='ltr'><strong>rursum</strong></span> <span class='ocrx_word' id='word_1_191' title='bbox 3097 1021 3110 1060; x_wconf 91' lang='lat'><strong>:</strong></span> <span class='ocrx_word' id='word_1_192' title='bbox 3145 1002 3310 1061; x_wconf 82' lang='lat' dir='ltr'><strong>Nisus</strong></span> <span class='ocrx_word' id='word_1_193' title='bbox 3352 1021 3404 1059; x_wconf 87' lang='lat' dir='ltr'><strong><em>es</em></strong></span> <span class='ocrx_word' id='word_1_194' title='bbox 3438 1006 3580 1063; x_wconf 87' lang='lat' dir='ltr'><strong><em>blas-</em></strong></span> 
     </span>
    </p>
   </div>
   <div class='ocr_carea' id='block_1_25' title="bbox 1960 1085 3580 1171">
    <p class='ocr_par' dir='ltr' id='par_1_25' title="bbox 1960 1085 3580 1171">
     <span class='ocr_line' id='line_1_25' title="bbox 1960 1085 3580 1171; baseline 0.011 -32"><span class='ocrx_word' id='word_1_195' title='bbox 1960 1085 2219 1156; x_wconf 86' lang='lat' dir='ltr'><strong><em>phemiam</em></strong></span> <span class='ocrx_word' id='word_1_196' title='bbox 2248 1088 2591 1165; x_wconf 83' lang='lat' dir='ltr'><strong><em>consacrilegi</em></strong></span> <span class='ocrx_word' id='word_1_197' title='bbox 2632 1093 2707 1145; x_wconf 89' lang='lat' dir='ltr'><strong><em>tui</em></strong></span> <span class='ocrx_word' id='word_1_198' title='bbox 2744 1091 2857 1147; x_wconf 84' lang='lat' dir='ltr'><strong><em>Arii</em></strong></span> <span class='ocrx_word' id='word_1_199' title='bbox 2888 1111 2974 1152; x_wconf 89' lang='lat' dir='ltr'><strong>ore</strong></span> <span class='ocrx_word' id='word_1_200' title='bbox 3006 1097 3262 1167; x_wconf 77' lang='lat' dir='ltr'><strong><em>prolatam</em></strong></span> <span class='ocrx_word' id='word_1_201' title='bbox 3310 1114 3448 1153; x_wconf 87' lang='lat' dir='ltr'><strong><em>nunc</em></strong></span> <span class='ocrx_word' id='word_1_202' title='bbox 3489 1116 3580 1171; x_wconf 87' lang='lat' dir='ltr'><strong>per</strong></span> 
     </span>
    </p>
   </div>
   <div class='ocr_carea' id='block_1_26' title="bbox 1958 1181 3581 1262">
    <p class='ocr_par' dir='ltr' id='par_1_26' title="bbox 1958 1181 3581 1262">
     <span class='ocr_line' id='line_1_26' title="bbox 1958 1181 3581 1262; baseline 0.009 -29"><span class='ocrx_word' id='word_1_203' title='bbox 1958 1181 2211 1235; x_wconf 76' lang='lat' dir='ltr'><strong><em>satellites</em></strong></span> <span class='ocrx_word' id='word_1_204' title='bbox 2260 1192 2377 1239; x_wconf 89' lang='lat' dir='ltr'><strong><em>tuos</em></strong></span> <span class='ocrx_word' id='word_1_205' title='bbox 2407 1222 2421 1248; x_wconf 92' lang='lat'><strong><em>,</em></strong></span> <span class='ocrx_word' id='word_1_206' title='bbox 2471 1200 2607 1238; x_wconf 88' lang='lat' dir='ltr'><strong><em>nunc</em></strong></span> <span class='ocrx_word' id='word_1_207' title='bbox 2638 1186 2804 1241; x_wconf 87' lang='lat' dir='ltr'><strong><em>edicto</em></strong></span> <span class='ocrx_word' id='word_1_208' title='bbox 2846 1197 2933 1242; x_wconf 90' lang='lat' dir='ltr'><strong>tuo</strong></span> <span class='ocrx_word' id='word_1_209' title='bbox 2955 1231 2969 1256; x_wconf 90' lang='lat'><strong>,</strong></span> <span class='ocrx_word' id='word_1_210' title='bbox 3000 1206 3138 1245; x_wconf 88' lang='lat' dir='ltr'><strong><em>nunc</em></strong></span> <span class='ocrx_word' id='word_1_211' title='bbox 3178 1191 3449 1262; x_wconf 83' lang='lat' dir='ltr'><strong><em>spiritibus</em></strong></span> <span class='ocrx_word' id='word_1_212' title='bbox 3478 1194 3581 1247; x_wconf 81' lang='lat' dir='ltr'><strong><em>im-</em></strong></span> 
     </span>
    </p>
   </div>
   <div class='ocr_carea' id='block_1_27' title="bbox 1962 1277 3585 1355">
    <p class='ocr_par' dir='ltr' id='par_1_27' title="bbox 1962 1277 3585 1355">
     <span class='ocr_line' id='line_1_27' title="bbox 1962 1277 3585 1355; baseline 0.012 -30"><span class='ocrx_word' id='word_1_213' title='bbox 1962 1277 2169 1333; x_wconf 82' lang='lat' dir='ltr'><strong><em>nnmdis</em></strong></span> <span class='ocrx_word' id='word_1_214' title='bbox 2198 1277 2388 1347; x_wconf 77' lang='lat' dir='ltr'><strong><em>referto</em></strong></span> <span class='ocrx_word' id='word_1_215' title='bbox 2416 1292 2505 1332; x_wconf 90' lang='lat' dir='ltr'><strong>ore</strong></span> <span class='ocrx_word' id='word_1_216' title='bbox 2539 1288 2627 1333; x_wconf 89' lang='lat' dir='ltr'><strong>tuo</strong></span> <span class='ocrx_word' id='word_1_217' title='bbox 2645 1280 2952 1349; x_wconf 75' lang='lat' dir='ltr'><strong><em>prwdicare.</em></strong></span> <span class='ocrx_word' id='word_1_218' title='bbox 2980 1284 3136 1355; x_wconf 84' lang='lat' dir='ltr'><strong>Quod</strong></span> <span class='ocrx_word' id='word_1_219' title='bbox 3160 1296 3341 1342; x_wconf 84' lang='lat' dir='ltr'><strong>autem</strong></span> <span class='ocrx_word' id='word_1_220' title='bbox 3365 1286 3585 1345; x_wconf 81' lang='lat' dir='ltr'><strong>Lucifer</strong></span> 
     </span>
    </p>
   </div>
   <div class='ocr_carea' id='block_1_28' title="bbox 1965 1367 3586 1453">
    <p class='ocr_par' dir='ltr' id='par_1_28' title="bbox 1965 1367 3586 1453">
     <span class='ocr_line' id='line_1_28' title="bbox 1965 1367 3586 1453; baseline 0.008 -30"><span class='ocrx_word' id='word_1_221' title='bbox 1965 1367 2140 1424; x_wconf 86' lang='lat' dir='ltr'><strong>Edicti</strong></span> <span class='ocrx_word' id='word_1_222' title='bbox 2172 1372 2392 1427; x_wconf 89' lang='lat' dir='ltr'><strong><em>nomine</em></strong></span> <span class='ocrx_word' id='word_1_223' title='bbox 2424 1373 2561 1429; x_wconf 89' lang='lat' dir='ltr'><strong>hanc</strong></span> <span class='ocrx_word' id='word_1_224' title='bbox 2594 1376 2883 1447; x_wconf 86' lang='lat' dir='ltr'><strong><em>epistolam</em></strong></span> <span class='ocrx_word' id='word_1_225' title='bbox 2917 1379 3215 1453; x_wconf 84' lang='lat' dir='ltr'><strong>signiticet,</strong></span> <span class='ocrx_word' id='word_1_226' title='bbox 3253 1389 3366 1437; x_wconf 92' lang='lat' dir='ltr'><strong>tum</strong></span> <span class='ocrx_word' id='word_1_227' title='bbox 3397 1396 3586 1437; x_wconf 82' lang='lat' dir='ltr'><strong>exem-</strong></span> 
     </span>
    </p>
   </div>
   <div class='ocr_carea' id='block_1_29' title="bbox 1964 1462 3579 1547">
    <p class='ocr_par' dir='ltr' id='par_1_29' title="bbox 1964 1462 3579 1547">
     <span class='ocr_line' id='line_1_29' title="bbox 1964 1462 3579 1547; baseline 0.011 -31"><span class='ocrx_word' id='word_1_228' title='bbox 1964 1462 2052 1531; x_wconf 88' lang='lat' dir='ltr'><strong>plo</strong></span> <span class='ocrx_word' id='word_1_229' title='bbox 2078 1462 2359 1521; x_wconf 85' lang='lat' dir='ltr'><strong>Athanasii</strong></span> <span class='ocrx_word' id='word_1_230' title='bbox 2383 1468 2699 1523; x_wconf 87' lang='lat' dir='ltr'><strong>contirmari</strong></span> <span class='ocrx_word' id='word_1_231' title='bbox 2722 1478 2939 1541; x_wconf 90' lang='lat' dir='ltr'><strong>potest,</strong></span> <span class='ocrx_word' id='word_1_232' title='bbox 2965 1471 3058 1547; x_wconf 88' lang='lat' dir='ltr'><strong>qui</strong></span> <span class='ocrx_word' id='word_1_233' title='bbox 3087 1473 3297 1531; x_wconf 81' lang='lat' dir='ltr'><strong>litteras</strong></span> <span class='ocrx_word' id='word_1_234' title='bbox 3325 1474 3579 1533; x_wconf 70' lang='lat' dir='ltr'><strong>Prmfecti</strong></span> 
     </span>
    </p>
   </div>
   <div class='ocr_carea' id='block_1_30' title="bbox 1964 1551 3586 1637">
    <p class='ocr_par' dir='ltr' id='par_1_30' title="bbox 1964 1551 3586 1637">
     <span class='ocr_line' id='line_1_30' title="bbox 1964 1551 3586 1637; baseline 0.01 -29"><span class='ocrx_word' id='word_1_235' title='bbox 1964 1551 2181 1626; x_wconf 61' lang='lat' dir='ltr'><strong>Egypti</strong></span> <span class='ocrx_word' id='word_1_236' title='bbox 2201 1555 2269 1612; x_wconf 90' lang='lat' dir='ltr'><strong>de</strong></span> <span class='ocrx_word' id='word_1_237' title='bbox 2292 1556 2529 1630; x_wconf 84' lang='lat' dir='ltr'><strong>Georgio</strong></span> <span class='ocrx_word' id='word_1_238' title='bbox 2564 1561 2614 1617; x_wconf 91' lang='lat' dir='ltr'><strong>in</strong></span> <span class='ocrx_word' id='word_1_239' title='bbox 2645 1560 2932 1621; x_wconf 83' lang='lat' dir='ltr'><strong>Athanasii</strong></span> <span class='ocrx_word' id='word_1_240' title='bbox 2968 1565 3137 1637; x_wconf 89' lang='lat' dir='ltr'><strong>ipsius</strong></span> <span class='ocrx_word' id='word_1_241' title='bbox 3167 1568 3345 1629; x_wconf 88' lang='lat' dir='ltr'><strong>locum</strong></span> <span class='ocrx_word' id='word_1_242' title='bbox 3381 1568 3586 1625; x_wconf 85' lang='lat' dir='ltr'><strong>substi—</strong></span> 
     </span>
    </p>
   </div>
   <div class='ocr_carea' id='block_1_31' title="bbox 1938 1649 3590 1735">
    <p class='ocr_par' dir='ltr' id='par_1_31' title="bbox 1938 1649 3590 1735">
     <span class='ocr_line' id='line_1_31' title="bbox 1938 1649 3590 1735; baseline 0.011 -34"><span class='ocrx_word' id='word_1_243' title='bbox 1938 1649 2169 1705; x_wconf 72' lang='lat' dir='ltr'><strong>tuendo</strong></span> <span class='ocrx_word' id='word_1_244' title='bbox 2199 1650 2251 1707; x_wconf 90' lang='lat' dir='ltr'><strong>in</strong></span> <span class='ocrx_word' id='word_1_245' title='bbox 2278 1654 2515 1724; x_wconf 87' lang='lat' dir='ltr'><strong><em>speciem</em></strong></span> <span class='ocrx_word' id='word_1_246' title='bbox 2550 1655 2729 1713; x_wconf 83' lang='lat' dir='ltr'><strong>Edicti</strong></span> <span class='ocrx_word' id='word_1_247' title='bbox 2762 1661 3070 1735; x_wconf 86' lang='lat' dir='ltr'><strong>propositas</strong></span> <span class='ocrx_word' id='word_1_248' title='bbox 3102 1661 3270 1717; x_wconf 89' lang='lat' dir='ltr'><strong>fuisse</strong></span> <span class='ocrx_word' id='word_1_249' title='bbox 3301 1662 3491 1723; x_wconf 85' lang='lat' dir='ltr'><strong>scribit</strong></span> <span class='ocrx_word' id='word_1_250' title='bbox 3519 1663 3590 1719; x_wconf 86' lang='lat' dir='ltr'><strong>ad</strong></span> 
     </span>
    </p>
   </div>
   <div class='ocr_carea' id='block_1_32' title="bbox 1968 1741 3585 1819">
    <p class='ocr_par' dir='ltr' id='par_1_32' title="bbox 1968 1741 3585 1819">
     <span class='ocr_line' id='line_1_32' title="bbox 1968 1741 3585 1819; baseline 0.014 -24"><span class='ocrx_word' id='word_1_251' title='bbox 1968 1741 2350 1812; x_wconf 79' lang='lat' dir='ltr'><strong>Orthodoxos,</strong></span> <span class='ocrx_word' id='word_1_252' title='bbox 2401 1747 2670 1819; x_wconf 81' lang='lat' dir='ltr'><strong>siquidem</strong></span> <span class='ocrx_word' id='word_1_253' title='bbox 2723 1750 2806 1805; x_wconf 73' lang='lat' dir='ltr'><strong>hac</strong></span> <span class='ocrx_word' id='word_1_254' title='bbox 2848 1752 3048 1809; x_wconf 62' lang='lat' dir='ltr'><strong>litterae</strong></span> <span class='ocrx_word' id='word_1_255' title='bbox 3098 1754 3164 1809; x_wconf 88' lang='lat' dir='ltr'><strong>ad</strong></span> <span class='ocrx_word' id='word_1_256' title='bbox 3215 1770 3420 1813; x_wconf 86' lang='lat' dir='ltr'><strong>annum</strong></span> <span class='ocrx_word' id='word_1_257' title='bbox 3478 1756 3585 1817; x_wconf 79' lang='lat'><strong>356</strong></span> 
     </span>
    </p>
   </div>
   <div class='ocr_carea' id='block_1_33' title="bbox 246 1828 3588 1911">
    <p class='ocr_par' dir='ltr' id='par_1_33' title="bbox 246 1828 3588 1911">
     <span class='ocr_line' id='line_1_33' title="bbox 246 1828 3588 1911; baseline 0.006 -30"><span class='ocrx_word' id='word_1_258' title='bbox 246 1828 497 1898; x_wconf 78' lang='lat' dir='ltr'><strong><em>firmare,</em></strong></span> <span class='ocrx_word' id='word_1_259' title='bbox 531 1838 742 1883; x_wconf 85' lang='lat' dir='ltr'><strong><em>conatus</em></strong></span> <span class='ocrx_word' id='word_1_260' title='bbox 771 1832 950 1900; x_wconf 79' lang='lat' dir='ltr'><strong><em>fueras</em></strong></span> <span class='ocrx_word' id='word_1_261' title='bbox 976 1831 1045 1883; x_wconf 87' lang='lat' dir='ltr'><strong>ad</strong></span> <span class='ocrx_word' id='word_1_262' title='bbox 1072 1845 1271 1884; x_wconf 85' lang='lat' dir='ltr'><strong><em>onmem</em></strong></span> <span class='ocrx_word' id='word_1_263' title='bbox 1305 1828 1406 1884; x_wconf 87' lang='lat' dir='ltr'><strong>Dei</strong></span> <span class='ocrx_word' id='word_1_264' title='bbox 1448 1828 1733 1883; x_wconf 78' lang='lat' dir='ltr'><strong><em>Ecclesiam</em></strong></span> <span class='ocrx_word' id='word_1_265' title='bbox 1778 1830 1866 1883; x_wconf 88' lang='lat' dir='ltr'><strong><em>de—</em></strong></span> <span class='ocrx_word' id='word_1_266' title='bbox 1898 1850 1943 1910; x_wconf 84' lang='lat' dir='ltr'><strong>B</strong></span> <span class='ocrx_word' id='word_1_267' title='bbox 1971 1832 2282 1889; x_wconf 80' lang='lat' dir='ltr'><strong>referantur</strong></span> <span class='ocrx_word' id='word_1_268' title='bbox 2330 1852 2453 1895; x_wconf 90' lang='lat' dir='ltr'><strong>cum</strong></span> <span class='ocrx_word' id='word_1_269' title='bbox 2502 1838 2668 1911; x_wconf 89' lang='lat' dir='ltr'><strong>Pagio</strong></span> <span class='ocrx_word' id='word_1_270' title='bbox 2696 1850 2756 1899; x_wconf 86' lang='lat' dir='ltr'><strong>et</strong></span> <span class='ocrx_word' id='word_1_271' title='bbox 2805 1842 3026 1899; x_wconf 83' lang='lat' dir='ltr'><strong>Valesio</strong></span> <span class='ocrx_word' id='word_1_272' title='bbox 3053 1843 3080 1879; x_wconf 67' lang='grc' dir='ltr'><strong>ι)</strong></span> <span class='ocrx_word' id='word_1_273' title='bbox 3131 1854 3320 1902; x_wconf 89' lang='lat' dir='ltr'><strong>contra</strong></span> <span class='ocrx_word' id='word_1_274' title='bbox 3364 1846 3588 1903; x_wconf 89' lang='lat' dir='ltr'><strong>Baronii</strong></span> 
     </span>
    </p>
   </div>
   <div class='ocr_carea' id='block_1_34' title="bbox 242 1922 1865 1994">
    <p class='ocr_par' dir='ltr' id='par_1_34' title="bbox 242 1922 1865 1994">
     <span class='ocr_line' id='line_1_34' title="bbox 242 1922 1865 1994; baseline 0 -16"><span class='ocrx_word' id='word_1_275' title='bbox 242 1923 591 1987; x_wconf 82' lang='lat' dir='ltr'><strong><em>struendam;</em></strong></span> <span class='ocrx_word' id='word_1_276' title='bbox 613 1938 730 1994; x_wconf 73' lang='lat' dir='ltr'><strong>qum</strong></span> <span class='ocrx_word' id='word_1_277' title='bbox 752 1925 931 1977; x_wconf 85' lang='lat' dir='ltr'><strong>omnia</strong></span> <span class='ocrx_word' id='word_1_278' title='bbox 955 1934 1107 1979; x_wconf 90' lang='lat' dir='ltr'><strong>certe</strong></span> <span class='ocrx_word' id='word_1_279' title='bbox 1128 1923 1534 1980; x_wconf 79' lang='lat' dir='ltr'><strong>Mediolanense</strong></span> <span class='ocrx_word' id='word_1_280' title='bbox 1562 1922 1865 1980; x_wconf 87' lang='lat' dir='ltr'><strong>Concilium</strong></span> 
     </span>
    </p>
   </div>
   <div class='ocr_carea' id='block_1_35' title="bbox 242 2020 1869 2093">
    <p class='ocr_par' dir='ltr' id='par_1_35' title="bbox 242 2020 1869 2093">
     <span class='ocr_line' id='line_1_35' title="bbox 242 2020 1869 2093; baseline 0 -18"><span class='ocrx_word' id='word_1_281' title='bbox 242 2028 533 2091; x_wconf 82' lang='lat' dir='ltr'><strong>spectant,</strong></span> <span class='ocrx_word' id='word_1_282' title='bbox 578 2022 734 2092; x_wconf 88' lang='lat' dir='ltr'><strong>cujus</strong></span> <span class='ocrx_word' id='word_1_283' title='bbox 781 2021 989 2078; x_wconf 87' lang='lat' dir='ltr'><strong>nefaria</strong></span> <span class='ocrx_word' id='word_1_284' title='bbox 1022 2032 1173 2093; x_wconf 86' lang='lat' dir='ltr'><strong>gesta</strong></span> <span class='ocrx_word' id='word_1_285' title='bbox 1218 2020 1435 2077; x_wconf 82' lang='lat' dir='ltr'><strong>Lucifer</strong></span> <span class='ocrx_word' id='word_1_286' title='bbox 1469 2023 1521 2076; x_wconf 91' lang='lat' dir='ltr'><strong>in</strong></span> <span class='ocrx_word' id='word_1_287' title='bbox 1566 2021 1680 2076; x_wconf 89' lang='lat' dir='ltr'><strong>suis</strong></span> <span class='ocrx_word' id='word_1_288' title='bbox 1712 2020 1869 2077; x_wconf 71' lang='lat' dir='ltr'><strong>libris</strong></span> 
     </span>
    </p>
   </div>
   <div class='ocr_carea' id='block_1_36' title="bbox 243 2113 1869 2190">
    <p class='ocr_par' dir='ltr' id='par_1_36' title="bbox 243 2113 1869 2190">
     <span class='ocr_line' id='line_1_36' title="bbox 243 2113 1869 2190; baseline -0.002 -19"><span class='ocrx_word' id='word_1_289' title='bbox 243 2116 512 2172; x_wconf 86' lang='lat' dir='ltr'><strong>omnibus</strong></span> <span class='ocrx_word' id='word_1_290' title='bbox 545 2118 849 2188; x_wconf 69' lang='lat' dir='ltr'><strong>smpissimc</strong></span> <span class='ocrx_word' id='word_1_291' title='bbox 881 2118 1221 2190; x_wconf 81' lang='lat' dir='ltr'><strong>perstringit.</strong></span> <span class='ocrx_word' id='word_1_292' title='bbox 1253 2116 1443 2188; x_wconf 85' lang='lat' dir='ltr'><strong>Neque</strong></span> <span class='ocrx_word' id='word_1_293' title='bbox 1471 2131 1531 2171; x_wconf 90' lang='lat' dir='ltr'><strong>ea</strong></span> <span class='ocrx_word' id='word_1_294' title='bbox 1566 2116 1631 2169; x_wconf 84' lang='lat' dir='ltr'><strong>ad</strong></span> <span class='ocrx_word' id='word_1_295' title='bbox 1665 2113 1869 2169; x_wconf 78' lang='lat' dir='ltr'><strong>Arimi-</strong></span> 
     </span>
    </p>
   </div>
   <div class='ocr_carea' id='block_1_37' title="bbox 244 2211 1869 2285">
    <p class='ocr_par' dir='ltr' id='par_1_37' title="bbox 244 2211 1869 2285">
     <span class='ocr_line' id='line_1_37' title="bbox 244 2211 1869 2285; baseline -0.001 -19"><span class='ocrx_word' id='word_1_296' title='bbox 244 2226 481 2267; x_wconf 84' lang='lat' dir='ltr'><strong>nensem</strong></span> <span class='ocrx_word' id='word_1_297' title='bbox 530 2211 813 2285; x_wconf 81' lang='lat' dir='ltr'><strong>Synodum</strong></span> <span class='ocrx_word' id='word_1_298' title='bbox 861 2213 1051 2269; x_wconf 86' lang='lat' dir='ltr'><strong>referri</strong></span> <span class='ocrx_word' id='word_1_299' title='bbox 1102 2222 1366 2284; x_wconf 88' lang='lat' dir='ltr'><strong>possunt,</strong></span> <span class='ocrx_word' id='word_1_300' title='bbox 1408 2227 1528 2266; x_wconf 89' lang='lat' dir='ltr'><strong>cum</strong></span> <span class='ocrx_word' id='word_1_301' title='bbox 1579 2211 1665 2265; x_wconf 89' lang='lat' dir='ltr'><strong>illa</strong></span> <span class='ocrx_word' id='word_1_302' title='bbox 1718 2211 1869 2282; x_wconf 86' lang='lat' dir='ltr'><strong>pacis</strong></span> 
     </span>
    </p>
   </div>
   <div class='ocr_carea' id='block_1_38' title="bbox 245 2305 1871 2376">
    <p class='ocr_par' dir='ltr' id='par_1_38' title="bbox 245 2305 1871 2376">
     <span class='ocr_line' id='line_1_38' title="bbox 245 2305 1871 2376; baseline 0.001 -18"><span class='ocrx_word' id='word_1_303' title='bbox 245 2306 389 2360; x_wconf 87' lang='lat' dir='ltr'><strong><em>item</em></strong></span> <span class='ocrx_word' id='word_1_304' title='bbox 422 2306 650 2362; x_wconf 87' lang='lat' dir='ltr'><strong>obtentu</strong></span> <span class='ocrx_word' id='word_1_305' title='bbox 695 2321 724 2360; x_wconf 91' lang='lat' dir='ltr'><strong>a</strong></span> <span class='ocrx_word' id='word_1_306' title='bbox 753 2306 1078 2362; x_wconf 87' lang='lat' dir='ltr'><strong>Constantio</strong></span> <span class='ocrx_word' id='word_1_307' title='bbox 1112 2316 1298 2376; x_wconf 88' lang='lat' dir='ltr'><strong>postea</strong></span> <span class='ocrx_word' id='word_1_308' title='bbox 1333 2306 1495 2362; x_wconf 84' lang='lat' dir='ltr'><strong>fuerit</strong></span> <span class='ocrx_word' id='word_1_309' title='bbox 1539 2305 1775 2367; x_wconf 86' lang='lat' dir='ltr'><strong>indicta,</strong></span> <span class='ocrx_word' id='word_1_310' title='bbox 1812 2313 1871 2359; x_wconf 90' lang='lat' dir='ltr'><strong>ut</strong></span> 
     </span>
    </p>
   </div>
   <div class='ocr_carea' id='block_1_39' title="bbox 242 2397 1869 2466">
    <p class='ocr_par' dir='ltr' id='par_1_39' title="bbox 242 2397 1869 2466">
     <span class='ocr_line' id='line_1_39' title="bbox 242 2397 1869 2466; baseline 0 -13"><span class='ocrx_word' id='word_1_311' title='bbox 242 2397 603 2454; x_wconf 89' lang='lat' dir='ltr'><strong>Sozomenus</strong></span> <span class='ocrx_word' id='word_1_312' title='bbox 628 2397 656 2437; x_wconf 64' lang='grc' dir='ltr'>δ</span> <span class='ocrx_word' id='word_1_313' title='bbox 689 2409 744 2456; x_wconf 89' lang='lat' dir='ltr'><strong>et</strong></span> <span class='ocrx_word' id='word_1_314' title='bbox 770 2399 1029 2456; x_wconf 86' lang='lat' dir='ltr'><strong>Socrates</strong></span> <span class='ocrx_word' id='word_1_315' title='bbox 1060 2410 1082 2439; x_wconf 79' lang='grc' dir='ltr'><strong>ο</strong></span> <span class='ocrx_word' id='word_1_316' title='bbox 1110 2408 1402 2466; x_wconf 86' lang='lat' dir='ltr'><strong>testantur,</strong></span> <span class='ocrx_word' id='word_1_317' title='bbox 1438 2399 1533 2455; x_wconf 90' lang='lat' dir='ltr'><strong>sed</strong></span> <span class='ocrx_word' id='word_1_318' title='bbox 1570 2401 1695 2455; x_wconf 88' lang='lat' dir='ltr'><strong>ticto</strong></span> <span class='ocrx_word' id='word_1_319' title='bbox 1724 2415 1869 2455; x_wconf 91' lang='lat' dir='ltr'><strong>sem-</strong></span> 
     </span>
    </p>
   </div>
   <div class='ocr_carea' id='block_1_40' title="bbox 243 2493 1866 2566">
    <p class='ocr_par' dir='ltr' id='par_1_40' title="bbox 243 2493 1866 2566">
     <span class='ocr_line' id='line_1_40' title="bbox 243 2493 1866 2566; baseline 0.001 -19"><span class='ocrx_word' id='word_1_320' title='bbox 243 2507 353 2564; x_wconf 85' lang='lat' dir='ltr'><strong>per</strong></span> <span class='ocrx_word' id='word_1_321' title='bbox 386 2502 440 2548; x_wconf 87' lang='lat' dir='ltr'><strong>et</strong></span> <span class='ocrx_word' id='word_1_322' title='bbox 477 2494 669 2566; x_wconf 89' lang='lat' dir='ltr'><strong>iniquo</strong></span> <span class='ocrx_word' id='word_1_323' title='bbox 709 2493 1097 2552; x_wconf 64' lang='lat' dir='ltr'><strong>haereticorum</strong></span> <span class='ocrx_word' id='word_1_324' title='bbox 1130 2496 1363 2552; x_wconf 89' lang='lat' dir='ltr'><strong>consilio</strong></span> <span class='ocrx_word' id='word_1_325' title='bbox 1397 2514 1408 2550; x_wconf 91' lang='lat'><strong>:</strong></span> <span class='ocrx_word' id='word_1_326' title='bbox 1456 2495 1673 2552; x_wconf 80' lang='lat' dir='ltr'><strong>Lucifer</strong></span> <span class='ocrx_word' id='word_1_327' title='bbox 1719 2495 1866 2565; x_wconf 82' lang='lat' dir='ltr'><strong>cnim</strong></span> 
     </span>
    </p>
   </div>
   <div class='ocr_carea' id='block_1_41' title="bbox 245 2586 1865 2658">
    <p class='ocr_par' dir='ltr' id='par_1_41' title="bbox 245 2586 1865 2658">
     <span class='ocr_line' id='line_1_41' title="bbox 245 2586 1865 2658; baseline 0 -17"><span class='ocrx_word' id='word_1_328' title='bbox 245 2600 317 2641; x_wconf 86' lang='lat' dir='ltr'><strong>se</strong></span> <span class='ocrx_word' id='word_1_329' title='bbox 344 2586 395 2641; x_wconf 91' lang='lat' dir='ltr'><strong>id</strong></span> <span class='ocrx_word' id='word_1_330' title='bbox 424 2602 454 2642; x_wconf 87' lang='lat' dir='ltr'><strong>a</strong></span> <span class='ocrx_word' id='word_1_331' title='bbox 474 2588 799 2645; x_wconf 78' lang='lat' dir='ltr'><strong>Constantio</strong></span> <span class='ocrx_word' id='word_1_332' title='bbox 829 2589 1046 2645; x_wconf 86' lang='lat' dir='ltr'><strong>audisse</strong></span> <span class='ocrx_word' id='word_1_333' title='bbox 1076 2589 1343 2655; x_wconf 86' lang='lat' dir='ltr'><strong>affirmat,</strong></span> <span class='ocrx_word' id='word_1_334' title='bbox 1376 2587 1559 2642; x_wconf 84' lang='lat' dir='ltr'><strong><em>Pacem</em></strong></span> <span class='ocrx_word' id='word_1_335' title='bbox 1589 2590 1702 2645; x_wconf 80' lang='lat' dir='ltr'><strong><em>uolo</em></strong></span> <span class='ocrx_word' id='word_1_336' title='bbox 1729 2588 1865 2658; x_wconf 83' lang='lat' dir='ltr'><strong><em>ﬁeri,</em></strong></span> 
     </span>
    </p>
   </div>
   <div class='ocr_carea' id='block_1_42' title="bbox 246 2679 1867 2752">
    <p class='ocr_par' dir='ltr' id='par_1_42' title="bbox 246 2679 1867 2752">
     <span class='ocr_line' id='line_1_42' title="bbox 246 2679 1867 2752; baseline -0.001 -17"><span class='ocrx_word' id='word_1_337' title='bbox 246 2693 381 2735; x_wconf 88' lang='lat' dir='ltr'><strong>cum</strong></span> <span class='ocrx_word' id='word_1_338' title='bbox 433 2695 630 2752; x_wconf 84' lang='lat' dir='ltr'><strong>nempe</strong></span> <span class='ocrx_word' id='word_1_339' title='bbox 668 2679 905 2752; x_wconf 82' lang='lat' dir='ltr'><strong>Legatus</strong></span> <span class='ocrx_word' id='word_1_340' title='bbox 946 2680 1229 2737; x_wconf 82' lang='lat' dir='ltr'><strong>Pontificis</strong></span> <span class='ocrx_word' id='word_1_341' title='bbox 1270 2679 1519 2736; x_wconf 87' lang='lat' dir='ltr'><strong>Concilio</strong></span> <span class='ocrx_word' id='word_1_342' title='bbox 1568 2689 1867 2752; x_wconf 64' lang='lat' dir='ltr'><strong>praeesset;</strong></span> 
     </span>
    </p>
   </div>
   <div class='ocr_carea' id='block_1_43' title="bbox 250 2772 1866 2847">
    <p class='ocr_par' dir='ltr' id='par_1_43' title="bbox 250 2772 1866 2847">
     <span class='ocr_line' id='line_1_43' title="bbox 250 2772 1866 2847; baseline -0.001 -17"><span class='ocrx_word' id='word_1_343' title='bbox 250 2782 316 2830; x_wconf 84' lang='lat' dir='ltr'><strong>et</strong></span> <span class='ocrx_word' id='word_1_344' title='bbox 340 2772 595 2830; x_wconf 87' lang='lat' dir='ltr'><strong>Liberius</strong></span> <span class='ocrx_word' id='word_1_345' title='bbox 623 2775 689 2830; x_wconf 90' lang='lat' dir='ltr'><strong>ad</strong></span> <span class='ocrx_word' id='word_1_346' title='bbox 725 2775 1038 2831; x_wconf 86' lang='lat' dir='ltr'><strong>Luciferum</strong></span> <span class='ocrx_word' id='word_1_347' title='bbox 1071 2776 1323 2832; x_wconf 85' lang='lat' dir='ltr'><strong>scribens</strong></span> <span class='ocrx_word' id='word_1_348' title='bbox 1356 2776 1539 2847; x_wconf 81' lang='lat' dir='ltr'><strong>paullo</strong></span> <span class='ocrx_word' id='word_1_349' title='bbox 1572 2785 1693 2845; x_wconf 86' lang='lat' dir='ltr'><strong>post</strong></span> <span class='ocrx_word' id='word_1_350' title='bbox 1726 2775 1866 2830; x_wconf 77' lang='lat' dir='ltr'><strong>idem</strong></span> 
     </span>
    </p>
   </div>
   <div class='ocr_carea' id='block_1_44' title="bbox 250 2867 1864 2942">
    <p class='ocr_par' dir='ltr' id='par_1_44' title="bbox 250 2867 1864 2942">
     <span class='ocr_line' id='line_1_44' title="bbox 250 2867 1864 2942; baseline -0.001 -20"><span class='ocrx_word' id='word_1_351' title='bbox 250 2867 561 2923; x_wconf 87' lang='lat' dir='ltr'><strong>Concilium</strong></span> <span class='ocrx_word' id='word_1_352' title='bbox 585 2868 713 2924; x_wconf 86' lang='lat' dir='ltr'><strong>hinc</strong></span> <span class='ocrx_word' id='word_1_353' title='bbox 734 2870 1026 2942; x_wconf 85' lang='lat' dir='ltr'><strong>epistolam</strong></span> <span class='ocrx_word' id='word_1_354' title='bbox 1051 2869 1341 2926; x_wconf 83' lang='lat' dir='ltr'><strong>exorditur</strong></span> <span class='ocrx_word' id='word_1_355' title='bbox 1361 2886 1483 2942; x_wconf 92' lang='lat' dir='ltr'><strong>pag.</strong></span> <span class='ocrx_word' id='word_1_356' title='bbox 1500 2870 1535 2924; x_wconf 70' lang='grc' dir='ltr'><strong>οὶ</strong></span> <span class='ocrx_word' id='word_1_357' title='bbox 1553 2868 1679 2942; x_wconf 82' lang='lat' dir='ltr'><strong><em>(col.</em></strong></span> <span class='ocrx_word' id='word_1_358' title='bbox 1706 2868 1864 2942; x_wconf 83' lang='lat'><strong>766):</strong></span> 
     </span>
    </p>
   </div>
   <div class='ocr_carea' id='block_1_45' title="bbox 252 2958 1871 3038">
    <p class='ocr_par' dir='ltr' id='par_1_45' title="bbox 252 2958 1871 3038">
     <span class='ocr_line' id='line_1_45' title="bbox 252 2958 1871 3038; baseline 0.003 -26"><span class='ocrx_word' id='word_1_359' title='bbox 252 2958 511 3027; x_wconf 83' lang='lat' dir='ltr'><strong><em>Quamvis</em></strong></span> <span class='ocrx_word' id='word_1_360' title='bbox 532 2962 626 3015; x_wconf 88' lang='lat' dir='ltr'><strong><em>sub</em></strong></span> <span class='ocrx_word' id='word_1_361' title='bbox 649 2962 878 3033; x_wconf 87' lang='lat' dir='ltr'><strong><em>imagine</em></strong></span> <span class='ocrx_word' id='word_1_362' title='bbox 898 2963 1043 3036; x_wconf 91' lang='lat' dir='ltr'><strong><em>pacis</em></strong></span> <span class='ocrx_word' id='word_1_363' title='bbox 1064 2962 1280 3018; x_wconf 85' lang='lat' dir='ltr'><strong><em>humani</em></strong></span> <span class='ocrx_word' id='word_1_364' title='bbox 1295 2964 1501 3038; x_wconf 85' lang='lat' dir='ltr'><strong><em>generis</em></strong></span> <span class='ocrx_word' id='word_1_365' title='bbox 1525 2963 1766 3018; x_wconf 87' lang='lat' dir='ltr'><strong><em>inimicus</em></strong></span> <span class='ocrx_word' id='word_1_366' title='bbox 1789 2978 1871 3023; x_wconf 86' lang='lat' dir='ltr'><strong>ue-</strong></span> 
     </span>
    </p>
   </div>
   <div class='ocr_carea' id='block_1_46' title="bbox 250 3056 1864 3133">
    <p class='ocr_par' dir='ltr' id='par_1_46' title="bbox 250 3056 1864 3133">
     <span class='ocr_line' id='line_1_46' title="bbox 250 3056 1864 3133; baseline 0.002 -24"><span class='ocrx_word' id='word_1_367' title='bbox 250 3056 545 3111; x_wconf 85' lang='lat' dir='ltr'><strong><em>hementius</em></strong></span> <span class='ocrx_word' id='word_1_368' title='bbox 564 3058 617 3111; x_wconf 87' lang='lat' dir='ltr'><strong><em>in</em></strong></span> <span class='ocrx_word' id='word_1_369' title='bbox 645 3057 874 3115; x_wconf 87' lang='lat' dir='ltr'><strong><em>membra</em></strong></span> <span class='ocrx_word' id='word_1_370' title='bbox 896 3058 1148 3114; x_wconf 75' lang='lat' dir='ltr'><strong><em>Ecclesia:</em></strong></span> <span class='ocrx_word' id='word_1_371' title='bbox 1168 3059 1406 3113; x_wconf 83' lang='lat' dir='ltr'><strong><em>videatur</em></strong></span> <span class='ocrx_word' id='word_1_372' title='bbox 1427 3076 1539 3115; x_wconf 88' lang='lat' dir='ltr'><strong><em>esse</em></strong></span> <span class='ocrx_word' id='word_1_373' title='bbox 1560 3067 1829 3133; x_wconf 85' lang='lat' dir='ltr'><strong><em>grassatus</em></strong></span> <span class='ocrx_word' id='word_1_374' title='bbox 1846 3101 1864 3126; x_wconf 93' lang='lat'><strong>,</strong></span> 
     </span>
    </p>
   </div>
   <div class='ocr_carea' id='block_1_47' title="bbox 255 3148 1868 3225">
    <p class='ocr_par' dir='ltr' id='par_1_47' title="bbox 255 3148 1868 3225">
     <span class='ocr_line' id='line_1_47' title="bbox 255 3148 1868 3225; baseline 0.001 -21"><span class='ocrx_word' id='word_1_375' title='bbox 255 3165 348 3205; x_wconf 79' lang='lat' dir='ltr'><strong><em>vos</em></strong></span> <span class='ocrx_word' id='word_1_376' title='bbox 368 3159 566 3218; x_wconf 88' lang='lat' dir='ltr'><strong><em>tamen,</em></strong></span> <span class='ocrx_word' id='word_1_377' title='bbox 584 3160 683 3205; x_wconf 89' lang='lat' dir='ltr'><strong><em>etc.</em></strong></span> <span class='ocrx_word' id='word_1_378' title='bbox 702 3150 852 3207; x_wconf 88' lang='lat' dir='ltr'><strong>llanc</strong></span> <span class='ocrx_word' id='word_1_379' title='bbox 868 3148 1053 3225; x_wconf 59' lang='lat' dir='ltr'><strong>itaque</strong></span> <span class='ocrx_word' id='word_1_380' title='bbox 1071 3152 1139 3208; x_wconf 94' lang='lat' dir='ltr'><strong>ob</strong></span> <span class='ocrx_word' id='word_1_381' title='bbox 1157 3168 1378 3208; x_wconf 82' lang='lat' dir='ltr'><strong>causam</strong></span> <span class='ocrx_word' id='word_1_382' title='bbox 1398 3152 1593 3224; x_wconf 83' lang='lat' dir='ltr'><strong>duplex</strong></span> <span class='ocrx_word' id='word_1_383' title='bbox 1622 3150 1868 3207; x_wconf 82' lang='lat' dir='ltr'><strong><em>Edictum</em></strong></span> 
     </span>
    </p>
   </div>
   <div class='ocr_carea' id='block_1_48' title="bbox 1970 1928 3587 2007">
    <p class='ocr_par' dir='ltr' id='par_1_48' title="bbox 1970 1928 3587 2007">
     <span class='ocr_line' id='line_1_48' title="bbox 1970 1928 3587 2007; baseline 0.009 -27"><span class='ocrx_word' id='word_1_384' title='bbox 1970 1928 2327 1995; x_wconf 89' lang='lat' dir='ltr'><strong>sententiam,</strong></span> <span class='ocrx_word' id='word_1_385' title='bbox 2351 1929 2443 2002; x_wconf 88' lang='lat' dir='ltr'><strong>qui</strong></span> <span class='ocrx_word' id='word_1_386' title='bbox 2466 1931 2685 1989; x_wconf 89' lang='lat' dir='ltr'><strong>easdem</strong></span> <span class='ocrx_word' id='word_1_387' title='bbox 2709 1932 2776 1989; x_wconf 91' lang='lat' dir='ltr'><strong>de</strong></span> <span class='ocrx_word' id='word_1_388' title='bbox 2790 1932 3057 2007; x_wconf 87' lang='lat' dir='ltr'><strong>Gregorio</strong></span> <span class='ocrx_word' id='word_1_389' title='bbox 3075 1936 3262 1992; x_wconf 85' lang='lat' dir='ltr'><strong>itidem</strong></span> <span class='ocrx_word' id='word_1_390' title='bbox 3289 1937 3341 1992; x_wconf 93' lang='lat' dir='ltr'><strong>in</strong></span> <span class='ocrx_word' id='word_1_391' title='bbox 3359 1938 3587 1995; x_wconf 82' lang='lat' dir='ltr'><strong>Alexan-</strong></span> 
     </span>
    </p>
   </div>
   <div class='ocr_carea' id='block_1_49' title="bbox 1972 2019 3592 2107">
    <p class='ocr_par' dir='ltr' id='par_1_49' title="bbox 1972 2019 3592 2107">
     <span class='ocr_line' id='line_1_49' title="bbox 1972 2019 3592 2107; baseline 0.013 -35"><span class='ocrx_word' id='word_1_392' title='bbox 1972 2019 2190 2076; x_wconf 88' lang='lat' dir='ltr'><strong>drinam</strong></span> <span class='ocrx_word' id='word_1_393' title='bbox 2221 2022 2406 2078; x_wconf 91' lang='lat' dir='ltr'><strong>sedem</strong></span> <span class='ocrx_word' id='word_1_394' title='bbox 2455 2024 2663 2103; x_wconf 63' lang='lat' dir='ltr'><strong>infrus’o</strong></span> <span class='ocrx_word' id='word_1_395' title='bbox 2715 2030 2950 2107; x_wconf 67' lang='lat' dir='ltr'><strong>scriptas</strong></span> <span class='ocrx_word' id='word_1_396' title='bbox 2980 2032 3285 2107; x_wconf 70' lang='lat' dir='ltr'><strong>existimat,</strong></span> <span class='ocrx_word' id='word_1_397' title='bbox 3320 2044 3372 2090; x_wconf 89' lang='lat' dir='ltr'><strong>et</strong></span> <span class='ocrx_word' id='word_1_398' title='bbox 3404 2035 3458 2090; x_wconf 90' lang='lat' dir='ltr'><strong>in</strong></span> <span class='ocrx_word' id='word_1_399' title='bbox 3488 2051 3592 2097; x_wconf 83' lang='lat' dir='ltr'><strong>au-</strong></span> 
     </span>
    </p>
   </div>
   <div class='ocr_carea' id='block_1_50' title="bbox 1970 2114 3586 2199">
    <p class='ocr_par' dir='ltr' id='par_1_50' title="bbox 1970 2114 3586 2199">
     <span class='ocr_line' id='line_1_50' title="bbox 1970 2114 3586 2199; baseline 0.009 -32"><span class='ocrx_word' id='word_1_400' title='bbox 1970 2128 2101 2168; x_wconf 89' lang='lat' dir='ltr'><strong>num</strong></span> <span class='ocrx_word' id='word_1_401' title='bbox 2125 2114 2305 2186; x_wconf 86' lang='lat' dir='ltr'><strong>rejicit</strong></span> <span class='ocrx_word' id='word_1_402' title='bbox 2324 2114 2463 2185; x_wconf 72' lang='lat'><strong>342;</strong></span> <span class='ocrx_word' id='word_1_403' title='bbox 2488 2128 2600 2174; x_wconf 89' lang='lat' dir='ltr'><strong>tum</strong></span> <span class='ocrx_word' id='word_1_404' title='bbox 2627 2114 2952 2179; x_wconf 76' lang='lat' dir='ltr'><strong>auctoritate</strong></span> <span class='ocrx_word' id='word_1_405' title='bbox 2972 2124 3292 2199; x_wconf 82' lang='lat' dir='ltr'><strong>Hieronymi</strong></span> <span class='ocrx_word' id='word_1_406' title='bbox 3312 2128 3380 2182; x_wconf 84' lang='lat' dir='ltr'><strong>de</strong></span> <span class='ocrx_word' id='word_1_407' title='bbox 3399 2126 3586 2199; x_wconf 86' lang='lat' dir='ltr'><strong>Prato,</strong></span> 
     </span>
    </p>
   </div>
   <div class='ocr_carea' id='block_1_51' title="bbox 1970 2207 3587 2291">
    <p class='ocr_par' dir='ltr' id='par_1_51' title="bbox 1970 2207 3587 2291">
     <span class='ocr_line' id='line_1_51' title="bbox 1970 2207 3587 2291; baseline 0.011 -32"><span class='ocrx_word' id='word_1_408' title='bbox 1970 2207 2063 2280; x_wconf 87' lang='lat' dir='ltr'><strong>qui</strong></span> <span class='ocrx_word' id='word_1_409' title='bbox 2107 2207 2163 2264; x_wconf 92' lang='lat' dir='ltr'><strong>in</strong></span> <span class='ocrx_word' id='word_1_410' title='bbox 2213 2220 2339 2267; x_wconf 90' lang='lat' dir='ltr'><strong>nota</strong></span> <span class='ocrx_word' id='word_1_411' title='bbox 2380 2210 2606 2285; x_wconf 88' lang='lat' dir='ltr'><strong>Sulpicii</strong></span> <span class='ocrx_word' id='word_1_412' title='bbox 2659 2217 2977 2273; x_wconf 83' lang='lat' dir='ltr'><strong>testimonio</strong></span> <span class='ocrx_word' id='word_1_413' title='bbox 3014 2220 3258 2291; x_wconf 89' lang='lat' dir='ltr'><strong>subjecta</strong></span> <span class='ocrx_word' id='word_1_414' title='bbox 3299 2222 3587 2281; x_wconf 89' lang='lat' dir='ltr'><strong>nobiscum</strong></span> 
     </span>
    </p>
   </div>
   <div class='ocr_carea' id='block_1_52' title="bbox 1970 2304 3589 2383">
    <p class='ocr_par' dir='ltr' id='par_1_52' title="bbox 1970 2304 3589 2383">
     <span class='ocr_line' id='line_1_52' title="bbox 1970 2304 3589 2383; baseline 0.012 -28"><span class='ocrx_word' id='word_1_415' title='bbox 1970 2304 2283 2370; x_wconf 86' lang='lat' dir='ltr'><strong>consentit;</strong></span> <span class='ocrx_word' id='word_1_416' title='bbox 2335 2317 2445 2361; x_wconf 90' lang='lat' dir='ltr'><strong>tum</strong></span> <span class='ocrx_word' id='word_1_417' title='bbox 2494 2306 2735 2380; x_wconf 87' lang='lat' dir='ltr'><strong>denique</strong></span> <span class='ocrx_word' id='word_1_418' title='bbox 2785 2312 2932 2383; x_wconf 90' lang='lat' dir='ltr'><strong>quod</strong></span> <span class='ocrx_word' id='word_1_419' title='bbox 2968 2312 3109 2367; x_wconf 91' lang='lat' dir='ltr'><strong>idem</strong></span> <span class='ocrx_word' id='word_1_420' title='bbox 3156 2313 3421 2371; x_wconf 79' lang='lat' dir='ltr'><strong>Luciferi</strong></span> <span class='ocrx_word' id='word_1_421' title='bbox 3467 2332 3498 2372; x_wconf 89' lang='lat' dir='ltr'><strong>a</strong></span> <span class='ocrx_word' id='word_1_422' title='bbox 3527 2333 3589 2373; x_wconf 89' lang='lat' dir='ltr'><strong>se</strong></span> 
     </span>
    </p>
   </div>
   <div class='ocr_carea' id='block_1_53' title="bbox 1970 2397 3592 2478">
    <p class='ocr_par' dir='ltr' id='par_1_53' title="bbox 1970 2397 3592 2478">
     <span class='ocr_line' id='line_1_53' title="bbox 1970 2397 3592 2478; baseline 0.012 -31"><span class='ocrx_word' id='word_1_423' title='bbox 1970 2397 2196 2469; x_wconf 87' lang='lat' dir='ltr'><strong>suisque</strong></span> <span class='ocrx_word' id='word_1_424' title='bbox 2224 2398 2449 2475; x_wconf 80' lang='lat' dir='ltr'><strong>collegis</strong></span> <span class='ocrx_word' id='word_1_425' title='bbox 2487 2401 2775 2474; x_wconf 87' lang='lat' dir='ltr'><strong>Episcopis</strong></span> <span class='ocrx_word' id='word_1_426' title='bbox 2820 2404 2952 2460; x_wconf 92' lang='lat' dir='ltr'><strong>illud</strong></span> <span class='ocrx_word' id='word_1_427' title='bbox 3003 2416 3373 2478; x_wconf 90' lang='lat' dir='ltr'><strong>contemptum</strong></span> <span class='ocrx_word' id='word_1_428' title='bbox 3420 2408 3592 2467; x_wconf 80' lang='lat' dir='ltr'><strong>fuisse</strong></span> 
     </span>
    </p>
   </div>
   <div class='ocr_carea' id='block_1_54' title="bbox 1968 2488 3585 2565">
    <p class='ocr_par' dir='ltr' id='par_1_54' title="bbox 1968 2488 3585 2565">
     <span class='ocr_line' id='line_1_54' title="bbox 1968 2488 3585 2565; baseline 0.007 -22"><span class='ocrx_word' id='word_1_429' title='bbox 1968 2489 2114 2544; x_wconf 87' lang='lat' dir='ltr'><strong>dicat</strong></span> <span class='ocrx_word' id='word_1_430' title='bbox 2140 2508 2152 2543; x_wconf 88' lang='lat'><strong>:</strong></span> <span class='ocrx_word' id='word_1_431' title='bbox 2183 2488 2324 2546; x_wconf 88' lang='lat' dir='ltr'><strong><em>Bene</em></strong></span> <span class='ocrx_word' id='word_1_432' title='bbox 2353 2508 2432 2546; x_wconf 88' lang='lat' dir='ltr'><strong>me</strong></span> <span class='ocrx_word' id='word_1_433' title='bbox 2458 2494 2781 2564; x_wconf 90' lang='lat' dir='ltr'><strong><em>petulantem</em></strong></span> <span class='ocrx_word' id='word_1_434' title='bbox 2808 2495 3041 2565; x_wconf 82' lang='lat' dir='ltr'><strong><em>diceres,</em></strong></span> <span class='ocrx_word' id='word_1_435' title='bbox 3071 2499 3118 2551; x_wconf 89' lang='lat' dir='ltr'><strong><em>si</em></strong></span> <span class='ocrx_word' id='word_1_436' title='bbox 3146 2515 3248 2553; x_wconf 92' lang='lat' dir='ltr'><strong>non</strong></span> <span class='ocrx_word' id='word_1_437' title='bbox 3277 2509 3413 2554; x_wconf 89' lang='lat' dir='ltr'><strong><em>recte</em></strong></span> <span class='ocrx_word' id='word_1_438' title='bbox 3441 2517 3585 2555; x_wconf 82' lang='lat' dir='ltr'><strong><em>cont-</em></strong></span> 
     </span>
    </p>
   </div>
   <div class='ocr_carea' id='block_1_55' title="bbox 1971 2584 3591 2664">
    <p class='ocr_par' dir='ltr' id='par_1_55' title="bbox 1971 2584 3591 2664">
     <span class='ocr_line' id='line_1_55' title="bbox 1971 2584 3591 2664; baseline 0.009 -29"><span class='ocrx_word' id='word_1_439' title='bbox 1971 2584 2353 2651; x_wconf 85' lang='lat' dir='ltr'><strong><em>tempsissemus</em></strong></span> <span class='ocrx_word' id='word_1_440' title='bbox 2382 2587 2693 2660; x_wconf 89' lang='lat' dir='ltr'><strong><em>sacrilegum</em></strong></span> <span class='ocrx_word' id='word_1_441' title='bbox 2720 2586 2971 2644; x_wconf 86' lang='lat' dir='ltr'><strong><em>Edictum</em></strong></span> <span class='ocrx_word' id='word_1_442' title='bbox 2992 2603 3174 2661; x_wconf 88' lang='lat' dir='ltr'><strong><em>tuum;</em></strong></span> <span class='ocrx_word' id='word_1_443' title='bbox 3197 2592 3362 2664; x_wconf 90' lang='lat' dir='ltr'><strong>idque</strong></span> <span class='ocrx_word' id='word_1_444' title='bbox 3386 2594 3591 2651; x_wconf 80' lang='lat' dir='ltr'><strong>Medio-</strong></span> 
     </span>
    </p>
   </div>
   <div class='ocr_carea' id='block_1_56' title="bbox 1972 2672 3589 2759">
    <p class='ocr_par' dir='ltr' id='par_1_56' title="bbox 1972 2672 3589 2759">
     <span class='ocr_line' id='line_1_56' title="bbox 1972 2672 3589 2759; baseline 0.01 -32"><span class='ocrx_word' id='word_1_445' title='bbox 1972 2672 2079 2728; x_wconf 92' lang='lat' dir='ltr'><strong>lani</strong></span> <span class='ocrx_word' id='word_1_446' title='bbox 2096 2674 2150 2729; x_wconf 91' lang='lat' dir='ltr'><strong>in</strong></span> <span class='ocrx_word' id='word_1_447' title='bbox 2172 2675 2383 2733; x_wconf 89' lang='lat' dir='ltr'><strong>Palatio</strong></span> <span class='ocrx_word' id='word_1_448' title='bbox 2401 2689 2584 2734; x_wconf 87' lang='lat' dir='ltr'><strong>actum</strong></span> <span class='ocrx_word' id='word_1_449' title='bbox 2607 2688 2843 2737; x_wconf 86' lang='lat' dir='ltr'><strong>testatur</strong></span> <span class='ocrx_word' id='word_1_450' title='bbox 2860 2682 2913 2736; x_wconf 91' lang='lat' dir='ltr'><strong>in</strong></span> <span class='ocrx_word' id='word_1_451' title='bbox 2934 2682 3075 2739; x_wconf 90' lang='lat' dir='ltr'><strong>libro</strong></span> <span class='ocrx_word' id='word_1_452' title='bbox 3092 2683 3353 2741; x_wconf 81' lang='lat' dir='ltr'><strong><em>Moriend.</em></strong></span> <span class='ocrx_word' id='word_1_453' title='bbox 3371 2704 3478 2743; x_wconf 89' lang='lat' dir='ltr'><strong><em>esse</em></strong></span> <span class='ocrx_word' id='word_1_454' title='bbox 3494 2705 3589 2759; x_wconf 90' lang='lat' dir='ltr'><strong>pro</strong></span> 
     </span>
    </p>
   </div>
   <div class='ocr_carea' id='block_1_57' title="bbox 1972 2763 3588 2852">
    <p class='ocr_par' dir='ltr' id='par_1_57' title="bbox 1972 2763 3588 2852">
     <span class='ocr_line' id='line_1_57' title="bbox 1972 2763 3588 2852; baseline 0.011 -34"><span class='ocrx_word' id='word_1_455' title='bbox 1972 2763 2086 2821; x_wconf 91' lang='lat' dir='ltr'><strong><em>Fil.</em></strong></span> <span class='ocrx_word' id='word_1_456' title='bbox 2110 2765 2205 2823; x_wconf 91' lang='lat' dir='ltr'><strong>Dei</strong></span> <span class='ocrx_word' id='word_1_457' title='bbox 2227 2784 2349 2842; x_wconf 87' lang='lat' dir='ltr'><strong>pag.</strong></span> <span class='ocrx_word' id='word_1_458' title='bbox 2369 2768 2477 2828; x_wconf 67' lang='grc'><strong>244</strong></span> <span class='ocrx_word' id='word_1_459' title='bbox 2507 2771 2630 2845; x_wconf 88' lang='lat' dir='ltr'><strong><em>(col.</em></strong></span> <span class='ocrx_word' id='word_1_460' title='bbox 2661 2774 2846 2845; x_wconf 69' lang='lat' dir='ltr'><strong>10M),</strong></span> <span class='ocrx_word' id='word_1_461' title='bbox 2882 2791 3001 2831; x_wconf 90' lang='lat' dir='ltr'><strong>cum</strong></span> <span class='ocrx_word' id='word_1_462' title='bbox 3035 2777 3264 2835; x_wconf 80' lang='lat' dir='ltr'><strong>dixisset</strong></span> <span class='ocrx_word' id='word_1_463' title='bbox 3283 2780 3554 2852; x_wconf 87' lang='lat' dir='ltr'><strong><em>judicibus</em></strong></span> <span class='ocrx_word' id='word_1_464' title='bbox 3574 2824 3588 2849; x_wconf 91' lang='lat'><strong>,</strong></span> 
     </span>
    </p>
   </div>
   <div class='ocr_carea' id='block_1_58' title="bbox 1970 2860 3591 2949">
    <p class='ocr_par' dir='ltr' id='par_1_58' title="bbox 1970 2860 3591 2949">
     <span class='ocr_line' id='line_1_58' title="bbox 1970 2860 3591 2949; baseline 0.009 -33"><span class='ocrx_word' id='word_1_465' title='bbox 1970 2860 2296 2919; x_wconf 89' lang='lat' dir='ltr'><strong>Constantio</strong></span> <span class='ocrx_word' id='word_1_466' title='bbox 2316 2866 2424 2920; x_wconf 81' lang='lat' dir='ltr'><strong><em>relo</em></strong></span> <span class='ocrx_word' id='word_1_467' title='bbox 2444 2868 2599 2921; x_wconf 88' lang='lat' dir='ltr'><strong><em>misso</em></strong></span> <span class='ocrx_word' id='word_1_468' title='bbox 2620 2866 2888 2937; x_wconf 87' lang='lat' dir='ltr'><strong><em>audiente,</em></strong></span> <span class='ocrx_word' id='word_1_469' title='bbox 2909 2871 3052 2941; x_wconf 91' lang='lat' dir='ltr'><strong><em>quod</em></strong></span> <span class='ocrx_word' id='word_1_470' title='bbox 3068 2872 3187 2927; x_wconf 86' lang='lat' dir='ltr'><strong><em>licet</em></strong></span> <span class='ocrx_word' id='word_1_471' title='bbox 3203 2875 3385 2929; x_wconf 90' lang='lat' dir='ltr'><strong>omnia</strong></span> <span class='ocrx_word' id='word_1_472' title='bbox 3417 2874 3487 2929; x_wconf 91' lang='lat' dir='ltr'><strong>im</strong></span> <span class='ocrx_word' id='word_1_473' title='bbox 3497 2891 3591 2949; x_wconf 88' lang='lat' dir='ltr'><strong>pe-</strong></span> 
     </span>
    </p>
   </div>
   <div class='ocr_carea' id='block_1_59' title="bbox 1972 2954 3589 3031">
    <p class='ocr_par' dir='ltr' id='par_1_59' title="bbox 1972 2954 3589 3031">
     <span class='ocr_line' id='line_1_59' title="bbox 1972 2954 3589 3031; baseline 0.009 -22"><span class='ocrx_word' id='word_1_474' title='bbox 1972 2954 2037 3009; x_wconf 89' lang='lat' dir='ltr'><strong>rii</strong></span> <span class='ocrx_word' id='word_1_475' title='bbox 2056 2970 2206 3010; x_wconf 89' lang='lat' dir='ltr'><strong>arma</strong></span> <span class='ocrx_word' id='word_1_476' title='bbox 2232 2956 2284 3011; x_wconf 93' lang='lat' dir='ltr'><strong>in</strong></span> <span class='ocrx_word' id='word_1_477' title='bbox 2309 2973 2370 3014; x_wconf 92' lang='lat' dir='ltr'><strong>se</strong></span> <span class='ocrx_word' id='word_1_478' title='bbox 2391 2973 2629 3031; x_wconf 86' lang='lat' dir='ltr'><strong>suosque</strong></span> <span class='ocrx_word' id='word_1_479' title='bbox 2648 2974 3134 3029; x_wconf 86' lang='lat' dir='ltr'><strong>converterentur,</strong></span> <span class='ocrx_word' id='word_1_480' title='bbox 3153 2966 3311 3021; x_wconf 86' lang='lat' dir='ltr'><strong><em>veluti</em></strong></span> <span class='ocrx_word' id='word_1_481' title='bbox 3334 2968 3386 3022; x_wconf 92' lang='lat' dir='ltr'><strong><em>in</em></strong></span> <span class='ocrx_word' id='word_1_482' title='bbox 3417 2970 3589 3022; x_wconf 54' lang='lat' dir='ltr'><strong><em>sacri.</em></strong></span> 
     </span>
    </p>
   </div>
   <div class='ocr_carea' id='block_1_60' title="bbox 1971 3047 3589 3131">
    <p class='ocr_par' dir='ltr' id='par_1_60' title="bbox 1971 3047 3589 3131">
     <span class='ocr_line' id='line_1_60' title="bbox 1971 3047 3589 3131; baseline 0.012 -31"><span class='ocrx_word' id='word_1_483' title='bbox 1971 3047 2070 3131; x_wconf 80' lang='lat' dir='ltr'><strong><em>legi</em></strong></span> <span class='ocrx_word' id='word_1_484' title='bbox 2092 3049 2277 3105; x_wconf 85' lang='lat' dir='ltr'><strong><em>decreti</em></strong></span> <span class='ocrx_word' id='word_1_485' title='bbox 2300 3063 2697 3125; x_wconf 81' lang='lat' dir='ltr'><strong><em>contemptores,</em></strong></span> <span class='ocrx_word' id='word_1_486' title='bbox 2719 3072 3009 3128; x_wconf 88' lang='lat' dir='ltr'><strong>numquam</strong></span> <span class='ocrx_word' id='word_1_487' title='bbox 3032 3076 3060 3117; x_wconf 90' lang='lat' dir='ltr'><strong>e</strong></span> <span class='ocrx_word' id='word_1_488' title='bbox 3084 3062 3365 3131; x_wconf 87' lang='lat' dir='ltr'><strong>proposito</strong></span> <span class='ocrx_word' id='word_1_489' title='bbox 3390 3064 3589 3120; x_wconf 77' lang='lat' dir='ltr'><strong>Catho-</strong></span> 
     </span>
    </p>
   </div>
   <div class='ocr_carea' id='block_1_61' title="bbox 1973 3127 3592 3232">
    <p class='ocr_par' dir='ltr' id='par_1_61' title="bbox 1973 3127 3592 3232">
     <span class='ocr_line' id='line_1_61' title="bbox 1973 3127 3592 3232; baseline 0.013 -38"><span class='ocrx_word' id='word_1_490' title='bbox 1973 3127 2094 3195; x_wconf 60' lang='lat' dir='ltr'><strong>lica:</strong></span> <span class='ocrx_word' id='word_1_491' title='bbox 2129 3140 2282 3198; x_wconf 87' lang='lat' dir='ltr'><strong>Fidei</strong></span> <span class='ocrx_word' id='word_1_492' title='bbox 2329 3144 2544 3201; x_wconf 72' lang='lat' dir='ltr'><strong>tuenda;</strong></span> <span class='ocrx_word' id='word_1_493' title='bbox 2582 3127 2925 3204; x_wconf 81' lang='lat' dir='ltr'><strong>recessisset.</strong></span> <span class='ocrx_word' id='word_1_494' title='bbox 2954 3127 3101 3209; x_wconf 67' lang='lat' dir='ltr'><strong>llaec</strong></span> <span class='ocrx_word' id='word_1_495' title='bbox 3123 3127 3340 3224; x_wconf 74' lang='lat' dir='ltr'><strong>autem,</strong></span> <span class='ocrx_word' id='word_1_496' title='bbox 3370 3172 3489 3232; x_wconf 73' lang='lat' dir='ltr'><strong>qua:</strong></span> <span class='ocrx_word' id='word_1_497' title='bbox 3522 3158 3592 3215; x_wconf 89' lang='lat' dir='ltr'><strong>de</strong></span> 
     </span>
    </p>
   </div>
   <div class='ocr_carea' id='block_1_62' title="bbox 255 3231 3597 3319">
    <p class='ocr_par' dir='ltr' id='par_1_62' title="bbox 255 3231 3597 3319">
     <span class='ocr_line' id='line_1_62' title="bbox 255 3231 3597 3319; baseline 0.008 -42"><span class='ocrx_word' id='word_1_498' title='bbox 255 3245 546 3315; x_wconf 63' lang='lat' dir='ltr'><strong>comperio</strong></span> <span class='ocrx_word' id='word_1_499' title='bbox 568 3243 737 3300; x_wconf 60' lang='lat' dir='ltr'><strong>puum</strong></span> <span class='ocrx_word' id='word_1_500' title='bbox 762 3260 789 3298; x_wconf 58' lang='grc' dir='ltr'><strong>δ</strong></span> <span class='ocrx_word' id='word_1_501' title='bbox 813 3242 1134 3302; x_wconf 62' lang='grc' dir='ltr'><strong>εοηειθηιίο</strong></span> <span class='ocrx_word' id='word_1_502' title='bbox 1161 3264 1173 3302; x_wconf 60' lang='grc' dir='ltr'>ε</span> <span class='ocrx_word' id='word_1_503' title='bbox 1200 3248 1429 3303; x_wconf 52' lang='lat' dir='ltr'><strong>alterum</strong></span> <span class='ocrx_word' id='word_1_504' title='bbox 1455 3262 1560 3319; x_wconf 72' lang='lat' dir='ltr'><strong>quo</strong></span> <span class='ocrx_word' id='word_1_505' title='bbox 1585 3245 1876 3317; x_wconf 55' lang='lat' dir='ltr'><strong>Episcopi.</strong></span> <span class='ocrx_word' id='word_1_506' title='bbox 1907 3238 1953 3302; x_wconf 69' lang='grc' dir='ltr'><strong>ς</strong></span> <span class='ocrx_word' id='word_1_507' title='bbox 1987 3231 2228 3304; x_wconf 84' lang='lat' dir='ltr'><strong>Epistula</strong></span> <span class='ocrx_word' id='word_1_508' title='bbox 2255 3277 2269 3301; x_wconf 94' lang='lat'><strong>,</strong></span> <span class='ocrx_word' id='word_1_509' title='bbox 2304 3251 2401 3291; x_wconf 88' lang='lat' dir='ltr'><strong>seu</strong></span> <span class='ocrx_word' id='word_1_510' title='bbox 2431 3236 2628 3293; x_wconf 87' lang='lat' dir='ltr'><strong>Edicto</strong></span> <span class='ocrx_word' id='word_1_511' title='bbox 2654 3239 2964 3298; x_wconf 77' lang='lat' dir='ltr'><strong>Constantii</strong></span> <span class='ocrx_word' id='word_1_512' title='bbox 2993 3243 3135 3299; x_wconf 87' lang='lat' dir='ltr'><strong>dicta</strong></span> <span class='ocrx_word' id='word_1_513' title='bbox 3162 3259 3321 3315; x_wconf 89' lang='lat' dir='ltr'><strong>sunt,</strong></span> <span class='ocrx_word' id='word_1_514' title='bbox 3358 3231 3597 3305; x_wconf 85' lang='lat' dir='ltr'><strong>llilarius</strong></span> 
     </span>
    </p>
   </div>
   <div class='ocr_carea' id='block_1_63' title="bbox 218 3337 1879 3411">
    <p class='ocr_par' dir='ltr' id='par_1_63' title="bbox 218 3337 1879 3411">
     <span class='ocr_line' id='line_1_63' title="bbox 218 3337 1879 3411; baseline 0 -18"><span class='ocrx_word' id='word_1_515' title='bbox 218 3396 231 3405; x_wconf 67' lang='grc'><em>,</em></span> <span class='ocrx_word' id='word_1_516' title='bbox 261 3338 360 3410; x_wconf 90' lang='lat' dir='ltr'><strong>qui</strong></span> <span class='ocrx_word' id='word_1_517' title='bbox 392 3353 421 3393; x_wconf 92' lang='lat' dir='ltr'><strong>a</strong></span> <span class='ocrx_word' id='word_1_518' title='bbox 447 3337 697 3394; x_wconf 86' lang='lat' dir='ltr'><strong>Concilio</strong></span> <span class='ocrx_word' id='word_1_519' title='bbox 725 3338 988 3405; x_wconf 88' lang='lat' dir='ltr'><strong>aberant,</strong></span> <span class='ocrx_word' id='word_1_520' title='bbox 1016 3339 1155 3411; x_wconf 88' lang='lat' dir='ltr'><strong>jussi</strong></span> <span class='ocrx_word' id='word_1_521' title='bbox 1188 3349 1312 3394; x_wconf 89' lang='lat' dir='ltr'><strong>sunt</strong></span> <span class='ocrx_word' id='word_1_522' title='bbox 1345 3339 1692 3396; x_wconf 88' lang='lat' dir='ltr'><strong>subscribere</strong></span> <span class='ocrx_word' id='word_1_523' title='bbox 1722 3338 1879 3393; x_wconf 77' lang='lat' dir='ltr'><strong>Atia-</strong></span> 
     </span>
    </p>
   </div>
   <div class='ocr_carea' id='block_1_64' title="bbox 255 3433 1878 3507">
    <p class='ocr_par' dir='ltr' id='par_1_64' title="bbox 255 3433 1878 3507">
     <span class='ocr_line' id='line_1_64' title="bbox 255 3433 1878 3507; baseline 0.001 -17"><span class='ocrx_word' id='word_1_524' title='bbox 255 3449 460 3490; x_wconf 87' lang='lat' dir='ltr'><strong>norum</strong></span> <span class='ocrx_word' id='word_1_525' title='bbox 486 3433 541 3490; x_wconf 88' lang='lat' dir='ltr'><strong>in</strong></span> <span class='ocrx_word' id='word_1_526' title='bbox 566 3434 917 3491; x_wconf 86' lang='lat' dir='ltr'><strong>Athanasium</strong></span> <span class='ocrx_word' id='word_1_527' title='bbox 949 3437 1276 3501; x_wconf 64' lang='lat' dir='ltr'><strong>sententiae;</strong></span> <span class='ocrx_word' id='word_1_528' title='bbox 1302 3435 1443 3507; x_wconf 89' lang='lat' dir='ltr'><strong>quod</strong></span> <span class='ocrx_word' id='word_1_529' title='bbox 1474 3435 1541 3490; x_wconf 90' lang='lat' dir='ltr'><strong>ab</strong></span> <span class='ocrx_word' id='word_1_530' title='bbox 1566 3436 1686 3506; x_wconf 89' lang='lat' dir='ltr'><strong>ipso</strong></span> <span class='ocrx_word' id='word_1_531' title='bbox 1709 3434 1878 3491; x_wconf 83' lang='lat' dir='ltr'><strong>Atha-</strong></span> 
     </span>
    </p>
   </div>
   <div class='ocr_carea' id='block_1_65' title="bbox 259 3522 1876 3597">
    <p class='ocr_par' dir='ltr' id='par_1_65' title="bbox 259 3522 1876 3597">
     <span class='ocr_line' id='line_1_65' title="bbox 259 3522 1876 3597; baseline 0.001 -20"><span class='ocrx_word' id='word_1_532' title='bbox 259 3524 422 3578; x_wconf 90' lang='lat' dir='ltr'><strong>nasio</strong></span> <span class='ocrx_word' id='word_1_533' title='bbox 456 3523 702 3578; x_wconf 89' lang='lat' dir='ltr'><strong>innuitur</strong></span> <span class='ocrx_word' id='word_1_534' title='bbox 728 3540 739 3576; x_wconf 90' lang='lat'><strong>:</strong></span> <span class='ocrx_word' id='word_1_535' title='bbox 775 3523 913 3590; x_wconf 84' lang='lat' dir='ltr'><strong><em>Quot</em></strong></span> <span class='ocrx_word' id='word_1_536' title='bbox 942 3524 1189 3597; x_wconf 89' lang='lat' dir='ltr'><strong>(inquit)</strong></span> <span class='ocrx_word' id='word_1_537' title='bbox 1220 3522 1502 3596; x_wconf 86' lang='lat' dir='ltr'><strong><em>Episcopi,</em></strong></span> <span class='ocrx_word' id='word_1_538' title='bbox 1533 3532 1685 3596; x_wconf 88' lang='lat' dir='ltr'><strong><em>prout</em></strong></span> <span class='ocrx_word' id='word_1_539' title='bbox 1714 3523 1765 3576; x_wconf 87' lang='lat' dir='ltr'><strong>in</strong></span> <span class='ocrx_word' id='word_1_540' title='bbox 1788 3540 1876 3579; x_wconf 86' lang='lat' dir='ltr'><strong><em>sa-</em></strong></span> 
     </span>
    </p>
   </div>
   <div class='ocr_carea' id='block_1_66' title="bbox 259 3616 1880 3690">
    <p class='ocr_par' dir='ltr' id='par_1_66' title="bbox 259 3616 1880 3690">
     <span class='ocr_line' id='line_1_66' title="bbox 259 3616 1880 3690; baseline 0.001 -20"><span class='ocrx_word' id='word_1_541' title='bbox 259 3617 366 3671; x_wconf 87' lang='lat' dir='ltr'><strong><em>cris</em></strong></span> <span class='ocrx_word' id='word_1_542' title='bbox 407 3616 597 3671; x_wconf 86' lang='lat' dir='ltr'><strong><em>litteris</em></strong></span> <span class='ocrx_word' id='word_1_543' title='bbox 643 3625 747 3684; x_wconf 86' lang='lat' dir='ltr'><strong><em>est,</em></strong></span> <span class='ocrx_word' id='word_1_544' title='bbox 780 3618 849 3671; x_wconf 90' lang='lat' dir='ltr'><strong>ad</strong></span> <span class='ocrx_word' id='word_1_545' title='bbox 874 3618 1123 3689; x_wconf 76' lang='lat' dir='ltr'><strong><em>prwsides</em></strong></span> <span class='ocrx_word' id='word_1_546' title='bbox 1151 3629 1201 3679; x_wconf 85' lang='lat' dir='ltr'><strong><em>et</em></strong></span> <span class='ocrx_word' id='word_1_547' title='bbox 1227 3635 1372 3690; x_wconf 89' lang='lat' dir='ltr'><strong><em>reges</em></strong></span> <span class='ocrx_word' id='word_1_548' title='bbox 1403 3617 1616 3672; x_wconf 88' lang='lat' dir='ltr'><strong><em>abducti</em></strong></span> <span class='ocrx_word' id='word_1_549' title='bbox 1646 3628 1764 3671; x_wconf 88' lang='lat' dir='ltr'><strong><em>sunt</em></strong></span> <span class='ocrx_word' id='word_1_550' title='bbox 1788 3659 1801 3681; x_wconf 90' lang='lat'><strong>,</strong></span> <span class='ocrx_word' id='word_1_551' title='bbox 1832 3626 1880 3671; x_wconf 85' lang='lat' dir='ltr'><strong>et</strong></span> 
     </span>
    </p>
   </div>
   <div class='ocr_carea' id='block_1_67' title="bbox 256 3708 1873 3781">
    <p class='ocr_par' dir='ltr' id='par_1_67' title="bbox 256 3708 1873 3781">
     <span class='ocr_line' id='line_1_67' title="bbox 256 3708 1873 3781; baseline -0.002 -18"><span class='ocrx_word' id='word_1_552' title='bbox 256 3726 291 3763; x_wconf 89' lang='lat' dir='ltr'><strong>a</strong></span> <span class='ocrx_word' id='word_1_553' title='bbox 313 3708 590 3781; x_wconf 83' lang='lat' dir='ltr'><strong><em>judicibus</em></strong></span> <span class='ocrx_word' id='word_1_554' title='bbox 615 3708 752 3764; x_wconf 88' lang='lat' dir='ltr'><strong><em>hanc</em></strong></span> <span class='ocrx_word' id='word_1_555' title='bbox 776 3709 1397 3776; x_wconf 87' lang='lat' dir='ltr'><strong><em>sententiamaudierunt,</em></strong></span> <span class='ocrx_word' id='word_1_556' title='bbox 1425 3709 1526 3763; x_wconf 84' lang='lat' dir='ltr'><strong><em>Aut</em></strong></span> <span class='ocrx_word' id='word_1_557' title='bbox 1552 3709 1873 3773; x_wconf 88' lang='lat' dir='ltr'><strong><em>subscribite,</em></strong></span> 
     </span>
    </p>
   </div>
   <div class='ocr_carea' id='block_1_68' title="bbox 261 3800 1880 3870">
    <p class='ocr_par' dir='ltr' id='par_1_68' title="bbox 261 3800 1880 3870">
     <span class='ocr_line' id='line_1_68' title="bbox 261 3800 1880 3870; baseline 0 -14"><span class='ocrx_word' id='word_1_558' title='bbox 261 3812 355 3857; x_wconf 84' lang='lat' dir='ltr'><strong>aut</strong></span> <span class='ocrx_word' id='word_1_559' title='bbox 384 3804 448 3857; x_wconf 90' lang='lat' dir='ltr'><strong><em>ab</em></strong></span> <span class='ocrx_word' id='word_1_560' title='bbox 475 3800 725 3859; x_wconf 86' lang='lat' dir='ltr'><strong><em>Ecclesiis</em></strong></span> <span class='ocrx_word' id='word_1_561' title='bbox 753 3803 974 3858; x_wconf 79' lang='lat' dir='ltr'><strong><em>reredite</em></strong></span> <span class='ocrx_word' id='word_1_562' title='bbox 990 3821 1007 3870; x_wconf 89' lang='lat'><em>;</em></span> <span class='ocrx_word' id='word_1_563' title='bbox 1034 3803 1237 3859; x_wconf 84' lang='lat' dir='ltr'><strong><em>detrahi</em></strong></span> <span class='ocrx_word' id='word_1_564' title='bbox 1262 3805 1395 3859; x_wconf 89' lang='lat' dir='ltr'><strong><em>enim</em></strong></span> <span class='ocrx_word' id='word_1_565' title='bbox 1424 3822 1511 3859; x_wconf 87' lang='lat' dir='ltr'><strong><em>vos</em></strong></span> <span class='ocrx_word' id='word_1_566' title='bbox 1540 3804 1603 3858; x_wconf 91' lang='lat' dir='ltr'><strong>ab</strong></span> <span class='ocrx_word' id='word_1_567' title='bbox 1630 3802 1880 3860; x_wconf 87' lang='lat' dir='ltr'><strong><em>Ecclesiis</em></strong></span> 
     </span>
    </p>
   </div>
   <div class='ocr_carea' id='block_1_69' title="bbox 267 3892 1878 3969">
    <p class='ocr_par' dir='ltr' id='par_1_69' title="bbox 267 3892 1878 3969">
     <span class='ocr_line' id='line_1_69' title="bbox 267 3892 1878 3969; baseline 0 -20"><span class='ocrx_word' id='word_1_568' title='bbox 267 3892 568 3967; x_wconf 72' lang='lat' dir='ltr'><strong><em>Imperator</em></strong></span> <span class='ocrx_word' id='word_1_569' title='bbox 584 3896 748 3969; x_wconf 80' lang='lat' dir='ltr'><strong><em>jussit</em></strong></span> <span class='ocrx_word' id='word_1_570' title='bbox 770 3894 796 3931; x_wconf 74' lang='grc' dir='ltr'><em>ά</em></span> <span class='ocrx_word' id='word_1_571' title='bbox 827 3912 845 3950; x_wconf 92' lang='lat'><strong><em>:</em></strong></span> <span class='ocrx_word' id='word_1_572' title='bbox 872 3904 925 3950; x_wconf 88' lang='lat' dir='ltr'><strong>at</strong></span> <span class='ocrx_word' id='word_1_573' title='bbox 955 3894 1021 3951; x_wconf 90' lang='lat' dir='ltr'><strong>de</strong></span> <span class='ocrx_word' id='word_1_574' title='bbox 1051 3896 1150 3953; x_wconf 89' lang='lat' dir='ltr'><strong>hoc</strong></span> <span class='ocrx_word' id='word_1_575' title='bbox 1166 3896 1393 3953; x_wconf 88' lang='lat' dir='ltr'><strong>Lucifer</strong></span> <span class='ocrx_word' id='word_1_576' title='bbox 1414 3896 1638 3952; x_wconf 91' lang='lat' dir='ltr'><strong>minimc</strong></span> <span class='ocrx_word' id='word_1_577' title='bbox 1666 3895 1878 3963; x_wconf 71' lang='lat' dir='ltr'><strong>scribit,</strong></span> 
     </span>
    </p>
   </div>
   <div class='ocr_carea' id='block_1_70' title="bbox 263 3986 1881 4060">
    <p class='ocr_par' dir='ltr' id='par_1_70' title="bbox 263 3986 1881 4060">
     <span class='ocr_line' id='line_1_70' title="bbox 263 3986 1881 4060; baseline 0.001 -19"><span class='ocrx_word' id='word_1_578' title='bbox 263 3987 473 4060; x_wconf 70' lang='lat' dir='ltr'><strong>Quippe</strong></span> <span class='ocrx_word' id='word_1_579' title='bbox 522 3986 830 4058; x_wconf 88' lang='lat' dir='ltr'><strong>hujusmodi</strong></span> <span class='ocrx_word' id='word_1_580' title='bbox 879 4003 1003 4043; x_wconf 87' lang='lat' dir='ltr'><strong>esse</strong></span> <span class='ocrx_word' id='word_1_581' title='bbox 1040 3989 1343 4058; x_wconf 79' lang='lat' dir='ltr'><strong>significat,</strong></span> <span class='ocrx_word' id='word_1_582' title='bbox 1390 3998 1446 4045; x_wconf 93' lang='lat' dir='ltr'><strong>ut</strong></span> <span class='ocrx_word' id='word_1_583' title='bbox 1494 4003 1687 4044; x_wconf 89' lang='lat' dir='ltr'><strong>novam</strong></span> <span class='ocrx_word' id='word_1_584' title='bbox 1723 3988 1881 4043; x_wconf 87' lang='lat' dir='ltr'><strong>Fidei</strong></span> 
     </span>
    </p>
   </div>
   <div class='ocr_carea' id='block_1_71' title="bbox 269 4081 1880 4157">
    <p class='ocr_par' dir='ltr' id='par_1_71' title="bbox 269 4081 1880 4157">
     <span class='ocr_line' id='line_1_71' title="bbox 269 4081 1880 4157; baseline 0.002 -20"><span class='ocrx_word' id='word_1_585' title='bbox 269 4081 565 4151; x_wconf 78' lang='lat' dir='ltr'><strong>formulam</strong></span> <span class='ocrx_word' id='word_1_586' title='bbox 608 4082 1115 4153; x_wconf 85' lang='lat' dir='ltr'><strong>complecteretur:</strong></span> <span class='ocrx_word' id='word_1_587' title='bbox 1165 4085 1396 4139; x_wconf 83' lang='lat' dir='ltr'><strong>alterum</strong></span> <span class='ocrx_word' id='word_1_588' title='bbox 1445 4100 1610 4150; x_wconf 81' lang='lat' dir='ltr'><strong>vero,</strong></span> <span class='ocrx_word' id='word_1_589' title='bbox 1659 4084 1802 4157; x_wconf 92' lang='lat' dir='ltr'><strong>quod</strong></span> <span class='ocrx_word' id='word_1_590' title='bbox 1851 4101 1880 4140; x_wconf 91' lang='lat' dir='ltr'><strong>a</strong></span> 
     </span>
    </p>
   </div>
   <div class='ocr_carea' id='block_1_72' title="bbox 262 4176 1883 4252">
    <p class='ocr_par' dir='ltr' id='par_1_72' title="bbox 262 4176 1883 4252">
     <span class='ocr_line' id='line_1_72' title="bbox 262 4176 1883 4252; baseline 0 -17"><span class='ocrx_word' id='word_1_591' title='bbox 262 4177 515 4251; x_wconf 81' lang='lat' dir='ltr'><strong>Sulpicio</strong></span> <span class='ocrx_word' id='word_1_592' title='bbox 553 4176 759 4234; x_wconf 84' lang='lat' dir='ltr'><strong>Severo</strong></span> <span class='ocrx_word' id='word_1_593' title='bbox 797 4177 1050 4252; x_wconf 77' lang='lat' dir='ltr'><strong><em>Epistolre</em></strong></span> <span class='ocrx_word' id='word_1_594' title='bbox 1106 4182 1329 4235; x_wconf 87' lang='lat' dir='ltr'><strong>nomine</strong></span> <span class='ocrx_word' id='word_1_595' title='bbox 1379 4188 1620 4235; x_wconf 86' lang='lat' dir='ltr'><strong>notatum</strong></span> <span class='ocrx_word' id='word_1_596' title='bbox 1672 4186 1784 4247; x_wconf 89' lang='lat' dir='ltr'><strong>cst;</strong></span> <span class='ocrx_word' id='word_1_597' title='bbox 1828 4186 1883 4235; x_wconf 89' lang='lat' dir='ltr'><strong>et</strong></span> 
     </span>
    </p>
   </div>
   <div class='ocr_carea' id='block_1_73' title="bbox 267 4269 1884 4343">
    <p class='ocr_par' dir='ltr' id='par_1_73' title="bbox 267 4269 1884 4343">
     <span class='ocr_line' id='line_1_73' title="bbox 267 4269 1884 4343; baseline -0.001 -15"><span class='ocrx_word' id='word_1_598' title='bbox 267 4281 355 4328; x_wconf 87' lang='lat' dir='ltr'><strong>est</strong></span> <span class='ocrx_word' id='word_1_599' title='bbox 387 4269 554 4338; x_wconf 82' lang='lat' dir='ltr'><strong>illud,</strong></span> <span class='ocrx_word' id='word_1_600' title='bbox 586 4271 729 4339; x_wconf 87' lang='lat' dir='ltr'><strong>quod</strong></span> <span class='ocrx_word' id='word_1_601' title='bbox 769 4271 987 4328; x_wconf 66' lang='lat' dir='ltr'><strong>Lucifer</strong></span> <span class='ocrx_word' id='word_1_602' title='bbox 1030 4272 1328 4343; x_wconf 82' lang='lat' dir='ltr'><strong>Spectavit,</strong></span> <span class='ocrx_word' id='word_1_603' title='bbox 1370 4288 1491 4327; x_wconf 87' lang='lat' dir='ltr'><strong>cum</strong></span> <span class='ocrx_word' id='word_1_604' title='bbox 1538 4288 1671 4329; x_wconf 90' lang='lat' dir='ltr'><strong>suos</strong></span> <span class='ocrx_word' id='word_1_605' title='bbox 1711 4272 1884 4328; x_wconf 88' lang='lat' dir='ltr'><strong>libros</strong></span> 
     </span>
    </p>
   </div>
   <div class='ocr_carea' id='block_1_74' title="bbox 269 4367 1884 4438">
    <p class='ocr_par' dir='ltr' id='par_1_74' title="bbox 269 4367 1884 4438">
     <span class='ocr_line' id='line_1_74' title="bbox 269 4367 1884 4438; baseline 0.001 -17"><span class='ocrx_word' id='word_1_606' title='bbox 269 4373 665 4436; x_wconf 87' lang='lat' dir='ltr'><strong>componeret,</strong></span> <span class='ocrx_word' id='word_1_607' title='bbox 714 4367 915 4436; x_wconf 87' lang='lat' dir='ltr'><strong>cuique</strong></span> <span class='ocrx_word' id='word_1_608' title='bbox 963 4368 1207 4438; x_wconf 89' lang='lat' dir='ltr'><strong>apprime</strong></span> <span class='ocrx_word' id='word_1_609' title='bbox 1258 4368 1623 4433; x_wconf 79' lang='lat' dir='ltr'><strong>conveniunt,</strong></span> <span class='ocrx_word' id='word_1_610' title='bbox 1672 4383 1789 4438; x_wconf 70' lang='lat' dir='ltr'><strong>qua:</strong></span> <span class='ocrx_word' id='word_1_611' title='bbox 1827 4368 1884 4422; x_wconf 89' lang='lat' dir='ltr'><strong>in</strong></span> 
     </span>
    </p>
   </div>
   <div class='ocr_carea' id='block_1_75' title="bbox 271 4456 1887 4530">
    <p class='ocr_par' dir='ltr' id='par_1_75' title="bbox 271 4456 1887 4530">
     <span class='ocr_line' id='line_1_75' title="bbox 271 4456 1887 4530; baseline 0 -17"><span class='ocrx_word' id='word_1_612' title='bbox 271 4456 405 4513; x_wconf 87' lang='lat' dir='ltr'><strong>illud</strong></span> <span class='ocrx_word' id='word_1_613' title='bbox 443 4472 473 4511; x_wconf 89' lang='lat' dir='ltr'><strong>a</strong></span> <span class='ocrx_word' id='word_1_614' title='bbox 506 4456 763 4513; x_wconf 90' lang='lat' dir='ltr'><strong>Lucifero</strong></span> <span class='ocrx_word' id='word_1_615' title='bbox 793 4458 1005 4530; x_wconf 85' lang='lat' dir='ltr'><strong>ingesta</strong></span> <span class='ocrx_word' id='word_1_616' title='bbox 1052 4459 1325 4530; x_wconf 83' lang='lat' dir='ltr'><strong>leguntur.</strong></span> <span class='ocrx_word' id='word_1_617' title='bbox 1358 4459 1553 4514; x_wconf 84' lang='lat' dir='ltr'><strong>Narrat</strong></span> <span class='ocrx_word' id='word_1_618' title='bbox 1582 4460 1725 4515; x_wconf 92' lang='lat' dir='ltr'><strong>enim</strong></span> <span class='ocrx_word' id='word_1_619' title='bbox 1765 4459 1887 4515; x_wconf 86' lang='lat' dir='ltr'><strong>Sul-</strong></span> 
     </span>
    </p>
   </div>
   <div class='ocr_carea' id='block_1_76' title="bbox 274 4550 1889 4623">
    <p class='ocr_par' dir='ltr' id='par_1_76' title="bbox 274 4550 1889 4623">
     <span class='ocr_line' id='line_1_76' title="bbox 274 4550 1889 4623; baseline 0 -17"><span class='ocrx_word' id='word_1_620' title='bbox 274 4550 455 4622; x_wconf 86' lang='lat' dir='ltr'><strong>picius</strong></span> <span class='ocrx_word' id='word_1_621' title='bbox 483 4561 531 4619; x_wconf 76' lang='grc' dir='ltr'><strong>ο,</strong></span> <span class='ocrx_word' id='word_1_622' title='bbox 565 4552 837 4623; x_wconf 85' lang='lat' dir='ltr'><strong><em>epistolam</em></strong></span> <span class='ocrx_word' id='word_1_623' title='bbox 864 4568 893 4607; x_wconf 91' lang='lat' dir='ltr'><strong>a</strong></span> <span class='ocrx_word' id='word_1_624' title='bbox 931 4552 1161 4609; x_wconf 86' lang='lat' dir='ltr'><strong>Valente</strong></span> <span class='ocrx_word' id='word_1_625' title='bbox 1187 4562 1241 4608; x_wconf 88' lang='lat' dir='ltr'><strong>et</strong></span> <span class='ocrx_word' id='word_1_626' title='bbox 1268 4551 1499 4609; x_wconf 89' lang='lat' dir='ltr'><strong>Ursacio</strong></span> <span class='ocrx_word' id='word_1_627' title='bbox 1540 4553 1633 4607; x_wconf 82' lang='lat' dir='ltr'><strong>sub</strong></span> <span class='ocrx_word' id='word_1_628' title='bbox 1664 4553 1889 4620; x_wconf 89' lang='lat' dir='ltr'><strong><em>impera-</em></strong></span> 
     </span>
    </p>
   </div>
   <div class='ocr_carea' id='block_1_77' title="bbox 1983 3329 3594 3413">
    <p class='ocr_par' dir='ltr' id='par_1_77' title="bbox 1983 3329 3594 3413">
     <span class='ocr_line' id='line_1_77' title="bbox 1983 3329 3594 3413; baseline 0.011 -32"><span class='ocrx_word' id='word_1_629' title='bbox 1983 3343 2202 3400; x_wconf 88' lang='lat' dir='ltr'><strong>quoque</strong></span> <span class='ocrx_word' id='word_1_630' title='bbox 2228 3329 2281 3384; x_wconf 86' lang='lat' dir='ltr'><strong>in</strong></span> <span class='ocrx_word' id='word_1_631' title='bbox 2304 3331 2486 3387; x_wconf 90' lang='lat' dir='ltr'><strong>animo</strong></span> <span class='ocrx_word' id='word_1_632' title='bbox 2506 3332 2762 3403; x_wconf 86' lang='lat' dir='ltr'><strong>habebat,</strong></span> <span class='ocrx_word' id='word_1_633' title='bbox 2784 3350 2906 3391; x_wconf 92' lang='lat' dir='ltr'><strong>cum</strong></span> <span class='ocrx_word' id='word_1_634' title='bbox 2932 3354 2993 3393; x_wconf 90' lang='lat' dir='ltr'><strong>ea</strong></span> <span class='ocrx_word' id='word_1_635' title='bbox 3020 3340 3244 3411; x_wconf 87' lang='lat' dir='ltr'><strong>scripsit</strong></span> <span class='ocrx_word' id='word_1_636' title='bbox 3260 3341 3273 3392; x_wconf 81' lang='lat' dir='ltr'><strong>t&#39;</strong></span> <span class='ocrx_word' id='word_1_637' title='bbox 3291 3384 3305 3407; x_wconf 96' lang='lat'><strong>,</strong></span> <span class='ocrx_word' id='word_1_638' title='bbox 3327 3353 3594 3413; x_wconf 68' lang='lat' dir='ltr'><strong>quazattu-</strong></span> 
     </span>
    </p>
   </div>
   <div class='ocr_carea' id='block_1_78' title="bbox 1982 3420 3587 3505">
    <p class='ocr_par' dir='ltr' id='par_1_78' title="bbox 1982 3420 3587 3505">
     <span class='ocr_line' id='line_1_78' title="bbox 1982 3420 3587 3505; baseline 0.01 -30"><span class='ocrx_word' id='word_1_639' title='bbox 1982 3420 2149 3476; x_wconf 88' lang='lat' dir='ltr'><strong>limus</strong></span> <span class='ocrx_word' id='word_1_640' title='bbox 2169 3422 2222 3476; x_wconf 90' lang='lat' dir='ltr'><strong>in</strong></span> <span class='ocrx_word' id='word_1_641' title='bbox 2245 3432 2373 3479; x_wconf 86' lang='lat' dir='ltr'><strong>nota</strong></span> <span class='ocrx_word' id='word_1_642' title='bbox 2394 3424 2636 3497; x_wconf 74' lang='lat' dir='ltr'><strong>subjecta</strong></span> <span class='ocrx_word' id='word_1_643' title='bbox 2657 3442 2781 3497; x_wconf 87' lang='lat' dir='ltr'><strong>pag.</strong></span> <span class='ocrx_word' id='word_1_644' title='bbox 2803 3430 2867 3483; x_wconf 82' lang='lat' dir='ltr'><strong>t7</strong></span> <span class='ocrx_word' id='word_1_645' title='bbox 2894 3428 3017 3502; x_wconf 90' lang='lat' dir='ltr'><strong><em>(col.</em></strong></span> <span class='ocrx_word' id='word_1_646' title='bbox 3049 3430 3177 3503; x_wconf 75' lang='lat'><strong>780)</strong></span> <span class='ocrx_word' id='word_1_647' title='bbox 3205 3432 3363 3505; x_wconf 85' lang='lat' dir='ltr'><strong>hujus</strong></span> <span class='ocrx_word' id='word_1_648' title='bbox 3391 3435 3587 3491; x_wconf 88' lang='lat' dir='ltr'><strong>editio-</strong></span> 
     </span>
    </p>
   </div>
   <div class='ocr_carea' id='block_1_79' title="bbox 1984 3514 3593 3599">
    <p class='ocr_par' dir='ltr' id='par_1_79' title="bbox 1984 3514 3593 3599">
     <span class='ocr_line' id='line_1_79' title="bbox 1984 3514 3593 3599; baseline 0.009 -31"><span class='ocrx_word' id='word_1_649' title='bbox 1984 3514 2089 3578; x_wconf 88' lang='lat' dir='ltr'><strong>nis,</strong></span> <span class='ocrx_word' id='word_1_650' title='bbox 2106 3525 2159 3569; x_wconf 90' lang='lat' dir='ltr'><strong>et</strong></span> <span class='ocrx_word' id='word_1_651' title='bbox 2177 3531 2300 3587; x_wconf 69' lang='lat' dir='ltr'><strong>qua}</strong></span> <span class='ocrx_word' id='word_1_652' title='bbox 2322 3514 2601 3591; x_wconf 85' lang='lat' dir='ltr'><strong>Pratensis</strong></span> <span class='ocrx_word' id='word_1_653' title='bbox 2620 3534 2686 3573; x_wconf 83' lang='lat' dir='ltr'><strong>ex</strong></span> <span class='ocrx_word' id='word_1_654' title='bbox 2704 3519 2896 3575; x_wconf 89' lang='lat' dir='ltr'><strong>eodem</strong></span> <span class='ocrx_word' id='word_1_655' title='bbox 2919 3522 3039 3575; x_wconf 90' lang='lat' dir='ltr'><strong>loco</strong></span> <span class='ocrx_word' id='word_1_656' title='bbox 3059 3524 3113 3577; x_wconf 90' lang='lat' dir='ltr'><strong>in</strong></span> <span class='ocrx_word' id='word_1_657' title='bbox 3134 3524 3300 3581; x_wconf 83' lang='lat' dir='ltr'><strong>aliam</strong></span> <span class='ocrx_word' id='word_1_658' title='bbox 3321 3525 3387 3581; x_wconf 93' lang='lat' dir='ltr'><strong>ad</strong></span> <span class='ocrx_word' id='word_1_659' title='bbox 3409 3526 3593 3599; x_wconf 86' lang='lat' dir='ltr'><strong>Sulpi-</strong></span> 
     </span>
    </p>
   </div>
   <div class='ocr_carea' id='block_1_80' title="bbox 1983 3611 3595 3676">
    <p class='ocr_par' dir='ltr' id='par_1_80' title="bbox 1983 3611 3595 3676">
     <span class='ocr_line' id='line_1_80' title="bbox 1983 3611 3595 3676; baseline 0.009 -15"><span class='ocrx_word' id='word_1_660' title='bbox 1983 3611 2127 3663; x_wconf 91' lang='lat' dir='ltr'><strong>cium</strong></span> <span class='ocrx_word' id='word_1_661' title='bbox 2162 3611 2499 3666; x_wconf 89' lang='lat' dir='ltr'><strong>notationem</strong></span> <span class='ocrx_word' id='word_1_662' title='bbox 2546 3613 2868 3668; x_wconf 88' lang='lat' dir='ltr'><strong>transtulit:</strong></span> <span class='ocrx_word' id='word_1_663' title='bbox 2910 3614 3073 3671; x_wconf 86' lang='lat' dir='ltr'><strong><em>Antea</em></strong></span> <span class='ocrx_word' id='word_1_664' title='bbox 3115 3618 3249 3671; x_wconf 89' lang='lat' dir='ltr'><strong><em>enim</em></strong></span> <span class='ocrx_word' id='word_1_665' title='bbox 3280 3618 3332 3673; x_wconf 91' lang='lat' dir='ltr'><strong>in</strong></span> <span class='ocrx_word' id='word_1_666' title='bbox 3378 3619 3595 3676; x_wconf 84' lang='lat' dir='ltr'><strong><em>obscuro</em></strong></span> 
     </span>
    </p>
   </div>
   <div class='ocr_carea' id='block_1_81' title="bbox 1982 3702 3599 3779">
    <p class='ocr_par' dir='ltr' id='par_1_81' title="bbox 1982 3702 3599 3779">
     <span class='ocr_line' id='line_1_81' title="bbox 1982 3702 3599 3779; baseline 0.01 -24"><span class='ocrx_word' id='word_1_667' title='bbox 1982 3712 2134 3773; x_wconf 88' lang='lat' dir='ltr'><strong><em>atque</em></strong></span> <span class='ocrx_word' id='word_1_668' title='bbox 2164 3704 2217 3757; x_wconf 88' lang='lat' dir='ltr'><strong>in</strong></span> <span class='ocrx_word' id='word_1_669' title='bbox 2245 3705 2451 3779; x_wconf 90' lang='lat' dir='ltr'><strong><em>angulis</em></strong></span> <span class='ocrx_word' id='word_1_670' title='bbox 2483 3702 2745 3761; x_wconf 87' lang='lat' dir='ltr'><strong><em>Dominus</em></strong></span> <span class='ocrx_word' id='word_1_671' title='bbox 2776 3704 3009 3765; x_wconf 86' lang='lat' dir='ltr'><strong><em>Christus</em></strong></span> <span class='ocrx_word' id='word_1_672' title='bbox 3043 3709 3139 3766; x_wconf 88' lang='lat' dir='ltr'><strong><em>Dei</em></strong></span> <span class='ocrx_word' id='word_1_673' title='bbox 3164 3729 3277 3768; x_wconf 90' lang='lat' dir='ltr'><strong><em>esse</em></strong></span> <span class='ocrx_word' id='word_1_674' title='bbox 3315 3716 3599 3771; x_wconf 86' lang='lat' dir='ltr'><strong><em>secundum</em></strong></span> 
     </span>
    </p>
   </div>
   <div class='ocr_carea' id='block_1_82' title="bbox 1984 3794 3599 3880">
    <p class='ocr_par' dir='ltr' id='par_1_82' title="bbox 1984 3794 3599 3880">
     <span class='ocr_line' id='line_1_82' title="bbox 1984 3794 3599 3880; baseline 0.011 -33"><span class='ocrx_word' id='word_1_675' title='bbox 1984 3807 2223 3852; x_wconf 88' lang='lat' dir='ltr'><strong><em>naturam</em></strong></span> <span class='ocrx_word' id='word_1_676' title='bbox 2264 3794 2443 3853; x_wconf 85' lang='lat' dir='ltr'><strong><em>Filius</em></strong></span> <span class='ocrx_word' id='word_1_677' title='bbox 2486 3800 2790 3873; x_wconf 88' lang='lat' dir='ltr'><strong><em>negabatur,</em></strong></span> <span class='ocrx_word' id='word_1_678' title='bbox 2832 3811 2877 3855; x_wconf 90' lang='lat' dir='ltr'><strong>et</strong></span> <span class='ocrx_word' id='word_1_679' title='bbox 2908 3805 3145 3860; x_wconf 74' lang='lat' dir='ltr'><strong><em>essentia:</em></strong></span> <span class='ocrx_word' id='word_1_680' title='bbox 3174 3806 3325 3880; x_wconf 80' lang='lat' dir='ltr'><strong><em>inaps</em></strong></span> <span class='ocrx_word' id='word_1_681' title='bbox 3368 3818 3599 3879; x_wconf 76' lang='lat' dir='ltr'><strong><em>paterna:</em></strong></span> 
     </span>
    </p>
   </div>
   <div class='ocr_carea' id='block_1_83' title="bbox 1983 3892 3601 3969">
    <p class='ocr_par' dir='ltr' id='par_1_83' title="bbox 1983 3892 3601 3969">
     <span class='ocr_line' id='line_1_83' title="bbox 1983 3892 3601 3969; baseline 0.009 -24"><span class='ocrx_word' id='word_1_682' title='bbox 1983 3892 2247 3962; x_wconf 85' lang='lat' dir='ltr'><strong><em>accepisse</em></strong></span> <span class='ocrx_word' id='word_1_683' title='bbox 2294 3909 2409 3946; x_wconf 90' lang='lat' dir='ltr'><strong>cum</strong></span> <span class='ocrx_word' id='word_1_684' title='bbox 2455 3895 2707 3948; x_wconf 86' lang='lat' dir='ltr'><strong><em>creaturis</em></strong></span> <span class='ocrx_word' id='word_1_685' title='bbox 2746 3896 3002 3969; x_wconf 84' lang='lat' dir='ltr'><strong><em>originem</em></strong></span> <span class='ocrx_word' id='word_1_686' title='bbox 3047 3914 3115 3953; x_wconf 85' lang='lat' dir='ltr'><strong><em>ea:</em></strong></span> <span class='ocrx_word' id='word_1_687' title='bbox 3144 3917 3246 3955; x_wconf 87' lang='lat' dir='ltr'><strong>non</strong></span> <span class='ocrx_word' id='word_1_688' title='bbox 3278 3903 3601 3959; x_wconf 72' lang='lat' dir='ltr'><strong><em>exstantibus</em></strong></span> 
     </span>
    </p>
   </div>
   <div class='ocr_carea' id='block_1_84' title="bbox 1986 3988 3598 4068">
    <p class='ocr_par' dir='ltr' id='par_1_84' title="bbox 1986 3988 3598 4068">
     <span class='ocr_line' id='line_1_84' title="bbox 1986 3988 3598 4068; baseline 0.009 -28"><span class='ocrx_word' id='word_1_689' title='bbox 1986 3988 2389 4059; x_wconf 59' lang='lat' dir='ltr'><strong><em>praedicabatur.</em></strong></span> <span class='ocrx_word' id='word_1_690' title='bbox 2432 3990 2499 4045; x_wconf 80' lang='lat' dir='ltr'><strong><em>At</em></strong></span> <span class='ocrx_word' id='word_1_691' title='bbox 2528 4007 2645 4045; x_wconf 89' lang='lat' dir='ltr'><strong><em>vero</em></strong></span> <span class='ocrx_word' id='word_1_692' title='bbox 2677 4008 2812 4046; x_wconf 91' lang='lat' dir='ltr'><strong><em>nunc</em></strong></span> <span class='ocrx_word' id='word_1_693' title='bbox 2844 3992 3067 4063; x_wconf 81' lang='lat' dir='ltr'><strong><em>publica:</em></strong></span> <span class='ocrx_word' id='word_1_694' title='bbox 3112 3998 3434 4052; x_wconf 87' lang='lat' dir='ltr'><strong><em>auctoritatis</em></strong></span> <span class='ocrx_word' id='word_1_695' title='bbox 3476 4016 3598 4068; x_wconf 89' lang='lat' dir='ltr'><strong><em>pro-</em></strong></span> 
     </span>
    </p>
   </div>
   <div class='ocr_carea' id='block_1_85' title="bbox 1985 4080 3597 4161">
    <p class='ocr_par' dir='ltr' id='par_1_85' title="bbox 1985 4080 3597 4161">
     <span class='ocr_line' id='line_1_85' title="bbox 1985 4080 3597 4161; baseline 0.006 -27"><span class='ocrx_word' id='word_1_696' title='bbox 1985 4080 2210 4150; x_wconf 81' lang='lat' dir='ltr'><strong><em>fessione</em></strong></span> <span class='ocrx_word' id='word_1_697' title='bbox 2254 4082 2466 4137; x_wconf 75' lang='lat' dir='ltr'><strong><em>Ineresis</em></strong></span> <span class='ocrx_word' id='word_1_698' title='bbox 2511 4099 2885 4155; x_wconf 88' lang='lat' dir='ltr'><strong><em>prorumpens,</em></strong></span> <span class='ocrx_word' id='word_1_699' title='bbox 2935 4087 2990 4143; x_wconf 85' lang='lat' dir='ltr'><strong>id</strong></span> <span class='ocrx_word' id='word_1_700' title='bbox 3019 4088 3158 4156; x_wconf 87' lang='lat' dir='ltr'><strong><em>quod</em></strong></span> <span class='ocrx_word' id='word_1_701' title='bbox 3199 4098 3351 4143; x_wconf 87' lang='lat' dir='ltr'><strong><em>antea</em></strong></span> <span class='ocrx_word' id='word_1_702' title='bbox 3399 4094 3597 4161; x_wconf 81' lang='lat' dir='ltr'><strong><em>factum</em></strong></span> 
     </span>
    </p>
   </div>
   <div class='ocr_carea' id='block_1_86' title="bbox 1987 4175 3595 4248">
    <p class='ocr_par' dir='ltr' id='par_1_86' title="bbox 1987 4175 3595 4248">
     <span class='ocr_line' id='line_1_86' title="bbox 1987 4175 3595 4248; baseline 0.008 -23"><span class='ocrx_word' id='word_1_703' title='bbox 1987 4190 2122 4227; x_wconf 90' lang='lat' dir='ltr'><strong><em>nunc</em></strong></span> <span class='ocrx_word' id='word_1_704' title='bbox 2153 4191 2253 4228; x_wconf 90' lang='lat' dir='ltr'><strong>non</strong></span> <span class='ocrx_word' id='word_1_705' title='bbox 2291 4175 2427 4229; x_wconf 87' lang='lat' dir='ltr'><strong><em>clam</em></strong></span> <span class='ocrx_word' id='word_1_706' title='bbox 2468 4176 2657 4230; x_wconf 75' lang='lat' dir='ltr'><strong><em>victrix</em></strong></span> <span class='ocrx_word' id='word_1_707' title='bbox 2710 4176 3049 4248; x_wconf 87' lang='lat' dir='ltr'><strong><em>gloriabatur.</em></strong></span> <span class='ocrx_word' id='word_1_708' title='bbox 3098 4178 3167 4234; x_wconf 84' lang='lat' dir='ltr'><strong>Et</strong></span> <span class='ocrx_word' id='word_1_709' title='bbox 3196 4178 3303 4236; x_wconf 83' lang='lat' dir='ltr'><strong>huc</strong></span> <span class='ocrx_word' id='word_1_710' title='bbox 3347 4181 3595 4238; x_wconf 84' lang='lat' dir='ltr'><strong>referunt</strong></span> 
     </span>
    </p>
   </div>
   <div class='ocr_carea' id='block_1_87' title="bbox 1986 4266 3592 4341">
    <p class='ocr_par' dir='ltr' id='par_1_87' title="bbox 1986 4266 3592 4341">
     <span class='ocr_line' id='line_1_87' title="bbox 1986 4266 3592 4341; baseline 0.008 -20"><span class='ocrx_word' id='word_1_711' title='bbox 1986 4266 2215 4323; x_wconf 84' lang='lat' dir='ltr'><strong>Maurini</strong></span> <span class='ocrx_word' id='word_1_712' title='bbox 2271 4268 2506 4341; x_wconf 90' lang='lat' dir='ltr'><strong>Operum</strong></span> <span class='ocrx_word' id='word_1_713' title='bbox 2555 4269 2613 4325; x_wconf 90' lang='lat' dir='ltr'><strong>S.</strong></span> <span class='ocrx_word' id='word_1_714' title='bbox 2669 4269 2859 4325; x_wconf 88' lang='lat' dir='ltr'><strong>llilarii</strong></span> <span class='ocrx_word' id='word_1_715' title='bbox 2914 4272 3155 4328; x_wconf 88' lang='lat' dir='ltr'><strong>editores</strong></span> <span class='ocrx_word' id='word_1_716' title='bbox 3214 4274 3592 4334; x_wconf 88' lang='lat' dir='ltr'><strong>testimonium</strong></span> 
     </span>
    </p>
   </div>
   <div class='ocr_carea' id='block_1_88' title="bbox 1985 4361 3591 4444">
    <p class='ocr_par' dir='ltr' id='par_1_88' title="bbox 1985 4361 3591 4444">
     <span class='ocr_line' id='line_1_88' title="bbox 1985 4361 3591 4444; baseline 0.009 -28"><span class='ocrx_word' id='word_1_717' title='bbox 1985 4361 2221 4418; x_wconf 89' lang='lat' dir='ltr'><strong>Luciferi</strong></span> <span class='ocrx_word' id='word_1_718' title='bbox 2252 4378 2315 4417; x_wconf 85' lang='lat' dir='ltr'><strong>ex</strong></span> <span class='ocrx_word' id='word_1_719' title='bbox 2364 4363 2461 4418; x_wconf 88' lang='lat' dir='ltr'><strong>lib.</strong></span> <span class='ocrx_word' id='word_1_720' title='bbox 2496 4361 2755 4419; x_wconf 77' lang='lat' dir='ltr'><strong><em>Moriend.</em></strong></span> <span class='ocrx_word' id='word_1_721' title='bbox 2796 4382 2925 4432; x_wconf 90' lang='lat' dir='ltr'><strong><em>esse,</em></strong></span> <span class='ocrx_word' id='word_1_722' title='bbox 2955 4376 3065 4422; x_wconf 91' lang='lat' dir='ltr'><strong>etc.</strong></span> <span class='ocrx_word' id='word_1_723' title='bbox 3115 4369 3300 4441; x_wconf 90' lang='lat' dir='ltr'><strong>paullo</strong></span> <span class='ocrx_word' id='word_1_724' title='bbox 3335 4374 3591 4444; x_wconf 84' lang='lat' dir='ltr'><strong>superius</strong></span> 
     </span>
    </p>
   </div>
   <div class='ocr_carea' id='block_1_89' title="bbox 1990 4454 3594 4537">
    <p class='ocr_par' dir='ltr' id='par_1_89' title="bbox 1990 4454 3594 4537">
     <span class='ocr_line' id='line_1_89' title="bbox 1990 4454 3594 4537; baseline 0.006 -27"><span class='ocrx_word' id='word_1_725' title='bbox 1990 4455 2337 4527; x_wconf 77' lang='lat' dir='ltr'><strong>producturo.</strong></span> <span class='ocrx_word' id='word_1_726' title='bbox 2391 4454 2541 4513; x_wconf 81' lang='lat' dir='ltr'><strong>Sane</strong></span> <span class='ocrx_word' id='word_1_727' title='bbox 2566 4455 2765 4511; x_wconf 80' lang='lat' dir='ltr'><strong>Ariana</strong></span> <span class='ocrx_word' id='word_1_728' title='bbox 2805 4456 3029 4514; x_wconf 64' lang='lat' dir='ltr'><strong>haeresis</strong></span> <span class='ocrx_word' id='word_1_729' title='bbox 3064 4468 3172 4518; x_wconf 89' lang='lat' dir='ltr'><strong>tum</strong></span> <span class='ocrx_word' id='word_1_730' title='bbox 3205 4462 3385 4534; x_wconf 90' lang='lat' dir='ltr'><strong>primo</strong></span> <span class='ocrx_word' id='word_1_731' title='bbox 3417 4462 3594 4537; x_wconf 83' lang='lat' dir='ltr'><strong>Impe-</strong></span> 
     </span>
    </p>
   </div>
   <div class='ocr_carea' id='block_1_90' title="bbox 1991 4550 3597 4634">
    <p class='ocr_par' dir='ltr' id='par_1_90' title="bbox 1991 4550 3597 4634">
     <span class='ocr_line' id='line_1_90' title="bbox 1991 4550 3597 4634; baseline 0.009 -29"><span class='ocrx_word' id='word_1_732' title='bbox 1991 4560 2233 4606; x_wconf 88' lang='lat' dir='ltr'><strong>ratorum</strong></span> <span class='ocrx_word' id='word_1_733' title='bbox 2280 4551 2607 4607; x_wconf 89' lang='lat' dir='ltr'><strong>auctoritate</strong></span> <span class='ocrx_word' id='word_1_734' title='bbox 2652 4550 2789 4607; x_wconf 89' lang='lat' dir='ltr'><strong>fulta</strong></span> <span class='ocrx_word' id='word_1_735' title='bbox 2833 4553 2884 4607; x_wconf 92' lang='lat' dir='ltr'><strong>in</strong></span> <span class='ocrx_word' id='word_1_736' title='bbox 2931 4553 3322 4615; x_wconf 73' lang='lat' dir='ltr'><strong>illediolaiiensi</strong></span> <span class='ocrx_word' id='word_1_737' title='bbox 3372 4559 3597 4634; x_wconf 85' lang='lat' dir='ltr'><strong>Synodo</strong></span> 
     </span>
    </p>
   </div>
   <div class='ocr_carea' id='block_1_91' title="bbox 272 4634 3598 4726">
    <p class='ocr_par' dir='ltr' id='par_1_91' title="bbox 272 4634 3598 4726">
     <span class='ocr_line' id='line_1_91' title="bbox 272 4634 3598 4726; baseline 0.004 -25"><span class='ocrx_word' id='word_1_738' title='bbox 272 4649 402 4702; x_wconf 92' lang='lat' dir='ltr'><strong><em>toris</em></strong></span> <span class='ocrx_word' id='word_1_739' title='bbox 428 4647 639 4701; x_wconf 87' lang='lat' dir='ltr'><strong><em>nomine</em></strong></span> <span class='ocrx_word' id='word_1_740' title='bbox 664 4648 917 4713; x_wconf 76' lang='lat' dir='ltr'><strong><em>emissam</em></strong></span> <span class='ocrx_word' id='word_1_741' title='bbox 939 4648 1079 4702; x_wconf 90' lang='lat' dir='ltr'><strong><em>omni</em></strong></span> <span class='ocrx_word' id='word_1_742' title='bbox 1108 4648 1360 4718; x_wconf 86' lang='lat' dir='ltr'><strong><em>pravitate</em></strong></span> <span class='ocrx_word' id='word_1_743' title='bbox 1379 4651 1654 4719; x_wconf 79' lang='lat' dir='ltr'><strong><em>refertam,</em></strong></span> <span class='ocrx_word' id='word_1_744' title='bbox 1676 4664 1737 4701; x_wconf 91' lang='lat' dir='ltr'><strong>eo</strong></span> <span class='ocrx_word' id='word_1_745' title='bbox 1763 4664 1885 4701; x_wconf 88' lang='lat' dir='ltr'><strong><em>con-</em></strong></span> <span class='ocrx_word' id='word_1_746' title='bbox 1912 4634 1961 4695; x_wconf 81' lang='grc' dir='ltr'><strong>Ῐ)</strong></span> <span class='ocrx_word' id='word_1_747' title='bbox 1992 4642 2184 4699; x_wconf 80' lang='lat' dir='ltr'><strong>victrix</strong></span> <span class='ocrx_word' id='word_1_748' title='bbox 2209 4645 2261 4699; x_wconf 89' lang='lat' dir='ltr'><strong>in</strong></span> <span class='ocrx_word' id='word_1_749' title='bbox 2287 4644 2593 4701; x_wconf 82' lang='lat' dir='ltr'><strong>Romanum</strong></span> <span class='ocrx_word' id='word_1_750' title='bbox 2622 4644 2821 4701; x_wconf 88' lang='lat' dir='ltr'><strong>Orbem</strong></span> <span class='ocrx_word' id='word_1_751' title='bbox 2852 4648 3025 4717; x_wconf 86' lang='lat' dir='ltr'><strong>palam</strong></span> <span class='ocrx_word' id='word_1_752' title='bbox 3052 4652 3253 4723; x_wconf 90' lang='lat' dir='ltr'><strong>erupit,</strong></span> <span class='ocrx_word' id='word_1_753' title='bbox 3283 4670 3406 4726; x_wconf 72' lang='lat' dir='ltr'><strong>qua:</strong></span> <span class='ocrx_word' id='word_1_754' title='bbox 3433 4668 3598 4714; x_wconf 86' lang='lat' dir='ltr'><strong>antca</strong></span> 
     </span>
    </p>
   </div>
   <div class='ocr_carea' id='block_1_92' title="bbox 278 4739 1889 4814">
    <p class='ocr_par' dir='ltr' id='par_1_92' title="bbox 278 4739 1889 4814">
     <span class='ocr_line' id='line_1_92' title="bbox 278 4739 1889 4814; baseline 0 -19"><span class='ocrx_word' id='word_1_755' title='bbox 278 4741 430 4808; x_wconf 87' lang='lat' dir='ltr'><strong><em>sitio,</em></strong></span> <span class='ocrx_word' id='word_1_756' title='bbox 464 4748 549 4806; x_wconf 89' lang='lat' dir='ltr'><strong><em>ut,</em></strong></span> <span class='ocrx_word' id='word_1_757' title='bbox 580 4739 626 4795; x_wconf 91' lang='lat' dir='ltr'><strong>si</strong></span> <span class='ocrx_word' id='word_1_758' title='bbox 656 4754 684 4793; x_wconf 92' lang='lat' dir='ltr'><strong>a</strong></span> <span class='ocrx_word' id='word_1_759' title='bbox 714 4740 917 4812; x_wconf 89' lang='lat' dir='ltr'><strong>p0pulo</strong></span> <span class='ocrx_word' id='word_1_760' title='bbox 946 4741 1302 4814; x_wconf 89' lang='lat' dir='ltr'><strong>probaretur,</strong></span> <span class='ocrx_word' id='word_1_761' title='bbox 1347 4740 1554 4811; x_wconf 87' lang='lat' dir='ltr'><strong><em>publica</em></strong></span> <span class='ocrx_word' id='word_1_762' title='bbox 1582 4741 1889 4795; x_wconf 85' lang='lat' dir='ltr'><strong><em>auctoritate</em></strong></span> 
     </span>
    </p>
   </div>
   <div class='ocr_carea' id='block_1_93' title="bbox 279 4834 1885 4907">
    <p class='ocr_par' dir='ltr' id='par_1_93' title="bbox 279 4834 1885 4907">
     <span class='ocr_line' id='line_1_93' title="bbox 279 4834 1885 4907; baseline 0 -18"><span class='ocrx_word' id='word_1_763' title='bbox 279 4835 457 4906; x_wconf 86' lang='lat' dir='ltr'><strong><em>cupita</em></strong></span> <span class='ocrx_word' id='word_1_764' title='bbox 478 4834 808 4907; x_wconf 77' lang='lat' dir='ltr'><strong><em>proferrent;</em></strong></span> <span class='ocrx_word' id='word_1_765' title='bbox 828 4836 908 4890; x_wconf 81' lang='lat' dir='ltr'><strong>sin</strong></span> <span class='ocrx_word' id='word_1_766' title='bbox 926 4836 1096 4903; x_wconf 90' lang='lat' dir='ltr'><strong><em>aliter,</em></strong></span> <span class='ocrx_word' id='word_1_767' title='bbox 1122 4837 1286 4890; x_wconf 88' lang='lat' dir='ltr'><strong><em>onmis</em></strong></span> <span class='ocrx_word' id='word_1_768' title='bbox 1306 4835 1504 4889; x_wconf 74' lang='lat' dir='ltr'><strong><em>invidia</em></strong></span> <span class='ocrx_word' id='word_1_769' title='bbox 1526 4847 1651 4891; x_wconf 82' lang='lat' dir='ltr'><strong><em>esset</em></strong></span> <span class='ocrx_word' id='word_1_770' title='bbox 1671 4836 1723 4890; x_wconf 91' lang='lat' dir='ltr'><strong>in</strong></span> <span class='ocrx_word' id='word_1_771' title='bbox 1748 4852 1885 4906; x_wconf 88' lang='lat' dir='ltr'><strong><em>rege,</em></strong></span> 
     </span>
    </p>
   </div>
   <div class='ocr_carea' id='block_1_94' title="bbox 277 4927 1889 5001">
    <p class='ocr_par' dir='ltr' id='par_1_94' title="bbox 277 4927 1889 5001">
     <span class='ocr_line' id='line_1_94' title="bbox 277 4927 1889 5001; baseline 0.001 -18"><span class='ocrx_word' id='word_1_772' title='bbox 277 4929 369 5001; x_wconf 86' lang='lat' dir='ltr'><strong>qui</strong></span> <span class='ocrx_word' id='word_1_773' title='bbox 391 4927 640 4985; x_wconf 88' lang='lat' dir='ltr'><strong>nondum</strong></span> <span class='ocrx_word' id='word_1_774' title='bbox 664 4928 993 4999; x_wconf 87' lang='lat' dir='ltr'><strong>baptismate</strong></span> <span class='ocrx_word' id='word_1_775' title='bbox 1022 4930 1222 4984; x_wconf 91' lang='lat' dir='ltr'><strong>tinctus</strong></span> <span class='ocrx_word' id='word_1_776' title='bbox 1249 4928 1402 4985; x_wconf 78' lang='lat' dir='ltr'><strong>Fidei</strong></span> <span class='ocrx_word' id='word_1_777' title='bbox 1435 4930 1690 5001; x_wconf 87' lang='lat' dir='ltr'><strong>mysteria</strong></span> <span class='ocrx_word' id='word_1_778' title='bbox 1726 4942 1889 4984; x_wconf 90' lang='lat' dir='ltr'><strong>nosse</strong></span> 
     </span>
    </p>
   </div>
   <div class='ocr_carea' id='block_1_95' title="bbox 282 5023 1892 5095">
    <p class='ocr_par' dir='ltr' id='par_1_95' title="bbox 282 5023 1892 5095">
     <span class='ocr_line' id='line_1_95' title="bbox 282 5023 1892 5095; baseline 0 -16"><span class='ocrx_word' id='word_1_779' title='bbox 282 5038 392 5079; x_wconf 89' lang='lat' dir='ltr'><strong>non</strong></span> <span class='ocrx_word' id='word_1_780' title='bbox 433 5033 686 5095; x_wconf 87' lang='lat' dir='ltr'><strong>poterat:</strong></span> <span class='ocrx_word' id='word_1_781' title='bbox 719 5023 930 5080; x_wconf 83' lang='lat' dir='ltr'><strong><em>Lectum</em></strong></span> <span class='ocrx_word' id='word_1_782' title='bbox 969 5025 1024 5080; x_wconf 86' lang='lat' dir='ltr'><strong>in</strong></span> <span class='ocrx_word' id='word_1_783' title='bbox 1066 5025 1281 5081; x_wconf 88' lang='lat' dir='ltr'><strong><em>ecclesia</em></strong></span> <span class='ocrx_word' id='word_1_784' title='bbox 1326 5023 1618 5091; x_wconf 86' lang='lat' dir='ltr'><strong><em>Epistotam</em></strong></span> <span class='ocrx_word' id='word_1_785' title='bbox 1664 5024 1892 5095; x_wconf 86' lang='lat' dir='ltr'><strong><em>populus</em></strong></span> 
     </span>
    </p>
   </div>
   <div class='ocr_carea' id='block_1_96' title="bbox 284 5117 1890 5192">
    <p class='ocr_par' dir='ltr' id='par_1_96' title="bbox 284 5117 1890 5192">
     <span class='ocr_line' id='line_1_96' title="bbox 284 5117 1890 5192; baseline 0.001 -19"><span class='ocrx_word' id='word_1_786' title='bbox 284 5128 592 5174; x_wconf 81' lang='lat' dir='ltr'><strong><em>aversatur:</em></strong></span> <span class='ocrx_word' id='word_1_787' title='bbox 623 5118 940 5192; x_wconf 83' lang='lat' dir='ltr'><strong><em>Dionysius,</em></strong></span> <span class='ocrx_word' id='word_1_788' title='bbox 986 5121 1110 5192; x_wconf 88' lang='lat' dir='ltr'><strong><em>quia</em></strong></span> <span class='ocrx_word' id='word_1_789' title='bbox 1154 5137 1255 5175; x_wconf 91' lang='lat' dir='ltr'><strong>non</strong></span> <span class='ocrx_word' id='word_1_790' title='bbox 1301 5130 1429 5175; x_wconf 89' lang='lat' dir='ltr'><strong><em>esset</em></strong></span> <span class='ocrx_word' id='word_1_791' title='bbox 1459 5137 1723 5186; x_wconf 83' lang='lat' dir='ltr'><strong><em>assensus,</em></strong></span> <span class='ocrx_word' id='word_1_792' title='bbox 1766 5117 1890 5175; x_wconf 89' lang='lat' dir='ltr'><strong><em>urbe</em></strong></span> 
     </span>
    </p>
   </div>
   <div class='ocr_carea' id='block_1_97' title="bbox 283 5212 1884 5286">
    <p class='ocr_par' dir='ltr' id='par_1_97' title="bbox 283 5212 1884 5286">
     <span class='ocr_line' id='line_1_97' title="bbox 283 5212 1884 5286; baseline 0 -18"><span class='ocrx_word' id='word_1_793' title='bbox 283 5212 515 5282; x_wconf 79' lang='lat' dir='ltr'><strong><em>pellitur,</em></strong></span> <span class='ocrx_word' id='word_1_794' title='bbox 548 5222 643 5267; x_wconf 91' lang='lat' dir='ltr'><strong><em>etc.</em></strong></span> <span class='ocrx_word' id='word_1_795' title='bbox 672 5213 845 5270; x_wconf 87' lang='lat' dir='ltr'><strong>Porro</strong></span> <span class='ocrx_word' id='word_1_796' title='bbox 868 5230 1029 5282; x_wconf 89' lang='lat' dir='ltr'><strong>quam</strong></span> <span class='ocrx_word' id='word_1_797' title='bbox 1058 5214 1251 5270; x_wconf 87' lang='lat' dir='ltr'><strong>callide</strong></span> <span class='ocrx_word' id='word_1_798' title='bbox 1279 5215 1482 5286; x_wconf 89' lang='lat' dir='ltr'><strong>scripta</strong></span> <span class='ocrx_word' id='word_1_799' title='bbox 1507 5215 1667 5271; x_wconf 89' lang='lat' dir='ltr'><strong>fuerit</strong></span> <span class='ocrx_word' id='word_1_800' title='bbox 1686 5257 1699 5281; x_wconf 85' lang='lat'><strong>,</strong></span> <span class='ocrx_word' id='word_1_801' title='bbox 1726 5231 1884 5286; x_wconf 89' lang='lat' dir='ltr'><strong>quam</strong></span> 
     </span>
    </p>
   </div>
   <div class='ocr_carea' id='block_1_98' title="bbox 284 5310 1889 5383">
    <p class='ocr_par' dir='ltr' id='par_1_98' title="bbox 284 5310 1889 5383">
     <span class='ocr_line' id='line_1_98' title="bbox 284 5310 1889 5383; baseline 0.001 -19"><span class='ocrx_word' id='word_1_802' title='bbox 284 5317 503 5381; x_wconf 88' lang='lat' dir='ltr'><strong>compte</strong></span> <span class='ocrx_word' id='word_1_803' title='bbox 524 5318 581 5365; x_wconf 86' lang='lat' dir='ltr'><strong>et</strong></span> <span class='ocrx_word' id='word_1_804' title='bbox 606 5319 818 5375; x_wconf 87' lang='lat' dir='ltr'><strong>ornate,</strong></span> <span class='ocrx_word' id='word_1_805' title='bbox 846 5321 956 5365; x_wconf 86' lang='lat' dir='ltr'><strong>tum</strong></span> <span class='ocrx_word' id='word_1_806' title='bbox 985 5310 1114 5381; x_wconf 89' lang='lat' dir='ltr'><strong>quid</strong></span> <span class='ocrx_word' id='word_1_807' title='bbox 1144 5310 1234 5365; x_wconf 91' lang='lat' dir='ltr'><strong>illa</strong></span> <span class='ocrx_word' id='word_1_808' title='bbox 1258 5311 1562 5367; x_wconf 87' lang='lat' dir='ltr'><strong>contineret</strong></span> <span class='ocrx_word' id='word_1_809' title='bbox 1583 5310 1809 5383; x_wconf 89' lang='lat' dir='ltr'><strong>impium</strong></span> <span class='ocrx_word' id='word_1_810' title='bbox 1832 5319 1889 5366; x_wconf 85' lang='lat' dir='ltr'><strong>et</strong></span> 
     </span>
    </p>
   </div>
   <div class='ocr_carea' id='block_1_99' title="bbox 284 5402 1891 5475">
    <p class='ocr_par' dir='ltr' id='par_1_99' title="bbox 284 5402 1891 5475">
     <span class='ocr_line' id='line_1_99' title="bbox 284 5402 1891 5475; baseline -0.001 -15"><span class='ocrx_word' id='word_1_811' title='bbox 284 5402 668 5475; x_wconf 80' lang='lat' dir='ltr'><strong>blaSpliemum</strong></span> <span class='ocrx_word' id='word_1_812' title='bbox 698 5402 752 5459; x_wconf 88' lang='lat' dir='ltr'><strong>in</strong></span> <span class='ocrx_word' id='word_1_813' title='bbox 780 5403 1120 5461; x_wconf 88' lang='lat' dir='ltr'><strong>Catholicam</strong></span> <span class='ocrx_word' id='word_1_814' title='bbox 1150 5404 1372 5474; x_wconf 80' lang='lat' dir='ltr'><strong>Fidem,</strong></span> <span class='ocrx_word' id='word_1_815' title='bbox 1402 5403 1620 5460; x_wconf 88' lang='lat' dir='ltr'><strong>Lucifer</strong></span> <span class='ocrx_word' id='word_1_816' title='bbox 1654 5403 1768 5475; x_wconf 90' lang='lat' dir='ltr'><strong>ipse</strong></span> <span class='ocrx_word' id='word_1_817' title='bbox 1794 5402 1891 5459; x_wconf 90' lang='lat' dir='ltr'><strong>de-</strong></span> 
     </span>
    </p>
   </div>
   <div class='ocr_carea' id='block_1_100' title="bbox 362 5535 1889 5610">
    <p class='ocr_par' dir='ltr' id='par_1_100' title="bbox 362 5535 1889 5610">
     <span class='ocr_line' id='line_1_100' title="bbox 362 5535 1889 5610; baseline -0.003 -13"><span class='ocrx_word' id='word_1_818' title='bbox 362 5550 387 5579; x_wconf 63' lang='grc' dir='ltr'>ι</span> <span class='ocrx_word' id='word_1_819' title='bbox 416 5539 539 5597; x_wconf 85' lang='lat' dir='ltr'><strong>Lib.</strong></span> <span class='ocrx_word' id='word_1_820' title='bbox 570 5540 637 5595; x_wconf 87' lang='lat' dir='ltr'><strong>de</strong></span> <span class='ocrx_word' id='word_1_821' title='bbox 662 5557 765 5596; x_wconf 81' lang='lat' dir='ltr'><strong>nan</strong></span> <span class='ocrx_word' id='word_1_822' title='bbox 808 5556 957 5595; x_wconf 86' lang='lat' dir='ltr'><strong><em>conv.</em></strong></span> <span class='ocrx_word' id='word_1_823' title='bbox 992 5554 1110 5594; x_wconf 81' lang='lat' dir='ltr'><strong>cum</strong></span> <span class='ocrx_word' id='word_1_824' title='bbox 1136 5540 1321 5595; x_wconf 79' lang='lat' dir='ltr'><strong><em>lueret.</em></strong></span> <span class='ocrx_word' id='word_1_825' title='bbox 1368 5554 1489 5610; x_wconf 63' lang='lat' dir='ltr'><strong>pag,</strong></span> <span class='ocrx_word' id='word_1_826' title='bbox 1519 5541 1553 5597; x_wconf 87' lang='grc'>9</span> <span class='ocrx_word' id='word_1_827' title='bbox 1584 5546 1640 5595; x_wconf 82' lang='lat' dir='ltr'><strong>et</strong></span> <span class='ocrx_word' id='word_1_828' title='bbox 1669 5537 1737 5595; x_wconf 75' lang='lat' dir='ltr'><strong>l2</strong></span> <span class='ocrx_word' id='word_1_829' title='bbox 1766 5535 1889 5609; x_wconf 86' lang='lat' dir='ltr'><strong><em>(col.</em></strong></span> 
     </span>
    </p>
   </div>
   <div class='ocr_carea' id='block_1_101' title="bbox 291 5609 801 5740">
    <p class='ocr_par' dir='ltr' id='par_1_101' title="bbox 291 5609 801 5740">
     <span class='ocr_line' id='line_1_101' title="bbox 291 5609 646 5685; baseline -0.003 -18"><span class='ocrx_word' id='word_1_830' title='bbox 291 5609 395 5670; x_wconf 76' lang='lat'><strong>775</strong></span> <span class='ocrx_word' id='word_1_831' title='bbox 420 5624 469 5667; x_wconf 80' lang='grc' dir='ltr'><strong>ει</strong></span> <span class='ocrx_word' id='word_1_832' title='bbox 495 5612 646 5685; x_wconf 76' lang='lat'><strong>775).</strong></span> 
     </span>
     <span class='ocr_line' id='line_1_102' title="bbox 358 5682 801 5740; baseline 0 -1"><span class='ocrx_word' id='word_1_833' title='bbox 358 5684 388 5724; x_wconf 73' lang='grc' dir='ltr'>δ</span> <span class='ocrx_word' id='word_1_834' title='bbox 421 5682 520 5740; x_wconf 90' lang='lat' dir='ltr'><strong>Lib</strong></span> <span class='ocrx_word' id='word_1_835' title='bbox 546 5682 599 5737; x_wconf 75' lang='lat' dir='ltr'><strong>i.</strong></span> <span class='ocrx_word' id='word_1_836' title='bbox 628 5698 678 5739; x_wconf 92' lang='lat' dir='ltr'><strong>c.</strong></span> <span class='ocrx_word' id='word_1_837' title='bbox 712 5685 801 5740; x_wconf 73' lang='grc' dir='ltr'><strong>ιτ.</strong></span> 
     </span>
    </p>
   </div>
   <div class='ocr_carea' id='block_1_102' title="bbox 367 5755 805 5813">
    <p class='ocr_par' dir='ltr' id='par_1_102' title="bbox 367 5755 805 5813">
     <span class='ocr_line' id='line_1_103' title="bbox 367 5755 805 5813; baseline -0.005 -2"><span class='ocrx_word' id='word_1_838' title='bbox 367 5768 390 5796; x_wconf 74' lang='grc' dir='ltr'><strong>ε</strong></span> <span class='ocrx_word' id='word_1_839' title='bbox 422 5755 542 5812; x_wconf 88' lang='lat' dir='ltr'><strong>Lib.</strong></span> <span class='ocrx_word' id='word_1_840' title='bbox 572 5755 608 5809; x_wconf 72' lang='lat'><strong>2</strong></span> <span class='ocrx_word' id='word_1_841' title='bbox 634 5770 683 5812; x_wconf 92' lang='lat' dir='ltr'><strong>c.</strong></span> <span class='ocrx_word' id='word_1_842' title='bbox 713 5758 805 5813; x_wconf 77' lang='grc'><strong>57.</strong></span> 
     </span>
    </p>
   </div>
   <div class='ocr_carea' id='block_1_103' title="bbox 358 5826 994 5958">
    <p class='ocr_par' dir='ltr' id='par_1_103' title="bbox 369 5911 994 5957">
     <span class='ocr_line' id='line_1_104' title="bbox 369 5911 994 5957; baseline 0.005 -3"><span class='ocrx_word' id='word_1_843' title='bbox 369 5911 390 5937; x_wconf 69' lang='grc' dir='ltr'>θ</span> <span class='ocrx_word' id='word_1_844' title='bbox 530 5936 544 5955; x_wconf 81' lang='grc' dir='ltr'><strong>ο</strong></span> <span class='ocrx_word' id='word_1_845' title='bbox 619 5939 632 5955; x_wconf 76' lang='grc' dir='ltr'><strong><em>ο</em></strong></span> <span class='ocrx_word' id='word_1_846' title='bbox 716 5917 731 5957; x_wconf 90' lang='lat' dir='ltr'><strong>l</strong></span> <span class='ocrx_word' id='word_1_847' title='bbox 793 5938 807 5955; x_wconf 77' lang='grc' dir='ltr'><strong>ο</strong></span> <span class='ocrx_word' id='word_1_848' title='bbox 982 5938 994 5953; x_wconf 82' lang='grc' dir='ltr'><strong><em>ο</em></strong></span> 
     </span>
    </p>
   </div>
   <div class='ocr_carea' id='block_1_104' title="bbox 1988 4739 3595 4822">
    <p class='ocr_par' dir='ltr' id='par_1_104' title="bbox 1988 4739 3595 4822">
     <span class='ocr_line' id='line_1_105' title="bbox 1988 4739 3595 4822; baseline 0.008 -29"><span class='ocrx_word' id='word_1_849' title='bbox 1988 4753 2095 4795; x_wconf 88' lang='lat' dir='ltr'><strong>non</strong></span> <span class='ocrx_word' id='word_1_850' title='bbox 2144 4748 2254 4794; x_wconf 88' lang='lat' dir='ltr'><strong>tuta</strong></span> <span class='ocrx_word' id='word_1_851' title='bbox 2305 4739 2437 4795; x_wconf 89' lang='lat' dir='ltr'><strong>satis</strong></span> <span class='ocrx_word' id='word_1_852' title='bbox 2486 4754 2608 4797; x_wconf 86' lang='lat' dir='ltr'><strong>sese</strong></span> <span class='ocrx_word' id='word_1_853' title='bbox 2664 4748 2782 4795; x_wconf 90' lang='lat' dir='ltr'><strong>astu</strong></span> <span class='ocrx_word' id='word_1_854' title='bbox 2832 4750 2887 4797; x_wconf 89' lang='lat' dir='ltr'><strong>et</strong></span> <span class='ocrx_word' id='word_1_855' title='bbox 2937 4741 3127 4799; x_wconf 82' lang='lat' dir='ltr'><strong>fraude</strong></span> <span class='ocrx_word' id='word_1_856' title='bbox 3161 4747 3404 4817; x_wconf 82' lang='lat' dir='ltr'><strong>tegebat;</strong></span> <span class='ocrx_word' id='word_1_857' title='bbox 3448 4750 3595 4822; x_wconf 88' lang='lat' dir='ltr'><strong>quod</strong></span> 
     </span>
    </p>
   </div>
   <div class='ocr_carea' id='block_1_105' title="bbox 1988 4831 3594 4910">
    <p class='ocr_par' dir='ltr' id='par_1_105' title="bbox 1988 4831 3594 4910">
     <span class='ocr_line' id='line_1_106' title="bbox 1988 4831 3594 4910; baseline 0.007 -23"><span class='ocrx_word' id='word_1_858' title='bbox 1988 4846 2136 4903; x_wconf 66' lang='lat' dir='ltr'><strong>saepe</strong></span> <span class='ocrx_word' id='word_1_859' title='bbox 2154 4831 2210 4887; x_wconf 90' lang='lat' dir='ltr'><strong>in</strong></span> <span class='ocrx_word' id='word_1_860' title='bbox 2232 4831 2608 4888; x_wconf 89' lang='lat' dir='ltr'><strong>Constantium</strong></span> <span class='ocrx_word' id='word_1_861' title='bbox 2634 4832 2853 4889; x_wconf 87' lang='lat' dir='ltr'><strong>Lucifer</strong></span> <span class='ocrx_word' id='word_1_862' title='bbox 2873 4835 3101 4907; x_wconf 86' lang='lat' dir='ltr'><strong>ingerit,</strong></span> <span class='ocrx_word' id='word_1_863' title='bbox 3127 4839 3246 4910; x_wconf 85' lang='lat' dir='ltr'><strong>ejus</strong></span> <span class='ocrx_word' id='word_1_864' title='bbox 3265 4842 3473 4898; x_wconf 89' lang='lat' dir='ltr'><strong>scilicet</strong></span> <span class='ocrx_word' id='word_1_865' title='bbox 3494 4844 3594 4899; x_wconf 83' lang='lat' dir='ltr'><strong>im-</strong></span> 
     </span>
    </p>
   </div>
   <div class='ocr_carea' id='block_1_106' title="bbox 1992 4926 3596 5008">
    <p class='ocr_par' dir='ltr' id='par_1_106' title="bbox 1992 4926 3596 5008">
     <span class='ocr_line' id='line_1_107' title="bbox 1992 4926 3596 5008; baseline 0.008 -25"><span class='ocrx_word' id='word_1_866' title='bbox 1992 4927 2148 4998; x_wconf 89' lang='lat' dir='ltr'><strong>perio</strong></span> <span class='ocrx_word' id='word_1_867' title='bbox 2164 4936 2218 4983; x_wconf 89' lang='lat' dir='ltr'><strong>et</strong></span> <span class='ocrx_word' id='word_1_868' title='bbox 2238 4927 2478 5001; x_wconf 89' lang='lat' dir='ltr'><strong>potentia</strong></span> <span class='ocrx_word' id='word_1_869' title='bbox 2495 4926 2756 4985; x_wconf 80' lang='lat' dir='ltr'><strong>Arianum</strong></span> <span class='ocrx_word' id='word_1_870' title='bbox 2782 4930 2927 4985; x_wconf 84' lang='lat' dir='ltr'><strong>virus</strong></span> <span class='ocrx_word' id='word_1_871' title='bbox 2950 4931 3003 4986; x_wconf 89' lang='lat' dir='ltr'><strong>in</strong></span> <span class='ocrx_word' id='word_1_872' title='bbox 3024 4947 3216 4995; x_wconf 83' lang='lat' dir='ltr'><strong>omnes</strong></span> <span class='ocrx_word' id='word_1_873' title='bbox 3236 4944 3394 4991; x_wconf 78' lang='lat' dir='ltr'><strong>terra:</strong></span> <span class='ocrx_word' id='word_1_874' title='bbox 3414 4949 3596 5008; x_wconf 87' lang='lat' dir='ltr'><strong>partes</strong></span> 
     </span>
    </p>
   </div>
   <div class='ocr_carea' id='block_1_107' title="bbox 1992 5019 3599 5094">
    <p class='ocr_par' dir='ltr' id='par_1_107' title="bbox 1992 5019 3599 5094">
     <span class='ocr_line' id='line_1_108' title="bbox 1992 5019 3599 5094; baseline 0.008 -17"><span class='ocrx_word' id='word_1_875' title='bbox 1992 5019 2163 5077; x_wconf 87' lang='lat' dir='ltr'><strong>fuisse</strong></span> <span class='ocrx_word' id='word_1_876' title='bbox 2182 5020 2461 5078; x_wconf 72' lang='lat' dir='ltr'><strong>diffusum.</strong></span> <span class='ocrx_word' id='word_1_877' title='bbox 2481 5020 2747 5092; x_wconf 86' lang='lat' dir='ltr'><strong>Superest</strong></span> <span class='ocrx_word' id='word_1_878' title='bbox 2768 5023 3175 5094; x_wconf 88' lang='lat' dir='ltr'><strong>inquirendum,</strong></span> <span class='ocrx_word' id='word_1_879' title='bbox 3195 5039 3372 5085; x_wconf 90' lang='lat' dir='ltr'><strong>utrum</strong></span> <span class='ocrx_word' id='word_1_880' title='bbox 3396 5030 3497 5089; x_wconf 91' lang='lat' dir='ltr'><strong>huc</strong></span> <span class='ocrx_word' id='word_1_881' title='bbox 3513 5049 3599 5090; x_wconf 87' lang='lat' dir='ltr'><strong>re-</strong></span> 
     </span>
    </p>
   </div>
   <div class='ocr_carea' id='block_1_108' title="bbox 1992 5116 3595 5189">
    <p class='ocr_par' dir='ltr' id='par_1_108' title="bbox 1992 5116 3595 5189">
     <span class='ocr_line' id='line_1_109' title="bbox 1992 5116 3595 5189; baseline 0.007 -17"><span class='ocrx_word' id='word_1_882' title='bbox 1992 5117 2137 5174; x_wconf 90' lang='lat' dir='ltr'><strong>ferre</strong></span> <span class='ocrx_word' id='word_1_883' title='bbox 2160 5132 2375 5189; x_wconf 90' lang='lat' dir='ltr'><strong>quoque</strong></span> <span class='ocrx_word' id='word_1_884' title='bbox 2396 5125 2651 5188; x_wconf 83' lang='lat' dir='ltr'><strong>oporteat</strong></span> <span class='ocrx_word' id='word_1_885' title='bbox 2682 5116 2826 5173; x_wconf 88' lang='lat' dir='ltr'><strong>aliud</strong></span> <span class='ocrx_word' id='word_1_886' title='bbox 2856 5119 3093 5176; x_wconf 89' lang='lat' dir='ltr'><strong>Luciferi</strong></span> <span class='ocrx_word' id='word_1_887' title='bbox 3130 5124 3306 5179; x_wconf 87' lang='lat' dir='ltr'><strong>nostri</strong></span> <span class='ocrx_word' id='word_1_888' title='bbox 3346 5127 3595 5183; x_wconf 88' lang='lat' dir='ltr'><strong>testimo-</strong></span> 
     </span>
    </p>
   </div>
   <div class='ocr_carea' id='block_1_109' title="bbox 1991 5211 3597 5291">
    <p class='ocr_par' dir='ltr' id='par_1_109' title="bbox 1991 5211 3597 5291">
     <span class='ocr_line' id='line_1_110' title="bbox 1991 5211 3597 5291; baseline 0.005 -22"><span class='ocrx_word' id='word_1_889' title='bbox 1991 5212 2141 5269; x_wconf 86' lang='lat' dir='ltr'><strong>nium</strong></span> <span class='ocrx_word' id='word_1_890' title='bbox 2161 5228 2225 5269; x_wconf 76' lang='lat' dir='ltr'><strong>ex</strong></span> <span class='ocrx_word' id='word_1_891' title='bbox 2248 5211 2388 5268; x_wconf 91' lang='lat' dir='ltr'><strong>libro</strong></span> <span class='ocrx_word' id='word_1_892' title='bbox 2409 5214 2472 5267; x_wconf 92' lang='lat' dir='ltr'><strong>de</strong></span> <span class='ocrx_word' id='word_1_893' title='bbox 2497 5229 2600 5266; x_wconf 88' lang='lat' dir='ltr'><strong><em>non</em></strong></span> <span class='ocrx_word' id='word_1_894' title='bbox 2623 5228 2835 5280; x_wconf 87' lang='lat' dir='ltr'><strong><em>parcen.</em></strong></span> <span class='ocrx_word' id='word_1_895' title='bbox 2860 5214 2913 5268; x_wconf 90' lang='lat' dir='ltr'><strong>in</strong></span> <span class='ocrx_word' id='word_1_896' title='bbox 2936 5212 3104 5270; x_wconf 88' lang='lat' dir='ltr'><strong><em>Deum</em></strong></span> <span class='ocrx_word' id='word_1_897' title='bbox 3133 5215 3324 5288; x_wconf 86' lang='lat' dir='ltr'><strong><em>delinq.</em></strong></span> <span class='ocrx_word' id='word_1_898' title='bbox 3343 5233 3465 5291; x_wconf 86' lang='lat' dir='ltr'><strong>pag.</strong></span> <span class='ocrx_word' id='word_1_899' title='bbox 3491 5222 3597 5277; x_wconf 76' lang='grc'>172</span> 
     </span>
    </p>
   </div>
   <div class='ocr_carea' id='block_1_110' title="bbox 1994 5304 3602 5383">
    <p class='ocr_par' dir='ltr' id='par_1_110' title="bbox 1994 5304 3602 5383">
     <span class='ocr_line' id='line_1_111' title="bbox 1994 5304 3602 5383; baseline 0.008 -24"><span class='ocrx_word' id='word_1_900' title='bbox 1994 5306 2118 5379; x_wconf 85' lang='lat' dir='ltr'><strong><em>(col.</em></strong></span> <span class='ocrx_word' id='word_1_901' title='bbox 2136 5304 2286 5377; x_wconf 71' lang='grc'><strong>940),</strong></span> <span class='ocrx_word' id='word_1_902' title='bbox 2310 5306 2454 5378; x_wconf 89' lang='lat' dir='ltr'><strong>quod</strong></span> <span class='ocrx_word' id='word_1_903' title='bbox 2480 5318 2564 5363; x_wconf 88' lang='lat' dir='ltr'><strong>est</strong></span> <span class='ocrx_word' id='word_1_904' title='bbox 2592 5307 2897 5379; x_wconf 90' lang='lat' dir='ltr'><strong>hujusmodi</strong></span> <span class='ocrx_word' id='word_1_905' title='bbox 2918 5326 2930 5360; x_wconf 91' lang='lat'><strong>:</strong></span> <span class='ocrx_word' id='word_1_906' title='bbox 2951 5308 3180 5383; x_wconf 82' lang='lat' dir='ltr'><strong><em>Negabis</em></strong></span> <span class='ocrx_word' id='word_1_907' title='bbox 3206 5320 3253 5365; x_wconf 91' lang='lat' dir='ltr'><strong>te</strong></span> <span class='ocrx_word' id='word_1_908' title='bbox 3279 5312 3347 5366; x_wconf 90' lang='lat' dir='ltr'><strong><em>ad</em></strong></span> <span class='ocrx_word' id='word_1_909' title='bbox 3375 5314 3602 5372; x_wconf 83' lang='lat' dir='ltr'><strong><em>idolola-</em></strong></span> 
     </span>
    </p>
   </div>
   <div class='ocr_carea' id='block_1_111' title="bbox 1990 5392 3601 5479">
    <p class='ocr_par' dir='ltr' id='par_1_111' title="bbox 1990 5392 3601 5479">
     <span class='ocr_line' id='line_1_112' title="bbox 1990 5392 3601 5479; baseline 0.005 -22"><span class='ocrx_word' id='word_1_910' title='bbox 1990 5403 2142 5457; x_wconf 88' lang='lat' dir='ltr'><strong><em>triam</em></strong></span> <span class='ocrx_word' id='word_1_911' title='bbox 2167 5402 2408 5457; x_wconf 77' lang='lat' dir='ltr'><strong><em>invitasse</em></strong></span> <span class='ocrx_word' id='word_1_912' title='bbox 2433 5392 2525 5457; x_wconf 89' lang='lat' dir='ltr'><strong>nos</strong></span> <span class='ocrx_word' id='word_1_913' title='bbox 2549 5401 2979 5475; x_wconf 84' lang='lat' dir='ltr'><strong><em>suscipiendam?</em></strong></span> <span class='ocrx_word' id='word_1_914' title='bbox 3002 5404 3062 5461; x_wconf 84' lang='lat' dir='ltr'><strong>Si</strong></span> <span class='ocrx_word' id='word_1_915' title='bbox 3085 5419 3260 5461; x_wconf 89' lang='lat' dir='ltr'><strong><em>censes</em></strong></span> <span class='ocrx_word' id='word_1_916' title='bbox 3284 5405 3601 5479; x_wconf 74' lang='lat' dir='ltr'><strong><em>negandum,</em></strong></span> 
     </span>
    </p>
   </div>
   <div class='ocr_carea' id='block_1_112' title="bbox 2076 5535 3599 5676">
    <p class='ocr_par' dir='ltr' id='par_1_112' title="bbox 2076 5535 3599 5676">
     <span class='ocr_line' id='line_1_113' title="bbox 2076 5535 3599 5676; baseline 0.009 -84"><span class='ocrx_word' id='word_1_917' title='bbox 2076 5535 2097 5576; x_wconf 72' lang='grc' dir='ltr'>ί</span> <span class='ocrx_word' id='word_1_918' title='bbox 2131 5538 2251 5622; x_wconf 59' lang='lat' dir='ltr'><strong>Lib:</strong></span> <span class='ocrx_word' id='word_1_919' title='bbox 2286 5539 2350 5622; x_wconf 75' lang='lat' dir='ltr'><strong>de</strong></span> <span class='ocrx_word' id='word_1_920' title='bbox 2380 5554 2483 5593; x_wconf 87' lang='lat' dir='ltr'><strong>non</strong></span> <span class='ocrx_word' id='word_1_921' title='bbox 2510 5554 2660 5621; x_wconf 81' lang='lat' dir='ltr'><strong><em>conv.</em></strong></span> <span class='ocrx_word' id='word_1_922' title='bbox 2690 5555 2808 5594; x_wconf 89' lang='lat' dir='ltr'><strong>cum</strong></span> <span class='ocrx_word' id='word_1_923' title='bbox 2836 5539 3015 5595; x_wconf 74' lang='lat' dir='ltr'><strong><em>lueret.</em></strong></span> <span class='ocrx_word' id='word_1_924' title='bbox 3049 5557 3170 5625; x_wconf 72' lang='lat' dir='ltr'><strong>pag.</strong></span> <span class='ocrx_word' id='word_1_925' title='bbox 3200 5545 3416 5630; x_wconf 24' lang='lat' dir='ltr'><strong>i7.v(col.</strong></span> <span class='ocrx_word' id='word_1_926' title='bbox 3448 5548 3599 5676; x_wconf 56' lang='lat'><strong>7802.</strong></span> 
     </span>
     <span class='ocr_line' id='line_1_114' title="bbox 2076 5608 3599 5676; baseline 0.008 -12"><span class='ocrx_word' id='word_1_927' title='bbox 2076 5619 2100 5657; x_wconf 82' lang='lat'><strong><em>8</em></strong></span> <span class='ocrx_word' id='word_1_928' title='bbox 2130 5610 2210 5665; x_wconf 83' lang='lat' dir='ltr'><strong>Id.</strong></span> <span class='ocrx_word' id='word_1_929' title='bbox 2238 5627 2289 5665; x_wconf 77' lang='lat' dir='ltr'><strong>tu</strong></span> <span class='ocrx_word' id='word_1_930' title='bbox 2316 5611 2412 5666; x_wconf 81' lang='lat' dir='ltr'><strong>lib.</strong></span> <span class='ocrx_word' id='word_1_931' title='bbox 2438 5608 2496 5665; x_wconf 82' lang='grc' dir='ltr'><strong>Μ</strong></span> <span class='ocrx_word' id='word_1_932' title='bbox 2500 5610 2767 5665; x_wconf 78' lang='lat' dir='ltr'><strong><em>oriendum</em></strong></span> <span class='ocrx_word' id='word_1_933' title='bbox 2792 5627 2899 5667; x_wconf 88' lang='lat' dir='ltr'><strong><em>esse</em></strong></span> <span class='ocrx_word' id='word_1_934' title='bbox 2922 5630 3017 5676; x_wconf 80' lang='lat' dir='ltr'><strong><em>pro</em></strong></span> <span class='ocrx_word' id='word_1_935' title='bbox 3038 5613 3151 5669; x_wconf 79' lang='lat' dir='ltr'><strong><em>Fil.</em></strong></span> <span class='ocrx_word' id='word_1_936' title='bbox 3176 5614 3296 5676; x_wconf 82' lang='lat' dir='ltr'><strong><em>Det.</em></strong></span> <span class='ocrx_word' id='word_1_937' title='bbox 3323 5632 3443 5676; x_wconf 68' lang='grc' dir='ltr'><strong>βίω.</strong></span> <span class='ocrx_word' id='word_1_938' title='bbox 3470 5619 3540 5675; x_wconf 69' lang='grc'><strong>24</strong></span> <span class='ocrx_word' id='word_1_939' title='bbox 3584 5664 3599 5676; x_wconf 91' lang='grc'><strong>.</strong></span> 
     </span>
    </p>
   </div>
   <div class='ocr_carea' id='block_1_113' title="bbox 2076 5608 3600 5691">
    <p class='ocr_par' dir='ltr' id='par_1_113' title="bbox 2076 5608 3600 5691">
     <span class='ocr_line' id='line_1_115' title="bbox 2076 5608 3600 5691; baseline 0.008 -27"><span class='ocrx_word' id='word_1_940' title='bbox 2076 5619 2106 5691; x_wconf 60' lang='grc' dir='ltr'>ξ</span> <span class='ocrx_word' id='word_1_941' title='bbox 2130 5610 2289 5691; x_wconf 38' lang='grc' dir='ltr'><strong>Ιᾴᾁὶμι</strong></span> <span class='ocrx_word' id='word_1_942' title='bbox 2310 5611 2412 5691; x_wconf 57' lang='lat' dir='ltr'><strong>lib:</strong></span> <span class='ocrx_word' id='word_1_943' title='bbox 2438 5608 3017 5691; x_wconf 53' lang='lat' dir='ltr'><strong><em>priendurnessepro</em></strong></span> <span class='ocrx_word' id='word_1_944' title='bbox 3038 5608 3151 5669; x_wconf 78' lang='lat' dir='ltr'><strong><em>Fil.</em></strong></span> <span class='ocrx_word' id='word_1_945' title='bbox 3176 5608 3443 5690; x_wconf 43' lang='lat' dir='ltr'><strong><em>Dei,&#39;pag.</em></strong></span> <span class='ocrx_word' id='word_1_946' title='bbox 3470 5608 3600 5691; x_wconf 66' lang='lat' dir='ltr'><strong>2H,</strong></span> 
     </span>
    </p>
   </div>
   <div class='ocr_carea' id='block_1_114' title="bbox 2001 5679 3019 5758">
    <p class='ocr_par' dir='ltr' id='par_1_114' title="bbox 2001 5679 3019 5758">
     <span class='ocr_line' id='line_1_116' title="bbox 2001 5679 3019 5758; baseline 0.005 -25"><span class='ocrx_word' id='word_1_947' title='bbox 2001 5679 2423 5758; x_wconf 42' lang='grc' dir='ltr'><strong>ερίβηὲβιμρζ.</strong></span> <span class='ocrx_word' id='word_1_948' title='bbox 2451 5681 2613 5748; x_wconf 75' lang='lat' dir='ltr'><strong>iou,</strong></span> <span class='ocrx_word' id='word_1_949' title='bbox 2643 5680 2802 5758; x_wconf 67' lang='lat' dir='ltr'><strong>teis,</strong></span> <span class='ocrx_word' id='word_1_950' title='bbox 2838 5679 3019 5758; x_wconf 69' lang='lat' dir='ltr'><strong>lost).</strong></span> 
     </span>
    </p>
   </div>
   <div class='ocr_carea' id='block_1_115' title="bbox 2075 5752 3530 5826">
    <p class='ocr_par' dir='ltr' id='par_1_115' title="bbox 2075 5752 3530 5826">
     <span class='ocr_line' id='line_1_117' title="bbox 2075 5752 3530 5826; baseline 0.012 -23"><span class='ocrx_word' id='word_1_951' title='bbox 2075 5752 2102 5826; x_wconf 51' lang='grc' dir='ltr'><strong>ἡ</strong></span> <span class='ocrx_word' id='word_1_952' title='bbox 2135 5754 2236 5826; x_wconf 77' lang='lat' dir='ltr'><strong>Lib</strong></span> <span class='ocrx_word' id='word_1_953' title='bbox 2268 5752 2321 5826; x_wconf 73' lang='lat' dir='ltr'><strong>l.</strong></span> <span class='ocrx_word' id='word_1_954' title='bbox 2348 5754 2577 5809; x_wconf 79' lang='lat' dir='ltr'><strong>Observ.</strong></span> <span class='ocrx_word' id='word_1_955' title='bbox 2611 5752 2839 5826; x_wconf 8' lang='lat' dir='ltr'><strong>adglom.</strong></span> <span class='ocrx_word' id='word_1_956' title='bbox 2871 5756 2926 5809; x_wconf 72' lang='grc'><strong>2.</strong></span> <span class='ocrx_word' id='word_1_957' title='bbox 2964 5752 3169 5826; x_wconf 80' lang='lat' dir='ltr'><strong>Script.</strong></span> <span class='ocrx_word' id='word_1_958' title='bbox 3202 5759 3354 5817; x_wconf 79' lang='lat' dir='ltr'><strong>Eccl.</strong></span> <span class='ocrx_word' id='word_1_959' title='bbox 3387 5762 3530 5821; x_wconf 86' lang='lat' dir='ltr'><strong>Hist.</strong></span> 
     </span>
    </p>
   </div>
   <div class='ocr_carea' id='block_1_116' title="bbox 2084 5824 3472 5905">
    <p class='ocr_par' dir='ltr' id='par_1_116' title="bbox 2084 5824 3472 5905">
     <span class='ocr_line' id='line_1_118' title="bbox 2084 5824 3472 5905; baseline 0.013 -33"><span class='ocrx_word' id='word_1_960' title='bbox 2084 5824 2096 5905; x_wconf 62' lang='grc' dir='ltr'>ξ</span> <span class='ocrx_word' id='word_1_961' title='bbox 2288 5824 2350 5905; x_wconf 76' lang='lat' dir='ltr'><strong>de</strong></span> <span class='ocrx_word' id='word_1_962' title='bbox 2380 5842 2481 5905; x_wconf 68' lang='lat' dir='ltr'><strong>non</strong></span> <span class='ocrx_word' id='word_1_963' title='bbox 2507 5841 2649 5905; x_wconf 78' lang='lat' dir='ltr'><strong><em>pare.</em></strong></span> <span class='ocrx_word' id='word_1_964' title='bbox 2681 5824 2929 5905; x_wconf 63' lang='lat' dir='ltr'><strong><em>inpetum</em></strong></span> <span class='ocrx_word' id='word_1_965' title='bbox 2958 5824 3155 5902; x_wconf 73' lang='lat' dir='ltr'><strong><em>deling.</em></strong></span> <span class='ocrx_word' id='word_1_966' title='bbox 3184 5846 3314 5905; x_wconf 76' lang='lat' dir='ltr'><strong>pag.</strong></span> <span class='ocrx_word' id='word_1_967' title='bbox 3347 5834 3472 5892; x_wconf 78' lang='grc'><strong>198.</strong></span> 
     </span>
    </p>
   </div>
   <div class='ocr_carea' id='block_1_117' title="bbox 2081 5895 2810 5967">
    <p class='ocr_par' dir='ltr' id='par_1_117' title="bbox 2081 5895 2810 5967">
     <span class='ocr_line' id='line_1_119' title="bbox 2081 5895 2810 5967; baseline 0.001 -14"><span class='ocrx_word' id='word_1_968' title='bbox 2081 5899 2093 5945; x_wconf 79' lang='lat' dir='ltr'><strong>i</strong></span> <span class='ocrx_word' id='word_1_969' title='bbox 2134 5896 2254 5953; x_wconf 85' lang='lat' dir='ltr'><strong>Lib.</strong></span> <span class='ocrx_word' id='word_1_970' title='bbox 2284 5896 2352 5954; x_wconf 90' lang='lat' dir='ltr'><strong>de</strong></span> <span class='ocrx_word' id='word_1_971' title='bbox 2382 5895 2590 5967; x_wconf 88' lang='lat' dir='ltr'><strong>Synod.</strong></span> <span class='ocrx_word' id='word_1_972' title='bbox 2625 5912 2684 5953; x_wconf 86' lang='grc' dir='ltr'><strong>ιι.</strong></span> <span class='ocrx_word' id='word_1_973' title='bbox 2712 5896 2810 5955; x_wconf 87' lang='lat'><strong>78.</strong></span> 
     </span>
    </p>
   </div>
  </div>
