3972 6352
523 263 628 322 751

1535 263 1840 325 LUCIFER
1881 264 2257 328 EPISCOPUS
2296 266 2806 330 CALARITANUS.

3681 281 3772 340 ’152

516 382 820 437 convincent
840 387 888 436 te
917 379 1261 453 expositiones
1281 387 1434 437 sectte
1455 389 1558 440 tua:
1581 382 1965 457 Episcoporum
1986 402 2125 442 com-
2149 387 2205 451 Α
2231 396 2355 454 tur;
2387 403 2512 445 nam
2540 401 2596 445 et
2622 388 3016 459 Ariminensis,
3047 399 3105 449 et
3128 390 3481 450 Seleucicnsis
3501 435 3514 461 ,
3539 395 3640 454 sive
3661 399 3773 456 Aca-

519 473 937 546 blaspbemorum
976 473 1211 530 videlicet
1253 485 1495 542 tuorum,
1535 477 1836 532 convincent
1879 487 1926 532 te
1965 478 2126 534 libelli

511 568 721 622 recitati
741 583 772 620 a
799 578 875 634 te,
900 583 961 621 ac
991 567 1100 624 dati
1129 567 1312 624 Romae
1335 568 1612 641 EpiscOpis
1637 573 1791 626 etiam
1813 570 2123 638 Catholicis,

509 661 586 716 ad
614 660 713 714 hoc
750 661 985 716 videlicet
1005 704 1018 726 ,
1053 672 1109 716 ut
1154 664 1294 718 omni
1339 664 1393 717 in
1425 665 1540 718 loco
1571 673 1663 719 tua
1689 666 1928 721 roborari
1957 675 2126 736 posset

508 754 858 825 blasphemia.
882 753 1010 810 Herc
1039 753 1279 812 Luciferi
1305 757 1470 814 verba
1499 760 1724 829 protulit
1756 760 1965 814 Auctor
1995 757 2123 813 Dia-

507 848 708 905 tribaal
725 848 794 906 de
810 849 980 921 gestis
994 849 1200 906 Liberii
1224 851 1812 922 prmpositmOperibus
1825 852 1885 907 S.
1907 851 2121 907 Damasi

505 942 761 1017 Μουκία.
781 945 882 1000 117
903 945 1030 1015 (col.
1047 944 1280 1014 520).”
1301 945 1396 1002 lib.
1418 946 1540 1001 scil.
1556 945 1732 1017 primo
1752 961 1854 1016 pro
1875 945 1935 1003 S.
1954 944 2124 1000 Atha-

505 1037 670 1094 nasio
702 1055 716 1094 :
745 1038 836 1110 qui
869 1037 1025 1094 locus
1053 1037 1354 1094 correctior
1383 1053 1412 1092 a
1445 1038 1604 1094 nobis
1632 1038 1769 1093 infra
1805 1037 2118 1094 exhibetur.

499 1126 561 1189 Is
598 1145 768 1202 porro
797 1140 993 1186 auctor
1033 1139 1281 1186 autumat
1311 1130 1717 1186 Ariminensem
1745 1173 1759 1198 ,
1803 1145 1899 1186 seu
1943 1129 2122 1201 potius

502 1224 838 1281 Acacianam
883 1223 1172 1279 formulam
1205 1224 1274 1279 ab
1315 1222 1566 1280 Lucifero
1611 1224 1698 1279 hic
1742 1222 2118 1294 designatam,

501 1321 983 1391 signiticatamque
1035 1319 1234 1386 fuisse;
1281 1329 1338 1377 et
1384 1321 1700 1391 opinionem
1751 1317 2122 1389 rejicit'l‘ille-

499 1415 699 1472 montii
722 1458 737 1484 ,
769 1416 861 1487 qui
907 1415 1184 1472 existimat
1208 1424 1256 1479 τι,
1290 1414 1604 1470 Luciferum
1637 1413 1690 1469 id
1730 1412 2021 1484 scripsisse
2051 1411 2120 1468 de

499 1506 766 1565 Formula
817 1507 1108 1564 Sirmiensi
1138 1509 1265 1562 anni
1297 1509 1427 1574 ⁸557,
1456 1522 1564 1578 quo
1594 1521 1738 1561 anno
1763 1505 2119 1561 Constantius

499 1601 694 1659 Romae
717 1601 840 1669 fuit,
863 1602 1055 1672 ibique
1071 1603 1149 1656 ait
1174 1601 1422 1657 libellum
1448 1601 1518 1656 ab
1540 1602 1784 1672 Augusto
1805 1601 2116 1668 recitatum,

494 1709 604 1769 per
625 1697 815 1752 urbem
843 1710 1096 1766 sparsum
1120 1736 1136 1762 ,
1163 1703 1219 1750 et
1241 1692 1538 1750 Catholicis
1560 1693 1848 1764 Episcopis
1871 1693 2114 1750 oblatum

2230 480 2386 537 ciana
2409 481 2690 550 Formula,
2720 496 2854 551 quas
2879 483 2994 538 vult
3025 498 3054 539 a
3090 484 3341 542 Lucifero
3363 485 3608 554 indicari,
3629 490 3775 550 adhuc

2231 576 2621 648 promulganda
2652 585 2802 642 erat;
2848 585 2904 633 et
2941 576 3164 648 quidem
3218 578 3452 635 triennio
3499 590 3610 652 post
3642 584 3774 644 edita:

2227 667 2480 738 fuerunt,
2503 669 2551 726 si
2573 686 2696 726 cum
2735 671 2958 728 Petavio
2993 687 3198 728 annum
3222 672 3326 729 556
3351 674 3549 732 tribuas
3569 675 3775 737 Romano

2227 763 2533 821 Constantii
2567 764 2875 837 triumpho;
2909 777 3029 836 post
3057 767 3334 824 biennium
3363 783 3519 834 vero,
3544 771 3586 826 si
3615 773 3774 828 trium-

2225 856 2392 928 phum
2423 857 2578 914 illum
2604 858 2823 930 rejicias
2855 859 2907 914 in
2937 874 3140 916 annum
3167 861 3301 931 557,
3333 877 3455 918 cum
3486 861 3657 935 Pagio,
3688 866 3773 922 Va-

2223 953 2395 1022 lesio,
2436 954 2692 1026 aliisque.
2733 953 3007 1012 Praeterea
3051 956 3420 1012 Ariminensis
3454 972 3654 1030 quoque
3690 959 3775 1016 for-

2223 1045 2369 1101 mula
2409 1045 2547 1101 clam
2589 1056 2645 1101 et
2682 1044 2869 1102 furtim
2901 1062 2931 1102 a
2962 1045 3192 1104 Valente
3229 1047 3473 1104 confecta
3503 1047 3694 1106 fuerat:
3722 1051 3775 1108 de

2221 1140 2556 1197 Seleucicnsi
2617 1156 2749 1197 vero
2807 1139 3092 1198 condenda
3149 1151 3284 1213 quot
3333 1141 3773 1219 inteplraereticos

2223 1233 2528 1304 Episcopus
2556 1233 2782 1290 dissidia
2820 1245 2938 1292 orta
2961 1276 2975 1299 ,
3001 1245 3058 1291 et
3090 1235 3474 1293 contentiones
3498 1239 3678 1293 πιοιωῖ
3702 1238 3774 1311 qui

2223 1325 2442 1380 tandem
2475 1325 2787 1381 Formolam
2822 1326 3224 1384 Ariminensem
3253 1327 3522 1400 suﬂ'ragiis
3547 1331 3646 1385 suis
3670 1347 3772 1403 pro-

2220 1417 2516 1474 baverunt.
2555 1419 2744 1489 Neque
2783 1419 2870 1475 hae
2902 1430 3110 1476 tantum
3145 1421 3420 1478 Formulte
3456 1434 3573 1494 post
3594 1425 3774 1498 scripta:

2219 1510 2476 1581 fuerunt,
2511 1529 2672 1584 quam
2701 1512 3058 1570 Constantius
3085 1513 3276 1571 Romae
3317 1515 3529 1576 likellos
3557 1517 3665 1574 illos
3687 1519 3774 1576 dis-

2219 1609 2516 1662 seminavit
2553 1625 2566 1662 :
2617 1623 2740 1664 nam
2772 1617 2827 1664 et
2873 1607 3154 1663 Eudoxius
3199 1619 3472 1666 conventu
3515 1611 3772 1669 Antiochiae

2219 1699 2502 1756 celebrato
2540 1715 2631 1755 an.
2681 1700 2810 1767 558,
2843 1716 2948 1756 una
2980 1716 3105 1756 cum
3145 1701 3466 1774 Episcopis,
3507 1704 3593 1775 qui
3627 1704 3770 1761 eidem

495 1790 861 1862 Imperatoris
883 1790 1042 1861 jussu
1066 1832 1080 1856 ,
1113 1800 1171 1845 ut
1208 1805 1398 1845 eorum
1443 1789 1658 1844 animos
1700 1803 1765 1844 ac
1809 1788 2111 1844 sententias
2141 1779 2190 1840 B
2218 1791 2463 1862 opinioni
2497 1791 2786 1860 favebant,
2817 1803 2873 1848 et
2915 1792 3108 1848 similis
3134 1793 3442 1850 substantia:
3467 1796 3768 1864 vocabulum,

497 1888 814 1960 exploraret
845 1887 923 1964 fde
951 1886 1184 1942 formula
1215 1885 1306 1940 illa
1331 1884 1484 1940 Fidei
1518 1883 1704 1956 paullo
1742 1892 1862 1955 post
1907 1883 1962 1938 in
1991 1882 2110 1938 Sir-

495 1987 698 2043 miensi
745 1993 1020 2042 conventu
1055 1981 1405 2053 publicanda.
1437 1979 1545 2036 Sed
1575 1988 1863 2051 antequam
1897 1979 1950 2034 in
1994 1978 2111 2034 haec

495 2079 813 2151 diligentius
829 2076 1197 2149 inq‘airamus,
1213 2072 1757 2134 animadvertendum
1773 2071 2038 2144 est(quod
2056 2071 2108 2126 in

493 2174 644 2230 notis
659 2172 824 2228 etiam
844 2186 967 2242 pag.
988 2170 1062 2227 56
1079 2170 1204 2242 (col.
1219 2167 1348 2240 8‘21)
1366 2169 1696 2232 monuimus,
1717 2165 1807 2221 ubi
1827 2167 2111 2235 corrigen-

493 2265 603 2324 dus
631 2280 821 2331 error,
854 2266 946 2334 qui
992 2278 1088 2334 per
1129 2259 1657 2318 inconsiderantiam
1701 2258 1947 2322 excidit,
1981 2272 2106 2313 cum

489 2360 833 2434 Hieronymo
855 2377 886 2416 a
907 2359 1069 2414 Prato
1090 2355 1354 2412 attributa
1375 2353 1540 2409 fuerit
1565 2352 1810 2408 Diatriba
1839 2350 1908 2406 de
1937 2351 2108 2421 gestis

487 2453 700 2512 Liberii
730 2451 1020 2523 prmposita
1050 2450 1323 2522 Operibus
1349 2447 1407 2503 S.
1437 2445 1652 2500 Damasi
1674 2442 1809 2516 PP.)
1836 2442 2104 2511 Per/idae,

490 2545 866 2617 Blasphemite,
896 2559 960 2600 ac
988 2541 1317 2597 Idololatria:
1332 2539 1553 2594 nomine
1571 2537 1864 2608 signiﬁcari
1887 2549 1918 2589 a
1949 2535 2107 2589 Luci-

491 2639 613 2696 fero
634 2639 955 2709 simpliciori
982 2651 1151 2693 sensu
1173 2633 1427 2690 haeresim
1455 2633 1623 2702 ipsam
1648 2630 1941 2695 Arianatn;
1976 2629 2107 2685 licet

489 2735 724 2806 intelligi
747 2731 1074 2804 quandoque
1107 2739 1272 2800 queat
1295 2728 1448 2784 hisce
1469 2725 1695 2782 vocibus
1718 2722 1963 2778 Edictum
1994 2724 2104 2778 Me-

491 2828 820 2884 diolanense
840 2867 855 2892 ,
885 2824 954 2881 de
983 2838 1090 2895 quo
1120 2838 1243 2877 mox
1276 2822 1518 2876 diximus
1544 2837 1557 2873 :
1599 2819 1702 2875 hoc
1727 2832 1861 2873 vero
1889 2817 1941 2872 in
1985 2817 2104 2872 loco

493 2922 604 2978 tria
634 2928 763 2976 sunt
807 2916 1236 2989 distinguenda;
1272 2913 1600 2970 ldololatria:
1646 2928 1709 2967 ac
1754 2910 2105 2980 Blasphemia:

489 3031 696 3081 voces,
729 3013 1094 3085 Expositiones
1129 3011 1508 3080 EpiscOporum
1541 3009 1881 3074 Arianorum,
1924 3015 1977 3061 et
2007 3005 2101 3060 Li-

495 3110 622 3166 belli
666 3109 868 3164 recitati
910 3124 974 3161 ac
1006 3106 1116 3162 dati
1141 3105 1343 3161 -Romte
1387 3118 1417 3156 a
1464 3101 1782 3158 Constantio
1830 3100 2102 3174 Episwpis

2217 1895 2274 1940 et
2301 1883 2770 1940 Consubstantialis
2796 1885 2962 1942 etiam
2993 1901 3186 1950 vocem
3213 1887 3407 1957 rejecit
3427 1929 3442 1955 ,
3472 1894 3529 1942 ut
3554 1889 3771 1945 Sozome-

2219 1993 2322 2033 nus
2351 1975 2625 2034 asseritd.
2672 1978 2815 2033 Nihil
2863 1987 3159 2049 propterea
3201 1981 3340 2034 certi
3384 1994 3446 2034 ex
3475 1979 3540 2034 iis
3575 1978 3769 2035 Luciferi

2216 2071 2401 2129 verbis
2421 2073 2682 2129 constitui
2708 2080 2927 2143 potest;
2950 2088 3072 2144 qua:
3095 2115 3109 2140 ,
3138 2082 3197 2129 ut
3220 2073 3364 2128 idem
3390 2082 3572 2129 auctor
3596 2074 3768 2141 scribit,

2213 2165 2531 2222 subobscura
2556 2165 2717 2219 uideri
2745 2174 2950 2236 queunt
2978 2166 3154 2234 nobis,
3182 2167 3272 2236 qui
3298 2166 3362 2219 ab
3410 2165 3472 2220 iis
3501 2167 3767 2238 temporibus

2216 2259 2371 2333 longe
2411 2261 2680 2315 absumus.
2729 2259 2838 2315 Sed
2867 2268 2926 2313 ut
2954 2267 3140 2314 nostra
3173 2274 3398 2331 quoque
3425 2261 3669 2316 sententia
3695 2274 3768 2328 pa-

2215 2361 2358 2419 teat,
2403 2353 2484 2408 sic
2522 2352 2742 2423 quidem
2791 2353 3120 2418 statuimus,
3155 2349 3470 2407 Luciferum
3520 2366 3615 2406 non
3657 2349 3767 2403 hanc

2212 2447 2300 2504 vel
2333 2447 2480 2501 illam
2525 2446 2704 2517 potius
2734 2432 2888 2500 Fidei
2917 2443 3319 2516 Expositionem
3361 2447 3610 2513 inuuere,
3639 2444 3766 2500 unice

2212 2551 2394 2598 autem
2426 2541 2768 2614 exprobrare
2793 2539 3119 2596 Constantio
3143 2583 3159 2609 ,
3188 2549 3329 2612 quot
3354 2555 3610 2612 quamque
3635 2538 3766 2594 variis

2211 2645 2341 2709 post
2383 2637 2793 2693 Mediolanense
2836 2636 3145 2692 Concilium
3179 2635 3343 2693 Fidei
3391 2634 3764 2710 Expositionilss

2210 2740 2442 2786 conatus
2485 2730 2655 2786 fuerit
2682 2730 2961 2786 Nicaenam
3007 2730 3196 2787 Fidem
3239 2731 3414 2801 impie
3441 2717 3692 2794 evertere,
3722 2736 3766 2783 et

2209 2825 2466 2881 Arianam
2510 2825 2883 2896 blasphemiam
2924 2827 2979 2880 in
3019 2828 3162 2880 omni
3204 2827 3324 2882 loco
3362 2828 3624 2892 roborare;
3651 2822 3765 2896 quod

2207 2935 2426 2975 rursum
2458 2920 2512 2974 in
2544 2919 2684 2975 libro
2717 2919 2940 2975 Marica.
2975 2936 3086 2976 esse
3113 2937 3206 2990 pro
3237 2917 3294 2973 F
3296 2921 3357 2975 il.
3387 2921 3474 2976 Dei
3497 2915 3767 2976 Constantio

2207 3012 2425 3084 objicit,
2478 3014 2554 3068 uti
2603 3013 2676 3070 ibi
2729 3014 3086 3070 advertimus.
3133 3013 3340 3071 Libelli
3386 3013 3660 3071 autem'ab
3692 3011 3766 3067 illo

2208 3104 2396 3162 Romae
2419 3107 2660 3174 recitati,
2689 3115 2745 3163 et
2767 3106 2877 3162 dati
2909 3109 3074 3163 etiam
3105 3106 3416 3164 Catholicis
3444 3103 3716 3178 Episcopis,
3737 3101 3764 3157 ii

495 3201 800 3259 Catholicis.
832 3199 1179 3268 Blasphemite
1201 3199 1384 3269 itaque
1408 3211 1470 3251 ac
1491 3194 1816 3250 Idololatria:
1837 3209 1998 3250 voces
2025 3194 2108 3263 ip-
2132 3183 2178 3248 C
2212 3198 2460 3270 profecto
2490 3199 2730 3266 fuerunt,
2755 3215 2894 3270 quos
2919 3199 2972 3255 in
2994 3200 3190 3257 eodem
3218 3200 3370 3257 libro
3391 3203 3452 3257 de
3476 3217 3572 3255 ηοη
3590 3213 3762 3272 parcen.

489 3313 612 3356 sam
644 3295 757 3352 Arii
787 3295 1040 3351 haeresim
1070 3292 1351 3357 indicant,
1384 3305 1547 3362 quam
1575 3289 1927 3345 Constantius
1953 3286 2104 3342 robo-

495 3393 606 3446 rari
629 3392 684 3446 in
707 3390 849 3445 omni
879 3390 1027 3453 loco,
1059 3395 1114 3443 et
1142 3386 1344 3456 suscipi
1376 3385 1444 3440 ab
1475 3383 1729 3439 omnibus
1758 3383 1978 3438 volebat
2003 3397 2105 3453 per

491 3485 727 3541 Arianas
757 3481 909 3537 Fidei
940 3479 1346 3551 expositiones,
1380 3488 1437 3534 et
1463 3477 1779 3540 libellorum
1807 3477 2100 3548 impiorum

487 3591 594 3648 ope
614 3618 629 3642 ,
649 3590 790 3647 quos
818 3574 1008 3629 Romae
1035 3572 1341 3644 praesertim
1365 3571 1531 3643 jussit
1556 3568 1798 3642 dispergi
1825 3588 1836 3623 :
1865 3581 1918 3625 et
1953 3577 2101 3625 recte

490 3670 719 3742 quidem
742 3685 941 3723 novum
977 3666 1305 3723 idololatriae
1326 3680 1498 3736 genus
1522 3665 1726 3720 Ariana
1754 3663 1979 3719 haeresis
2000 3704 2013 3728 ,
2046 3670 2101 3718 et

487 3765 799 3823 idololatraa
820 3763 1007 3820 Ariani
1030 3761 1161 3818 dieti
1194 3770 1320 3817 sunt
1348 3760 1418 3816 ab
1440 3759 1561 3815 aliis
1587 3759 1838 3816 Patribus
1857 3757 2100 3813 Athana-

485 3862 607 3928 sio,
636 3857 871 3925 Basilio,
904 3857 1170 3928 Gregorio
1200 3865 1466 3927 utroque,
1498 3855 1841 3912 Nazianzeno
1871 3867 1935 3907 ac
1960 3850 2100 3923 Nys-

485 3970 650 4021 seno,
674 3960 732 4011 et
748 3951 960 4026 Cyrillo
985 3951 1384 4018 Alexandrino,
1411 3950 1538 4022 quia
1556 3991 1571 4016 ,
1598 3957 1657 4004 ut
1676 3964 1742 4004 ex
1767 3948 1832 4003 iis
1852 3945 2098 4002 animad-

487 4049 660 4106 vertit
693 4047 948 4106 Petavius
975 4045 1003 4084 b
1023 4087 1038 4111 ,
1067 4062 1216 4113 eum,
1263 4061 1412 4114 quem
1446 4052 1736 4099 creaturam
1767 4041 2094 4113 fatebantur,

484 4146 708 4202 adorare
739 4152 912 4198 tamen
945 4155 1056 4197 sese
1096 4140 1326 4194 dicerent
1348 4180 1363 4206 ,
1397 4137 1533 4193 unde
1569 4134 1704 4191 nihil
1739 4152 1771 4190 a
1802 4132 2097 4189 Gentilibus

487 4237 757 4305 differrent
790 4251 809 4290 :
844 4233 1067 4289 nomine
1107 4241 1288 4288 autem
1335 4228 1668 4299 blasphemia:
1708 4242 1816 4283 non
1845 4241 1953 4282 una
1981 4226 2097 4282 Sir-

485 4331 718 4387 miensis
744 4327 1002 4384 Formula
1034 4325 1216 4382 notari
1245 4333 1458 4395 potest,
1481 4321 1575 4378 sed
1602 4335 1794 4377 omnes
1823 4318 2095 4376 haeretica:

487 4426 818 4480 Arianorum
871 4421 1167 4486 Formnhe;
1193 4417 1338 4491 quod
1389 4428 1444 4474 et
1487 4416 1754 4472 Hilarium
1787 4413 1982 4470 fecisse
2014 4411 2095 4468 af-

486 4519 713 4574 ﬁrmant
762 4514 882 4586 ejus
923 4516 1163 4587 Operum
1207 4514 1449 4571 editores
1475 4523 1522 4567 ε.
1568 4513 1640 4566 At
1676 4509 1862 4577 enim,
1917 4505 2095 4579 inquit

2204 3293 2260 3347 in
2301 3291 2469 3347 Deum
2515 3291 2706 3362 delinq.
2755 3307 2881 3364 pag.
2923 3293 3032 3350 2‘20
3069 3291 3196 3366 (col.
3239 3292 3378 3366 990)
3417 3296 3764 3350 commemorat

2203 3383 2355 3440 hisce
2369 3384 2578 3440 verbis:
2598 3385 2867 3453 Quantum
2881 3387 3026 3454 apud
3043 3395 3092 3439 te
3107 3393 3202 3450 est,
3221 3386 3489 3441 tradidisti
3505 3401 3627 3449 eum,
3642 3381 3684 3438 id
3700 3388 3765 3436 est

2202 3477 2398 3535 Filium
2427 3479 2522 3536 Dei
2546 3520 2560 3543 ,
2590 3480 2654 3534 de
2682 3496 2784 3550 quo
2815 3490 2861 3533 et
2894 3480 3054 3535 libros
3079 3481 3306 3550 scriptos
3330 3480 3545 3544 dedisti;
3571 3476 3762 3543 ideoque

2201 3572 2472 3644 ejusmodi
2499 3581 2687 3641 erant,
2718 3572 2919 3644 quibus
2957 3573 3224 3631 Arianum
3254 3573 3452 3646 dogma
3483 3573 3634 3643 impie
3661 3584 3762 3640 pro-

2202 3667 2547 3738 pugnabatur
2569 3709 2582 3733 ,
2627 3665 2723 3722 sed
2766 3667 2966 3724 callide
2995 3668 3064 3724 ab
3095 3668 3384 3739 Episcopis
3411 3667 3644 3732 Arianis,
3671 3663 3760 3718 for-

2200 3765 2350 3814 tasse
2391 3758 2461 3814 ab
2491 3757 2614 3827 ipso
2658 3758 2911 3814 Eudoxio
2947 3760 3318 3816 Germanicia:
3351 3772 3461 3816 tum
3494 3761 3759 3831 Episcopo,

2198 3853 2293 3925 qui
2319 3869 2442 3910 cum
2468 3852 2796 3910 Constantio
2821 3853 3012 3910 Romae
3031 3855 3383 3924 versabatur,
3407 3850 3692 3925 compositi,
3716 3855 3760 3904 ut

2200 3945 2500 4004 Romanam
2525 3946 2742 4019 plebem
2765 3945 3144 4004 etCatbolicos
3169 3948 3472 4019 Episcopos
3491 3943 3758 4002 fraudulen-

2201 4053 2287 4100 ter
2313 4043 2367 4099 in
2399 4057 2644 4100 errorem
2690 4041 3106 4112 pertraherent;
3134 4041 3266 4115 quin
3297 4041 3469 4098 multo
3494 4050 3571 4097 est
3606 4034 3760 4092 verisi-

2199 4137 2386 4192 milius
2426 4138 2480 4192 in
2512 4137 2706 4196 iisdem
2753 4138 2951 4209 impias
2978 4138 3101 4194 illas
3147 4137 3454 4194 locutiones
3497 4131 3760 4202 descriptas

2198 4229 2390 4296 fuisse,
2423 4239 2478 4286 et
2506 4230 2862 4302 blasphemas
2891 4231 3197 4287 sententias
3217 4272 3232 4299 ,
3259 4245 3401 4303 quas
3430 4226 3652 4300 Epistola
3673 4222 3757 4280 Me-

2195 4325 2568 4393 diolanensis,
2601 4326 2718 4381 sive
2749 4323 2996 4381 Edictum
3037 4324 3550 4396 complectebatur:
3591 4319 3650 4374 de
3691 4314 3758 4369 his

2196 4435 2296 4492 per
2332 4420 2708 4492 conjecturam
2751 4418 3030 4476 disserere
3061 4419 3218 4487 licet,
3262 4434 3388 4476 cum
3416 4417 3485 4474 de
3514 4415 3613 4472 isto
3639 4410 3756 4466 Con-

2194 4513 2380 4569 stantii
2428 4513 2673 4570 facinore
2721 4529 2883 4569 nemo
2927 4523 3176 4570 veterum
3228 4521 3430 4583 praeter
3484 4505 3756 4566 Luciferum

482 4573 740 4668 laudatus
775 4573 987 4665 Auctor:
1026 4608 1286 4664 Diatribm
1332 4606 1597 4663 adversus
1637 4573 2049 4661 Tillemontium
2071 4645 2086 4672 ,
2115 4573 2172 4636 D
2198 4606 2476 4663 memoria:
2496 4605 2790 4678 quidquam
2816 4573 3300 4677 prodiderit.Quid
3323 4613 3504 4661 autem
3527 4603 3757 4668 integrum

484 4723 607 4761 cum
638 4704 849 4775 Lucifer
889 4703 1150 4758 recitatos
1190 4717 1223 4754 a
1263 4700 1566 4755 Constantio
1599 4698 1866 4765 Libellos,
1911 4713 1970 4752 ac
1999 4713 2090 4768 per

483 4817 672 4857 manus
707 4798 1088 4870 Episcoporurn
1119 4794 1338 4848 traditos
1369 4791 1589 4857 scribat,
1625 4800 1677 4843 at
1708 4793 1825 4860 ejus
1859 4791 1910 4845 in
1937 4788 2086 4844 omni

478 4895 608 4953 loco
660 4889 912 4948 roborari
964 4896 1150 4960 posset
1203 4882 1584 4955 blasphemia,
1635 4882 1792 4953 facile
1845 4881 2087 4953 intelligit

480 4988 667 5054 lector,
707 5000 863 5058 agere
892 4983 1043 5038 illum
1078 4995 1180 5034 non
1209 4977 1274 5033 de
1315 4976 1676 5048 praemeditata
1717 4983 1921 5028 tantum
1948 5016 1962 5041 ,
1994 4972 2086 5029 sed

482 5081 741 5153 producta
769 5081 884 5150 jam
925 5076 982 5129 in
1010 5074 1210 5138 lucem,
1242 5082 1291 5124 et
1333 5069 1665 5141 promulgata
1705 5068 2080 5138 blaSphemia;

480 5175 670 5231 deinde
718 5187 863 5226 nemo
911 5167 1065 5242 facile
1108 5180 1448 5220 concessurus
1481 5163 1615 5230 erit,
1644 5161 2081 5232 blasphemiam,

478 5287 637 5344 quam
667 5268 836 5323 sciunt
866 5278 1040 5318 omnes
1061 5258 1334 5315 Sirmiensi
1356 5255 1450 5311 illo
1474 5257 1762 5311 clanculari
1784 5273 1846 5310 ac
1867 5255 2083 5325 fortuito

479 5378 759 5436 congressu
802 5357 988 5414 deinde
1033 5354 1410 5425 conscriptam,
1444 5367 1503 5406 eo
1531 5352 1640 5414 iam
1669 5361 1894 5424 tempore
1923 5347 2083 5416 eﬂ'or-

477 5467 707 5520 malam,
741 5453 924 5508 lectam
954 5447 1234 5504 Catholicis
1285 5445 1598 5515 Episcopis,
1648 5461 1710 5497 ac
1758 5459 1849 5514 per
1898 5459 2080 5497 manus

471 5519 724 5606 traditam
753 5561 864 5601 esse
891 5543 1140 5612 potuisse.
1175 5539 1304 5595 Haec
1331 5538 1452 5603 ille,
1484 5545 1540 5592 et
1569 5545 1720 5592 recte
1745 5535 1813 5592 de
1843 5534 2072 5591 formula

465 5643 790 5707 Sirmiensi;
823 5655 945 5711 qua:
982 5645 1163 5692 tamen
1195 5640 1428 5692 summat
1455 5631 1749 5689 sementim
1778 5629 2072 5688 adversan-

545 5770 572 5796 θι
605 5761 724 5815 Art.
753 5755 846 5812 6'5.
879 5753 949 5809 de
974 5751 1164 5807 Arian.
1197 5766 1250 5805 n.
1281 5751 1336 5806 6.

546 5828 575 5872 δ
606 5828 728 5888 Lib.
759 5828 817 5884 2.
843 5839 966 5897 cap.
996 5823 1086 5882 12.
1117 5839 1174 5878 n.
1203 5820 1259 5878 6.

2199 4703 2366 4761 hocce
2408 4702 2649 4760 Luciferi
2693 4705 3067 4761 testimonium
3103 4705 3262 4777 juvet
3308 4704 3510 4761 laudati
3543 4693 3758 4756 Auctoris

2195 4798 2525 4854 sententiam
2573 4797 2642 4853 de
2690 4797 2896 4869 duplici
2937 4798 3142 4856 Liberii
3197 4799 3436 4866 exsilio,
3484 4791 3622 4866 quod
3663 4790 3757 4858 ipse

2195 4899 2410 4957 tuetur,
2441 4893 2574 4946 satis
2596 4904 2707 4946 non
2731 4889 2891 4948 video
2914 4907 2932 4946 :
2960 4890 3208 4948 ulteriori
3232 4887 3641 4960 investigatione
3661 4893 3754 4937 rem

2196 4982 2338 5038 hanc
2381 4998 2489 5038 non
2533 4987 2834 5054 premimus
2861 5026 2875 5052 ,
2925 4999 3050 5040 cum
3099 4984 3386 5057 negotium
3427 4979 3562 5038 istud
3602 4983 3754 5032 nostra

2194 5092 2301 5134 non
2347 5076 2581 5132 intersit.
2627 5079 2910 5135 Monemus
2966 5089 3150 5136 tamen
3190 5080 3504 5151 Opinionem
3544 5070 3754 5146 ejusdem

2191 5171 2450 5228 Auctoris
2480 5171 2548 5226 de
2590 5186 2758 5229 sensu
2799 5174 3028 5246 hujusce
3059 5177 3214 5232 vocis
3253 5172 3576 5246 blasphemia
3602 5167 3754 5223 ideo:

2189 5265 2346 5320 nobis
2367 5264 2671 5335 subjectam
2704 5265 2875 5324 fuisse
2906 5283 3027 5340 pag.
3053 5268 3124 5325 56
3146 5267 3268 5343 (col.
3294 5267 3428 5339 821)
3449 5264 3514 5321 ad
3545 5261 3751 5334 primum

2193 5357 2426 5414 Luciferi
2451 5359 2647 5416 librum
2671 5376 2770 5432 pro
2793 5363 2850 5419 S.
2878 5365 3204 5430 Athanasio,
3227 5364 3318 5420 ubi
3337 5358 3636 5418 idololatria:
3661 5364 3752 5407 v0!

2189 5451 2410 5521 irrepsit
2431 5467 2534 5522 pro
2555 5467 2690 5510 voce
2715 5454 3068 5528 blasphemiae,
3089 5458 3217 5530 quia
3242 5457 3320 5513 ibi
3343 5456 3413 5513 de
3436 5454 3576 5511 illius
3589 5459 3749 5506 sensu.

2184 5544 2526 5616 aliarumque
2549 5545 2792 5603 affinium
2822 5565 3015 5606 vocum
3038 5566 3106 5606 ex
3131 5549 3386 5607 Lucifero
3407 5547 3642 5619 quaedam
3670 5549 3750 5592 n0-

2181 5639 2437 5706 tavimus,
2455 5656 2577 5712 quae
2599 5643 2818 5700 caeteris
2840 5643 2966 5701 inde
2991 5644 3226 5703 Luciferi
3251 5644 3422 5702 nostri
3444 5640 3574 5700 locis
3597 5636 3748 5692 lucem

2258 5765 2281 5792 ο
2314 5752 2372 5807 1η
2401 5752 2498 5809 lib.
2528 5753 2584 5810 4.
2614 5755 2686 5811 de
2713 5753 2914 5814 Trinit.
2945 5773 3002 5813 n.
3036 5757 3127 5814 12.

2252 5822 2281 5862 ιι
2312 5823 2432 5882 Lib.
2458 5825 2516 5882 4.
2545 5841 2597 5884 c.
2631 5825 2723 5883 12.
