3972 6352
254 274 357 329 755

1617 278 1947 339 LUCIFERI
1991 279 2173 338 VITA.

3448 284 3560 341 754

249 388 505 447 aﬁ‘errent
526 408 540 458 ;
563 405 683 446 cum
706 393 1038 464 etetcroquin
1054 393 1307 451 Auctoris
1328 393 1492 451 verba
1516 394 1854 452 etsententia
1881 397 1933 457 Α
1960 396 2177 451 Ariame
2216 394 2492 452 haereseos
2522 397 2746 455 faecibus
2785 396 3122 470 purgandum
3162 398 3471 471 delegatum
3499 414 3563 455 se

248 486 315 540 ad
346 486 726 541 testimonium
758 486 929 556 ipsius
965 486 1196 543 Luciferi
1243 504 1369 544 mox
1414 489 1746 560 explicatum
1793 505 1854 545 re

246 593 373 635 vera
405 580 739 651 pertineant.
774 581 893 637 Jam
926 581 995 637 de
1024 581 1111 637 bis
1139 584 1293 639 satis.
1326 583 1405 639 Ad
1434 583 1671 640 Luciferi
1700 593 1854 656 gesta

244 675 532 729 veniamus
563 683 818 745 oportet,
855 686 908 731 et
940 691 1001 731 ea
1028 717 1045 743 ,
1093 692 1214 747 qua:
1243 676 1329 732 vel
1377 676 1442 731 ad
1473 677 1621 733 illius
1669 678 1851 733 aetatis

243 766 533 824 historiam
566 778 850 839 spectant,
879 770 967 825 vel
996 786 1216 827 sensum
1251 771 1541 827 verborum
1565 814 1580 838 ,
1613 782 1667 828 et
1694 771 1853 828 Luci-

240 862 341 918 feri
374 874 614 920 mentem
642 863 995 935 aliquomodo
1024 866 1302 936 respicere
1330 874 1587 935 possunt,
1619 866 1851 938 quisque

238 956 485 1014 offendet
514 958 567 1014 in
595 956 899 1030 suppositis
944 960 1069 1014 huic
1101 958 1329 1015 editioni
1371 958 1844 1016 annotationibus.

967 1051 995 1124 §
1038 1051 1122 1107 v1.

308 1144 637 1201 Constantio
666 1145 914 1219 Augusto
943 1161 973 1201 e
1018 1146 1160 1202 vivis
1203 1146 1416 1202 sublato
1464 1148 1846 1217 Mopsucrenis

232 1255 410 1312 prope
436 1240 670 1296 Tarsum
700 1240 787 1296 llI.
819 1240 959 1298 Non.
1006 1240 1345 1298 Novembres
1376 1256 1520 1297 anno
1545 1240 1676 1298 Chr.
1715 1242 1841 1311 561,

228 1347 357 1388 cum
389 1333 459 1388 ab
493 1333 700 1389 Euzoio
728 1333 934 1389 Ariano
962 1334 1236 1405 EpiscOpo
1258 1377 1271 1399 ,
1315 1344 1372 1389 ut
1403 1334 1480 1388 ait
1508 1336 1766 1390 Socrates
1793 1344 1841 1403 λ,

227 1425 337 1481 sub
368 1435 602 1483 mortem
630 1426 937 1497 baptizatus
967 1428 1182 1494 fuisset,
1214 1425 1414 1483 fruStra
1446 1428 1709 1484 suadente
1730 1427 1841 1483 Lu—

224 1518 405 1574 cifero
428 1560 445 1587 ,
498 1527 557 1575 ut
604 1534 701 1589 per
728 1518 1091 1575 Athanasium
1115 1562 1129 1587 ,
1165 1522 1280 1576 sive
1312 1521 1682 1591 Coepiscopos
1722 1521 1842 1591 ejus

224 1610 477 1666 salutare
508 1611 773 1683 consequi
822 1611 995 1668 vellet
1022 1612 1455 1683 regenerationis
1486 1613 1762 1668 lavacrum
1788 1611 1835 1681 δ,

222 1703 460 1760 Flavius
487 1704 748 1761 Claudius
775 1704 1024 1761 Julianus
1054 1717 1422 1776 cognomento
1451 1706 1702 1779 Apostata
1732 1705 1839 1760 Ro-

1957 488 2232 544 intellexit
2254 488 2451 546 litteris
2476 489 2677 546 Liberii
2703 488 3047 559 Pontilicish,
3069 492 3158 561 qui
3185 502 3239 548 et
3263 491 3561 548 Eusebium

1956 579 2372 637 Vercellensem
2423 598 2521 654 per
2565 584 2617 639 id
2666 592 2907 655 tempus,
2944 592 3005 639 ut
3036 584 3424 641 Alexandrinae
3459 586 3566 641 Ec—
3654 608 3657 609 ν

1956 674 2138 730 ειθεῑτε
2167 675 2410 732 subsidio
2440 686 2621 743 esset,
2657 676 2895 748 legatum
2927 677 3296 733 destinaverat
3336 678 3560 751 Synodo

1949 766 2061 837 jam
2096 766 2336 823 indictae.
2369 767 2446 823 lta
2493 767 2735 834 Lucifer,
2766 769 2895 825 dum
2926 768 3198 825 Eusebius
3238 785 3359 826 cum
3391 770 3563 827 Atha-

1956 862 2109 916 nasio
2138 861 2507 918 Alexandrino
2533 861 2778 919 Concilio
2826 873 2975 920 totus
3022 865 3319 933 incumbit,
3351 865 3417 921 ad
3456 864 3560 920 Ca-

1955 955 2182 1011 tbolicos
2231 956 2539 1013 Antiochia:
2588 958 2905 1014 domesticis
2952 959 3127 1014 turbis
3182 960 3446 1032 agitatos,
3502 968 3561 1017 et

1951 1049 2169 1105 Arianis
2216 1052 2677 1123 persequentibus
2714 1053 3026 1110 laborantes
3066 1056 3305 1111 accurrit
3352 1098 3367 1124 ,
3399 1064 3454 1112 et
3484 1056 3554 1111 ad

1951 1142 2379 1199 Alexandrinam
2410 1144 2691 1216 Synodum
2713 1188 2727 1212 ,
2761 1160 2882 1201 cum
2912 1147 3030 1219 ipse
3063 1148 3141 1204 ire
3170 1163 3278 1203 non
3324 1159 3511 1220 posset
3537 1192 3551 1214 ,

1948 1234 2154 1305 legatos
2184 1250 2284 1291 suo
2315 1238 2537 1293 nomine
2568 1240 2717 1294 misit
2747 1239 3018 1296 Diaconos
3048 1240 3186 1298 duos
3216 1242 3556 1299 Herennium

1946 1336 2003 1385 et
2033 1333 2335 1401 Agapetum
2355 1372 2370 1398 ,
2400 1341 2457 1386 ut
2483 1347 2549 1387 ex
2582 1332 3085 1404 subscriptionibus
3109 1335 3384 1407 synodicze
3408 1335 3555 1406 ejus-

1945 1422 2068 1478 dem
2100 1423 2334 1479 Concilii
2380 1434 2609 1495 apparet
2639 1424 2682 1480 ί.
2728 1428 2865 1484 Hinc
2910 1430 3203 1485 manifesta
3245 1440 3329 1486 est
3370 1430 3557 1487 Ruﬁni

1946 1516 2334 1585 hallucinatie,
2387 1535 2557 1575 unum
2604 1522 2985 1577 tantummodo
3025 1522 3263 1580 Luciferi
3308 1525 3550 1596 legatum

1943 1610 2023 1665 illi
2053 1611 2299 1667 Concilio
2332 1612 2650 1671 interfuisse
2680 1616 2977 1672 scribentis
3004 1619 3017 1667 t
3046 1634 3060 1683 ;
3090 1618 3196 1672 nisi
3226 1618 3413 1674 dicere
3453 1634 3552 1674 ve-

1942 1705 2132 1771 limus,
2176 1706 2510 1763 llerennium
2544 1710 2720 1765 solum
2747 1712 3063 1768 nominasse
3095 1722 3369 1784 tamquam
3399 1715 3551 1784 prin-

222 1801 376 1856 mani
411 1800 629 1871 Imperii
661 1801 927 1868 habenas,
955 1817 1089 1873 quas
1118 1802 1305 1857 favore
1335 1802 1566 1857 militum
1596 1802 1832 1873 primum
1866 1801 1914 1860 B
1940 1799 2169 1870 cipalem
2194 1842 2209 1865 ,
2264 1817 2370 1857 non
2414 1803 2677 1866 excluso.
2727 1804 2823 1859 sed
2866 1806 3242 1877 praetermisso
3268 1806 3552 1878 Agapeto,

218 1892 459 1951 Lutetiae
508 1894 845 1950 Parisiorum
901 1896 1174 1971 superiori
1226 1912 1399 1963 anno,
1457 1896 1580 1952 dein
1630 1896 1828 1952 iisdem

217 1989 541 2044 volentibus
582 1988 635 2043 in
667 1988 829 2043 Dacia
874 1991 1183 2060 arripuerat
1209 1988 1535 2045 Constantio
1565 1992 1785 2046 vivente
1813 2032 1828 2056 ,

218 2086 499 2157 regendas
527 2095 673 2141 metu
702 2085 843 2141 liber
871 2094 925 2141 et
952 2086 1103 2140 solus
1130 2085 1392 2157 suscepit.
1424 2085 1480 2141 In
1518 2087 1635 2157 ipso
1662 2086 1851 2141 veluti

217 2176 572 2248 Principatus
599 2178 872 2234 vestibulo
904 2194 1156 2249 magnam
1188 2178 1290 2236 sibi
1324 2179 1537 2235 laudem
1567 2180 1709 2250 apud
1737 2195 1832 2252 op-

215 2272 388 2327 timos
430 2288 679 2344 quosque
722 2273 1067 2343 comparavit
1108 2272 1439 2329 vaferrimus
1482 2275 1828 2342 Imperator,

214 2380 414 2437 pacem
462 2367 695 2422 turbatis
744 2367 1004 2422 Ecclesia!
1053 2368 1215 2423 rebus
1264 2367 1367 2423 sub
1423 2368 1832 2438 praedecessore

213 2459 426 2516 frustra
460 2460 776 2531 quaesitam,
823 2460 1304 2533 desideratamque
1349 2462 1645 2517 restituens
1670 2504 1684 2530 ,
1715 2477 1834 2517 om-

212 2569 354 2627 nesq
365 2572 433 2611 ue
459 2555 757 2628 Episcopos
779 2556 979 2613 exsilio
1001 2566 1160 2612 antea
1182 2572 1211 2611 a
1228 2555 1553 2613 Constantio
1574 2558 1833 2613 multatos

210 2647 283 2703 ad
316 2663 447 2704 suas
474 2648 749 2704 Ecclesias
777 2648 959 2704 redire
990 2649 1315 2720 permittens
1341 2661 1387 2718 ε,
1420 2650 1725 2722 iisdemque
1750 2651 1833 2705 di-

211 2756 372 2814 repta
404 2743 474 2799 ab
504 2743 784 2800 luereticis
805 2745 947 2800 bona
974 2744 1313 2800 restituenda
1334 2787 1347 2809 ,
1375 2760 1477 2801 nec
1503 2760 1829 2815 quemquam

210 2837 459 2905 amplius
503 2851 603 2907 pro
656 2837 788 2893 Fide
836 2838 1144 2893 vexandum
1194 2838 1501 2895 decernens
1522 2840 1571 2894 (ι.
1612 2839 1832 2895 Lucifer

210 2945 351 3001 ergo
396 2930 598 2987 Juliani
634 2932 807 3001 gratia
853 2931 1048 2987 exsilio
1086 2931 1352 2987 liberatus
1391 2932 1572 2988 Tauro
1607 2942 1659 2986 ct
1704 2932 1831 2987 Flo-

213 3024 399 3081 rentio
444 3021 601 3079 Coss.
645 3038 790 3080 anno
817 3024 917 3079 361
963 3023 1029 3079 ad
1072 3024 1234 3079 finem
1283 3034 1591 3096 vergente°
1622 3023 1830 3096 Egyp-

214 3122 418 3176 tiacam
449 3118 803 3175 Solitudinem
833 3118 1091 3190 reliquit,
1126 3127 1183 3173 et
1209 3118 1275 3174 ad
1309 3118 1626 3175 Catltolicos
1655 3118 1825 3173 redux

216 3211 429 3266 afﬂicto
459 3210 721 3265 Ecclesiae
758 3210 921 3265 statui
951 3184 1256 3266 subsidium
1288 3209 1471 3265 attulit
1509 3211 1828 3280 prtescntis-
1858 3184 1904 3247 δ

216 3308 422 3361 simum
443 3348 458 3371 ,
490 3314 544 3361 et
573 3320 697 3361 cum
726 3304 970 3361 Eusebio
996 3304 1357 3372 Vet‘cellensi,
1389 3305 1708 3373 apostolicae
1748 3306 1827 3360 le-

218 3401 463 3473 gationis
490 3400 667 3469 socio,
704 3416 801 3456 eos
827 3400 920 3472 qui
947 3398 1166 3455 Ariante
1192 3399 1389 3454 hmresi
1418 3414 1637 3454 manum
1665 3398 1832 3455 dede-

218 3504 369 3557 rant,
392 3493 460 3547 ad
488 3492 787 3549 Catholicae
810 3492 1069 3548 Ecclesiae
1093 3493 1271 3546 sinum
1297 3506 1557 3547 revocare
1579 3500 1832 3563 satagens

220 3591 471 3647 Orientis
505 3589 810 3661 provincias
842 3602 1040 3658 magno
1067 3587 1253 3642 labore
1283 3587 1529 3641 lustravit
1556 3584 1599 3640 ί.
1633 3586 1833 3643 Itinera

224 3686 347 3741 hate
368 3684 675 3740 absolvisse
697 3682 1008 3740 Luciferum
1029 3683 1283 3736 existimo
1306 3697 1333 3734 a
1361 3691 1609 3752 tempore
1636 3681 1836 3746 Edicti,

223 3795 338 3852 quo
387 3778 641 3835 Julianus
693 3778 995 3849 Episcopus
1046 3775 1399 3831 Orthodoxos
1446 3775 1561 3829 suis
1613 3773 1840 3830 sedibus

224 3872 500 3937 restituit,
523 3881 762 3928 exeunte
783 3870 994 3926 scilicet
1017 3868 1312 3925 Novembri
1341 3884 1529 3924 mense
1554 3868 1679 3922 anni
1707 3866 1833 3935 561,

226 3966 297 4022 ad
328 3977 544 4037 tempus
572 3981 774 4037 usque,
807 3978 916 4035 quo
945 3964 1209 4019 indictum
1237 3963 1663 4022 Alexandrinum
1692 3959 1836 4017 Con-

228 4060 455 4123 cilium,
505 4073 649 4114 anno
693 4058 951 4113 nimirum
1002 4057 1252 4126 sequenti
1298 4055 1423 4111 562.
1458 4064 1580 4125 post
1617 4054 1841 4125 Georgii

227 4152 578 4224 Cappadocis
603 4150 791 4206 Ariani
826 4150 1084 4222 Episcopi
1116 4149 1469 4205 Alexandrini
1496 4149 1725 4211 obitutn,
1753 4163 1839 4203 re-

229 4244 523 4315 ditumque
555 4244 620 4298 ad
655 4243 802 4299 illam
834 4242 1019 4299 sedem
1052 4242 1233 4314 magni
1262 4240 1544 4296 Athanasii
1571 4250 1617 4293 ὅ.
1656 4240 1840 4295 Diver-

234 4339 302 4393 tit
328 4346 514 4394 autem
544 4353 574 4392 a
603 4339 876 4409 susceptis
902 4337 1198 4392 itineribus
1221 4335 1456 4400 Lucifer,
1478 4350 1602 4391 eum
1631 4334 1697 4389 ad
1727 4336 1837 4389 An-

236 4429 525 4487 tiochenas
586 4430 772 4487 turbas
836 4429 1146 4495 sedandas,
1202 4428 1463 4500 illamque
1534 4426 1839 4485 Ecclesiam

317 4627 341 4655 ⁸
374 4616 492 4673 Lib.
524 4617 573 4671 1.
604 4632 654 4671 c.
687 4616 777 4673 46.

312 4688 343 4728 ἲ)
378 4689 495 4744 Lib.
529 4689 580 4743 1.
616 4704 713 4758 pro
741 4689 799 4744 S.
835 4685 1097 4758 Athanas.
1128 4698 1252 4755 pag.
1282 4682 1387 4758 1‘09
1418 4680 1542 4758 (col.
1568 4680 1720 4758 876).

320 4772 342 4799 ε
380 4758 572 4815 Omnes
612 4754 862 4829 Episwpi
884 4801 899 4823 ,
928 4760 1018 4830 qui
1044 4757 1108 4811 de
1141 4754 1608 4830 propriissedihus
1637 4754 1847 4830 {nerant

244 4833 613 4908 eaterminati,
654 4823 1155 4908 pet-“indulgentiam
1195 4827 1309 4908 noui
1333 4824 1612 4908 Principis
1645 4825 1716 4908 a_d
1743 4823 1849 4908 Ec:

244 4905 431 4959 clesias
452 4896 687 4957 redeuni.
715 4896 947 4957 Hieron:
968 4901 1089 4955 adv.
1119 4899 1296 4954 Lucil.
1332 4897 1488 4955 Socr.
1523 4896 1619 4951 lib.
1661 4898 1695 4950 5
1735 4910 1785 4950 c.
1813 4896 1839 4951 1

248 4985 307 5031 et
332 4976 385 5032 5.
423 4975 635 5031 Sozom.
676 4974 846 5031 lib.5.
872 4989 922 5028 c.
948 4973 1011 5039 5;
1032 4970 1243 5028 Theod.
1273 4969 1367 5025 lib.
1397 4970 1452 5025 ὅ.
1484 4984 1533 5022 c.
1565 4968 1621 5024 4.
1643 4968 1843 5023 Barou.

250 5047 318 5101 ad
348 5064 437 5101 an.
467 5046 596 5101 Chr.
631 5045 758 5111 361,
793 5062 850 5101 n.
886 5045 973 5101 15.

322 5115 348 5155 ἀ
385 5117 703 5188 Proscriptis
729 5133 845 5172 vero
875 5116 985 5189 lege
1009 5116 1116 5189 lata
1146 5113 1567 5189 facultatessuas
1592 5112 1852 5167 restituit:

251 5191 461 5262 pupulis
507 5184 679 5245 autem
725 5184 987 5262 civitatum
1027 5187 1208 5262 palam
1245 5184 1557 5250 interdixit,
1602 5202 1666 5238 ne
1701 5201 1850 5262 quem

252 5256 667 5317 Christianorum
697 5270 785 5314 aut
816 5260 1010 5331 injuria
1029 5256 1344 5331 ofﬁcerent,
1379 5266 1470 5310 aut
1509 5256 1851 5331 contumelia,

253 5349 375 5387 nere
418 5333 606 5388 invitas
652 5332 720 5386 ad
764 5327 1490 5401 sacri/icundnmitraherent.
1529 5330 1747 5401 δοκοίη.
1781 5343 1853 5401 ex

257 5420 402 5460 vers.
430 5404 613 5460 Vales.
637 5404 729 5460 lib.
761 5404 813 5457 5.
834 5418 881 5457 c.
901 5398 970 5457 ’5.
1005 5402 1070 5457 ν.
1092 5400 1365 5455 lulianum
1389 5399 1567 5469 ipsum
1593 5415 1681 5466 ep.
1714 5399 1766 5452 7.
1787 5398 1857 5453 ad

258 5476 573 5544 Artabium,
601 5491 690 5545 ep.
721 5474 813 5531 45.
841 5473 907 5529 ad
944 5472 1276 5545 Hecebolutn
1304 5486 1392 5542 ep.
1421 5470 1512 5545 52.
1541 5471 1608 5545 a_d
1639 5471 1856 5545 Bostre.

428 5541 599 5615 Quam
631 5541 866 5604 subdole
910 5546 1026 5601 haec
1059 5541 1509 5615 Julianus,’__vitle
1549 5541 1720 5615 Greg.
1748 5541 1851 5595 Na-

260 5612 563 5675 zianszr.
603 5618 656 5673 2.
706 5620 757 5671 in
799 5617 1026 5683 Julian.,
1068 5615 1287 5671 Sozom.
1334 5613 1408 5668 lib
1443 5614 1498 5669 5.
1529 5630 1578 5669 c.
1611 5612 1854 5683 4.’Socr.

262 5672 462 5747 infe.
486 5672 551 5744 ’c’.
601 5672 652 5744 ἱ.
682 5689 889 5744 'I‘heod.
927 5672 1096 5745 tib's.
1131 5702 1181 5743 c.
1214 5686 1268 5741 6.
1302 5698 1357 5741 et
1397 5685 1486 5741 t7.
1519 5685 1716 5757 Evagr.
1747 5672 1855 5742 Vit.

260 5563 383 5605 nos.

265 5764 382 5819 Pat.
414 5763 467 5817 in
496 5761 788 5831 Apollonio
815 5775 865 5816 e.
900 5761 953 5813 7.

343 5826 603 5888 eChrnlt.
656 5833 847 5904 I’i‘osp.
896 5832 1077 5900 Aquit.
1128 5845 1215 5901 ap.
1266 5826 1449 5884 Canis.
1503 5838 1543 5884 t.
1592 5829 1641 5884 1.
1691 5828 1854 5883 Thcs.

1868 4609 1924 4670 Ι)
1948 4607 2187 4663 Monum.

1935 1894 2077 1964 quod
2130 1904 2184 1951 ct
2234 1894 2433 1952 fecisse
2483 1898 2915 1954 cxistimaverim
2966 1898 3265 1956 Auctorem
3312 1900 3439 1955 vitae
3488 1899 3551 1957 S.

1936 1986 2158 2044 Eusebii
2184 1988 2553 2046 Vercellensis
2577 1989 2624 2058 ιί,
2653 1990 3054 2064 Hieronymum
3078 2008 3105 2045 a
3130 1992 3295 2048 Prato
3316 1990 3363 2060 ι,
3384 1992 3552 2049 alios-

1934 2098 2039 2154 que
2080 2084 2449 2150 recentiores,
2482 2087 2574 2156 qui
2605 2086 2935 2158 digniorem,
2965 2088 3115 2143 socio
3146 2089 3420 2160 neglecto,
3451 2105 3551 2145 no-

1934 2177 2235 2232 minarunt.
2287 2180 2593 2249 Antequam
2638 2179 2985 2235 Antiochiam
3039 2192 3254 2252 peteret
3288 2183 3543 2252 Lucifer,

1935 2283 2055 2324 cum
2083 2270 2388 2327 Athanasio
2420 2282 2474 2327 et
2503 2274 2742 2330 Eusebio
2766 2274 3117 2332 Alexandria:
3144 2277 3545 2349 aliquantisper

1934 2378 2057 2418 eum
2089 2364 2401 2421 constitisse
2430 2366 2547 2421 vult
2576 2366 2775 2422 citatus
2799 2367 3126 2423 Eusebianze
3153 2368 3280 2425 vitae
3305 2371 3548 2441 scriptor

1935 2474 2032 2528 per
2055 2457 2171 2514 hmo
2200 2459 2365 2515 verba
2392 2478 2406 2516 :
2431 2459 2625 2515 Beatus
2646 2477 2763 2516 vero
2786 2461 3024 2533 Lucifer,
3052 2460 3387 2519 Calaritanus
3409 2461 3542 2532 Epi-

1933 2572 2138 2625 scopus,
2188 2558 2301 2611 vale
2345 2558 2419 2612 eis
2450 2557 2647 2627 faciens
2672 2558 2960 2613 Athanasio
2990 2568 3038 2613 et
3078 2557 3325 2625 Eusebio,
3362 2558 3543 2613 Antio-

1934 2649 2104 2703 chiam
2154 2650 2217 2705 ab
2264 2652 2338 2706 eis
2382 2652 2568 2706 missus
2608 2661 2707 2716 est,
2740 2662 2794 2706 ut
2822 2650 3086 2707 Ecclesias
3116 2653 3446 2722 conﬁrmaret
3477 2653 3542 2707 de

1934 2743 2472 2800 consubstantialitate
2500 2744 2783 2801 divinitatis
2808 2789 2821 2812 ,
2853 2748 3150 2818 relinquens
3174 2765 3289 2802 cum
3314 2749 3385 2803 eis
3413 2749 3540 2803 Ale-

1932 2837 2173 2893 xandria:
2215 2837 2505 2893 Diaconum
2532 2856 2683 2893 suum
2704 2882 2719 2906 ,
2749 2840 2840 2911 qui
2871 2844 2983 2914 ejus
3019 2842 3072 2894 in
3103 2839 3342 2895 Concilio
3373 2832 3549 2895 vicem'

1934 2939 2161 2997 teneret,
2194 2949 2285 3001 per
2312 2950 2459 3003 quem
2488 2937 2754 3006 professus
2783 2944 2890 3001 est,
2920 2947 3091 2989 ratum
3121 2952 3175 2991 se
3201 2935 3499 2990 habiturum
3521 2977 3537 3001 ,

1933 3024 2187 3095 quidquid
2232 3037 2363 3081 esset
2395 3026 2620 3083 Concilii
2665 3027 2847 3082 ordine
2894 3030 3247 3104 constitutum.
3285 3032 3541 3085 Attamen

1936 3128 2176 3187 pugnant
2219 3117 2336 3174 haec
2367 3122 2715 3190 apertissime
2756 3137 2879 3176 eum
2924 3121 2988 3177 iis
3034 3138 3155 3191 quae
3200 3123 3403 3179 ibidem
3450 3138 3540 3181 se-

1935 3222 2178 3281 quuntur
2207 3230 2218 3265 :
2255 3211 2467 3285 Lucifer
2487 3223 2661 3269 autem
2699 3233 2814 3270 cum
2845 3225 3147 3271 exoraretur
3181 3218 3244 3271 ab
3276 3216 3497 3272 Eusebio
3526 3259 3541 3281 ,

1936 3304 2059 3373 quia
2100 3314 2309 3375 uterque
2346 3306 2401 3358 in
2435 3306 2671 3374 partibus
2716 3308 2896 3361 vicinis
2922 3306 3157 3380 {Egypto
3202 3308 3371 3378 fuerat
3412 3309 3545 3364 rele-

1938 3406 2089 3471 gatus
2114 3439 2128 3462 ,
2159 3408 2214 3451 ut
2255 3398 2323 3452 ad
2350 3399 2627 3453 videndum
2656 3399 2999 3455 Athanasium
3025 3400 3394 3455 Alexandriam
3426 3411 3541 3472 p‘er-

1938 3501 2147 3564 gerent,
2171 3492 2527 3561 communique
2547 3502 2765 3547 tractatu
2784 3510 2899 3547 cum
2925 3495 2989 3547 iis
3020 3496 3108 3565 qui
3147 3499 3509 3568 superfuerant
3526 3537 3542 3561 ,

1943 3583 2307 3640 Sacerdotibus
2325 3584 2388 3637 de
2414 3594 2552 3638 statu
2577 3584 2821 3640 Ecclesia:
2840 3585 3189 3649 decernerent.
3215 3588 3545 3659 praesentiant

1946 3677 2028 3730 sui
2058 3679 2316 3749 abnegans
2338 3719 2352 3743 ,
2382 3678 2607 3749 legatum
2653 3696 2746 3749 pro
2784 3696 2838 3734 se
2869 3679 3157 3735 Diaconum
3188 3698 3339 3736 suum
3363 3684 3543 3751 mittit,

1945 3781 2095 3843 atque
2125 3773 2236 3842 ipse
2262 3773 2455 3825 intento
2486 3774 2660 3826 animo
2687 3772 3014 3828 Antiochiam
3032 3776 3200 3845 pergit
3221 3785 3283 3831 ω.
3316 3776 3370 3831 Si
3397 3776 3545 3832 enim

1948 3864 2248 3920 Athanasio
2289 3864 2609 3920 valedicens
2640 3880 2703 3921 ac
2736 3866 2974 3921 Eusebio
3004 3868 3072 3920 ab
3104 3868 3301 3923 iisdem
3346 3869 3549 3925 missus

1947 3957 2048 4012 fuit
2090 3957 2315 4013 Lucifer
2346 3958 2725 4023 Antiochiam,
2764 3975 2887 4014 cum
2920 3960 2985 4014 iis
3026 3960 3272 4030 profecto
3302 3962 3547 4018 Alexan-

1943 4050 2079 4107 driae
2123 4051 2431 4108 diversatus
2480 4062 2601 4119 est,
2651 4052 2741 4108 ubi
2784 4053 3091 4109 Diaconum
3140 4070 3298 4110 suum
3345 4055 3547 4112 dicitur

1946 4146 2261 4216 reliquisse.
2291 4148 2491 4203 Contra
2519 4163 2649 4203 vero
2679 4148 2725 4202 si
2757 4158 3012 4203 exoratus
3039 4149 3141 4203 fuit
3169 4148 3237 4204 ab
3269 4149 3505 4205 Eusebio
3530 4190 3546 4215 ,

1946 4248 2007 4295 ut
2036 4255 2224 4297 secum
2269 4240 2335 4296 ad
2367 4240 2723 4297 Athanasium
2768 4240 3115 4297 invisendum
3157 4241 3547 4297 Alexandriam

1949 4343 2237 4404 pergeret,
2271 4333 2316 4388 si
2349 4333 2619 4388 recusavit
2647 4334 2829 4399 eoire,
2880 4333 2925 4388 si
2961 4332 3260 4389 Diaconum
3290 4349 3448 4388 suum
3481 4334 3554 4389 il-

1950 4426 2043 4482 luc
2086 4424 2271 4493 misit,
2320 4425 2548 4482 evidens
2590 4427 2817 4482 omnino
2863 4436 2980 4493 est,
3023 4441 3127 4483 nec
3161 4426 3551 4484 Alexandriam

2222 4623 2276 4679 p.
2317 4608 2446 4685 295.
2476 4617 2528 4665 et
2572 4609 2921 4685 Petav.7Rat.
2958 4612 3151 4685 Temp.
3197 4615 3250 4670 in
3292 4615 3546 4673 Success.

1948 4681 2113 4736 Cons.
2149 4679 2304 4734 Rom.
2339 4690 2378 4734 t.
2408 4681 2462 4735 2.
2499 4698 2551 4748 p.
2586 4698 2656 4735 m.
2690 4684 2816 4739 466.

2029 4749 2047 4788 ί
2086 4751 2171 4806 Ex
2199 4752 2363 4827 C_reg.
2398 4753 2650 4827 Quiane.
2680 4755 2831 4811 Orat.
2861 4756 2929 4813 de
2959 4757 3209 4816 laudibus
3236 4759 3460 4827 Basilii,
3490 4770 3547 4817 et

1954 4824 2153 4879 Barou.
2183 4823 2249 4879 ad
2279 4840 2366 4879 an.
2396 4823 2524 4879 Chr.
2554 4824 2679 4880 562.
2709 4844 2764 4881 n.
2795 4828 2885 4884 58.

2029 4904 2054 4942 8
2089 4894 2152 4950 V.
2178 4895 2429 4950 Nazianz.
2459 4895 2592 4952 ibid.
2626 4909 2680 4952 et
2709 4898 2905 4955 Barou.
2940 4901 3070 4959 ibid.
3101 4920 3156 4958 n.
3189 4904 3313 4959 171.

2029 4966 2055 5005 ιι
2087 4965 2281 5021 Baron.
2319 4967 2453 5022 ibid.
2486 4984 2539 5021 n.
2574 4969 2693 5024 177.

2033 5038 2046 5076 ἰ
2085 5036 2134 5093 ,Ε
2186 5042 2197 5059 ,
2329 5038 2342 5052 .
2486 5041 2496 5056 .
2698 5042 2711 5060 .
2795 5046 2804 5063 ,
3061 5049 3075 5068 .
3288 5050 3302 5067 .
3354 5052 3363 5068 ο

2135 5060 2290 5115 yart:
2343 5043 2639 5115 Αθανασιος,
2691 5065 2879 5115 ομοιως
2917 5050 3001 5101 καὶ
3028 5068 3074 5102 οι
3101 5044 3239 5103 ἄλλοι
3280 5069 3553 5106 sarmentis

1959 5112 2356 5199 donumque;
2381 5113 2688 5199 ὺπέχριξψαν
2716 5112 2802 5199 irai
2829 5118 2876 5172 oi
2908 5120 3289 5199 ἀπρᾳταλξντος
3320 5118 3373 5199 ξε
3400 5125 3554 5199 παρὰ

2002 5188 2052 5240 ἐν
2081 5186 2390 5261 Λουκίφερος
2428 5192 2520 5240 τοῦ
2562 5186 2845 5243 ἐπισκόπου
2872 5190 3090 5263 Σαρδὶας
3114 5196 3296 5257 νήσου,
3331 5186 3558 5250 dirimeret

1960 5208 2077 5313 Sco.
2109 5252 2349 5313 Ἐρέννιος
2380 5260 2466 5312 καί
2484 5257 2791 5313 ’Δναπητὸα
2818 5259 2881 5313 Τ.
2911 5262 2967 5313 2.
3001 5260 3215 5313 Concil.
3245 5262 3378 5313 edit.
3415 5264 3549 5313 Ven.

1997 5252 2355 5332 dok’Epévut'og
2376 5257 2791 5332 argi'A'yctn‘n‘t'éc.
3001 5260 3215 5319 Concil.
3245 5252 3378 5316 edit.
3415 5264 3549 5320 Ven.

1968 5325 2283 5404 1728,_'pag.
2328 5325 2467 5404 947._
2488 5325 2706 5404 eLseq.
2736 5330 2876 5404 ethT.
2911 5333 2962 5387 1.
2995 5332 3135 5404 Opp.
3178 5333 3236 5390 S.
3270 5333 3559 5392 Athanasii

1966 5398 2109 5470 edit.
2130 5397 2301 5470 Paris.
2326 5413 2416 5453 an.
2446 5398 2606 5464 1627,
2637 5416 2758 5470 pag.
2781 5401 2907 5461 580.

2039 5481 2051 5519 l
2094 5469 2210 5524 Lib.
2241 5468 2295 5525 8.
2328 5485 2377 5525 c.
2408 5470 2499 5524 27.
2535 5471 2597 5525 V.
2628 5468 2827 5528 Barou.
2855 5475 2892 5530 Ι.
2925 5490 2977 5531 c.
3007 5491 3062 5530 n.
3097 5476 3220 5535 180.

2037 5540 2063 5577 ιι
2096 5541 2152 5596 1η
2186 5541 2366 5596 Addit.
2399 5542 2465 5598 ad
2494 5540 2662 5598 Cone.
2695 5543 2849 5600 Alex.
2893 5563 2960 5603 ex
3003 5563 3138 5601 nova
3172 5550 3406 5607 Collect.
3447 5549 3551 5606 Ba-

1964 5611 2173 5691 qu_ii_'I‘.
2203 5612 2259 5666 2.
2288 5610 2505 5691 Concil;
2527 5614 2701 5691 ejusd_.
2735 5616 2866 5672 edit.
2894 5633 3017 5691 pag.
3040 5618 3167 5675 951.

2043 5682 2442 5775 i‘l-J!2"3§-?.d
2473 5682 3096 5775 $919:,S°X'.,".?2vl"lg'
3122 5692 3250 5775 241-

2038 5766 2079 5794 ω
2109 5755 2267 5827 Apud
2297 5757 2437 5813 Boil.
2473 5757 2541 5814 ad
2574 5755 2717 5817 diem
2738 5759 2831 5816 25.
2868 5755 2993 5819 Maii
3025 5755 3160 5821 tom.
3192 5767 3247 5823 5.
