3972 6352
302 224 415 286 757

1696 222 2029 295 LUCIFERI
2067 222 2247 280 vm.

3510 226 3619 284 758

300 343 541 414 spuisse,
572 351 625 400 et
679 340 901 399 Meietio
951 353 1172 413 semper
1222 336 1522 395 adhaasisse
1548 380 1563 405 ,
1615 345 1782 408 atque
1837 335 1906 389 ita
1941 339 1984 399 Α
2017 333 2218 390 Verum
2245 334 2465 395 Lucifer
2492 352 2521 397 a
2563 352 2623 397 se
2668 339 2862 399 factam
2893 339 3128 399 Paullini
3156 318 3480 401 electionem
3524 340 3615 399 ubi

295 436 543 495 schisma
575 434 882 495 Antiochiae
915 433 1265 504 perdurasse,
1297 430 1473 491 donec
1505 429 1779 485 ueletiam
1816 428 1902 484 iu-

296 538 385 587 ter
411 539 467 587 et
494 529 806 585 Paullinum
846 543 948 598 pax
981 528 1190 583 sancita
1221 534 1306 583 est
1336 539 1397 581 ea
1438 522 1780 586 conditiOne,
1814 535 1906 577 ac-

293 629 569 695 ceptoque
595 622 833 694 partium
858 626 1229 686 sacramento,
1248 616 1496 673 Flaviani
1523 614 1820 687 praesertim
1844 627 1907 668 ac

296 716 605 784 Theodori,
630 732 698 772 ne
721 715 973 771 alterutri
994 713 1283 771 decedenti
1306 725 1588 768 successor
1610 708 1831 766 daretur
1846 716 1902 776 ll;

296 811 401 869 sed
436 811 787 869 conventioni
818 809 1131 866 Orientales
1168 806 1426 879 Episcopi
1463 822 1570 861 non
1604 811 1903 869 steterunt;

296 906 372 962 ab
405 906 514 961 illis
542 905 692 962 enim
739 904 1012 961 exstincto
1046 902 1265 959 Meletio
1308 902 1360 959 in
1403 896 1748 955 Antiochena
1775 894 1907 951 sede

294 997 599 1054 Flavianus
620 997 879 1054 suffectus
906 995 1025 1063 fuit;
1056 1005 1111 1053 et
1136 995 1203 1049 ad
1235 994 1438 1051 multos
1465 1008 1640 1048 annos
1667 990 1904 1047 schisma

296 1091 604 1149 recruduit.
626 1090 746 1148 Jam
761 1090 1124 1147 dissensionis
1151 1105 1313 1145 causa
1344 1088 1487 1143 inter
1510 1084 1820 1143 Luciferum
1853 1094 1907 1143 et

293 1182 639 1252 Eusebium,
675 1183 1010 1255 improbatio
1037 1181 1292 1238 nimirum
1342 1179 1630 1237 electionis
1673 1175 1902 1234 Paullini

290 1292 331 1334 a
364 1276 621 1337 Lucifero
670 1276 858 1345 factae,
887 1294 992 1333 non
1036 1287 1119 1332 est
1158 1275 1517 1344 admittenda,
1557 1273 1660 1329 etsi
1702 1270 1904 1343 Rufini,

291 1371 547 1429 Socratis
604 1381 658 1428 et
714 1371 1005 1428 Sozomeni
1056 1368 1371 1426 testimonio
1426 1366 1721 1431 iniciatur;
1780 1379 1901 1420 cum

295 1462 573 1521 Eusebius
607 1463 725 1534 ipse
758 1466 808 1518 in
842 1461 1213 1518 Alexandrina
1247 1458 1468 1535 Synodo
1486 1468 1541 1515 et
1568 1457 1905 1515 Athanasius

288 1555 593 1627 cacterique
646 1555 839 1611 Patres
881 1556 1028 1611 illam
1082 1565 1254 1609 ratam
1305 1553 1596 1609 habuerint
1649 1568 1662 1605 :
1730 1565 1905 1625 neque

290 1651 447 1707 extim
480 1658 693 1722 poterat
716 1649 987 1706 Eusebius
1014 1648 1147 1705 illud
1180 1647 1467 1715 damnare,
1514 1643 1658 1717 quod
1701 1643 1902 1700 solem-

2006 430 2181 485 sensit
2207 438 2263 487 ut
2290 432 2622 505 praecipitem
2657 433 2894 489 Eusebio
2918 435 3287 504 dislilieuisse,
3333 433 3612 507 ejusjndi-

2006 521 2147 577 cium
2177 538 2320 595 aegre
2354 524 2491 583 tulit.
2524 525 2964 597 Praiconceptam
3011 526 3151 585 hanc
3188 526 3354 585 animi
3403 526 3613 585 acerbi-

2010 623 2174 673 tatem
2229 615 2455 672 Conciiii
2502 618 2853 675 Alexandrini
2898 620 3114 675 decreta
3148 621 3215 675 de
3261 618 3428 690 lapsis
3484 633 3614 679 vere

2012 708 2412 777 paenitentibus
2464 710 2814 785 recipiendis,
2849 712 3148 771 dummodo
3178 713 3448 769 ha-resum
3482 726 3609 768 auc-

2009 813 2156 859 tores
2178 819 2284 859 non
2315 817 2527 874 essent,
2556 807 2742 879 eisque
2769 810 3170 881 cnmdignitate
3186 809 3251 867 ad
3292 824 3421 865 suas
3454 808 3613 867 sedes

2008 897 2361 957 restituendis
2379 908 2671 969 auxerunt,
2694 912 2716 942 ο
2739 905 3038 972 praesertim
3069 920 3191 958 cum
3221 914 3415 973 praster
3455 918 3608 959 suam

2008 990 2364 1059 sententiam,
2422 1007 2527 1064 qua
2574 993 2641 1049 ad
2674 992 2834 1053 fidem
2890 995 3247 1052 orthodoxam
3299 997 3366 1051 ab
3411 997 3604 1055 lunresi

2009 1082 2308 1139 redeuntes
2353 1084 2726 1141 communioni
2778 1086 2997 1159 quidem
3056 1087 3406 1156 admittendi,
3468 1088 3613 1159 pris-

2010 1173 2138 1229 linis
2184 1182 2366 1231 tamen
2400 1174 2704 1233 honoribus
2743 1188 2903 1235 erant
2941 1180 3229 1251 privandi,
3280 1179 3525 1239 Eusebio
3554 1190 3611 1239 et

2008 1265 2309 1325 Athanasio
2360 1269 2679 1328 auctoribus
2743 1271 2945 1331 factum
3005 1276 3403 1346 suSpicaretur.
3462 1272 3611 1343 Qua-

2010 1376 2236 1437 pr0pter
2264 1365 2641 1436 indignatione
2670 1374 2914 1425 aestuans
2947 1368 3165 1428 Lucifer
3204 1370 3437 1431 Concilii
3469 1374 3619 1431 illius

2010 1458 2230 1515 decreta
2257 1458 2475 1529 rejecit,
2506 1470 2563 1515 et
2592 1475 2714 1515 eum
2748 1459 3033 1534 Episcopis
3064 1462 3316 1536 dignitati
3342 1466 3617 1525 restitutis

2008 1559 2159 1606 ratus
2201 1566 2308 1606 non
2333 1566 2456 1607 esse
2477 1553 3021 1621 communicandum,
3056 1557 3125 1611 ab
3155 1558 3237 1613 eis
3283 1560 3613 1632 eteterisque

2010 1643 2400 1703 Alexandrinae
2442 1643 2650 1719 Synodi
2697 1646 2952 1704 Patribus
2991 1662 3116 1705 sese
3152 1653 3452 1722 separavit.
3499 1653 3612 1710 Hoc

293 1745 443 1800 niter
474 1744 588 1814 ipse
621 1742 949 1813 probaverat
974 1738 1026 1796 δ.
1061 1738 1176 1813 Ego
1207 1755 1339 1795 sane
1369 1734 1698 1793 crediderim
1734 1777 1749 1803 ,
1789 1750 1895 1792 non
1930 1745 1977 1807 Β
2004 1736 2151 1794 facto
2175 1738 2484 1810 periculoso
2505 1739 2789 1795 schismati
2817 1740 2997 1797 locum
3023 1752 3079 1799 et
3104 1757 3307 1801 nomen
3325 1744 3496 1814 dedit;
3520 1748 3614 1816 qui

291 1836 519 1910 quidem
568 1833 809 1891 Luciferi
850 1836 1051 1890 factum
1085 1833 1421 1907 improbasse
1455 1830 1776 1898 EuScbium,
1809 1828 1903 1887 sed

294 1930 637 2002 przecipitcm
660 1940 828 2003 atque
845 1930 1282 2000 intempestivam
1311 1926 1547 1983 Paullini
1569 1925 1901 1983 electionem

292 2023 383 2079 illi
420 2022 575 2079 unice
617 2021 990 2094 diSplicnisse,
1034 2021 1101 2079 de
1129 2038 1233 2092 qua
1268 2021 1445 2077 amice
1476 2036 1600 2075 cum
1653 2019 1905 2079 Lucifero

292 2129 699 2189 conquestum,
740 2118 827 2173 ubi
890 2117 1230 2172 Antiochiam
1275 2116 1548 2173 accedens
1603 2115 1904 2171 catholicas

296 2226 390 2267 res
440 2226 547 2267 non
590 2212 924 2281 compositas
954 2210 1133 2277 modo,
1168 2210 1261 2265 sed
1292 2210 1605 2281 asperiores
1646 2207 1901 2275 offendit,

297 2320 584 2376 novasque
613 2314 667 2361 et
688 2305 975 2375 graviores
1007 2303 1140 2358 vidit
1172 2302 1529 2359 Orthodoxos
1562 2302 1707 2356 inter
1744 2318 1905 2357 exor-

293 2410 384 2457 tes
431 2399 892 2469 perturbationes.
940 2397 1158 2455 Etenim
1207 2396 1410 2453 Meletii
1460 2395 1702 2455 fautores
1728 2395 1806 2453 illi
1834 2395 1902 2450 ab

295 2491 497 2548 exsilio
517 2490 865 2548 Antiochiam
899 2491 1087 2547 reduci
1113 2505 1235 2545 sese
1262 2489 1624 2560 adjunxerant
1646 2530 1661 2555 ,
1695 2498 1751 2542 et
1777 2501 1899 2543 cum

295 2585 400 2640 ilio
430 2591 736 2640 conventus
775 2598 940 2656 agere
974 2591 1238 2654 ceperant
1266 2599 1295 2638 a
1322 2580 1684 2637 Paullinianis
1710 2596 1901 2654 segre-

292 2680 432 2752 gati,
478 2688 669 2751 utpote
700 2680 790 2750 qui
817 2695 983 2736 unum
1014 2680 1295 2739 Melctium
1339 2678 1746 2736 Antiochenum
1792 2678 1901 2733 Au-

296 2772 529 2828 tistitem
574 2783 961 2844 agnoscerent,
1015 2782 1069 2828 et
1097 2773 1143 2827 si
1186 2772 1484 2843 aliquando
1533 2773 1805 2827 Aeaeiana
1846 2781 1901 2826 et

300 2864 625 2921 Endoxiana
670 2865 1059 2923 communione
1098 2865 1332 2937 lapsum,
1383 2864 1623 2933 gloriosa
1653 2870 1902 2935 postmo-

297 2960 430 3014 dum
454 2958 801 3017 confessione
823 2959 1091 3032 insignem
1113 2973 1327 3014 summo
1344 2956 1655 3015 sacerdotio
1670 2956 1896 3026 dignum

293 3054 724 3120 existimarent,
765 3052 967 3118 immo,
1016 3053 1060 3108 si
1104 3052 1245 3107 forte
1288 3065 1319 3105 e
1354 3050 1620 3121 dignitate
1664 3049 1899 3105 excidis-

2008 1830 2154 1888 enim
2183 1831 2237 1886 in
2265 1830 2381 1901 ejus
2412 1832 2741 1888 sententiam
2770 1833 3049 1902 abierunt,
3099 1834 3431 1894 Lueiferiani
3475 1838 3609 1897 dicti

2008 1935 2157 1992 sunt,
2189 1938 2393 1995 eosque
2422 1924 2473 1979 in
2500 1923 2755 1984 haeresim
2796 1925 2995 1983 deinde
3031 1929 3269 1998 turpiter
3316 1929 3609 2001 prolapsos

2007 2020 2250 2093 egregiis
2271 2020 2491 2092 scriptis
2520 2020 2581 2074 D.
2624 2020 2992 2095 Hieronymus
3045 2021 3328 2079 insecutus
3375 2033 3480 2081 est.
3513 2023 3607 2080 In-

2010 2121 2183 2179 terea,
2233 2112 2361 2169 dum
2402 2112 2637 2173 reditum
2689 2114 2743 2173 in
2792 2114 3004 2175 Italiam
3046 2116 3287 2189 cogitat,
3341 2117 3610 2175 Caesarea:

2007 2206 2312 2263 consistere
2356 2205 2668 2265 Luciferum
2706 2209 2974 2279 oportuit,
3022 2221 3079 2265 ut
3108 2212 3273 2270 urbes
3307 2210 3387 2273 illi
3417 2211 3610 2268 Eccle-

2006 2302 2102 2357 siae
2137 2303 2188 2356 in
2229 2299 2573 2372 Cappadocia
2618 2302 2914 2374 subjecms,
2959 2320 3083 2375 quas
3123 2315 3347 2376 propter
3384 2307 3607 2362 Eusebii

2004 2396 2374 2452 Ctesarceusis
2419 2397 2673 2468 EpiscOpi
2725 2397 3055 2454 electionem
3088 2398 3237 2454 inter
3279 2414 3341 2455 se
3370 2399 3608 2456 disside-

2006 2489 2157 2557 bant,
2203 2489 2269 2544 ad
2318 2491 2559 2561 quietem
2603 2491 2938 2550 traduceret.
2993 2490 3155 2547 Initio
3201 2491 3330 2548 anni
3376 2492 3605 2551 secundi

1995 2580 2209 2664 ὅιιιιὶειηὶ
2241 2581 2492 2653 Augusti,
2530 2593 2774 2639 exeunte
2810 2583 3022 2643 scilicet
3050 2582 3312 2641 Januario
3349 2600 3437 2642 an.
3472 2585 3603 2650 365,

2004 2690 2128 2731 cum
2171 2675 2466 2732 Annalium
2516 2678 3029 2736 Eceiesiasticorum
3083 2681 3322 2738 maxime
3372 2689 3603 2752 parente

2008 2767 2109 2824 hoc
2143 2770 2402 2825 evenisse
2455 2770 2830 2826 existimamus
2879 2769 2931 2825 ἀ.
2979 2772 3074 2828 His
3112 2772 3353 2844 expletis
3384 2772 3603 2837 tandem

2005 2859 2073 2914 ab
2120 2858 2343 2917 Oriente
2386 2861 2441 2916 in
2472 2860 2689 2919 Italiam
2739 2861 2913 2921 redux
2952 2863 3173 2925 Lucifer
3203 2880 3270 2925 eo
3302 2866 3423 2936 ipso
3451 2881 3599 2923 anno

2004 2951 2133 3009 Chr.
2166 2944 2540 3023 563,1uliano
2568 2955 2815 3027 Augusto
2849 2956 2942 3024 IV,
2969 2966 3024 3013 et
3053 2958 3311 3014 Secundo
3343 2958 3607 3018 Sallustio

2006 3048 2265 3104 Promoto
2286 3047 2474 3115 Coss.,
2498 3060 2555 3105 ut
2581 3062 2704 3121 post
2735 3060 2815 3106 tot
2842 3050 3165 3108 cxantlatos
3194 3051 3411 3108 labores
3432 3054 3609 3125 quieti

296 3157 408 3214 set,
437 3144 502 3201 ad
528 3163 650 3202 eam
674 3146 920 3202 dicerent
953 3148 1265 3201 restitutum
1291 3144 1463 3215 ipsius
1504 3141 1895 3198 Alexandrinae
1924 3134 1969 3196 C
2004 3140 2300 3211 aliquando
2343 3143 2661 3201 consuleret
2707 3160 2854 3212 sum,
2889 3146 2941 3200 in
2976 3145 3289 3205 Sardiniam
3335 3160 3461 3203 sese
3518 3163 3609 3205 re-

297 3240 508 3313 Synodi
550 3241 780 3296 solemni
828 3240 1055 3295 decreto
1102 3237 1174 3297 de
1217 3238 1384 3308 lapsis
1444 3251 1575 3295 vere
1630 3237 1899 3306 pmniten—

294 3334 450 3390 tibus
480 3333 545 3388 ad
575 3337 786 3404 primos
814 3334 1053 3391 honores
1078 3330 1486 3401 dignitatesque
1516 3328 1893 3387 restituendis.

293 3424 435 3494 Quae
465 3434 754 3496 proriterea
783 3423 1005 3480 dissidiu
1030 3432 1085 3477 et
1115 3421 1369 3477 scandan
1397 3436 1522 3475 cum
1550 3419 1727 3477 futura
1759 3434 1899 3491 pra:-

294 3518 529 3577 vidisset
570 3519 873 3587 Eusebius,
919 3533 1024 3572 non
1074 3517 1245 3588 potuit
1270 3514 1565 3585 contineri,
1599 3514 1728 3587 quin
1771 3528 1894 3568 cum

296 3610 553 3669 Lucifero
575 3610 936 3669 dissensionis
957 3608 1364 3682 quodammodo
1404 3616 1628 3663 auctore
1660 3603 1898 3663 familiar

294 3706 438 3762 riter
466 3713 920 3776 conquereretur,
967 3704 1260 3759 consilium
1302 3701 1420 3771 ejus
1454 3701 1505 3754 in
1539 3715 1895 3771 pra-propera

294 3797 391 3852 illa
416 3796 687 3853 electione
709 3796 939 3851 Paullini
967 3793 1347 3851 funestissimis
1364 3792 1651 3849 effectibus
1670 3792 1895 3867 gravida

294 3891 524 3946 omnino
553 3889 891 3963 improbans.

980 3983 1007 4055 ς
1055 3982 1186 4040 Vill.

371 4076 558 4147 Itaque
591 4118 607 4144 ,
654 4088 712 4133 ut
757 4076 996 4131 diximus
1021 4120 1034 4142 ,
1066 4092 1188 4131 cum
1240 4075 1508 4132 Eusebius
1548 4076 1895 4133 Antiochiam

294 4172 526 4229 veniens
560 4213 574 4239 ,
624 4181 843 4246 accepta
892 4172 1001 4241 jam
1042 4171 1400 4227 Paulliniante
1456 4171 1751 4231 electionis
1802 4190 1899 4229 no-

298 4266 458 4332 titia,
513 4266 868 4325 concordiam
913 4280 944 4320 ι
992 4263 1247 4322 Lucifero
1291 4265 1557 4321 intentam
1590 4281 1698 4323 non
1736 4266 1899 4324 modo

282 4358 648 4414 conciliaram
691 4374 797 4431 non
845 4357 1037 4423 fuisse,
1089 4358 1184 4411 scd
1235 4373 1374 4411 nova
1404 4357 1548 4411 inter
1583 4356 1898 4414 Catholicos

294 4460 419 4507 orta
446 4451 676 4507 discidia
690 4451 1078 4523 comperisset,
1102 4451 1287 4506 celere
1316 4451 1479 4504 nimis
1500 4450 1736 4506 Luciferi
1768 4467 1899 4507 cen-

2005 3236 2169 3305 cepit.
2201 3237 2342 3290 Sunt
2384 3238 2497 3308 qui,
2529 3248 2820 3309 antequam
2849 3239 3072 3301 Lucifer
3101 3239 3345 3299 Calarim
3375 3240 3602 3307 rediret,

2002 3330 2157 3386 illum
2184 3331 2333 3386 aiunt
2367 3332 2419 3386 in
2444 3331 2800 3401 Campaniam
2832 3333 3132 3404 appulisse,
3156 3331 3434 3389 Zozimum
3465 3331 3603 3389 Nea-

2002 3426 2302 3495 politanum
2349 3424 2901 3501 pseudo-episcopum
2954 3428 3191 3485 Maximo
3234 3428 3287 3485 in
3343 3428 3601 3488 exsilium

2003 3518 2161 3588 pulso
2215 3518 2284 3572 ab
2341 3518 2560 3574 Arianis
2610 3517 2903 3575 suﬂ'ectum
2961 3530 2983 3557 ο
3033 3522 3263 3591 vitasse,
3319 3520 3603 3581 Liberium

2002 3612 2323 3669 Pontifieem
2380 3613 2570 3668 Romrc
2614 3614 2964 3671 convenisse.
2988 3615 3057 3670 At
3077 3630 3201 3671 eum
3217 3614 3384 3671 dubia
3415 3617 3601 3672 omnia

2004 3704 2311 3771 videantur,
2348 3716 2715 3776 suspectaque
2748 3705 2931 3762 Fausti
2965 3717 3019 3765 et
3049 3706 3356 3769 Marcellini
3386 3707 3605 3767 Lucife—

2002 3797 2280 3852 rianornm
2311 3796 2623 3857 testimonio
2655 3799 2891 3854 maxime
2916 3798 3209 3859 iniciantur
3264 3798 3309 3866 ί,
3344 3798 3601 3861 volentes

2003 3891 2345 3963 libentesque
2400 3893 2567 3953 missa
2620 3891 2848 3949 facimus
2881 3934 2895 3959 ,
2955 3890 3286 3951 Calaritante
3344 3894 3600 3964 regendae

2005 3983 2269 4040 Ecclesia:
2296 3984 2453 4040 annis
2481 4000 2511 4039 a
2540 3984 2721 4040 reditu
2752 3986 2972 4041 circiter
2994 3994 3120 4041 octo
3146 3985 3395 4044 incubuit
3431 3986 3596 4044 Luci-

2002 4078 2087 4134 fer
2116 4076 2440 4137 dil‘llcillima
2470 4079 2571 4134 sub
2607 4077 2837 4134 Valente
2866 4078 3069 4135 Ariano
3098 4079 3334 4135 Orientis
3354 4079 3599 4155 Impera-

2007 4182 2123 4229 tore
2159 4183 2353 4228 naetns
2394 4181 2669 4243 tempora.
2702 4172 3087 4231 Valentiniano
3120 4172 3338 4229 tandem
3374 4175 3600 4233 seniore

2004 4267 2375 4324 Occidentaiis
2419 4267 2635 4338 imperii
2689 4268 2930 4323 habenas
2977 4267 3297 4323 moderante
3326 4281 3419 4322 an.
3452 4268 3593 4321 Chr.

2003 4361 2101 4415 571
2169 4359 2463 4425 inchoato,
2521 4360 2736 4430 imperii
2790 4359 2907 4429 ejus
2956 4358 3067 4413 VIII
3100 4401 3114 4425 ,
3168 4356 3433 4414 Gratiano
3485 4360 3596 4414 Au-

2002 4462 2163 4523 gusto
2206 4452 2248 4507 Ii
2273 4495 2287 4518 ,
2333 4461 2390 4508 et
2444 4452 2573 4509 Sex.
2608 4452 2800 4507 Anicio
2840 4451 3018 4508 Probo
3064 4449 3245 4519 Coss.,
3277 4453 3364 4508 vei
3395 4454 3590 4508 saltem

294 4544 484 4601 silium
516 4544 818 4608 damnavit,
848 4544 1185 4614 studuitque,
1223 4553 1278 4598 ut
1322 4542 1679 4599 Antiochenze
1707 4544 1899 4601 Eceie-
1925 4530 1978 4590 D
2009 4548 2188 4618 priore
2232 4547 2296 4601 ad
2329 4546 2491 4603 finem
2541 4536 2859 4613 inclinante,
2914 4544 3281 4601 Valentiniani
3313 4545 3426 4614 VII,
3461 4544 3595 4603 Chr.

297 4638 396 4692 sia:
435 4636 667 4707 negotiis
695 4637 941 4704 meliori,
976 4651 1083 4707 quo
1110 4635 1231 4691 fieri
1268 4644 1474 4705 posset,
1509 4636 1676 4695 modo
1714 4638 1898 4708 provi-

297 4745 422 4786 sum
469 4730 596 4787 iret.
637 4729 783 4800 Ergo
826 4728 1118 4784 Antiochia
1162 4728 1346 4803 aliqua
1390 4728 1903 4805 quomodocumque

299 4840 435 4897 pace
477 4824 703 4891 donata,
748 4823 1018 4879 Eusebius
1054 4821 1120 4877 ad
1167 4820 1306 4877 alios
1334 4821 1578 4878 Orientis
1625 4821 1941 4879 Eeclesias,

298 4918 632 4977 ordinandas
680 4917 925 4975 animum
982 4924 1038 4971 et
1098 4914 1531 4973 sollicitudinem
1600 4916 1898 4975 convertit.

298 5073 423 5114 cum
464 5054 716 5110 Paullino
753 5052 1141 5109 communione
1183 5049 1413 5120 videnda
1446 5051 1607 5120 epist.
1638 5049 1697 5107 S.
1730 5050 1913 5108 Basilii

298 5127 431 5184 2M.
462 5128 598 5182 alias
627 5124 754 5183 559.
780 5135 835 5179 et
865 5124 1025 5193 epist.
1057 5122 1183 5179 216.
1216 5115 1286 5177 al.
1318 5121 1446 5175 272.
1483 5115 1545 5177 ἐι
1588 5121 1910 5180 Sarazanius

300 5200 369 5256 ad
420 5200 622 5269 Opusc.
682 5205 739 5253 et
787 5195 950 5253 Gesta
1017 5196 1075 5252 S.
1132 5194 1345 5249 Damasi
1406 5193 1566 5265 Papa:
1633 5208 1753 5264 cap.
1816 5197 1902 5252 10.

300 5270 695 5401 “Tris...
725 5350 782 5398 et
823 5340 990 5410 διεθε-
1018 5338 1244 5411 Nazian-
1277 5337 1529 5395 Ρθιθνίιιε
1552 5337 1681 5394 3""
1709 5337 1902 5411 Tm"

300 5432 358 5488 p.
397 5416 449 5471 1.
479 5414 575 5471 lib.
612 5412 670 5470 6.
700 5427 753 5469 c.
788 5414 840 5467 7.
872 5409 996 5483 pag.
1028 5426 1104 5467 ιιι.
1131 5409 1261 5467 281.

375 5486 403 5525 δ
430 5486 635 5541 Baron.
671 5484 709 5540 l.
738 5499 788 5539 c.
823 5501 877 5539 n.
909 5483 1040 5539 215.

308 5634 325 5689 Ι
379 5559 687 5686 c(10mins;
735 5557 795 5615 2.
836 5556 932 5612 ubi
958 5569 1082 5627 sup.
1128 5553 1254 5609 Ruf.
1291 5554 1385 5611 lib.
1416 5557 1474 5611 2.
1505 5571 1555 5611 c.
1582 5556 1675 5613 28.
1708 5556 1906 5613 Baron.

337 5672 352 5689 .
380 5645 432 5687 c.
457 5646 515 5685 n.
668 5668 683 5683 .

337 5672 352 5689 .
380 5645 432 5687 c.
457 5646 515 5685 n.
554 5645 683 5686 162.

383 5700 410 5740 ἀ
441 5701 527 5759 Ad
553 5716 649 5761 an.
678 5699 808 5758 365.
859 5708 915 5759 et
944 5701 1067 5758 Act.
1109 5699 1209 5758 SS.
1258 5698 1320 5755 T.
1373 5716 1445 5757 tv.
1482 5700 1603 5757 Maii
1659 5701 1727 5757 ad
1759 5702 1814 5759 ιι.
1843 5701 1914 5759 24

309 5794 363 5865 c.
397 5775 452 5837 5.
482 5792 542 5831 n.
568 5770 663 5867 ἔξ.

2004 4641 2133 4697 ⁸570.
2170 4641 2402 4697 Damuso
2430 4641 2677 4696 Romano
2706 4640 2975 4696 Pontifice
3004 4639 3221 4696 anil‘er
3253 4638 3602 4699 Calaritanus

2004 4735 2306 4804 Episcopus
2329 4750 2390 4790 ea
2439 4734 2493 4797 in
2540 4733 2677 4800 urbe
2704 4749 2740 4793 β
2773 4734 2915 4789 vivis
2945 4732 3221 4790 discessit.
3257 4733 3390 4805 Eius
3414 4735 3600 4790 obitus

2006 4827 2061 4882 in
2090 4825 2369 4883 Chronico
2401 4824 2719 4898 Hieronymi
2749 4828 2821 4882 ita
2852 4834 3075 4882 notatur
3100 4844 3113 4879 :
3159 4825 3372 4897 Lucifer
3398 4824 3603 4882 Calari-

2006 4930 2159 4977 tanus
2182 4918 2477 4991 Episcopus
2504 4920 2746 4986 moritur,
2768 4920 2854 4991 qui
2882 4934 2999 4975 cum
3030 4917 3284 4990 Gregorio
3314 4917 3605 4990 Hispania-

2097 5066 2119 5092 θ
2163 5054 2229 5110 V.
2264 5054 2507 5110 Mazoch.
2545 5054 2599 5109 in
2629 5053 2751 5125 Vet.
2783 5053 3006 5125 Martyr.
3046 5051 3525 5125 rn_arm._l_Veap.__c.
3552 5055 3604 5109 1.

2018 5136 2073 5182 ct
2102 5126 2157 5181 4.
2186 5127 2253 5182 ad
2285 5126 2339 5180 d.
2392 5143 2467 5181 xi.
2512 5125 2672 5181 Janu.
2731 5122 2953 5181 Sabbat.
3006 5126 3058 5178 in
3088 5122 3208 5179 Vet.
3259 5122 3375 5178 Kal.
3434 5123 3604 5192 Neap.

2016 5209 2054 5253 t.
2092 5199 2146 5255 5.
2178 5214 2232 5269 p.
2255 5198 2348 5252 26.
2382 5197 2578 5255 Muret.
2626 5196 2697 5269 ad
2723 5195 2925 5269 Chron,
2960 5195 3025 5250 .lo
3070 5194 3606 5269 Diaconi,_Coletum

2014 5270 2135 5325 Ital.
2180 5264 2367 5331 'Sacr.
2402 5270 2456 5324 in
2510 5268 2771 5339 Archiep.
2828 5267 2999 5339 Neap.
3028 5274 3073 5321 t.
3100 5264 3157 5339 6.
3188 5264 3386 5339 Matth.
3438 5264 3603 5322 Sard.

2015 5341 2137 5398 Sac.
2167 5341 2288 5396 loco
2309 5341 2402 5396 cit.
2428 5340 2522 5395 ubi
2551 5342 2603 5395 in
2632 5338 2759 5395 nota
2788 5357 2800 5393 :
2838 5359 2857 5391 α
2893 5338 3040 5393 Illud
3060 5338 3438 5403 animadverto,
3472 5340 3608 5407 quod

2019 5433 2040 5467 ›
2072 5412 2215 5486 apud
2240 5411 2532 5469 Barom'um
2555 5412 2791 5484 fortassis
2814 5410 3208 5467 amanuensium
3236 5409 3388 5532 δαέρα
3416 5410 3609 5469 dicitur

2022 5505 2040 5538 ι
2081 5485 2342 5539 Maximus
2392 5487 2445 5539 in
2501 5484 2673 5537 locum
2714 5480 2913 5537 Zozimi
2960 5485 3239 5553 suffectus.
3278 5523 3293 5533 .
3337 5481 3444 5535 iror
3473 5482 3607 5536 Inmc

2020 5574 2041 5610 ›
2073 5572 2300 5612 errorem
2338 5556 2744 5610 confertissimum
2794 5552 3055 5609 Mansium
3104 5553 3157 5605 in
3212 5552 3432 5605 Lucensi
3478 5555 3601 5607 edit.

2023 5648 2042 5682 ι
2072 5646 2179 5684 non
2203 5628 2521 5693 mndacse,
2550 5626 2751 5682 tametsi
2777 5627 2853 5681 rei
2875 5627 2989 5694 ipse
3009 5622 3220 5680 Cofctus
3250 5622 3315 5678 Τ.
3350 5622 3395 5678 γ
3406 5622 3451 5678 1.
3485 5622 3508 5677 1
3516 5626 3608 5679 (at.

2026 5721 2044 5755 ›
2078 5702 2202 5760 SaC.
2230 5702 2487 5757 monuerit
2514 5716 2624 5757 esse
2651 5698 3038 5770 corrigendum.
3072 5716 3093 5751 ο

2105 5773 2123 5812 ί
2153 5772 2326 5829 Libel.
2356 5773 2609 5844 Precum,
2634 5788 2724 5846 ap.
2756 5769 2923 5830 Sirm.
2956 5769 2993 5826 I.
3024 5786 3075 5828 c.
