3972 6352
253 318 349 375 761

1478 319 1815 377 EPISTULA
1852 318 2343 379 DEDICATORIA.

3446 323 3553 382 762

252 433 367 487 tiss.
402 432 581 501 Pater,
613 433 787 491 nostri
832 433 1045 490 ordinis
1071 442 1443 507 contemptum
1473 444 1529 491 et
1580 434 1847 505 dedigna-
1879 436 1926 497 A
1956 435 2104 504 dem,
2134 437 2278 509 quod
2305 439 2417 509 jam
2451 449 2563 496 tum
2606 440 2766 497 valde
2796 440 3250 510 reformidabam,
3281 443 3552 501 commdia

250 526 457 583 tionem
497 538 687 585 nostra
732 529 892 600 culpa
952 529 1025 584 ita
1075 529 1357 595 miseram,
1392 537 1450 583 ut
1504 526 1641 584 nihil
1673 528 1847 584 ferme

248 618 483 687 amplius
512 621 857 677 auctoritatis
887 620 1213 688 habeamus;
1238 629 1295 677 et
1316 620 1562 692 profecm
1588 636 1708 677 eam
1738 636 1847 677 non

248 724 550 767 meremur.
604 712 954 783 Quapropter
1009 712 1077 769 ad
1129 714 1336 784 primos
1392 724 1614 770 nostros
1654 714 1847 770 Patres

246 803 450 860 Christi
484 806 700 862 Domini
731 806 1073 878 temporibus
1104 808 1528 878 propinquiorcs
1568 807 1845 879 confugio,

244 911 545 969 eorumque
582 899 789 972 scripta
838 901 1033 956 evolvo
1064 909 1118 955 et
1160 902 1445 971 perquiro,
1473 908 1532 956 ut
1559 900 1844 956 ostendam

244 991 526 1061 quomodo
572 992 626 1046 in
683 992 935 1049 doctrina
993 992 1145 1048 illius
1178 994 1463 1049 tractanda
1494 1008 1558 1050 se
1588 1008 1849 1049 exercue-

246 1095 396 1151 runt,
427 1102 588 1156 quam
628 1086 847 1158 quidem
896 1088 966 1143 ab
997 1087 1116 1157 ipso
1144 1086 1371 1158 ejusque
1403 1088 1681 1158 Apostolis
1711 1097 1846 1143 tem-

243 1190 444 1246 porum
476 1193 770 1251 progressu
799 1179 1131 1249 didicerunt,
1162 1191 1528 1252 quovepacto
1556 1191 1608 1237 et
1637 1182 1849 1252 seipsos

241 1279 297 1324 et
343 1272 548 1327 Christi
583 1281 770 1343 partes
804 1276 1071 1329 adversus
1110 1273 1457 1329 inimicorum
1505 1273 1738 1329 insultus
1766 1273 1848 1330 fo-

243 1375 462 1420 verunt.
512 1366 659 1422 lnter
698 1382 837 1439 quos
867 1368 1234 1423 clarissimum
1262 1369 1397 1424 mihi
1432 1368 1586 1424 sidus
1624 1368 1847 1425 Lucifer

243 1458 360 1526 hic,
402 1461 535 1541 solis
585 1462 769 1519 lumen
803 1462 1093 1530 referiens,
1128 1463 1348 1530 affulsit,
1398 1465 1492 1535 qui
1549 1464 1842 1536 pessimam

239 1553 406 1607 istam
440 1563 494 1608 et
542 1556 786 1611 omnium
848 1568 973 1629 post
1033 1557 1284 1615 homines
1337 1568 1496 1615 natos
1555 1560 1844 1615 maximam

238 1647 362 1702 Arii
386 1648 665 1719 literesim,
697 1650 1019 1708 Antichristi
1046 1663 1301 1719 matrem,
1344 1655 1399 1710 in
1444 1666 1689 1725 apertum
1721 1670 1847 1725 pro-

241 1739 353 1796 fert
380 1750 438 1798 et
467 1742 725 1799 elucidat.
759 1744 933 1814 Quem
952 1746 1300 1817 splendorem
1327 1749 1378 1803 in
1410 1756 1514 1803 tua:
1542 1748 1844 1803 sanctitatis

1954 532 2007 588 in
2039 531 2357 605 tragoediam
2397 544 2725 593 verteretur.
2779 536 2965 608 Itaque
2994 536 3147 594 solus
3188 538 3242 594 in
3277 553 3395 595 mea
3425 553 3551 595 sen-

1952 630 2119 685 tentia
2168 630 2464 701 permansi,
2498 641 2551 687 et
2599 632 2668 687 ab
2698 632 2788 687 illa
2818 634 3214 704 disputatione,
3246 650 3371 705 qure
3414 634 3550 691 mihi

1952 723 2183 779 scelesta
2216 724 2523 793 videbatur,
2550 741 2639 781 me
2665 726 2923 795 subduxi,
2952 738 3117 800 atque
3151 727 3385 784 multum
3411 743 3548 784 con-

1953 813 2212 871 tristabar
2242 816 2313 872 ibi
2367 832 2457 873 res
2498 833 2687 874 sacras
2716 819 3069 888 profanarum
3101 835 3253 876 more
3304 820 3551 876 tractari.

1951 906 2129 976 Quare
2156 924 2183 961 a
2213 909 2541 981 quibusdam
2569 926 2668 982 pro
2715 910 2981 968 seditioso
3011 926 3065 969 et
3097 913 3357 969 hzeretico
3387 928 3555 984 prope

1951 1013 2070 1056 sum
2127 1000 2368 1057 ltahitus.
2420 1002 2529 1059 Sed
2555 1046 2568 1071 ,
2600 1020 2763 1075 quam
2815 1006 3012 1075 tristis,
3038 1014 3204 1078 atque
3224 1004 3364 1061 adeo
3390 1021 3553 1077 quam

1952 1092 2260 1148 horrendus
2321 1110 2508 1151 rerum
2559 1095 2738 1152 exitus
2786 1096 3003 1165 fuerit,
3059 1099 3313 1154 omnibus
3364 1108 3550 1169 postea

1951 1187 2207 1256 innotuit,
2238 1190 2383 1259 quod
2438 1206 2547 1247 non
2595 1192 2774 1248 solum
2831 1194 3035 1249 nostris
3089 1194 3190 1264 piis
3231 1193 3552 1250 hominibus

1952 1284 2109 1340 triste
2155 1286 2415 1353 occurrit,
2445 1302 2632 1343 verum
2663 1288 2827 1343 etiam
2879 1289 3114 1359 posteris
3144 1303 3340 1361 magno
3370 1289 3551 1345 dolori

1952 1378 2153 1449 poterit
2200 1393 2341 1436 esse.
2401 1379 2668 1450 Superest
2715 1390 2774 1437 ut
2817 1396 3098 1449 enarrem,
3156 1391 3335 1438 utrum
3362 1382 3550 1454 operis

1952 1472 2111 1527 istius
2164 1484 2373 1541 auctor,
2434 1483 2581 1531 utet
2640 1476 2916 1547 plerisque
2968 1475 3324 1544 doctissimis,
3361 1485 3416 1533 ct
3448 1477 3552 1548 ipsi

1950 1585 2168 1642 quoque
2198 1570 2535 1641 peritissimo
2566 1571 2768 1628 divinae
2791 1572 3082 1643 sapientiae
3111 1572 3393 1629 Salomoni
3423 1586 3550 1627 eve-

1951 1663 2101 1718 nisse
2129 1663 2353 1731 dicitur,
2384 1664 2485 1720 sub
2515 1665 2643 1720 vitae
2686 1666 2978 1722 terminum
3022 1666 3076 1721 in
3122 1680 3408 1722 erroneam
3434 1666 3555 1737 opi-

1952 1758 2171 1812 nionem
2205 1757 2275 1811 sit
2330 1757 2643 1829 prolapsus,
2702 1773 2826 1814 cum
2889 1756 3138 1813 nonnulli
3166 1757 3549 1815 Luciferianos

239 1835 471 1890 nomine
521 1851 791 1908 apparere
839 1839 1024 1909 cupio,
1059 1840 1215 1911 cujus
1242 1843 1582 1897 evectionem
1613 1857 1682 1896 ne
1727 1841 1847 1911 qui-
1880 1836 1923 1897 Î’
1952 1848 2097 1903 illius
2118 1848 2419 1922 discipulos
2439 1849 2491 1905 in
2523 1849 2910 1906 haereticorum
2940 1865 3228 1906 numerum
3252 1849 3551 1905 ascribant.

235 1929 371 1986 dem
403 1933 690 1989 universus
720 1935 872 1991 orbis
897 1936 1060 1992 amici
1093 1947 1257 2009 atque
1286 1938 1493 1994 inimici
1536 1940 1850 2010 improbare

235 2032 338 2079 aut
391 2034 752 2085 contemnere
797 2039 1045 2101 possent,
1080 2047 1181 2089 nec
1228 2034 1496 2103 majorem
1545 2034 1598 2088 in
1630 2044 1848 2104 pastore

235 2133 432 2173 curam
467 2130 521 2175 et
548 2120 790 2177 laborem
819 2139 916 2193 pro
937 2123 1203 2180 Ecclesia:
1236 2126 1476 2182 utilitate
1504 2126 1846 2183 desiderare.

236 2208 469 2267 Duabus
501 2223 686 2269 autem
720 2216 1066 2285 potissimum
1120 2217 1188 2273 de
1215 2219 1395 2274 causis
1427 2218 1478 2273 id
1513 2219 1676 2284 facio,
1709 2234 1847 2290 qna-

235 2322 364 2360 rum
405 2306 561 2377 prior
611 2318 699 2364 est
733 2352 749 2375 ,
786 2318 863 2365 -ut
892 2326 1017 2365 meo
1046 2312 1226 2367 ordini
1256 2313 1559 2384 antiquitus
1584 2312 1637 2368 in
1672 2312 1847 2368 Gallia

233 2401 620 2473 integerrimo,
655 2400 917 2476 atquein
968 2407 1140 2463 Deum
1173 2416 1230 2463 et
1276 2408 1578 2480 principem
1610 2424 1847 2480 propen-

231 2495 461 2551 sissimo
489 2511 555 2553 ac
586 2497 907 2555 fidelissimo
938 2501 1294 2571 exprobrem,
1327 2501 1474 2573 quod
1511 2502 1597 2559 his
1625 2512 1847 2575 tempo-

234 2590 401 2646 ribus
434 2592 642 2647 nostris
671 2592 808 2648 adeo
837 2593 1025 2650 infelix
1070 2603 1126 2649 et
1152 2593 1525 2663 deplorandus
1552 2594 1740 2664 fuerit,
1765 2606 1843 2665 ut,

234 2699 414 2755 puero
466 2700 595 2755 rege
646 2695 841 2742 nostro
886 2686 1369 2744 Chrisï¬anissimo
1413 2704 1442 2743 a
1489 2686 1850 2744 Christianis-

232 2777 392 2835 simis
427 2779 651 2850 regibus
678 2779 819 2837 bene
849 2780 916 2837 de
947 2781 1104 2838 nobis
1137 2782 1355 2837 meritis
1386 2793 1533 2848 orto,
1586 2798 1656 2839 ne
1706 2799 1850 2839 unus

233 2873 466 2945 quidem
497 2884 753 2945 repertus
783 2875 877 2943 sit,
914 2876 1004 2946 qui
1039 2874 1115 2930 illi
1150 2876 1473 2948 religionem
1506 2886 1707 2931 sartam
1740 2886 1851 2932 tec-

235 2977 351 3024 tam
406 2970 873 3025 conservaverit:
925 2970 1163 3025 maxime
1206 2986 1330 3024 cum
1363 2971 1447 3025 his
1475 2969 1646 3025 oculis
1699 2969 1850 3025 vidc-

235 3063 420 3117 rimus
468 3062 763 3119 cathedras
812 3063 1094 3119 cathedris
1147 3063 1462 3128 adversari,
1523 3072 1577 3118 et
1629 3078 1851 3119 mensas

236 3158 502 3228 profanas
531 3155 795 3213 adversus
813 3157 1004 3212 altaria
1022 3156 1178 3228 erigi.
1211 3156 1510 3227 fidelesque
1534 3156 1629 3210 Dei
1662 3170 1848 3212 servos

1951 1941 2127 1997 Meum
2158 1957 2263 1997 non
2295 1952 2379 1998 est
2408 1944 2476 1999 de
2502 1944 2667 1998 tantis
2695 1944 2832 1999 viris
2885 1944 3216 2000 sententiam
3246 1943 3422 2009 ferre;
3456 1943 3551 1999 sed

1952 2037 2190 2107 ingenue
2215 2037 2422 2103 dicam,
2457 2053 2577 2093 eam
2613 2046 2726 2093 tum
2769 2038 2939 2094 fuisse
2977 2039 3239 2095 Ecclesiae
3268 2039 3557 2111 integrita-

1952 2137 2084 2196 tem,
2120 2139 2178 2184 ut
2224 2130 2425 2185 nullam
2466 2146 2692 2203 prorsus
2737 2132 3151 2188 contentionem
3197 2135 3550 2207 perciperet,

1950 2221 2078 2292 quin
2112 2235 2143 2276 e
2192 2223 2426 2292 vestigio
2480 2230 2736 2278 notaret:
2770 2239 2876 2278 non
2927 2224 3075 2295 quod
3106 2224 3355 2295 insignes
3403 2226 3552 2280 viros

1951 2313 2353 2385 imaginationis
2373 2314 2459 2370 vel
2482 2316 2757 2387 opinionis
2780 2315 3064 2387 cujusdam
3092 2318 3384 2373 occasione
3400 2318 3553 2372 dam-

1950 2416 2109 2463 naret
2164 2408 2465 2473 haereseos,
2521 2408 2627 2463 nisi
2681 2423 2869 2465 eorum
2925 2409 3160 2465 assertio
3190 2412 3353 2465 etiam
3386 2410 3457 2466 de
3487 2426 3552 2467 re

1951 2500 2099 2571 gravi
2150 2501 2366 2572 penitus
2425 2502 2694 2570 majorum
2752 2500 3102 2573 dogmatibus
3142 2501 3550 2571 adversaretur,

1950 2597 2263 2654 concordize
2312 2608 2493 2651 tamen
2541 2612 2606 2652 ac
2653 2596 2803 2669 pacis
2849 2596 3109 2652 Ecclesiae
3138 2596 3279 2652 adeo
3309 2595 3409 2652 fuit
3438 2604 3555 2651 stu-

1950 2691 2125 2755 diosa,
2147 2698 2289 2745 utne
2319 2690 2604 2745 minimam
2636 2689 2859 2761 quidem
2887 2705 3075 2745 ansam
3099 2689 3464 2747 seditionibus
3491 2704 3555 2746 ac

1950 2784 2193 2840 dissidiis
2220 2783 2457 2857 praeberi
2491 2792 2790 2855 pateretur.
2841 2782 3189 2854 Quapropter
3236 2783 3371 2838 nihil
3415 2782 3543 2838 huic

1953 2893 2149 2949 magno
2188 2876 2490 2933 confessori
2527 2876 2703 2947 magis
2736 2876 2869 2930 vitio
2899 2875 3155 2943 vertitur,
3186 2890 3349 2947 quam
3385 2874 3553 2930 nimia

1951 2970 2183 3027 durities
2212 2979 2377 3041 atque
2405 2970 2671 3026 severitas
2702 2968 2971 3025 adversus
3003 2970 3193 3024 matris
3221 2977 3424 3024 nostrae
3453 2969 3555 3024 Ec-

1952 3064 2136 3120 clesiae
2172 3064 2392 3120 solitam
2427 3061 2822 3134 indulgentiam
2852 3070 2905 3116 et
2938 3062 3374 3132 conniventiam,
3405 3062 3551 3131 quod

1953 3157 2022 3213 ab
2080 3157 2165 3211 his
2219 3156 2544 3223 recederet,
2601 3156 2693 3225 qui
2751 3155 3052 3226 Episc0pos
3105 3165 3161 3211 et
3214 3155 3449 3210 clericos
3500 3156 3551 3210 in

238 3226 558 3321 Episcopos
580 3250 742 3305 etiam
778 3250 926 3319 ipsos
955 3250 1023 3305 ab
1066 3226 1341 3306 haereticis
1379 3226 1435 3304 et
1482 3248 1703 3319 perfidis
1750 3249 1846 3305 ho-
1873 3226 1919 3289 (á¼¶
1954 3249 2204 3305 haeresim
2255 3249 2463 3320 lapsos,
2490 3258 2546 3304 et
2586 3248 2836 3304 relictam
2869 3264 2900 3303 a
2933 3263 2991 3302 se
3024 3248 3193 3303 fidem
3212 3248 3546 3304 catholicam

238 3341 489 3400 minibus
507 3342 764 3412 judicari,
797 3357 861 3398 ac
886 3342 1062 3397 modis
1084 3343 1345 3397 omnibus
1374 3342 1631 3413 opprimi;
1656 3356 1849 3397 cumu-

236 3437 433 3493 lumne
462 3436 645 3493 dicere
675 3437 978 3493 auderem?
1008 3436 1264 3493 atheismi
1299 3437 1513 3508 praxim
1544 3446 1597 3492 et
1628 3452 1846 3492 omnem

239 3529 341 3586 Dei
398 3530 733 3587 oblivionem
792 3546 1139 3587 communem
1196 3545 1362 3597 esse,
1423 3539 1478 3585 et
1525 3531 1847 3601 sanguinem

235 3622 449 3679 Christi
476 3624 744 3680 beneficio
769 3624 1115 3696 redemptum
1134 3624 1338 3694 ubique
1362 3622 1540 3679 fusum
1561 3622 1804 3681 defluere
1829 3641 1844 3678 :

238 3724 294 3771 et
326 3724 516 3771 tamen
548 3731 616 3772 ne
642 3717 745 3772 ulla
772 3716 989 3788 quidem
1019 3726 1329 3771 nostrorum
1356 3732 1458 3771 vox
1492 3714 1670 3771 adhuc
1698 3716 1851 3771 obla-

238 3808 432 3865 travit.
488 3807 619 3876 Sed,
667 3810 791 3880 quia
826 3818 1078 3865 anteacto
1113 3819 1361 3881 tempore
1390 3809 1463 3864 ita
1515 3810 1692 3880 ignavi
1743 3808 1846 3865 fui-

241 3920 393 3970 mus,
430 3919 597 3969 nunc,
633 3919 756 3961 cum
787 3905 892 3959 sub
925 3912 1018 3959 tuo
1052 3904 1237 3960 favore
1277 3917 1440 3975 atque
1485 3906 1735 3975 exemplo
1764 3919 1846 3960 re-

241 3998 462 4070 spirare
490 3998 637 4065 licet,
663 4006 720 4052 ut
750 3997 1006 4053 similiter
1027 3996 1313 4067 Episcopis
1332 3997 1591 4051 fratribus
1606 3998 1847 4052 animum

239 4090 464 4153 demus,
507 4091 765 4161 viresque
796 4105 1167 4153 resutnamus,
1217 4100 1448 4143 mortem
1478 4090 1658 4158 potius
1681 4103 1851 4158 oppe-

243 4184 427 4249 tituri,
461 4199 624 4253 quam
656 4182 902 4239 Ecclesia
932 4184 1183 4253 speciosa
1212 4182 1383 4237 amica
1428 4190 1483 4237 et
1513 4196 1717 4255 sponsa
1743 4182 1849 4236 Do-

241 4278 385 4335 mini
444 4279 615 4333 nostri
667 4277 799 4333 Jesu
852 4275 1054 4333 Christi
1104 4276 1344 4346 amplius
1397 4277 1469 4330 ita
1496 4276 1765 4331 laceretur
1796 4285 1847 4331 et

241 4374 505 4430 violetur.
527 4373 608 4430 Ad
640 4388 800 4445 quam
826 4388 941 4430 rem
973 4374 1105 4428 satis
1127 4387 1222 4428 eos
1251 4372 1514 4427 animabit
1544 4371 1703 4443 hujus
1727 4387 1849 4443 gra-

242 4468 463 4525 vissimi
518 4467 859 4525 confessoris
910 4477 965 4522 et
1018 4466 1318 4537 evangelici
1372 4466 1641 4537 praeconis
1702 4465 1845 4521 tuba.

246 4561 439 4615 Altera
490 4575 578 4615 me
620 4559 839 4631 impulit
882 4560 1047 4626 ratio,
1080 4558 1225 4630 quod
1255 4558 1483 4614 multum
1516 4573 1633 4614 mea
1662 4559 1716 4613 in
1747 4559 1851 4614 hoc

1954 3351 2288 3414 repetentes,
2342 3342 2407 3396 ad
2441 3343 2706 3397 honorem
2738 3350 2795 3396 et
2844 3342 3132 3413 pristinum
3195 3342 3248 3396 in
3303 3341 3548 3397 Ecclesia

1952 3450 2149 3492 munus
2197 3435 2559 3508 recipiebant.
2604 3433 2845 3490 Narrant
2872 3434 3265 3490 ecclesiasticae
3304 3434 3552 3491 historim

1952 3533 2228 3603 quomodo
2286 3532 2402 3588 htec
2442 3532 2765 3599 acciderint,
2815 3547 3148 3603 causamque
3191 3530 3555 3587 dissensionis

1952 3626 2097 3682 inter
2143 3626 2297 3681 illum
2349 3634 2404 3682 et
2457 3625 2754 3681 Eusebium
2802 3624 3209 3693 Vercellensent
3245 3643 3258 3678 :
3299 3639 3363 3679 ac
3413 3638 3551 3695 quo-

1954 3718 2123 3785 niam,
2154 3718 2245 3774 ubi
2278 3719 2518 3772 bmreses
2549 3732 2614 3771 ac
2643 3716 2939 3771 schismata
2972 3716 3265 3787 plurimum
3296 3724 3551 3786 regnant,

1955 3812 2137 3867 nullus
2162 3811 2463 3883 disciplinae
2494 3812 2647 3866 locus
2684 3811 3033 3882 relinquitur,
3063 3820 3119 3866 et
3163 3825 3345 3866 mores
3383 3812 3557 3881 magis

1954 3904 2335 3975 inquinantur,
2367 3903 2487 3973 ipse
2515 3917 2578 3958 ac
2599 3902 2718 3973 ejus
2749 3903 2975 3957 asseclae
3001 3902 3104 3958 hoc
3133 3902 3303 3959 veluti
3335 3901 3546 3965 colore,

1954 4008 2012 4054 ut
2040 4000 2164 4054 vitia
2194 4007 2251 4055 et
2288 4000 2519 4055 vitiosos
2557 3999 2843 4070 fugerent,
2884 4014 3013 4054 sese
3042 4014 3070 4052 a
3102 3997 3347 4054 fidelium
3378 3998 3555 4053 socie-

1955 4101 2066 4149 tate
2087 4092 2470 4165 segregabam.
2527 4092 2604 4147 Ex
2661 4093 3091 4164 elegantioribus
3142 4093 3316 4147 sancti
3359 4092 3553 4147 Hiero-

1954 4187 2101 4258 nymi
2130 4186 2287 4241 libris
2317 4203 2453 4241 unus
2485 4186 2664 4241 adhuc
2690 4186 2845 4241 nobis
2876 4196 3147 4257 superist,
3175 4186 3267 4253 qui
3291 4184 3561 4241 adversus

1953 4296 2049 4337 eos
2080 4279 2414 4336 inscribitur.
2450 4279 2624 4346 Quam
2661 4279 2879 4334 tandem
2923 4278 3333 4332 excusationem
3377 4280 3553 4331 nostri

1956 4375 2217 4446 temporis
2248 4374 2490 4429 haeretici
2541 4372 2811 4439 afferent,
2860 4373 2959 4443 qui
2989 4389 3048 4427 se
3097 4371 3285 4427 eadem
3331 4372 3562 4443 vestigia

1953 4466 2166 4536 insequi
2192 4465 2452 4536 jactitant
2473 4464 2497 4519 ?
2519 4465 2753 4521 Sanctus
2776 4464 2941 4519 etiam
2974 4466 3306 4535 Augustinus
3329 4465 3384 4521 in
3408 4465 3557 4521 hunc

1952 4563 2129 4633 ipsum
2159 4559 2469 4616 Luciferum
2500 4559 2681 4615 acrius
2727 4558 3030 4627 invehitur,
3070 4570 3345 4630 tamquam
3395 4560 3559 4617 nimis

245 4652 392 4708 libro
425 4651 666 4709 intersit.
710 4650 849 4707 Nam
881 4651 983 4708 etsi
1017 4658 1189 4707 totum
1235 4650 1488 4706 volumen
1534 4649 1661 4705 mihi
1710 4664 1845 4721 opus
1874 4632 1927 4693 á¿˜)
1961 4632 2238 4713 morosum
2268 4663 2323 4709 et
2348 4651 2627 4708 difficilem
2648 4694 2661 4717 ,
2694 4651 2839 4723 quod
2867 4650 2936 4707 de
2966 4649 3211 4720 Christo,
3246 4652 3339 4725 qui
3366 4652 3563 4710 Eccle-

249 4743 511 4800 videatur
552 4753 728 4799 tractu
781 4758 894 4799 uno
948 4742 1271 4816 Imperatori
1302 4741 1625 4800 Constantio
1670 4744 1851 4799 couti-

249 4849 498 4905 nuatum,
532 4838 710 4910 ipsum
742 4847 923 4894 tamen
946 4839 999 4894 in
1026 4839 1244 4896 libellos
1267 4839 1499 4911 partitus
1523 4848 1611 4895 est
1636 4849 1846 4906 auctor;

249 4947 483 5005 quorum
511 4947 654 4988 unus
683 4932 885 4987 asserit
912 4946 1036 4989 cum
1071 4931 1347 4988 hareticis
1376 4932 1568 4987 venire
1599 4932 1756 4989 nobis
1786 4934 1852 4987 li-

250 5028 422 5084 citum
472 5041 579 5082 non
626 5040 773 5093 esse,
820 5034 915 5081 aut
967 5025 1171 5096 aliquid
1221 5040 1514 5083 commune
1561 5041 1683 5082 cum
1718 5026 1851 5096 ipsis

254 5119 478 5176 habere.
535 5119 674 5176 Cum
723 5134 973 5201 essemus
1024 5119 1334 5186 Poessiaci,
1380 5136 1485 5176 non
1541 5128 1648 5176 tam
1677 5121 1854 5177 libere

252 5229 373 5271 sum
426 5214 675 5281 locutus,
710 5213 809 5272 sed
839 5214 974 5271 illud
1007 5215 1186 5271 solum
1215 5214 1362 5281 dixi,
1418 5231 1540 5271 cum
1586 5216 1858 5272 haereticis

252 5306 640 5379 disputationis
666 5307 897 5379 publicae
921 5308 1258 5379 colloquium
1303 5316 1360 5363 et
1390 5308 1742 5364 collationem
1773 5310 1857 5364 in-

256 5406 486 5462 stituere
519 5405 673 5461 nefas
704 5422 848 5474 esse,
878 5408 1032 5478 quasi
1068 5407 1121 5462 in
1152 5406 1427 5463 theatrum
1454 5414 1509 5463 et
1553 5406 1731 5462 lusum
1761 5421 1857 5461 vo-

256 5512 512 5556 caremus
567 5500 795 5556 verbum
852 5500 1101 5564 Domini;
1154 5499 1300 5556 unde
1330 5498 1467 5554 nihil
1497 5498 1644 5555 aliud
1692 5514 1854 5570 quam

259 5591 648 5649 offendiculum
705 5594 887 5650 multis
942 5593 1095 5649 nasci
1122 5593 1363 5665 oririque
1390 5600 1599 5665 posset,
1625 5601 1683 5649 et
1734 5602 1855 5649 tan-

273 5760 288 5807 ;1
334 5743 359 5771 á¼°
380 5726 735 5807 Augustinus
767 5733 819 5805 in
846 5732 945 5807 Î¹Î¹Î¹).
974 5732 1043 5788 de
1074 5731 1279 5807 haeres,
1300 5745 1407 5787 non
1460 5730 1697 5807 Luciferi
1718 5772 1748 5807 ,_
1764 5730 1861 5787 sed

268 5801 728 5877 Luciferianontm
758 5802 1070 5877 opiniOnem
1101 5804 1167 5860 dâ€˜c
1197 5801 1388 5877 natura
1418 5805 1615 5877 animm
1641 5801 1853 5877 recitat,

273 5874 499 5948 eamque
549 5876 680 5947 ipsis
726 5874 992 5938 attribuit.
1051 5878 1252 5946 quippe
1287 5876 1376 5945 qui
1409 5875 1589 5930 dicant
1619 5874 1853 5929 animam

1962 4751 2055 4808 sise
2097 4757 2260 4820 caput
2310 4756 2417 4814 est,
2447 4747 2591 4803 bene
2626 4746 2701 4801 illi
2733 4746 3031 4802 conveniat
3083 4763 3206 4802 cum
3237 4744 3562 4813 Catholicis,

1960 4845 2029 4900 de
2058 4856 2290 4913 corpore
2317 4855 2452 4896 vero
2472 4881 2486 4907 ,
2519 4840 2665 4911 quod
2715 4838 2958 4896 Ecclesia
3001 4839 3223 4907 dicitur,
3255 4855 3363 4896 non
3396 4840 3559 4905 item;

1963 4950 2065 4991 nec
2094 4942 2279 4989 tamen
2309 4940 2336 4969 Î¹Î¹
2370 4931 2489 5001 ejus
2514 4931 2853 4986 sententiam
2885 4930 2954 4985 de
2982 4930 3294 4986 animarum
3333 4944 3565 5000 genera-

1963 5030 2112 5085 tione
2156 5026 2384 5082 omnino
2431 5023 2675 5079 damnat.
2736 5023 3115 5092 Recentiores,
3139 5024 3341 5096 quibus
3379 5024 3564 5080 minus

1966 5122 2088 5178 fidei
2135 5130 2189 5176 et
2234 5117 2578 5175 auctoritatis
2626 5116 2936 5183 adhibetur,
2991 5116 3194 5189 quique
3242 5116 3311 5173 de
3349 5132 3417 5173 eo
3450 5124 3558 5171 tam

1958 5226 2111 5273 certa
2166 5228 2494 5286 expromere
2540 5211 2767 5267 minime
2827 5210 3176 5281 potuissent,
3231 5226 3333 5282 pro
3401 5210 3561 5265 libitn

1960 5307 2221 5381 quicquid
2260 5306 2490 5362 voluere
2534 5304 2831 5360 commenti
2865 5312 3013 5371 sunt,
3065 5304 3135 5359 ita
3170 5311 3229 5357 ut
3255 5302 3376 5360 loco
3405 5304 3566 5359 unius

1962 5399 2102 5456 duos
2132 5407 2487 5464 recenscant,
2519 5410 2685 5451 unum
2715 5394 2963 5467 Smyrnrc
3010 5395 3337 5467 Episcopum
3392 5406 3447 5452 et
3485 5396 3566 5451 al-

1964 5505 2141 5551 terum
2193 5492 2488 5557 Sardiniar,
2538 5490 2693 5546 illum
2748 5489 2966 5561 quidem
3026 5489 3385 5558 ltmreticum,
3421 5490 3567 5548 hunc

1964 5606 2096 5649 vero
2117 5590 2296 5646 virum
2348 5588 2577 5662 probum
2609 5594 2664 5643 et
2709 5584 3049 5656 religiosum.
3079 5585 3355 5658 Quidquid
3403 5602 3568 5659 porro

1970 5745 2035 5804 ea:
2082 5727 2438 5804 transfusione
2478 5721 2742 5804 generari.
2769 5719 2913 5777 Sane
2942 5721 3076 5804 nihil
3128 5721 3439 5804 huiusmodi
3494 5725 3571 5783 lc-

2005 5802 2112 5855 itur
2167 5795 2241 5854 in'
2277 5798 2433 5870 libris
2481 5795 2765 5870 Luciferi;
2826 5807 2926 5870 nec
2964 5802 3227 5870 veterum
3282 5796 3567 5869 quisquam

2006 5888 2110 5928 unc
2149 5885 2392 5927 errorem
2422 5868 2473 5922 in
2506 5864 2755 5922 Lucifero
2784 5866 3023 5935 agnovit.
