3972 6352
477 257 582 314 765

1485 257 1783 317 LUCIFE‘R
1827 258 2202 322 EPISCOPUS
2238 255 2750 320 CALARITANUS.
3637 264 3721 324 76d

475 372 526 427 id
561 374 652 441 sit,
683 388 790 428 non
819 373 993 430 solum
1021 388 1051 428 a
1092 375 1206 430 suis
1252 373 1728 447 contetnporaneis
1781 373 2074 446 proximae.
2099 374 2152 438 Α
2176 372 2282 432 hoc
2313 374 2452 432 libro
2481 374 2736 446 habetur,
2766 376 2907 436 tales
2933 375 3099 437 hodie
3117 377 3261 436 illico
3289 379 3476 450 capitis
3496 381 3724 454 supplicio

473 481 582 538 que
607 467 782 521 aetatis
816 465 1132 522 hominibus
1162 465 1348 523 clarus
1373 465 1592 522 habitus
1623 477 1708 523 est
1735 483 1798 524 ac
1829 477 2073 538 sanctus,

475 573 766 618 commune
797 569 926 615 tunc
948 559 1225 633 epitheton
1259 561 1514 617 omnibus
1547 560 1807 617 Ecclesiae
1837 562 2073 618 militan-

476 653 548 709 tis
579 653 680 707 hoc
708 662 823 708 toto
849 654 982 709 orbe
1015 651 1287 722 ﬁdelibus,
1317 670 1506 710 verum
1559 655 1751 722 etiam,
1787 663 2074 728 postquam

476 764 509 806 e
569 749 714 804 vivis
760 749 1052 819 excessit,
1106 751 1285 807 beatus
1328 758 1416 806 est
1463 748 1793 822 appellatus.
1851 733 2079 821 Magnus

474 841 835 910 Athanasius,
858 841 1211 911 Ambrosius,
1233 854 1289 900 et
1313 843 1556 900 Hilarius
1599 843 1750 900 illum
1781 858 1995 900 summo
2023 845 2077 904 in

477 939 688 995 honore
734 937 963 1004 habent,
1025 953 1088 993 ac
1116 937 1186 996 de
1245 938 1366 1010 ipso
1410 937 1704 1011 splendide
1758 939 2074 1010 loquuntur.

477 1031 799 1088 Communis
855 1031 987 1087 mihi
1040 1040 1205 1104 atque
1250 1031 1396 1088 illius
1440 1031 1619 1088 :etatis
1661 1030 1878 1088 videtur
1909 1031 2080 1105 ipsius

478 1139 684 1192 sermo,
714 1123 852 1182 adeo
881 1123 1037 1180 rudis
1065 1135 1152 1181 est
1197 1133 1252 1181 et
1279 1125 1609 1196 incomptus,
1643 1139 1803 1195 quem
1844 1125 2080 1199 ipsemet

479 1218 643 1274 etiam
688 1218 954 1282 rusticum
986 1227 1144 1273 vocat
1175 1235 1189 1272 :
1215 1227 1272 1274 at
1298 1218 1392 1292 qui
1440 1218 1737 1292 diligenter
1768 1218 2080 1292 perpende-

481 1312 574 1378 rit,
625 1327 747 1368 eum
796 1327 1019 1386 gravem
1077 1321 1132 1368 et
1175 1312 1462 1369 sententiis
1525 1311 1811 1379 refertum,
1868 1314 2080 1388 virique

480 1410 699 1482 ingenio
724 1409 959 1466 valentis
990 1411 1255 1466 inveniet.
1282 1408 1534 1465 Ostendit
1555 1409 1701 1465 enim
1727 1408 1910 1468 versio
1933 1409 2082 1468 loco-

479 1519 599 1559 rum
631 1504 772 1560 sacri
800 1504 1091 1560 voluminis
1114 1546 1130 1572 ,
1155 1503 1299 1577 quod
1335 1504 1424 1560 illa
1455 1515 1604 1560 certe
1633 1504 1872 1576 vulgaris
1915 1513 2078 1571 erat,

480 1613 681 1670 neque,
718 1605 777 1653 ut
804 1607 991 1671 postea
1037 1597 1162 1664 t'uit,
1213 1596 1498 1668 recognita
1543 1606 1602 1652 et
1631 1595 1944 1653 emendata.
1978 1595 2080 1664 Qui

482 1691 545 1746 tit
585 1701 641 1746 ut
695 1691 998 1748 locutiones
1048 1691 1458 1762 varietatesque
1506 1689 1778 1746 notabiles
1806 1704 1916 1744 non
1937 1687 2084 1745 desi-

2179 466 2499 525 atlicieudos
2545 483 2669 527 esse
2697 469 3076 540 clamitarent,
3111 480 3168 528 et
3196 473 3484 544 principes,
3511 475 3593 544 qui
3632 475 3727 536 haec

2181 569 2498 633 paterentur
2525 572 2619 620 aut
2645 562 3079 628 dissimularent.
3111 567 3355 645 stultitia:
3386 578 3474 624 aut
3503 569 3729 640 simplici-

2181 653 2308 710 tatis
2357 666 2676 728 arguerent,
2723 658 2840 716 sive
2887 659 2934 715 is
2979 669 3128 718 esset
3165 658 3512 720 Constantius
3541 672 3728 734 noster,

2177 750 2297 805 sive
2333 748 2675 809 Theodosius
2734 753 2828 810 ille
2881 769 3112 827 magnus
3159 770 3190 810 a
3243 767 3429 812 sancto
3479 755 3731 816 Ambrosio

2182 842 2424 902 Ecclesia
2454 846 2641 917 pulsus
2688 864 2702 902 :
2761 845 2946 906 ferunt
2986 848 3131 907 enim
3159 849 3398 922 graviter
3433 858 3488 906 et
3514 851 3730 920 moleste,

2179 938 2327 1010 quod
2366 954 2528 1012 reges
2574 940 2807 1000 reddere
2829 951 3107 1014 nequeant
3159 955 3266 999 tam
3307 942 3528 1000 infestos
3557 946 3730 1015 probis.

2181 1046 2342 1102 quam
2385 1030 2485 1089 luit
2538 1033 2785 1093 Herodes
2809 1033 3007 1095 Joauui
3037 1034 3316 1108 Baptista.
3353 1037 3601 1106 Quamvis
3627 1047 3732 1096 ante

2179 1123 2326 1182 hunc
2375 1126 2799 1196 Constantium,
2841 1136 3075 1201 excepto
3123 1127 3300 1203 ipsius
3351 1139 3533 1202 patre,
3584 1132 3735 1188 nullus

2183 1215 2483 1288 Imperator
2501 1215 2794 1278 Christiani
2827 1235 3024 1278 nomen
3043 1231 3436 1294 assumpserat,
3459 1222 3592 1281 unde
3614 1226 3732 1295 peri-

2181 1313 2364 1372 culum
2408 1325 2550 1383 erat,
2599 1331 2671 1374 ne
2725 1317 2966 1375 ferocior
3021 1318 3307 1392 magisque
3359 1319 3734 1378 titillationiob-

2181 1408 2378 1466 noxius
2429 1408 2778 1468 redderetur.
2825 1403 3006 1482 Atque
3059 1411 3185 1470 illos
3232 1412 3498 1469 maximos
3531 1411 3734 1486 Impera-

2184 1509 2331 1560 tores
2388 1501 2556 1561 totius
2607 1503 2760 1561 orbis
2814 1503 3069 1564 dominos
3099 1504 3273 1564 fuisse
3317 1516 3547 1574 constat,
3574 1505 3736 1577 quibus

2185 1595 2356 1653 nostri
2403 1611 2561 1668 reges
2625 1599 2974 1668 quantumvis
3035 1606 3291 1671 potentes
3343 1613 3515 1670 neque
3565 1595 3736 1656 viribus

2187 1703 2363 1762 neque
2408 1690 2737 1746 auctoritate
2763 1705 2925 1764 pares
2953 1691 3127 1750 videri
3159 1701 3412 1764 possunt.
3441 1690 3544 1750 Sed
3567 1699 3736 1764 quanto

481 1796 612 1843 nant
639 1802 950 1852 occurrere,
985 1801 1122 1859 quas
1174 1787 1368 1844 lectori
1417 1787 1619 1853 minus,
1653 1801 1817 1857 quam
1866 1799 2079 1852 sumus,
2112 1769 2160 1832 Β
2189 1783 2363 1857 magis
2392 1784 2593 1842 summi
2631 1800 2791 1858 reges
2837 1786 3082 1859 potentia
3136 1785 3436 1854 excellunt,
3467 1801 3530 1843 eo
3576 1785 3737 1858 majori

481 1889 748 1951 occupato
795 1881 1136 1952 colligendas
1187 1880 1578 1952 relinquimus.
1613 1878 1810 1934 Totum
1842 1876 2082 1948 denique

485 1975 586 2031 hoc
640 1991 776 2046 opus
827 1975 1082 2048 exiguum
1111 1974 1408 2030 admodum
1441 1973 1606 2040 foret,
1635 1974 1679 2030 si
1709 1973 1777 2028 ab
1804 1987 1872 2030 eo
1902 1972 2085 2046 Scrip-

482 2079 603 2124 tura
634 2068 840 2134 divina,
871 2083 1032 2140 quam
1069 2065 1465 2141 promptiorem
1493 2067 1698 2123 habere
1738 2081 1847 2123 non
1880 2065 2082 2136 potuis-

478 2170 584 2225 set,
615 2161 962 2218 scinderetur
987 2172 1044 2217 et
1085 2160 1412 2218 auferretur.
1445 2160 1656 2218 Idcirco
1687 2175 1858 2233 purus
1883 2169 1940 2218 et
1969 2159 2084 2215 sin-

479 2271 640 2312 cerns
665 2255 754 2311 hic
781 2264 962 2312 textus
979 2255 1183 2328 absque
1201 2254 1314 2312 ullo
1336 2254 1582 2327 periculo
1599 2252 1948 2326 recipiendus
1973 2261 2078 2310 εει.

481 2348 636 2417 Quod
668 2349 712 2404 si
745 2357 937 2406 auctor
972 2348 1254 2405 haereseos
1284 2347 1410 2403 labe
1448 2355 1667 2402 notatus
1717 2345 1932 2411 luisset,
1966 2361 2082 2401 ma-

475 2443 586 2514 jori
645 2443 848 2514 probro
902 2442 1062 2498 nobis
1109 2442 1362 2506 daretur,
1415 2441 1462 2498 si
1491 2439 1658 2496 homo
1710 2443 2082 2514 reprehensus

485 2546 594 2592 tam
647 2533 907 2592 eximium
959 2549 1099 2608 opus
1132 2533 1419 2600 edidisset,
1462 2548 1561 2588 nos
1609 2547 1742 2588 vero
1772 2532 1826 2588 in
1852 2529 2083 2588 deman-

481 2630 624 2688 datis
655 2630 813 2687 nobis
841 2629 1141 2702 provinciis
1171 2640 1374 2698 mutos,
1404 2630 1690 2694 attonitos,
1724 2638 1778 2684 et
1809 2629 2082 2686 excordes

483 2724 711 2798 degere,
737 2724 840 2780 hac
871 2723 1177 2796 praesertim
1209 2733 1388 2790 aetate,
1419 2724 1642 2795 quando
1671 2723 1906 2782 maxime
1945 2737 2083 2795 opus

485 2827 591 2884 est,
622 2825 682 2872 ut
717 2816 834 2888 pari
863 2817 1036 2873 simus
1065 2817 1234 2874 animi
1262 2816 1604 2884 fortitudine,
1629 2833 1735 2886 qua
1769 2827 1897 2874 tunc
1925 2827 2086 2877 erant

482 2907 562 2964 illi
597 2909 906 2976 Autistites,
935 2924 1058 2964 cum
1089 2918 1336 2966 nostrum
1373 2909 1443 2967 de
1478 2910 1748 2982 religione
1793 2907 2081 2968 dissidium

485 3012 608 3073 post
639 3001 768 3058 illttd
791 3003 906 3058 Arii
935 3003 1008 3058 sit
1039 3004 1236 3074 majus,
1258 3018 1418 3072 quam
1450 3018 1706 3074 umquam
1749 3003 1897 3060 inter
1927 3003 2088 3060 Chri-

481 3096 694 3151 stianos
722 3095 886 3152 fuerit
913 3111 1194 3153 exortum.
1217 3096 1272 3153 Si
1305 3097 1426 3168 quis
1460 3112 1602 3153 nunc
1627 3098 1943 3154 mortalium
1973 3107 2082 3154 tam

481 3199 686 3244 sanctae
715 3191 842 3244 vita:
873 3203 938 3245 ac
967 3191 1164 3246 sacrati
1203 3159 1413 3247 ordinis
1453 3200 1717 3258 exstaret,
1760 3191 1851 3262 qui
1885 3191 2084 3250 talibus
2110 3159 2157 3222 Ο

483 3284 667 3340 verbis
701 3282 1003 3354 principem
1037 3299 1194 3338 suum
1229 3283 1536 3355 improbum
1568 3295 1621 3340 et
1652 3284 1926 3356 perditum
1959 3300 2087 3355 pro-

483 3376 782 3444 scinderet,
809 3376 1269 3448 quemadmodum
1318 3376 1404 3433 hic
1450 3377 1646 3450 dignus
1685 3377 1925 3434 faciebat
1954 3392 2087 3436 con-

482 3474 660 3528 l'cssnr
710 3472 872 3528 etiam
915 3474 966 3527 in
999 3473 1252 3528 exsilium
1304 3472 1506 3528 missus
1537 3484 1592 3528 et
1639 3472 1930 3543 relegatus,
1956 3473 2084 3546 quid

483 3583 671 3638 qmcso
695 3569 762 3623 de
790 3568 884 3624 illo
914 3567 1232 3624 diceretur?
1264 3567 1396 3623 Eum
1426 3578 1580 3623 vocat
1615 3579 1954 3638 serpentem,
1974 3569 2086 3628 bel-

483 3659 630 3716 luam
678 3669 734 3716 et
790 3660 1244 3716 immanissitnam
1279 3659 1487 3724 feram,
1537 3661 1826 3729 latronem,
1860 3662 2085 3720 sacrile-

481 3769 634 3822 gum,
679 3754 1016 3820 carniﬁcem,
1050 3752 1401 3822 homicidam,
1432 3753 1796 3820 idololatram.
1823 3755 2082 3823 templum

486 3845 799 3902 dmmonum
826 3888 843 3910 ,
895 3853 952 3901 et
979 3844 1260 3916 religionis
1313 3860 1630 3904 eversorem
1659 3886 1674 3911 ,
1718 3845 2033 3904 hrcreticum
2063 3889 2082 3918 ,

485 3947 815 4008 apostatam,
871 3937 1196 3994 Antichristi
1249 3952 1671 4010 prmcursorem,
1727 3948 1891 4011 atque
1948 3939 2086 4000 adeo

488 4030 664 4098 ipsum
684 4028 1264 4086 AntichristumJ’acis
1283 4029 1504 4100 insuper
1518 4030 1755 4087 edictum
1775 4031 1914 4103 ejus,
1939 4031 2084 4104 quod

488 4131 755 4194 praetextu
802 4124 1174 4182 sedandorum
1227 4125 1560 4182 tumultuum
1599 4126 2081 4200 promulgaverat,

484 4217 816 4290 sacrilegum
861 4227 918 4274 et
967 4215 1290 4289 pestiferum
1320 4218 1580 4290 appellat.
1617 4218 1868 4278 Haeretici
1896 4234 2084 4276 susur-

483 4329 678 4382 rones,
721 4314 812 4386 qni
858 4313 1155 4372 mundanis
1191 4314 1532 4388 principibus
1579 4315 1896 4386 adulantur,
1949 4318 2086 4390 ipsis

2184 1878 2301 1936 fere
2345 1893 2565 1950 semper
2612 1880 2905 1936 clementia
2955 1887 3010 1936 et
3051 1878 3396 1936 humanitate
3439 1877 3638 1936 coalitus
3661 1877 3737 1935 do-

2185 1983 2400 2040 nantur,
2461 1974 2586 2044 quia
2643 1974 2725 2030 sic
2777 1975 2892 2032 Deo
2920 1974 3046 2044 Opt.
3101 1973 3250 2030 Max.
3279 1987 3410 2032 suos
3446 1984 3738 2046 suorumque

2186 2070 2619 2140 negotia'curare
2669 2078 2724 2124 et
2790 2082 3121 2125 conservare
3185 2067 3361 2125 visum
3419 2076 3520 2123 est.
3568 2063 3662 2122 Sed
3695 2073 3739 2122 ut

2186 2163 2348 2218 tinem
2398 2160 2614 2226 faciam,
2669 2177 2790 2234 qua:
2822 2161 2910 2217 hic
2959 2170 3188 2232 apparet
3239 2159 3493 2226 historia,
3533 2168 3736 2230 tempore

2186 2264 2370 2312 nostra
2419 2254 2685 2325 depingit,
2735 2253 2919 2326 qualia
2950 2252 3020 2309 ab
3050 2252 3392 2326 aliquotjam
3423 2252 3574 2310 annis
3591 2264 3737 2320 caepe-

2183 2359 2332 2414 ruut,
2375 2363 2482 2406 non
2504 2357 2655 2404 certe
2699 2347 2819 2404 sine
2857 2346 3095 2404 maximo
3146 2347 3318 2402 totius
3347 2345 3533 2404 Gallia:
3569 2344 3735 2414 impro-

2186 2441 2360 2515 perio,
2392 2457 2515 2514 quae
2568 2441 2770 2496 nullam
2826 2455 3080 2513 umquam
3123 2451 3292 2496 antea
3339 2438 3582 2498 haeresim
3609 2435 3738 2494 susti-

2185 2543 2379 2591 nuerat
2423 2542 2514 2590 aut
2547 2532 2776 2601 foverat,
2806 2547 3092 2607 quousque
3137 2547 3286 2590 nunc
3316 2531 3418 2588 sub
3443 2531 3578 2604 regis
3602 2529 3737 2588 nostri

2187 2627 2415 2697 pueritia
2446 2635 2502 2686 et
2528 2627 2839 2684 innocentia
2862 2625 3131 2684 emersit:
3176 2626 3273 2682 cui
3322 2622 3740 2680 Christianissimo

2187 2721 2548 2794 piissimnque
2581 2731 2790 2776 tantum
2847 2721 2971 2792 opis
3000 2727 3054 2775 et
3095 2719 3292 2790 gratia:
3323 2717 3566 2776 Christus
3592 2713 3740 2772 Domi-

2188 2835 2288 2872 nus
2345 2807 2533 2876 noster
2589 2817 2859 2889 impartiri
2915 2815 3193 2888 dignetur,
3259 2823 3319 2870 ut
3369 2813 3488 2870 lana
3514 2822 3566 2868 et
3599 2811 3738 2876 lucos,

2186 2927 2514 2983 oumemque
2560 2910 2928 2968 idololatriam
2979 2908 3315 2964 demoliatur
3365 2922 3429 2963 ac
3485 2904 3663 2968 diruat.
3699 2908 3742 2958 et

2185 3022 2404 3064 omnem
2434 3004 2688 3062 haeresim
2714 3005 2978 3076 reprimat
3026 3014 3081 3060 et
3106 3002 3441 3074 exstinguat.
3473 3000 3580 3070 Qua
3607 2998 3651 3053 in
3678 3009 3739 3061 re,

2192 3100 2419 3158 Beatiss.
2475 3099 2659 3168 Pater,
2689 3097 3054 3154 sanctissima:
3108 3105 3212 3154 tua:
3245 3094 3660 3156 admonitiones,
3698 3099 3742 3146 ut

2191 3193 2380 3258 debes,
2417 3193 2587 3249 multo
2617 3191 2934 3262 adjumcnto
2983 3203 3108 3246 esse
3136 3197 3418 3260 poterunt,
3466 3201 3580 3244 cum
3630 3185 3740 3238 bona

2190 3287 2280 3344 illa
2314 3285 2527 3344 vivendi
2558 3299 2772 3350 norma,
2801 3299 2964 3356 quam
3024 3281 3526 3340 Ecclesiasticorum
3563 3285 3738 3334 nostro-

2190 3398 2308 3440 rum
2355 3381 2619 3438 abusibus
2647 3377 2910 3436 adhibere
2953 3393 3140 3434 curas.
3168 3377 3442 3447 Quantum
3492 3379 3650 3429 autem
3689 3365 3740 3426 ad

2191 3491 2278 3534 me
2305 3483 2538 3546 spectat,
2567 3473 2659 3544 qui
2691 3472 2824 3528 nihil
2848 3470 2995 3526 aliud
3030 3487 3190 3542 quam
3246 3480 3408 3527 teme
3461 3461 3742 3524 vermiculus

2190 3583 2332 3634 sum,
2363 3576 2418 3624 et
2440 3581 2548 3624 non
2577 3581 2800 3640 possum
2831 3580 2937 3620 non
2987 3565 3364 3635 perturbatum
3399 3561 3636 3622 Ecclesiae
3675 3569 3744 3612 or-

2191 3661 2374 3720 dinem
2426 3666 2590 3730 atque
2644 3661 2801 3716 istam
2858 3657 3244 3714 confusionem
3301 3654 3614 3720 lamentari,
3659 3662 3740 3704 non

2189 3753 2332 3826 quod
2357 3752 2480 3808 ideo
2503 3751 2667 3807 velim
2689 3751 2756 3808 ab
2779 3752 2893 3822 ipsa
2915 3749 3199 3818 recedere,
3215 3762 3311 3805 aut
3335 3747 3492 3804 alicui
3509 3743 3644 3800 alteri
3659 3738 3742 3798 tale

2190 3847 2470 3919 (ΙιιίΡΡῖθιιι
2512 3844 2766 3908 Suadere,
2820 3844 2957 3900 satis
2999 3842 3135 3898 mihi
3167 3854 3257 3900 est
3305 3843 3358 3898 in
3390 3841 3538 3896 vinea
3567 3829 3740 3891 Domini

2191 3955 2289 4012 pro
2335 3939 2528 3994 virium
2576 3952 2818 3993 mearum
2867 3938 3140 3993 tenuitate
3171 3935 3422 4006 operari,
3462 3932 3646 4002 tibique
3667 3923 3741 3980 de-

2191 4034 2468 4090 votionem
2496 4048 2674 4090 meum
2698 4047 2761 4088 ac
2789 4047 2918 4103 erga
2950 4029 3360 4088 sanctissimam
3394 4027 3572 4085 sedem
3602 4027 3740 4077 testa-

2193 4137 2301 4186 tam
2329 4127 2664 4199 relinquere,
2697 4127 2975 4198 Deumque
3023 4125 3150 4198 Opt.
3189 4124 3332 4180 Max.
3367 4139 3464 4196 pro
3493 4116 3642 4189 Regis
3660 4107 3744 4168 mei

2191 4222 2473 4286 felicitate.
2507 4235 2605 4293 pro
2651 4218 2843 4291 patria:
2888 4233 3023 4276 mea
3073 4217 3488 4288 tranquillitate,
3537 4216 3738 4284 paceque

2191 4315 2434 4372 universi
2474 4312 2625 4370 orbis
2665 4311 2963 4368 Christiani
3008 4309 3322 4382 deprecari,
3349 4309 3402 4364 in
3430 4320 3531 4384 qua
3568 4300 3740 4358 salvum

487 4405 824 4475 persuadere
872 4409 1136 4477 nitentes,
1185 4407 1334 4480 quod
1383 4407 1653 4486 Episcopi
1681 4387 2086 4484 Episcoporum
2112 4387 2168 4448 D
2191 4419 2248 4469 et
2277 4407 2606 4468 incolumem
2637 4405 2887 4466 Christus
2916 4406 3006 4462 diu
3039 4415 3092 4464 te
3123 4403 3283 4462 nobis
3325 4407 3615 4462 conservet.
3640 4389 3740 4449 Mel-

485 4506 611 4553 sunt
641 4537 658 4564 ,
693 4498 856 4555 sicuti
905 4499 1028 4557 huic
1074 4499 1398 4573 imperatori
1456 4501 1781 4564 Constantio
1830 4505 2087 4568 evenisse

2193 4505 2279 4564 dis
2304 4518 2364 4562 ιιι
2394 4501 2532 4562 Νοιι.
2561 4501 2789 4584 Januar.
2821 4497 3160 4560 MDLXVIII.
