3972 6352
489 289 597 350 767

1571 287 1896 349 LUCIFERI
1936 289 2249 350 EPISCOPI
2286 289 2711 349 CALARITANI
3669 295 3760 354 768

488 411 744 472 cerdotes
771 421 820 484 ει,
848 412 1066 486 egregia
1089 420 1146 469 et
1171 409 1461 482 singularis
1495 408 1630 465 ﬁdes
1673 416 1728 466 et
1758 408 1846 464 hic
1891 408 2089 481 proba-
2114 413 2167 474 Α
2194 407 2364 465 solius
2414 406 2780 480 persecutoris
2829 417 3086 465 cruentos
3113 409 3322 480 gladios
3365 410 3569 467 sentire
3599 419 3766 481 potue-

491 505 630 562 biles
659 506 775 563 Deo
801 506 1057 564 ostendet
1084 548 1100 575 ,
1129 505 1313 572 etiam
1336 503 1404 559 ad
1431 502 1671 559 l'utnr’am
1687 501 1916 574 gloriam
1949 516 2094 558 mar-

495 607 645 671 tyres
688 597 1013 672 designavit.
1058 597 1178 668 Quo
1209 598 1393 669 itaque
1431 597 1709 667 pmconio
1739 595 1916 652 laudis
1942 638 1957 662 ,
1987 611 2094 668 qua

494 692 646 749 vocis
675 693 1046 751 exsultatione
1075 692 1268 750 merita
1294 692 1510 748 virtutis
1548 702 1747 748 vestrae
1776 690 2046 763 proferam
2076 732 2092 759 ,

491 784 708 857 positus
737 787 880 842 inter
911 801 1202 845 maerorem
1229 785 1492 842 absentite
1519 791 1718 842 vestrae
1758 793 1814 841 et
1839 784 2094 856 gaudium

494 875 686 947 gloriae
703 919 719 945 ,
753 892 977 949 prorsus
1001 877 1248 934 invenire
1274 891 1378 933 non
1405 891 1620 948 possum
1645 877 1790 939 {nisi
1813 875 1958 948 quod
1985 876 2096 933 scio

495 966 624 1024 hinc
655 983 745 1026 me
774 969 1138 1040 probabiliora
1169 971 1323 1026 vobis
1351 969 1546 1026 solatia
1573 968 1837 1026 exhibere
1859 1011 1873 1038 ,
1901 970 1947 1025 si
1973 972 2096 1027 cre-

493 1059 638 1118 datis
663 1077 752 1119 me
777 1062 831 1120 in
858 1064 1113 1120 exsilium
1145 1063 1310 1120 simul
1337 1063 1613 1120 vobiscum
1642 1079 1765 1120 esse
1792 1065 2094 1122 detrusum.

496 1153 742 1227 Denique
767 1171 855 1212 me
885 1156 1066 1214 adhuc
1094 1157 1146 1212 in
1179 1157 1293 1229 ipsa
1321 1157 1735 1229 exspectatione
1766 1157 2096 1229 pendentem

495 1247 642 1318 quod
669 1263 699 1302 a
730 1250 1012 1305 consortio
1062 1258 1251 1306 vestro
1297 1249 1484 1306 durior
1533 1249 1833 1306 necessitas
1882 1251 2097 1306 interim

499 1339 793 1410 distrahit,
824 1343 961 1398 satis
991 1342 1308 1400 contristor.
1341 1341 1666 1416 Optaveram
1695 1345 1871 1411 enim,
1907 1345 2100 1401 fratres

500 1433 873 1503 devotissimi,
898 1435 1048 1507 prior
1077 1451 1175 1508 pro
1203 1435 1456 1492 omnibus
1502 1427 1680 1493 vobis
1701 1437 1940 1508 impendi
1978 1458 1991 1491 :
2043 1447 2102 1493 ut

500 1526 809 1599 exemplum
839 1528 1029 1599 gloria:
1059 1544 1156 1600 per
1181 1545 1266 1586 me
1294 1529 1466 1602 magis
1509 1541 1690 1586 vestra
1717 1529 1940 1586 dilectio
1970 1545 2101 1586 con-

503 1631 846 1693 sequeretur.
867 1620 976 1679 Sed
1006 1622 1167 1680 fuerit
1196 1623 1312 1680 haec
1339 1624 1516 1694 palma
1549 1624 1864 1679 meritorum
1893 1633 2102 1679 vestro-

502 1728 659 1781 rum,
692 1721 752 1768 ut
785 1713 996 1784 priores
1025 1714 1094 1770 de
1139 1715 1548 1786 perseverantia
1597 1715 1723 1772 ﬁdei
1775 1715 1842 1772 ad
1889 1715 2100 1772 confes-

2198 510 2368 556 rnnt:
2423 509 2609 556 contra
2652 516 2778 568 vos,
2822 501 3005 558 devoti
3053 517 3149 573 per
3192 504 3376 558 omnia
3423 503 3516 559 Dei
3545 505 3762 572 milites,

2197 595 2359 651 etiam
2390 605 2411 634 ο
2443 593 2606 650 falsos
2635 594 2830 652 fratres
2859 597 3106 652 inimicos
3149 597 3394 668 experti,
3445 597 3513 653 de
3564 599 3764 668 perﬁdia

2198 689 2481 744 victoriam
2512 689 2854 760 pertulistis:
2910 707 3141 763 quorum
3192 702 3399 764 quanto
3448 693 3694 750 violentia
3717 695 3764 752 in

2199 781 2402 838 sacculo
2443 797 2696 839 crescere
2744 783 2958 854 potuit,
2991 794 3142 840 tanto
3180 785 3390 841 sanctis
3418 784 3768 844 sacerdotibus

2201 876 2422 947 praemia
2450 875 2621 930 laudis
2644 877 2992 932 inveniuntur
3019 875 3290 933 conferre.

2274 966 2462 1022 Estote
2492 967 2672 1036 itaque
2702 965 2770 1022 de
2797 967 3162 1038 promissione
3218 967 3435 1026 cmlesti
3488 970 3689 1026 securi:
3723 982 3769 1029 et

2201 1061 2324 1130 quia
2347 1061 2703 1131 proxitniores
2724 1063 2856 1118 estis
2881 1062 2990 1116 Deo
3018 1061 3221 1129 eﬁ‘ecti,
3242 1063 3444 1119 vestris
3464 1063 3768 1121 orationibus

2204 1167 2290 1208 me
2311 1162 2552 1208 vestrum
2578 1154 3022 1211 consacerdotem
3069 1155 3334 1212 {annulum
3369 1155 3462 1212 Dei
3492 1156 3559 1211 ad
3615 1157 3770 1212 Domi-

2203 1261 2331 1300 num
2357 1246 2673 1314 sublevate,
2706 1257 2760 1302 ut
2792 1249 3240 1319 supervenientes
3267 1249 3538 1320 impetus,
3585 1250 3669 1320 qui
3712 1250 3769 1307 de

2203 1339 2290 1396 die
2321 1340 2376 1396 in
2403 1339 2546 1395 diem
2573 1355 2696 1397 cum
2727 1342 3138 1410 annuntiantur,
3164 1341 3419 1414 graviora
3447 1343 3661 1396 vulnera
3703 1344 3770 1397 in-

2207 1432 2434 1504 ﬂigunt,
2471 1432 2831 1490 tolerabiliter
2887 1435 3031 1490 ferre
3059 1435 3381 1506 possimus:
3435 1442 3493 1488 ut
3544 1432 3772 1490 inviolata

2204 1528 2342 1595 ﬁde,
2370 1528 2524 1584 salvo
2552 1537 2698 1585 statu
2745 1527 3008 1584 Ecclesiae
3053 1528 3376 1596 catholicae,
3431 1543 3608 1597 parem
3640 1527 3771 1584 vobis

2203 1622 2454 1695 dignetur
2479 1638 2566 1679 me
2593 1622 2852 1678 Dominus
2902 1623 3141 1678 efﬁcere.
3204 1621 3272 1677 Et
3323 1621 3450 1692 quia
3488 1620 3640 1692 cupio
3666 1637 3768 1691 qua:

2206 1727 2358 1791 gesta
2389 1725 2516 1772 sunt
2542 1719 2594 1772 in
2623 1717 2737 1787 ipsa
2758 1712 2786 1752 ἀ
2816 1714 3212 1786 congressione
3253 1714 3468 1770 ﬁdelius
3497 1715 3630 1768 scire
3653 1754 3666 1780 ,
3687 1713 3770 1769 ob-

503 1806 676 1861 sionis
706 1805 977 1863 illustrem
999 1807 1231 1878 gloriam
1260 1808 1547 1865 veneritis.
1595 1808 1794 1878 Quaeso
1830 1809 1993 1881 igitur
2012 1810 2108 1866 di-~
2131 1822 2180 1882 Β
2206 1827 2364 1868 secro
2389 1811 2734 1868 sanctitatem
2758 1820 3019 1876 vestram,
3051 1809 3312 1865 universa
3345 1805 3574 1862 ﬁdeliter
3606 1805 3772 1862 litteris

502 1897 798 1954 lectionem
827 1909 1061 1956 vestram
1079 1942 1096 1969 ,
1117 1911 1175 1957 ut
1203 1916 1290 1958 me
1327 1913 1650 1974 praesentem
1676 1903 1956 1961 vobiscum
1977 1920 2102 1962 esse

507 1991 748 2047 credatis
777 2009 793 2060 ;
823 2001 984 2065 atque
1013 2008 1080 2050 eo
1109 2009 1200 2050 me
1227 1994 1422 2051 aﬂectn
1480 1995 1763 2053 absentem
1822 2013 1928 2054 non
1979 2013 2104 2056 esse

504 2082 789 2151 sentiatis,
819 2095 874 2142 et
895 2085 1215 2158 intelligatis
1238 2087 1430 2145 dolere
1477 2104 1565 2145 me
1611 2093 1770 2157 satis,
1799 2090 1949 2163 quod
1979 2107 2100 2148 sum

503 2177 725 2234 interim
749 2194 780 2236 a
805 2191 990 2238 vestro
1019 2182 1298 2239 consortio
1345 2182 1680 2254 disparatus.
1707 2183 1976 2255 Quantam
2002 2187 2100 2243 de-

507 2271 670 2342 nique
697 2273 924 2344 gloriam
969 2276 1181 2334 fueritis
1209 2278 1526 2343 consecuti,
1582 2277 1710 2335 hinc
1760 2281 1934 2352 magis
1961 2281 2102 2337 scire

505 2365 798 2437 potestis,b
819 2367 965 2440 quod
996 2369 1044 2425 si
1067 2369 1158 2442 qui
1188 2369 1242 2426 in
1271 2371 1653 2442 persecutione
1678 2374 1926 2430 coronati
1949 2385 2098 2442 sunt,

502 2504 732 2632 ingerit}:
750 2505 1072 2564 notandum.
1103 2509 1278 2578 Atque
1305 2507 1392 2566 hic
1420 2509 1755 2567 notationem
1795 2511 2100 2570 Constantii

533 2592 562 2630 u
608 2593 692 2632 nct
739 2618 752 2630 .

501 2589 752 2646 ευυιιοιο.

575 2649 731 2726 Apud
765 2648 1236 2726 Hilariumexstat
1261 2651 1378 2706 haec
1417 2653 1646 2722 epistola
1671 2655 1867 2726 fragm.
1907 2671 1979 2710 vn.
2026 2671 2096 2712 ex

505 2731 638 2794 mss.
668 2719 880 2794 Remig.
912 2732 970 2794 et
996 2722 1136 2777 Pith.
1167 2737 1266 2778 nec
1291 2737 1398 2778 non
1432 2719 1572 2794 apud
1603 2719 1892 2782 Baronium
1915 2727 1981 2782 ad
2004 2741 2096 2782 an.

508 2790 637 2863 555.
667 2790 850 2863 utsi.
869 2803 922 2848 et
951 2793 1287 2863 Stephanum
1322 2790 1632 2852 Ferrérium
1681 2814 1714 2855 e
1771 2799 1967 2853 tabulis
1996 2798 2097 2854 Ec-

507 2862 690 2940 clesia:
722 2861 1190 2940 Vercellensis__ct
1240 2865 1498 2940 Vaticano
1545 2870 1734 2926 codice
1801 2872 2093 2940 exscripta.

510 2931 628 3013 gon
663 2935 820 3005 longe
842 2947 963 3005 post
990 2936 1776 3013 hlediolauensemSynodum,
1805 2957 1926 3012 qua:
1951 2931 2095 2998 anno

509 3003 638 3062 555.
669 3003 855 3072 et,'ut_
871 3006 1101 3063 eruditis
1128 3009 1347 3077 quidem
1378 3003 1610 3078 videt'nr,
1641 3003 1880 3078 ineunte,
1915 3014 2095 3070 habita

508 3086 619 3150 est,
648 3085 937 3149 antequam
967 3079 1216 3136 Liberius
1255 3082 1371 3149 ipse
1401 3081 1759 3140 Mediolanum
1786 3093 2092 3150 vocaretur,

513 3147 680 3202 immo
700 3159 752 3203 et
773 3147 1063 3221 antequam
1089 3168 1225 3228 (ιιιειεεΖ
1238 3147 1497 3228 prmtlicta
1526 3157 1579 3210 in
1635 3147 2097 3228 synodotuissent

2206 1904 2764 1976 intimaredignemini
2794 1921 2808 1960 :
2837 1913 2895 1958 ut
2917 1902 3348 1958 additamentum
3382 1901 3552 1971 majus
3577 1899 3651 1955 vel
3677 1901 3773 1969 ipse

2207 1999 2447 2065 animus,
2481 1999 2572 2070 qui
2613 1997 2841 2053 diversis
2873 1997 3180 2052 rumoribus
3227 1994 3523 2062 cruciatur,
3553 1993 3628 2049 vel
3655 1993 3772 2048 vires

2208 2094 2453 2166 corporis
2481 2093 2686 2164 ipsius,
2713 2107 2833 2164 quae
2860 2092 2973 2162 jam
3021 2099 3331 2146 extenuate
3382 2095 3542 2153 sunt,
3584 2086 3646 2142 dc
3691 2101 3769 2141 co-

2208 2187 2516 2243 hortatione
2546 2193 2729 2239 vestra
2776 2183 2986 2254 possint
3031 2182 3260 2237 sentire.
3324 2179 3392 2234 Et
3445 2179 3548 2234 alia
3597 2193 3768 2245 manu,

2209 2291 2232 2318 ο
2271 2281 2408 2338 Deus
2433 2292 2534 2334 vos
2565 2277 2864 2334 incolumes
2891 2275 3203 2343 custodiat,
3233 2272 3443 2348 domini
3466 2273 3664 2328 intres.

2209 2512 2508 2585 Romanum
2540 2511 2761 2585 minime
2787 2509 2991 2585 deceat
3007 2549 3022 2574 ,
3053 2506 3310 2585 proprios
3332 2504 3559 2585 clericos
3583 2499 3766 2585 honoris

2206 2583 2324 2640 ﬁcis
2348 2587 2497 2639 hisce
2543 2583 2714 2638 titulis
2759 2576 3124 2654 compellare,
3159 2576 3298 2634 'veri
3332 2576 3545 2654 videtur
3569 2576 3763 2654 similius

2204 2656 2535 2725 singularem
2558 2654 2841 2726 epistolam
2867 2643 3150 2726 Pancratio
3179 2659 3346 2726 atnt
3375 2643 3761 2726 liilarionutliliis

2203 2742 2233 2780 a
2261 2714 2477 2782 Liberio
2502 2714 2756 2794 scriptam
2782 2738 2924 2779 esse.
2980 2722 3033 2776 In
3061 2714 3271 2777 tabulis'
3294 2719 3550 2794 Ecclesiae
3570 2714 3760 2794 Yet-cel-

2205 2799 2373 2872 lensis
2402 2787 2627 2872 pregria'
2649 2795 2883 2872 Eusebio
2910 2805 3132 2872 servata
3144 2791 3544 2872 est_in_scrip_tio
3569 2791 3616 2872 in
3633 2787 3758 2872 hunc

2206 2857 2424 2925 modum
2449 2911 2464 2935 ,
2495 2869 2729 2924 Liberius
2761 2868 3044 2937 episcopus
3078 2857 3588 2937 dilectissimo—fratri
3625 2857 3760 2912 Eusc-

2205 2941 2286 2996 bio
2315 2959 2333 2996 :
2360 2931 2460 2996 sed
2484 2943 2534 2995 in
2554 2931 2800 3009 epistolas
2813 2931 2955 3016 serie
2980 2936 3114 2992 nihil
3140 2931 3506 2991 immutatum.
3523 2931 3757 3016 Faustam.

2205 3016 2289 3067 cui
2335 3004 2706 3078 assentimur;
2737 3012 2831 3068 sed
2860 3011 2928 3066 de
2969 3019 3247 3080 tempore,
3299 3021 3409 3079 quo
3433 3004 3622 3074 scripta
3646 3004 3757 3064 fuit,

2205 3085 2329 3140 vide
2359 3084 2524 3140 Praef.
2569 3082 2583 3098 ‘

2279 3166 2303 3193 ο
2327 3157 2400 3212 Ita
2431 3158 2628 3212 Baron.
2656 3155 2720 3210 At
2749 3170 2850 3209 ms.
2875 3152 3045 3220 Pith.,
3081 3152 3468 3221 acceptissimo:
3492 3147 3757 3221 sacerdotes.

508 3228 627 3299 acta
655 3229 806 3276 certo
833 3231 891 3278 et
915 3215 1174 3299 accurate
1195 3215 1519 3299 didicisset,
1552 3215 1799 3299 adeoque
1819 3227 1962 3283 circa
1987 3244 2095 3280 me-
2123 3232 2170 3296 (ἶ
2205 3229 2359 3299 Apud
2417 3227 2632 3284 Ferrer.
2677 3215 3062 3297 acceptissimus
3109 3215 3222 3278 Deo
3272 3221 3578 3278 sacerdotes.
3623 3215 3762 3271 Conso

511 3289 884 3365 diumannum
913 3294 1038 3350 555.
1065 3295 1265 3365 scripta
1289 3306 1392 3351 est.
1428 3289 1690 3355 Bironius
1711 3289 1723 3299 ’
1745 3300 1811 3354 ad
1842 3316 1931 3354 an.
1968 3299 2097 3364 555,

512 3377 569 3416 n.
749 3373 864 3444 tum
908 3365 977 3444 ad
1013 3361 1294 3444 Euseb-iuni
1325 3377 1432 3423 tum
1484 3371 1552 3424 ad
1579 3372 1800 3444 reliquos
1834 3361 2100 3441 episcenos

514 3435 716 3507 exsules
739 3434 1082 3507 Dionysium,
1135 3449 1182 3494 et
1209 3441 1342 3494 alios
1386 3458 1561 3498 omnes
1589 3434 1770 3498 datam
1823 3434 1875 3498 in
1914 3434 2102 3498 codice

521 3503 920 3585 Vaticanoiegi
963 3503 1573 3585 testaturaOptaudum
1630 3524 1748 3570 erat
1802 3525 1859 3569 ut
1882 3515 2101 3585 propria

514 3579 844 3652 exemplaris
876 3580 1040 3652 verba
1071 3582 1473 3652 exscripsisset.
1499 3585 1630 3641 Nam
1656 3601 1850 3642 vereor
1883 3579 1951 3640 'ut
1986 3579 2103 3642 'non

511 3647 660 3728 aliud
684 3665 800 3728 prus
821 3650 1041 3728 se_i'erat
1073 3653 1160 3708 hic
1186 3647 1389 3728 codex,
1415 3671 1575 3726 quam
1604 3656 1748 3727 quod
1769 3658 1911 3728 apud
1961 3657 2108 3713 Hila-

515 3718 956 3795 rinm.'Libe_rius
985 3733 1258 3795 antequam
1300 3727 1370 3780 ad
1398 3718 1636 3782 eisitiurn
1658 3731 1787 3794 iret,
1809 3718 1952 3784 'hanc
1993 3731 2108 3783 uni-

513 3791 736 3865 formcm
755 3793 1036 3865 epistolam
1066 3791 1456 3864 Cbnfessoribus
1477 3801 1720 3865 scripsit,
1769 3791 1824 3855 id
1847 3810 1921 3856 est
1940 3842 1955 3863 ,
2002 3800 2109 3855 Eu-

513 3861 1048 3943 sebiohDionysio,
1083 3875 1138 3943 et
1179 3861 1420 3943 Lucifero
1464 3871 1518 3924 in
1570 3861 1751 3927 exsilio
1791 3861 2106 3926 constitutis.

513 3932 684 4010 t_2ujus
708 3932 1080 4010 inscriptionis
1107 3932 1356 4010 littertcsi
1385 3943 1715 4010 bmreamus,
1755 3959 1860 3999 non
1884 3945 1953 3997 ad
1977 3943 2113 3998 Con-

516 4005 930 4086 fessoresnomnes
954 4009 1235 4086 diversisin
1258 4005 1712 4086 locisiexsnluntes
1747 4016 2026 4086 encyclica,
2059 4025 2114 4070 ιιι

514 4075 707 4151 scribit
732 4076 1129 4151 _B_aronius,sed
1156 4081 1222 4135 ad
1253 4097 1387 4138 uno;
1416 4083 1710 4140 Eusebium
1732 4126 1748 4151 ,
1800 4075 2112 4150 Dionysium

515 4156 572 4203 et
615 4145 926 4206 Luciferum
972 4153 1285 4216 uniformis,
1342 4170 1436 4210 seu
1489 4155 1662 4212 tribus
1716 4145 1874 4215 unius
1923 4145 2115 4215 fortine

515 4219 782 4302 exempl-is
803 4261 820 4286 ,
849 4223 994 4302 quod
1025 4233 1210 4302 postea
1242 4224 1746 4302 dictumestapari
1765 4273 1781 4298 ,
1809 4231 2115 4302 conscripta

516 4297 621 4368 est.
654 4289 961 4368 Aliquando
987 4289 1208 4367 quidem
1239 4298 1520 4367 probabile
1545 4289 1939 4368 existimaram,
1969 4289 2119 4358 ea'nt-

516 4361 640 4416 dem
673 4369 728 4418 et
756 4361 824 4443 ad
847 4361 1196 4423 Pancratium
1230 4361 1612 4443 presbyterum
1639 4383 1694 4427 et
1719 4361 1980 4430 Hilarium
2004 4374 2119 4428 dia-

515 4445 714 4516 conum
739 4438 1142 4516 missamesse:
1171 4447 1228 4493 at
1256 4438 1464 4516 cumfin
1494 4445 1722 4514 epistola
1758 4461 1852 4502 eos
1879 4447 2120 4516 alloqua-

519 4511 630 4582 t_ur,
657 4509 870 4582 quosin
902 4511 1166 4580 principio
1195 4509 1583 4582 acceptissimus
1616 4517 1673 4572 in
1704 4516 1928 4574 Domina
1948 4509 2122 4574 sacer-

515 4574 659 4650 dotes
686 4615 701 4640 ,
731 4574 962 4634 subinde
984 4574 1190 4637 sanctos
1219 4574 1512 4641 sacerdotes
1533 4627 1548 4650 ,
1572 4597 1629 4644 et
1654 4589 1708 4644 in
1739 4589 1848 4646 line
1883 4591 2120 4646 dominos

2207 3309 2342 3358 lant.
3006 3367 3012 3368 γ
3412 3365 3420 3368 _
3738 3357 3761 3368 _.

2275 3370 2304 3410 ι’
2333 3371 2486 3438 Apud
2514 3371 2728 3427 Ferrer.
2759 3369 2898 3438 quod
2927 3367 3016 3439 qui
3069 3368 3122 3420 in
3165 3365 3539 3442 persecutione
3569 3365 3760 3442 coronati

2205 3453 2345 3508 sunt,
2369 3432 2529 3518 solius
2555 3432 2899 3518 persecutoris
2927 3432 3123 3518 [ructus
3146 3432 3349 3518 ala-git).
3379 3437 3436 3518 lit
3460 3436 3618 3518 tribus
3645 3432 3762 3518 hisce

2210 3517 2500 3586 postremis
2521 3516 2706 3586 verbis
2733 3509 2976 3568 concinit
2999 3523 3052 3566 et
3081 3509 3182 3564 ms.
3215 3511 3361 3586 Pith.
3395 3509 3764 3586 Baroniusrvero

2211 3583 2462 3657 praefert,
2511 3585 2647 3658 quod
2689 3586 2776 3660 qui
2811 3625 2835 3660 ._
2857 3624 2869 3636 .
2904 3624 2917 3636 .
3053 3623 3069 3638 .
3103 3623 3117 3636 .
3147 3621 3160 3636 .
3189 3623 3204 3637 .
3231 3583 3424 3660 solius.
3445 3583 3763 3660 persecutionis

2209 3653 2446 3714 cruentos
2468 3653 3082 3730 gladios.'Retinendnm
3103 3653 3482 3730 persecutoris,
3509 3653 3588 3704 cui
3625 3657 3763 3730 oppo-

2214 3742 2415 3786 nuntur
2444 3721 2628 3800 fratres
2659 3730 2810 3797 fulsi,
2862 3743 2891 3782 a
2936 3721 3132 3800 quibus
3157 3728 3596 3800 persecutionem
3635 3721 3764 3800 Susti-

2213 3819 2345 3857 nere
2372 3787 2668 3873 nt'gravius
2697 3787 2814 3864 est,
2863 3787 3021 3873 itafet
3047 3797 3116 3873 de
3155 3787 3290 3862 ipsis
3339 3793 3654 3864 triumphare
3676 3787 3765 3857 glo-

2214 3875 2410 3930 riosius
2441 3867 2565 3930 csse
2590 3873 2839 3929 Liberius
2863 3869 3014 3925 dicit.
3043 3867 3316 3924 Constant.

2293 3957 2312 3984 ε
2346 3943 2397 3999 ld
2423 3955 2506 4001 est
2525 3988 2539 4010 ,
2568 3945 2798 4000 Arianos
2833 3944 3148 4010 Episcopus,
3176 3937 3481 4009 przesertim
3504 3933 3762 3990 Valentem,

2215 4026 2270 4074 et
2292 4015 2614 4081 Ursacium;
2645 4017 2712 4071 de
2743 4015 2939 4084 quibus
2975 4027 3122 4080 saepe
3150 4011 3303 4065 alibi.

2288 4085 2315 4125 ἀ
2347 4089 2540 4143 Bnron.
2568 4086 3010 4158 congregatione,
3033 4085 3240 4158 rejecto
3285 4084 3338 4138 in
3366 4094 3531 4158 marg.
3574 4084 3768 4152 congres-

2219 4161 2568 4231 sianctquod
2601 4151 2897 4230 prfefe'runt
2924 4157 3015 4212 alii
3046 4155 3200 4222 libri,
3253 4163 3312 4210 et
3357 4151 3564 4224 quidem
3588 4151 3768 4202 concin-

2221 4230 2661 4306 niuSZCOustunt.
2713 4303 2723 4306 _
2812 4301 2825 4306 _
2957 4299 2968 4306 .
3214 4297 3230 4306 _
3261 4297 3303 4306 _
3458 4295 3470 4306 ,
3582 4291 3595 4306 .
3634 4285 3671 4306 με

2296 4313 2320 4342 ε
2343 4301 2614 4378 Clausulas
2640 4303 2795 4358 istius
2812 4299 3072 4378 loco_haec
3084 4297 3231 4378 apud
3261 4295 3560 4378 Fert-crium

2224 4374 2746 4450 Deusteincolumem
2764 4373 3040 4438 custodiat,
3060 4363 3266 4450 domine
3299 4373 3458 4450 frater
3487 4363 3766 4450 charissittl:

2224 4429 2361 4502 item
2387 4429 2572 4512 ipsect
2593 4429 2690 4501 mei
2716 4462 2908 4500 memor
2930 4429 3039 4498 esse
3057 4429 3309 4512 digneris;
3337 4511 3343 4512 ί
3368 4437 3443 4494 lbi
3489 4429 3770 4512 netnnpelltm‘c

2225 4503 2456 4588 epistola
2481 4529 2540 4575 ut
2565 4518 2657 4574 uni
2683 4516 2919 4573 Eusebio
2937 4503 3199 4588 inscripta
3217 4511 3527 4588 exhibetur.
3543 4503 3766 4588 ρῳιεξιξζπξο

2225 4566 3206 4660 éﬁ'é'i‘bhé'diﬁié‘éiéiéﬁpiaﬁ
3229 4566 3486 4654 epistola:
3512 4576 3572 4632 ad
3597 4566 3769 4629 Lucife-

519 4648 710 4716 fratres
733 4650 1006 4719 appellat,
1035 4668 1268 4724 cumque
1300 4648 1629 4730 Episcopum
1659 4671 1824 4734 atque
1853 4663 1908 4718 in
1931 4663 2120 4734 primis
2147 4652 2202 4712 D
2228 4648 2348 4718 Fum
2372 4664 2554 4719 missa:
2584 4662 2826 4732 subjecta
2857 4659 2977 4715 fuit.

531 4744 3773 4790 _________________________________________.

1387 4839 1533 4954 ε.
1610 4844 1782 4956 P.
1856 4845 2044 4957 Ν.
2123 4843 2978 4960 LUCIPERI

1736 5018 2093 5101 EPISQOPI
2135 5017 2630 5084 CALARITANI

955 5155 1098 5306 DE
1208 5151 1432 5308 NON
1539 5138 2323 5310 GONVENIENDO
2431 5149 2667 5306 CUM
2737 5142 3400 5326 IIIERETICIS,

1163 5373 1320 5455 AD
1395 5368 2248 5456 CONSTANTIUM
2319 5361 3199 5453 IMPERATOREM

1852 5505 2174 5577 LIBER
2226 5502 2369 5578 UN
2376 5501 2531 5577 US.

2022 5646 2358 5665 ρ

607 5732 742 5790 Cum
769 5733 1025 5792 omnibus
1049 5736 1376 5806 perniciosis
1419 5735 1530 5793 tuis
1557 5733 1849 5818 conatibus
1873 5731 2138 5814 advertis-

535 5821 626 5880 ses
675 5825 806 5882 itum
862 5826 1116 5892 obviam,
1167 5820 1401 5901 cumque
1450 5815 1632 5886 omnia
1689 5815 2131 5884 machinamenta

2246 5739 2437 5787 contra
2460 5730 2556 5786 Dei
2586 5728 2884 5786 Ecclesiam
2914 5735 3003 5783 tua
3026 5768 3042 5794 ,
3076 5726 3373 5798 reperieses
3397 5727 3580 5805 cuncto
3599 5709 3770 5805 De???

2244 5824 2370 5895 pulo
2393 5823 2629 5880 revelata
2656 5864 2670 5888 ,
2703 5813 2895 5878 tuitui
2929 5810 3027 5878 tios
3053 5819 3224 5879 fuisse
3251 5803 3534 5892 atqueoesSe
3567 5803 3765 5864 inimicos
