3838 6342
38 263 137 320 769

696 260 785 319 DE
824 260 962 321 NON
1000 259 1495 323 CONVENIENDO
1533 262 1675 324 CUM
1717 261 2108 327 IIIERETICIS
2147 266 2355 327 LIBER
2394 268 2601 331 UNUS.

3205 271 3313 332 770

38 380 178 449 pacis
201 421 214 443 ,
243 377 423 434 hostes
456 378 680 434 unitatis
705 421 719 444 ,
749 380 1097 437 adversarios
1142 383 1307 438 etiam
1355 381 1685 443 fratcrnaiA
1720 380 1839 437 Non
1868 384 2149 455 ponetisad
2174 402 2259 441 eos
2286 395 2643 442 testamentum
2678 428 2691 454 ,
2725 402 2884 458 neque
2914 396 2937 423 θ
2971 385 3314 442 misereamini

37 469 326 526 ciuilitatis.
350 470 404 526 Si
435 470 575 527 inter
601 471 696 527 Dei
724 472 966 528 cultores
993 481 1048 529 et
1072 473 1483 544 ejusrcligionis
1503 475 1607 528 ini-

35 563 194 617 micos
218 561 347 617 nihil
376 578 497 618 csse
523 564 685 620 debet
738 564 899 629 inter,
950 580 1047 621 cur
1096 565 1311 637 Moyses
1364 575 1610 637 tempore

34 669 133 727 quo
178 653 308 711 vidit
332 657 586 727 populum
612 656 762 713 illum
791 659 1065 715 carnalem
1091 658 1374 715 Judaicum
1398 701 1414 727 ,
1453 659 1610 730 cujus

34 757 84 803 tu
113 748 424 818 sapientiam
454 759 629 817 tenes,
664 751 989 807 idololatrias
1031 753 1329 809 incurrisse
1371 764 1607 819 reatum,

31 850 369 913 posteaquam
396 842 578 913 gladio
604 855 787 900 certos
810 844 1019 915 percuti
1044 843 1191 911 fecit,
1218 847 1383 901 etiam
1420 846 1611 902 statio-

29 950 143 991 nem
192 950 341 991 suam
390 946 726 1007 segregatum
776 954 899 995 esse
926 939 1135 993 voluit?
1190 957 1309 1011 qua:
1340 941 1413 996 ita
1444 956 1566 997 esse
1590 983 1607 1010 ,

31 1027 202 1096 accipe
245 1026 529 1098 scriptum.
565 1028 632 1082 Et
684 1030 815 1084 dixit
845 1012 1102 1086 Dominus
1128 1032 1198 1085 ad
1225 1030 1477 1104 Moysen:
1510 1031 1610 1087 Dic

30 1122 141 1191 ﬁliis
163 1119 351 1184 Israel.
376 1120 482 1177 Vos
506 1123 727 1193 papulas
754 1124 901 1179 durte
929 1126 1160 1194 cervicis,
1183 1126 1347 1182 ridete
1368 1145 1429 1183 ne
1452 1127 1609 1182 aliam

28 1215 223 1285 plagam
248 1214 499 1270 inducens
524 1232 680 1287 super
707 1234 832 1283 vos,
872 1218 1072 1272 deleam
1118 1234 1227 1275 vos.
1283 1219 1442 1274 Nunc
1486 1237 1609 1292 ergo

27 1308 247 1379 deponite
272 1308 430 1362 stolas
454 1309 634 1378 gloria:
660 1320 843 1366 vestra:
871 1322 918 1367 et
946 1323 1331 1380 ornamentum,
1362 1326 1409 1369 et
1437 1324 1610 1369 osten-

28 1402 135 1455 dam
157 1418 270 1473 qute
291 1406 527 1473 facturus
549 1421 665 1458 sum
686 1407 845 1460 vobis.
874 1404 942 1459 Et
969 1406 1293 1461 abstulerunt
1318 1408 1415 1477 ﬁlii
1443 1406 1612 1463 Israel

26 1504 250 1550 ornatum
280 1512 469 1563 suum,
500 1507 548 1551 et
578 1498 737 1553 stolas
764 1516 796 1552 a
823 1508 991 1553 monte
1017 1498 1212 1555 Choreb
1238 1543 1253 1568 ,
1296 1509 1346 1554 et
1402 1517 1609 1555 sumens

26 1590 396 1645 tabernaculum
425 1592 631 1665 Moyses
658 1636 672 1660 ,
703 1594 819 1664 ﬁxit
840 1595 976 1648 illud
997 1605 1138 1649 extra
1165 1607 1334 1650 castra
1356 1638 1369 1663 ,
1404 1597 1553 1668 longe
1580 1614 1612 1651 a

26 1685 225 1749 castris,
254 1694 302 1739 et
324 1684 649 1755 appellatum
676 1696 750 1740 est
777 1685 1166 1741 tabernaculum
1213 1689 1486 1742 testimonii
1513 1730 1528 1755 ,
1563 1696 1611 1742 et

1715 493 1920 545 eorum,
1955 495 2117 550 neque
2142 481 2359 535 tradetis
2387 482 2462 537 eis
2489 483 2628 552 ﬁlias
2651 494 2843 538 vestras
2867 492 3117 555 nuptum.
3150 497 3313 551 neque

1714 570 1857 624 dabis
1900 571 2011 639 ﬁlio
2044 580 2129 625 tuo
2160 573 2323 640 ﬁliam
2365 575 2507 630 illius
2533 590 2552 629 :
2578 575 2786 631 seducet
2812 576 2947 631 enim
2972 576 3141 646 ﬁlium
3167 585 3312 630 luunt

1713 674 1744 713 a
1770 675 1850 713 me
1873 699 1887 724 ,
1922 670 1970 714 et
1994 661 2175 715 serviet
2203 662 2303 715 diis
2331 664 2546 731 alienis,
2594 674 2640 721 et
2668 668 2921 724 irascetur
2949 668 3031 721 ira
3060 665 3312 722 Dominus

1712 754 1767 808 in
1793 770 1912 819 vos,
1944 765 1992 809 et
2019 756 2376 811 exterminabit
2402 769 2451 813 te
2471 759 2569 814 cito
2587 760 2766 830 (Deut.
2796 777 2869 817 vu
2887 803 2902 827 ,
2928 761 2963 815 2
2986 760 3165 833 ).Cum
3196 760 3316 817 haec

1713 847 1934 902 mandet
1976 847 2125 915 fieri,
2178 849 2457 927 quomodo
2483 867 2771 923 possumus
2800 853 3086 910 vobiscum
3113 869 3315 912 conve-

1712 942 1863 1009 nire.
1894 944 2169 999 vobiscum
2201 959 2391 1015 pacem
2408 946 2633 1014 habere.
2656 963 2778 1004 cum
2802 950 3153 1021 negatoribus
3171 950 3315 1006 unici

1715 1034 1809 1090 Dei
1838 1034 1963 1090 Filii
1992 1034 2015 1089 ?
2041 1036 2315 1107 quomodo
2345 1046 2696 1109 potueramus
2720 1040 2879 1096 istam
2909 1050 3054 1097 tuam
3085 1042 3315 1111 implere

1712 1128 2101 1184 voluntatem?
2148 1146 2273 1186 cum
2308 1131 2477 1187 Deum
2531 1133 2716 1190 videas
2756 1134 2962 1191 dixisse
2992 1151 3089 1205 per
3116 1137 3310 1209 Moycn

1712 1221 1783 1277 de
1809 1222 2057 1278 {libabitis
2074 1264 2089 1289 ,
2114 1221 2444 1280 Ammonitis
2462 1266 2477 1291 ,
2512 1224 2638 1281 Non
2662 1226 2957 1283 salutabitis
2984 1245 3071 1284 eos
3100 1231 3316 1303 paci/ica

1713 1317 1944 1372 omnibus
1966 1317 2145 1372 diebus
2168 1319 2281 1372 vitta
2308 1328 2411 1373 tua:
2436 1320 2658 1390 usquein
2688 1332 2939 1376 teternum
2963 1322 3130 1394 (Ibid.
3158 1340 3316 1394 χχιιι,

1712 1406 1813 1479 6).
1845 1407 2129 1476 Quomodo
2152 1409 2315 1464 simul
2343 1425 2465 1466 esse
2503 1410 2690 1468 Ariani
2715 1423 2770 1469 et
2794 1413 3089 1471 Christiani
3121 1424 3314 1487 potue-

1712 1501 1940 1555 ramus?
1973 1517 2094 1557 cum
2118 1501 2309 1558 audias
2336 1502 2556 1575 Moysen
2575 1504 2761 1561 dicere
2787 1523 2800 1560 :
2835 1504 2958 1562 Non
2988 1509 3084 1563 erit
3114 1508 3134 1547 ί
3165 1509 3321 1565 adul-

1714 1604 1822 1649 tera
1849 1612 1913 1649 ex
1940 1594 2153 1664 filiabus
2178 1596 2351 1651 Israel
2378 1595 2545 1669 (Ibid.
2566 1596 2689 1669 l7);
2716 1606 2772 1656 et
2797 1600 2948 1655 omni
2969 1608 3319 1659 commoueat

1715 1688 1836 1744 loco
1868 1698 1925 1743 ut
1978 1690 2158 1745 omnis
2210 1690 2424 1746 adulter
2481 1690 2861 1761 interficiatur,
2912 1693 3211 1764 productus
3248 1692 3318 1751 ad

25 1781 163 1849 ﬁebat
189 1790 240 1835 ut
267 1782 453 1845 omnis,
482 1782 789 1851 quicumque
814 1783 1071 1853 quwrebat
1094 1781 1393 1847 Dominum,
1419 1783 1521 1837 ibat
1542 1781 1611 1835 ad
1640 1788 1689 1849 Β
1717 1789 1927 1850 portam
1951 1822 1966 1845 ,
1997 1781 2271 1852 lapidibus
2300 1800 2312 1836 :
2347 1781 2417 1837 Et
2453 1784 2643 1840 tolletis
2664 1826 2678 1850 ,
2734 1786 2943 1857 inquit,
2996 1787 3235 1857 iniquum
3286 1790 3339 1843 a'

27 1875 395 1930 tabernaculum
419 1876 698 1931 testimonii
722 1880 863 1948 foras
888 1888 1035 1931 extra
1053 1890 1244 1933 castra.
1279 1877 1410 1934 Cum
1436 1889 1606 1933 autem

25 1969 360 2041 egrediebatur
391 1972 535 2040 foras
562 1970 626 2023 de
651 1970 983 2025 tabernaculo
1015 1970 1225 2043 Moyses
1245 2013 1261 2038 ,
1308 1972 1475 2027 stabat
1499 1988 1611 2026 ont-

24 2066 94 2120 nis
121 2066 336 2136 populus
365 2075 391 2102 ι
419 2067 743 2137 speculantes
767 2070 1113 2139 unusquisque
1136 2069 1205 2123 ad
1222 2070 1411 2124 ostium
1440 2070 1609 2125 taber-

23 2161 185 2214 naculi
214 2161 313 2215 sui.
347 2156 756 2217 Considerabant
813 2173 1013 2217 euntem
1059 2163 1275 2235 Moysen
1296 2181 1454 2234 usque
1484 2165 1608 2219 dum

23 2252 241 2306 introiret
263 2252 655 2308 tabernaculum
682 2270 700 2308 :
724 2270 843 2308 mox
872 2264 1047 2309 autem
1089 2271 1207 2309 cum
1238 2256 1523 2310 introiisset
1553 2258 1607 2311 in

24 2345 401 2401 tabernaculum
429 2345 641 2419 Moyses
666 2389 678 2411 .
714 2348 1054 2404 descendebat
1083 2348 1329 2402 columna
1358 2348 1508 2403 nubis
1526 2392 1538 2412 ,
1562 2358 1609 2403 et

22 2437 170 2493 stabat
200 2441 250 2494 in
263 2440 432 2510 janua
452 2442 772 2495 tabernaculi
787 2484 802 2508 ,
862 2452 909 2495 et
937 2441 1239 2512 loquebatur
1290 2441 1500 2514 Moysi,
1562 2452 1609 2498 et

22 2534 206 2587 ridebat
259 2534 428 2589 omnis
481 2534 704 2605 populus
754 2535 1047 2588 columnam
1084 2533 1233 2587 nubis
1280 2542 1502 2587 stantem
1554 2534 1609 2588 in

22 2626 171 2698 ianua
198 2627 539 2693 tabernaculi,
566 2636 612 2681 et
634 2637 774 2682 stans
803 2636 940 2680 totus
968 2626 1192 2697 populus
1215 2623 1242 2662 ι)
1261 2627 1607 2680 adoraverunt

25 2720 353 2791 unusquisque
365 2720 435 2774 ad
453 2721 643 2774 ostium
664 2720 1006 2787 tabernaculi,
1029 2732 1075 2773 et
1103 2720 1304 2773 locutus
1329 2730 1406 2774 est
1425 2718 1609 2774 Domi—

24 2830 111 2871 nus
135 2816 199 2870 ad
226 2815 442 2887 Moysen
472 2816 647 2886 palam
672 2816 725 2869 in
758 2815 960 2885 palam,
1010 2814 1446 2884 quemadmodum
1492 2814 1609 2881 quis

25 2910 237 2979 loquitur
254 2910 321 2963 ad
337 2911 565 2964 amicunt
592 2926 764 2965 suum.
797 2908 1037 2964 Minister
1057 2918 1226 2964 autem
1249 2907 1445 2963 Hiesus
1464 2908 1608 2978 ﬁlius

26 3001 369 3075 Navaejunior
395 3020 502 3058 non
521 3003 691 3057 exibat
715 3002 1124 3074 deltabernaculo
1150 3000 1279 3073 (Ex.
1302 3016 1499 3067 xxxut,
1525 2998 1603 3072 5).

26 3098 119 3155 Per
136 3099 272 3169 quod
291 3099 811 3164 lactum,ostensum
830 3107 915 3154 est
936 3113 1033 3153 vos
1052 3098 1102 3151 in
1127 3098 1294 3152 Deum
1321 3104 1609 3167 peccantes

1712 1873 2093 1944 t'obismetipsis
2119 1873 2283 1947 (Ibid.
2316 1892 2463 1946 xxiv,
2500 1876 2599 1950 7).
2632 1877 2687 1935 Si
2715 1880 2936 1936 carnale
2985 1880 3317 1939 adulterium

1710 1966 1843 2021 dicit
1876 1967 1949 2021 ita
1980 1969 2254 2022 exsecrari
2305 1970 2474 2025 Deum
2522 1978 2581 2025 ut
2618 1969 2849 2040 jusserit
2895 1987 3088 2029 omnes
3136 1975 3318 2044 puniri

1710 2060 1996 2115 adulteros
2017 2101 2032 2128 ,
2064 2070 2271 2131 quanto
2318 2062 2491 2133 magis
2517 2061 2849 2120 adulterium
2878 2075 3121 2122 vestrum
3152 2068 3319 2139 spiri-

1712 2154 1818 2209 tale
1844 2162 1867 2201 8
1894 2162 2214 2209 exsecretur
2242 2153 2507 2209 Dominus
2538 2171 2763 2213 necesse
2794 2168 2906 2226 est,
2942 2159 3090 2215 unde
3118 2168 3174 2216 et
3201 2159 3319 2217 fue-

1710 2248 1842 2303 ratis
1870 2258 2033 2319 atque
2056 2249 2185 2304 estis
2218 2248 2455 2320 fugiendi
2485 2268 2500 2306 :
2530 2266 2653 2306 cum
2699 2252 3017 2323 apostolicis
3070 2270 3179 2313 non
3220 2270 3317 2326 po-

1711 2348 1990 2398 tueramus
2011 2344 2311 2400 convenire
2341 2343 2669 2411 Christiani,
2698 2348 2915 2416 quando
2938 2348 3141 2405 dixisse
3170 2349 3318 2407 inve-

1711 2436 1927 2491 niamus
1971 2435 2229 2506 Spiritum
2262 2448 2507 2493 sanctum
2550 2454 2647 2509 per
2675 2439 2897 2511 Moysen
2929 2458 2943 2495 :
2974 2440 3185 2511 Aperiet
3226 2441 3319 2495 tibi

1710 2525 1852 2582 Deus
1879 2527 2179 2584 thesaurum
2207 2530 2460 2587 caelestem
2473 2533 2723 2602 Optimum
2745 2531 2803 2599 ,δ
2820 2534 2944 2589 dare
2972 2535 3063 2590 tibi
3089 2534 3319 2606 pluviam

1710 2629 1863 2677 terra:
1886 2634 1990 2677 tute
2008 2664 2022 2688 ,
2052 2623 2107 2677 in
2137 2632 2363 2697 temmrre
2385 2626 2649 2683 benedicet
2674 2643 2803 2697 apus
2831 2645 3078 2684 manuum
3103 2640 3316 2686 tuarum

1712 2730 1897 2782 omne,
1930 2716 2188 2787 fenerabis
2219 2728 2394 2788 gentes
2420 2720 2643 2787 multas,
2698 2729 2753 2776 tu
2802 2731 2977 2777 autem
3022 2740 3127 2779 non
3176 2728 3319 2797 fene-

1708 2806 1944 2877 raberis,
1972 2818 2023 2864 et
2041 2810 2303 2881 prwliabis
2330 2822 2505 2883 gentes
2534 2814 2759 2882 multas,
2812 2826 2860 2869 te
2891 2824 3065 2871 autem
3096 2833 3197 2872 non
3229 2834 3320 2874 ex-

1711 2900 2045 2974 pugnabunt,
2077 2905 2355 2959 constituet
2384 2914 2431 2960 te
2457 2903 2715 2963 Dominus
2739 2906 2883 2963 Deus
2911 2920 3034 2964 tuus
3052 2910 3105 2965 in
3129 2923 3282 2983 caput
3299 2953 3318 2981 ,

1708 3004 1756 3049 et
1788 3012 1888 3050 non
1911 2998 1965 3050 in
1987 2997 2189 3065 cauda,
2215 3009 2262 3053 et
2284 3001 2385 3056 eris
2407 3018 2566 3072 supra
2596 3012 2643 3058 et
2664 3019 2767 3058 non
2794 3004 2999 3073 subtus,
3022 3006 3067 3060 si
3090 3007 3321 3064 audieris

1711 3086 1969 3142 mandatis
1992 3085 2209 3144 Domini
2235 3089 2334 3145 Dei
2368 3093 2481 3159 tui,
2527 3096 2886 3165 quodcumque
2925 3113 3018 3168 ego
3060 3100 3321 3153 mandabo

25 3193 257 3249 vitandos
283 3235 299 3259 ,
330 3193 808 3263 secedendumque
833 3206 954 3247 esse
976 3208 1005 3246 α
1032 3192 1209 3246 vobis,
1233 3189 1337 3247 scd
1390 3190 1561 3258 inquit
1588 3206 1599 3243 ε
1633 3193 1678 3257 C
1710 3180 1801 3234 tibi
1833 3182 1983 3235 hodie
2027 3183 2289 3237 custodire
2334 3195 2381 3237 et
2407 3188 2609 3255 facere,
2665 3184 2680 3222 ί
2736 3196 2784 3241 et
2838 3205 2943 3243 non
2970 3189 3233 3246 discedere
3256 3192 3321 3246 ab

26 3285 154 3342 Ecce
182 3287 393 3359 Moyses
416 3329 432 3354 ,
472 3286 601 3342 licet
624 3286 732 3341 alio
780 3285 832 3339 in
864 3286 987 3340 loco
1014 3284 1266 3340 habuerit
1289 3283 1612 3338 tabernacu-

28 3379 127 3436 lum
155 3424 169 3449 ,
199 3391 378 3438 tamen
408 3397 521 3437 non
551 3380 795 3437 deseruit
818 3380 1107 3450 populum,
1140 3378 1237 3434 sed
1262 3378 1508 3433 hortatus
1529 3387 1613 3433 est

26 3489 113 3530 eos
142 3476 417 3547 corrigere
467 3476 581 3530 vias
622 3489 871 3531 errorum
920 3488 1142 3529 suorum
1175 3472 1289 3527 Deo
1337 3472 1610 3542 propitio;

27 3581 119 3623 nec
144 3568 192 3623 hi
211 3610 225 3636 ,
256 3568 347 3641 qui
380 3578 476 3623 tuo
497 3568 785 3639 sacrilegio
808 3567 1028 3623 misceri
1062 3576 1454 3623 recusaverunt
1478 3607 1493 3634 ,
1518 3567 1615 3622 de-

27 3670 141 3716 sunt
160 3662 226 3717 ab
256 3661 341 3717 bis
362 3660 604 3717 ofﬁciis:
638 3660 743 3716 dici
772 3662 974 3717 etenim
1008 3660 1103 3715 tibi
1137 3660 1421 3731 cognoscis
1449 3701 1463 3726 ,
1512 3657 1615 3714 nisi

28 3752 133 3808 vias
158 3754 471 3810 correxeris
500 3764 647 3818 tuas,
679 3753 822 3824 quod
850 3754 924 3809 sis
952 3752 1005 3808 in
1025 3762 1292 3810 mternum
1312 3752 1611 3824 periturus.

27 3839 77 3897 id
128 3844 267 3914 quod
316 3858 450 3915 ergo
506 3843 788 3899 intendere
817 3858 1190 3913 cmperamus,
1232 3858 1342 3914 quo
1397 3842 1617 3913 penitus

28 3952 303 4008 possumus
327 3939 631 4010 perducere
658 3938 722 3994 ad
754 3938 1128 4010 probationem
1150 3936 1174 3991 ?
1194 3936 1442 4007 quotiens
1469 3951 1618 3995 mur-

27 4035 247 4089 muravit
271 4033 509 4107 populus
536 4042 724 4089 contra
772 4033 943 4088 Deum
967 4076 981 4100 ,
1037 4042 1092 4089 et
1120 4033 1535 4088 insurrexerunt
1563 4031 1615 4086 in

28 4124 236 4200 Moysen
257 4171 271 4196 ,
298 4128 481 4200 legisri
514 4128 682 4185 Deum
708 4127 912 4183 dixisse
938 4126 1006 4182 ad
1049 4127 1271 4198 Moysen
1305 4134 1361 4180 et
1389 4125 1570 4180 Aaron
1601 4142 1615 4178 ε

31 4230 51 4258 ε
84 4220 317 4278 Secedite
362 4240 391 4278 e
418 4224 590 4277 medio
617 4223 800 4293 pepuli
836 4220 993 4296 hujus
1022 4220 1397 4292 indisciplinati
1423 4230 1470 4276 et
1497 4235 1620 4273 con-

31 4317 266 4383 tumacis,
317 4328 365 4373 et
396 4316 697 4389 disperdam
718 4332 803 4370 eos
827 4331 921 4385 ego
945 4312 1148 4385 (Num.
1186 4330 1296 4380 xw,
1329 4314 1445 4384 21).
1480 4312 1618 4381 Quid

28 4406 178 4479 igitur
204 4425 305 4467 nos
333 4412 451 4467 vult
483 4410 694 4479 facere,
725 4409 826 4464 nisi
856 4418 915 4464 ut
961 4423 1059 4463 vos
1105 4408 1543 4479 iudisciplinatos
1568 4413 1623 4463 et

28 4511 368 4560 contumaces
398 4503 671 4575 fugiamus
698 4545 712 4569 ,
747 4518 813 4558 ne
841 4501 997 4557 simul
1025 4499 1307 4557 vobiscum
1329 4545 1342 4568 ,
1370 4499 1514 4556 sicut
1543 4499 1619 4555 illi

1714 3272 1854 3326 omni
1884 3289 2116 3327 sermone
2144 3290 2295 3344 quem
2323 3292 2417 3346 ego
2441 3278 2628 3332 mando
2654 3277 2745 3333 tibi
2765 3278 2955 3347 hodie,
3007 3280 3192 3337 dextra
3231 3293 3322 3339 aut

1713 3367 1923 3421 sinislra
1946 3365 2112 3438 (Ibid.
2136 3384 2339 3434 xxvm,
2372 3367 2506 3441 19.).
2553 3369 2838 3439 Quomodo
2890 3388 3016 3429 cum
3052 3374 3321 3445 pseudoe-

1715 3457 1953 3530 piscopis
1984 3469 2151 3515 secta:
2181 3469 2288 3516 tua:
2313 3460 2532 3517 Arionis
2556 3463 2712 3518 nobis
2738 3472 2953 3535 poterat
2990 3468 3285 3526 convenire
3304 3511 3320 3535 ,

1716 3553 1936 3623 quando
1964 3552 2149 3609 videas
2178 3569 2285 3609 non
2314 3546 2412 3610 nos
2440 3554 2757 3612 benedictos
2778 3572 2899 3614 esse
2919 3560 3184 3630 potuisse,
3216 3563 3322 3620 nisi

1716 3644 1845 3715 quia
1886 3660 1997 3699 non
2047 3644 2343 3702 abierimus
2372 3654 2495 3717 post
2539 3646 2907 3705 idololatriam
2959 3652 3162 3706 tuam?
3215 3655 3321 3711 nisi

1718 3736 1842 3808 quia
1859 3737 2124 3793 exsecrati
2149 3737 2414 3794 fuerimus
2438 3739 2687 3796 haeresim
2712 3751 2946 3798 vestram
2967 3742 3320 3813 Arianorum,

1717 3829 1876 3886 sicuti
1903 3840 1957 3887 et
1982 3831 2221 3887 omnium
2245 3847 2596 3889 exsecramur
2619 3832 2999 3893 haereticorum
3023 3838 3046 3892 ?
3074 3839 3175 3895 nisi
3197 3840 3322 3911 quia

1722 3925 1855 3983 tales
1881 3942 1977 3984 vos
2005 3926 2432 3999 iudicaverimus
2456 3971 2472 3998 ,
2505 3939 2669 4003 atque
2692 3932 3025 4003 habeamus,
3056 3937 3244 4010 quales
3269 3949 3325 3995 et

1721 4019 2005 4090 ethnicos,
2052 4022 2295 4079 cultores
2352 4023 2609 4081 videlicet
2656 4028 2899 4083 omnium
2971 4029 3325 4087 dtcmouum?

1723 4116 1827 4171 nisi
1860 4118 1983 4188 quia
2014 4118 2094 4174 sic
2123 4127 2175 4175 te
2204 4118 2470 4176 fuerimus
2493 4121 2872 4181 abominantes
2901 4166 2916 4189 ,
2965 4127 3244 4197 quomodo
3272 4136 3328 4185 et

1722 4209 1971 4279 Judazos,
1999 4213 2089 4283 qui
2112 4213 2465 4271 inveniuntur
2478 4230 2602 4272 esse
2628 4217 2746 4273 sine
2782 4218 2900 4275 Deo
2918 4259 2936 4286 ,
2976 4234 3043 4275 ex
3070 4237 3181 4291 quo
3207 4222 3327 4277 uni-

1724 4322 1847 4362 cum
1873 4308 2196 4378 negaverint
2222 4308 2418 4365 Filium
2453 4310 2547 4365 Dei
2575 4310 2599 4363 ?
2626 4308 2783 4379 Apud
2802 4310 3022 4368 Hiesum
3050 4311 3225 4370 Nave:
3257 4316 3326 4371 At

1724 4400 1810 4454 ubi
1856 4399 2085 4466 audivit,
2120 4398 2326 4471 inquit,
2356 4401 2578 4473 papulas
2606 4418 2777 4458 vocem
2796 4403 3058 4470 tubarum.
3079 4406 3329 4478 jubilavit

1725 4491 1996 4545 universus
2024 4491 2245 4562 papulas
2261 4489 2436 4562 jubilo
2465 4508 2684 4564 magno,
2710 4502 2756 4548 et
2777 4495 3073 4552 ceciderunt
3101 4498 3329 4555 universi

28 4595 111 4665 qui
137 4610 257 4651 cum
284 4595 490 4660 Chore,
519 4596 727 4651 [)athan
752 4604 806 4650 et
832 4593 1038 4650 Abiron
1066 4592 1279 4649 fuerant
1305 4592 1615 4659 coadunati,
1646 4599 1701 4660 D
1723 4587 1860 4640 muri
1888 4585 2113 4639 civitatis
2135 4583 2189 4639 in
2219 4584 2470 4650 circuitu,
2521 4594 2572 4641 et
2605 4588 2839 4643 ascendit
2866 4590 3134 4649 universus
3155 4610 3324 4666 popu-

28 4691 357 4757 pcreamus?
406 4692 516 4746 Aut
566 4688 788 4761 negabis
839 4698 894 4745 te
940 4687 1399 4758 indisciplinatum
1456 4694 1618 4757 atque

28 4784 438 4841 contumacem?
460 4783 674 4855 respice
701 4794 854 4839 actus
877 4791 999 4838 tuos
1021 4781 1163 4837 circa
1209 4780 1421 4835 Domini
1472 4779 1619 4835 exhi-

31 4876 163 4933 bitos
198 4877 518 4946 ecclesiam,
549 4886 604 4933 et
622 4875 865 4932 invenies
890 4890 1056 4948 quam
1078 4875 1154 4930 sis
1180 4871 1616 4944 indisciplinatus

31 4979 182 5043 atque
209 4981 524 5029 contumax.
558 4970 615 5027 In
660 4969 1087 5027 Deuteronomio
1130 4967 1261 5024 dicit
1311 4963 1569 5038 Moysesd
1599 4983 1610 5019 :

100 5190 125 5220 ⁸
151 5182 491 5256 Speculantes
514 5226 530 5251 ,
559 5181 653 5256 _uti
694 5180 747 5236 in
778 5176 1375 5256 Οζςὲϐὶᾳξιοξεύοντες.
1422 5168 1627 5229 Sabba-

34 5249 213 5328 tier-ins
240 5256 373 5328 legit
389 5249 665 5328 speculans
693 5268 757 5307 ex
785 5250 916 5306 edit.
951 5249 1090 5328 Bibl.

100 5325 127 5363 ι’
154 5327 229 5405 lta
247 5314 428 5405 Gram:
446 5328 837 5405 προσεκύνησεν
854 5340 868 5387 ;
884 5336 1013 5405 cum
1027 5320 1105 5404 .Sa
1114 5319 1263 5405 b‘bat.
1278 5317 1423 5405 legat
1442 5314 1626 5405 adora-

33 5398 97 5451 uit
122 5414 188 5454 ex
218 5399 365 5453 laud.
395 5388 551 5463 edii.,
584 5408 637 5453 et
670 5397 855 5467 paullo
883 5394 1108 5449 interius
1132 5390 1268 5463 {acie
1295 5391 1364 5444 ad
1394 5388 1576 5461 faciem
1603 5428 1620 5455 ,

34 5469 119 5525 ubi
151 5470 235 5545 hic
255 5472 498 5545 palantia
526 5472 744 5545 palam:_
1126 5533 1138 5545 .
1246 5482 1247 5491 “
1302 5532 1337 5545 ..

30 5556 38 5570 ³
102 5554 123 5581 ο
148 5532 340 5598 Versio
370 5532 602 5612 Antiqua
630 5559 643 5595 :
677 5537 1085 5612 Abscediteuos
1103 5533 1169 5588 de
1197 5532 1369 5588 medio
1397 5546 1618 5603 synago-

33 5630 111 5684 ga:
130 5615 312 5681 istius,
344 5624 393 5669 et
417 5607 783 5684 consummabo
813 5625 899 5663 eos
929 5607 1105 5684 simul.

102 5684 127 5722 ἀ
162 5678 320 5741 νει-ε’.
350 5686 482 5743 Ant.
536 5686 661 5742 Non
689 5683 934 5751 dispoues
972 5678 1041 5734 ad
1080 5694 1165 5731 eos
1211 5684 1620 5751 testamentum,

35 5773 191 5828 neque
214 5760 527 5828 miserearis.
562 5800 576 5813 .
609 5799 624 5813 .
662 5795 676 5810 .

726 5748 891 5819 neque
927 5748 1271 5805 matrimoniis
1324 5748 1627 5819 jungamini

35 5819 250 5886 cuineis.
269 5827 466 5884 Filiam
492 5840 629 5887 tuam
652 5844 757 5883 non
778 5824 926 5879 dabis
958 5823 1070 5894 ﬁlio
1097 5823 1231 5894 ejus,
1260 5828 1311 5876 et
1331 5819 1497 5889 ﬁliam
1513 5820 1627 5889 ejus

1717 4680 1799 4734 lus
1828 4680 1881 4733 in
1906 4679 2164 4734 civitatem
2186 4679 2537 4752 unusquisque
2563 4697 2740 4738 coram
2768 4683 3079 4742 aduersariis
3100 4689 3208 4745 suis
3232 4730 3247 4757 ,
3280 4701 3327 4746 et

1715 4773 2013 4828 invaserunt
2052 4772 2312 4829 civitatem
2366 4783 2417 4830 et
2464 4776 3026 4837 anathematizarerunt
3075 4800 3228 4852 eam,
3275 4795 3325 4840 et

1714 4883 2042 4939 qua’eumque
2069 4867 2283 4923 erantin
2303 4868 2536 4939 civitate,
2555 4887 2587 4925 a
2614 4871 2724 4927 uiro
2743 4889 2903 4945 usque
2926 4876 2995 4930 ad
3022 4876 3325 4943 mulierem,

1714 4982 1746 5018 a
1758 4967 1948 5038 juvene
1970 4980 2126 5029 usque
2151 4961 2220 5017 ad
2240 4978 2431 5031 senem,
2446 4973 2493 5021 et
2515 4981 2677 5037 usque
2698 4968 2769 5022 ad
2788 4968 3073 5042 vitulum;et
3083 4986 3242 5041 usque
3258 4970 3328 5025 ad

1726 5185 1829 5225 non
1854 5168 2313 5293 sumq‘sﬁliootuo:
2344 5169 2613 5227 discedere
2633 5171 2770 5227 enim
2795 5171 2967 5244 faciet.
3002 5214 3014 5227 .
3051 5212 3068 5230 .
3099 5218 3108 5230 .
3142 5176 3329 5233 alienis

1728 5280 1745 5293 .
1778 5284 1791 5293 .
1826 5281 1841 5293 .
1879 5283 1891 5293 .
1919 5258 1971 5293 sn
2018 5251 2299 5293 narratione.

1778 5284 1791 5298 .
1826 5281 1841 5296 .
1879 5283 1891 5295 .
1919 5240 2299 5298 indignatione.

1826 5281 1841 5296 .
1879 5283 1891 5295 .
1919 5259 2299 5312 snargnauone.

1800 5312 2082 5390 fPropius
2122 5312 2206 5390 _ad
2242 5311 2433 5390 _Crzec.
2464 5313 2731 5376 flexiones.
2776 5313 2988 5371 Caetera
3029 5316 3324 5390 singularia

1724 5385 1779 5442 in
1809 5384 1909 5439 hac
1940 5400 2090 5440 vers.
2122 5384 2301 5441 Lucil.

1802 5455 1821 5495 ί
1871 5456 2023 5513 Vers.
2061 5458 2189 5512 Aut.
2223 5456 2488 5511 meretrix.

1798 5539 1824 5577 ε
1862 5528 2060 5602 Antea,
2094 5538 2391 5602 exsecratur
2417 5527 2695 5602 Dominus.
2718 5527 2945 5585 Necesse
2972 5542 3069 5602 est,
3100 5541 3198 5589 etc.
3230 5549 3331 5594 uos

1723 5615 1844 5657 cum
1872 5600 2086 5657 Latinio
2119 5602 2212 5665 ita,
2241 5609 2295 5656 et
2321 5598 2549 5655 clarius.

1800 5671 1825 5709 ιι
1866 5672 2091 5744 §:ibbat.
2117 5671 2269 5744 legit.
2304 5682 2361 5725 ut
2388 5670 2820 5744 tribuat.A_Grtec.
2864 5672 3061 5733 δοῦναι.

1807 5744 1822 5780 ί
1869 5743 2024 5801 Vers.
2079 5741 2208 5802 Ant.
2260 5758 2364 5798 non
2416 5741 2703 5811 prateribis
2745 5746 2810 5800 ab
2842 5747 3078 5807 omnibus
3116 5747 3322 5821 verbis,

1729 5832 1864 5888 qute.
