3972 6352
485 229 585 311 im
1564 243 1888 310 LUCIFERI
1929 231 2238 311 mscbm
2278 225 2710 312 CALAnrrANi
3657 233 3745 313 re

491 371 913 446 subjunctOrium
936 370 1235 427 occiderunt
1263 369 1316 424 in
1342 382 1430 424 ore
1445 367 1609 443 gladii
1629 409 1643 436 ,
1665 377 1713 423 et
1741 367 1941 424 duobus
1947 371 2100 442 juve—
2128 373 2178 434 Α
2207 367 2474 442 Propheta
2503 371 2639 426 alius
2670 369 2932 426 habitabat
2970 369 3025 424 in
3051 367 3229 426 Bethel
3250 411 3265 434 ,
3321 377 3368 425 et
3405 380 3633 426 venerunt
3670 374 3750 441 ﬁlii

495 467 645 522 nibus
665 467 753 538 qui
782 467 1212 539 exploraverant,
1245 463 1377 518 dixit
1404 462 1589 519 Hiesus
1619 479 1636 517 :
1662 461 1884 516 Introite
1909 462 1963 516 in
2007 462 2101 516 do-
2202 465 2350 536 ejus,
2378 473 2425 517 et
2457 464 2821 518 nuntiaverunt
2841 463 2888 518 ei
2915 463 3092 518 omnia
3109 478 3268 531 opera
3291 479 3402 530 qua:
3421 463 3598 533 fecerat
3623 465 3750 522 homo

492 577 632 617 mum
657 561 892 616 mulieris
946 567 991 616 et
1035 559 1303 632 producite
1347 575 1483 622 eam,
1523 565 1570 613 et
1614 572 1949 628 qutecumque
1981 563 2102 610 sunt
2201 553 2304 610 Dei
2335 555 2534 612 dieillo
2560 555 2612 610 in
2637 554 2819 611 Bethel
2840 596 2855 622 ,
2877 565 2927 610 et
2953 555 3102 610 verba
3125 556 3456 624 qualocutus
3483 567 3552 612 est
3569 559 3688 627 regi,
3711 568 3752 613 et

489 657 642 729 ejus:
665 663 710 710 et
734 653 1050 709 introierunt
1072 652 1178 707 duo
1191 653 1408 726 juvenes
1432 649 1520 721 qui
1545 649 1932 724 exploraverant
1978 645 2104 701 civi-
2203 658 2494 702 averterunt
2523 648 2710 719 {aciem
2730 649 2896 722 patris
2909 649 2993 704 sui
3011 689 3026 716 ,
3049 657 3100 704 et
3119 648 3321 704 loculus
3349 658 3420 706 est
3445 649 3510 704 ad
3533 665 3611 705 eos
3633 659 3754 721 pater

491 757 646 804 tatem
677 747 731 802 in
755 747 964 802 domum
989 745 1244 813 mulieris,
1280 744 1638 814 deduxerunt
1672 739 1850 813 Rahab
1873 737 2107 796 meretri-
2204 759 2384 797 eorum
2423 743 2597 798 dicens
2631 759 2650 798 :
2701 742 2818 812 Qua
2861 744 2942 798 via
2989 743 3170 800 abiit?
3218 743 3280 798 Et
3319 744 3754 803 demonstraverunt

487 855 596 896 cem
617 883 630 902 ,
659 849 707 896 et
729 849 928 911 patrem
948 841 1060 912 ejus
1076 881 1090 904 ,
1115 848 1163 894 et
1184 847 1426 902 matrem,
1451 846 1496 891 et
1508 835 1695 906 fratres
1717 837 1828 910 ejus
1846 873 1861 902 ,
1886 845 1933 888 et
1957 850 2105 904 qurc-
2205 835 2305 906 ﬁlii
2335 840 2451 912 ejus
2479 838 2615 891 riam
2649 855 2738 904 per
2757 854 2914 910 quam
2942 838 3071 894 ierat
3099 838 3252 894 homo
3286 837 3381 892 Dei
3407 839 3490 911 qui
3514 835 3756 896 veneram

498 945 717 1005 cumque
759 927 906 988 ei'ant
946 933 1096 988 illius
1115 975 1129 997 ,
1168 941 1216 987 et
1245 948 1446 987 onmem
1474 930 1835 1004 cognationem
1859 931 2001 1002 ejus,
2054 938 2105 983 et
2204 926 2378 995 Juda,
2402 938 2450 984 et
2475 927 2608 986 dixit
2636 929 2759 1001 ﬁliis
2781 930 2890 985 suis
2915 945 2935 986 :
2953 930 3179 986 Sternite
3200 929 3328 985 mihi
3343 931 3564 996 asinam;
3588 941 3630 984 et
3647 942 3757 986 stra-

497 1027 825 1084 deduxerunt
854 1043 969 1083 eam
1004 1029 1145 1098 foras
1195 1037 1344 1082 extra
1379 1034 1553 1080 castra
1605 1022 1807 1090 Israel,
1851 1032 1897 1078 et
1927 1021 2105 1076 civitas
2207 1034 2387 1078 verunt
2407 1023 2457 1078 ei
2477 1066 2491 1092 ,
2521 1034 2567 1078 et
2597 1025 2833 1080 ascendit
2859 1041 3016 1098 super
3041 1024 3190 1080 illam
3210 1067 3246 1092 ,.
3280 1034 3327 1080 et
3354 1025 3476 1080 abiit
3497 1035 3598 1094 post
3622 1026 3757 1080 banti-

495 1121 709 1177 incensa
731 1131 804 1176 est
833 1121 941 1196 igni
965 1137 1081 1176 cum
1103 1119 1338 1174 omnibus
1356 1136 1471 1191 quae
1484 1128 1632 1174 erant
1657 1119 1710 1172 in
1736 1134 1796 1171 ea
1835 1115 1983 1190 (Ias.
2019 1133 2066 1172 VI
2087 1159 2102 1184 ,
2207 1132 2324 1170 nem
2356 1115 2449 1171 Dei
2467 1157 2482 1182 ,
2505 1126 2552 1172 et
2574 1117 2768 1173 invenit
2792 1134 2910 1172 eum
2940 1117 3198 1172 sedentem
3233 1117 3327 1174 sub
3351 1115 3530 1172 arbore
3553 1118 3696 1183 ilicis,
3719 1128 3758 1172 et

491 1209 870 1286 20).Etinfra:
894 1211 1038 1268 Raab
1055 1213 1373 1268 meretricem
1388 1221 1433 1266 et
1449 1217 1474 1248 ³
1490 1227 1691 1266 onmem
1711 1210 1921 1265 domum
1943 1207 2107 1282 patris
2208 1207 2340 1264 dixit
2361 1211 2405 1263 ei
2438 1226 2456 1264 :
2481 1209 2543 1264 Si
2569 1220 2620 1264 tu
2649 1227 2701 1265 es
2724 1212 2876 1266 homo
2910 1210 3005 1266 Dei
3028 1211 3116 1283 qui
3137 1211 3321 1268 venisti
3347 1227 3410 1268 ea;
3425 1208 3597 1268 ludat
3632 1223 3674 1267 et
3691 1213 3758 1266 di-

491 1305 608 1377 ejus
662 1304 939 1375 viviﬁcavit
987 1304 1211 1372 Hiesus,
1260 1315 1307 1360 et
1359 1315 1675 1359 commorata
1725 1313 1798 1358 est
1835 1301 1887 1357 in
1937 1299 2108 1358 Israel
2206 1303 2323 1360 xit:
2355 1299 2468 1376 Ego
2493 1320 2629 1358 sum.
2659 1303 2726 1358 Et
2755 1305 2884 1360 dixit
2913 1305 2958 1360 ei
2977 1322 2995 1358 :
3031 1303 3162 1360 Veni
3182 1321 3416 1372 mecum,
3455 1317 3502 1361 et
3543 1306 3759 1362 utendum

497 1413 657 1471 usque
699 1400 756 1453 in
779 1397 1088 1453 hodiernum
1110 1398 1248 1453 diem
1294 1397 1482 1468 (lbid.,
1507 1395 1580 1450 25
1605 1395 1644 1468 ).
1688 1393 1916 1463 Quando
1945 1394 2108 1466 igitur
2209 1412 2431 1468 panem;
2474 1407 2520 1450 et
2556 1396 2688 1452 dixit
2714 1413 2732 1450 :
2781 1395 2906 1452 Non
2937 1414 3152 1468 possum
3177 1398 3359 1453 reverti
3405 1407 3588 1462 tecum,
3629 1416 3760 1469 neque

496 1492 690 1547 videas
738 1503 930 1547 omnes
957 1489 1262 1558 incivitate
1295 1487 1552 1546 Hiericho
1604 1488 1975 1546 inhabitantes
2012 1502 2108 1544 ore
2213 1485 2528 1543 manducare
2549 1505 2734 1558 panem
2756 1530 2771 1556 ,
2814 1504 2978 1560 neque
3000 1489 3172 1546 bibere
3197 1506 3389 1558 aquam
3426 1490 3478 1544 in
3504 1489 3593 1545 hoc
3634 1490 3760 1558 loco,

496 1585 721 1658 punitos
738 1584 932 1656 gladii,
961 1599 1182 1640 omnem
1211 1586 1492 1640 incensam
1517 1580 2110 1654 civilatem,quomodo
2209 1583 2454 1656 quoniam
2479 1583 2553 1638 sic
2573 1585 2824 1656 prwcepit
2863 1584 2992 1640 mihi
3023 1585 3076 1640 in
3114 1584 3269 1642 verbo
3301 1582 3548 1640 Dominus
3577 1584 3761 1642 dicens:

498 1679 703 1753 putasxi
736 1695 836 1736 nos
865 1681 1113 1751 potuisse
1134 1687 1316 1736 tecum
1345 1678 1642 1735 convenire
1667 1693 1792 1734 cum
1825 1676 2104 1744 hmretico,
2213 1673 2338 1730 Non
2369 1677 2707 1734 manducabis
2753 1693 2937 1748 panem
2977 1677 3078 1744 ibi,
3115 1687 3163 1736 et
3205 1695 3308 1734 non
3335 1678 3467 1734 bibes
3491 1695 3657 1750 aquam
3681 1677 3760 1744 ibi,

498 1773 718 1848 quando
746 1775 966 1848 quidem
1001 1774 1124 1846 plus
1146 1781 1200 1829 te
1228 1783 1388 1845 atque
1423 1782 1547 1830 tuos
1573 1772 1769 1845 dignos
1796 1769 1956 1829 esscb
1978 1785 2107 1827 ana—
2139 1771 2186 1834 B
2213 1781 2260 1827 et
2284 1788 2387 1826 non
2426 1774 2692 1827 reverteris
2721 1773 2840 1828 inde
2865 1791 2958 1844 per
2978 1775 3113 1830 viam
3131 1789 3289 1846 quam
3315 1772 3455 1828 ieris.
3493 1771 3555 1826 Et
3580 1771 3689 1826 dixit
3708 1771 3762 1824 ad

502 1869 684 1928 thema
716 1913 730 1936 ,
762 1887 924 1944 quam
953 1869 1030 1925 illi
1061 1870 1272 1926 fuerant
1295 1913 1307 1932 ,
1339 1869 1756 1925 adverteremns
1777 1867 1800 1922 ?
1825 1865 2111 1935 Quomodo
2215 1881 2373 1920 eum:
2401 1865 2463 1920 Et
2488 1882 2580 1936 ego
2610 1863 2896 1938 Prophetes
2921 1885 3036 1924 sum
3063 1865 3198 1926 sicut
3220 1878 3266 1922 et
3284 1877 3338 1921 tu
3362 1908 3378 1934 ,
3407 1875 3456 1922 et
3482 1865 3681 1937 Angelus
3703 1865 3765 1920 lo-

499 1976 850 2038 potueramus
907 1980 1032 2019 cum
1068 1961 1552 2034 pseudoepiscopis
1581 1971 1748 2018 sectae
1779 1970 1887 2016 tua:
1913 1973 2114 2015 conve—
2215 1971 2363 2013 cutus
2392 1968 2462 2014 est
2491 1959 2560 2014 ad
2582 1976 2660 2015 me
2677 1961 2729 2014 in
2760 1960 2912 2016 verbo
2939 1959 3157 2016 Domini
3178 1960 3354 2016 dicens
3376 1976 3394 2016 :
3417 1957 3581 2016 Reduc
3601 1974 3695 2014 eum
3710 1957 3764 2010 ad

504 2059 625 2114 nire
650 2057 866 2112 Arianis
891 2097 906 2122 ,
939 2055 1157 2127 quando
1186 2053 1371 2110 videas
1401 2051 1608 2108 nullum
1636 2052 1702 2108 ad
1733 2052 1898 2106 vitam
1929 2066 2112 2107 reser-
2215 2064 2265 2110 te
2311 2055 2365 2108 in
2411 2054 2621 2109 domum
2665 2064 2808 2112 tuam
2828 2097 2843 2124 ,
2906 2065 2952 2110 et
3001 2055 3279 2112 manducet
3333 2070 3511 2126 panem
3547 2097 3563 2124 ,
3587 2063 3628 2107 et
3658 2051 3766 2106 bibat

501 2165 684 2210 vatum
731 2152 783 2206 in
832 2151 1052 2220 civitate
1075 2193 1090 2218 ,
1124 2149 1176 2204 in
1227 2165 1329 2220 qna
1385 2147 1692 2203 idololatrm
1733 2144 2106 2212 morabantur,
2213 2165 2420 2214 aquam.
2446 2146 2510 2202 Et
2533 2150 2772 2204 mentitus
2793 2159 2865 2205 est
2890 2149 2992 2218 illi,
3014 2159 3061 2204 et
3078 2150 3285 2208 reduxit
3307 2165 3444 2218 eum,
3465 2159 3510 2205 et
3531 2147 3765 2202 manduca-

504 2247 606 2304 nisi
641 2254 847 2301 tantum
876 2241 1063 2310 Raab,
1099 2251 1382 2313 prOpterea
1411 2241 1554 2312 quod
1586 2237 1835 2295 crederet
1863 2251 1986 2294 esse
2013 2237 2117 2293 Do-
2218 2241 2286 2296 vit
2307 2258 2494 2313 panem
2525 2243 2579 2296 in
2600 2243 2751 2297 domo
2780 2245 2894 2318 ejus
2914 2284 2927 2309 ,
2965 2253 3014 2296 et
3035 2241 3162 2297 bibit
3181 2259 3400 2314 aquam,
3447 2251 3494 2298 et
3520 2243 3765 2313 factumest

503 2340 711 2396 minum
747 2345 994 2393 nostrum
1025 2343 1196 2392 totum
1212 2341 1490 2406 potentem
1518 2350 1532 2402 ;
1590 2331 1956 2388 idololatriam
1984 2344 2116 2386 vero
2219 2335 2518 2390 sedentibus
2545 2335 2650 2390 illis
2675 2335 2744 2390 ad
2773 2351 3000 2390 mensam
3020 2336 3229 2390 verbum
3265 2331 3470 2390 Domini
3489 2332 3553 2386 ad
3583 2330 3766 2405 pseudo-

506 2431 562 2489 in
595 2445 698 2504 qua
726 2429 1040 2488 contidedat
1067 2428 1304 2501 p0pulus
1355 2427 1408 2483 in
1443 2425 1702 2482 Hiericho
1741 2423 2075 2480 constitutus
2099 2462 2116 2490 ,
2219 2427 2526 2502 prophetam
2553 2429 2645 2500 qui
2665 2429 2872 2484 reduxit
2896 2444 3041 2494 eum,
3075 2437 3122 2483 et
3143 2429 3275 2483 dixit
3304 2427 3371 2484 ad
3400 2426 3636 2481 hominem
3659 2423 3762 2490 Dei,

504 2525 651 2601 quod
685 2527 877 2581 luisset
905 2537 1094 2580 errore
1126 2523 1342 2578 inventa
1387 2519 1671 2576 humano?
1709 2515 1992 2589 Quomodo
2021 2533 2120 2588 po-
2217 2522 2306 2593 qui
2329 2530 2536 2576 venerat
2565 2538 2626 2577 ex
2645 2519 2789 2576 Iuda
2808 2564 2823 2590 ,
2853 2520 3030 2576 dicens
3051 2535 3069 2574 :
3093 2519 3226 2575 Ha'c
3245 2519 3366 2575 dicit
3393 2517 3622 2576 Dominus
3641 2531 3766 2587 prop-

505 2627 788 2673 tueramus
814 2613 1093 2670 vobiscum
1144 2611 1470 2678 convenire,
1517 2609 1737 2682 quando
1765 2609 1819 2664 ill
1852 2619 1874 2648 ε
1904 2605 2121 2679 Regno-
2220 2626 2295 2670 ter
2321 2616 2458 2686 quod
2479 2616 2796 2674 exacerbasti
2827 2614 3032 2670 verbum
3057 2612 3305 2681 Domini,
3355 2622 3401 2668 et
3429 2629 3524 2667 non
3546 2606 3766 2666 custodisti

505 2727 626 2768 rum
657 2708 822 2766 tertio
846 2708 1110 2779 scriptum
1167 2708 1239 2762 sit
1285 2705 1428 2762 libro
1453 2747 1467 2772 ,
1521 2719 1623 2762 nec
1675 2704 1868 2759 domos
1909 2713 2122 2759 vestras
2223 2721 2538 2784 ρνωεεριυηι
2564 2711 2974 2784 quodprtecepit
3001 2709 3092 2764 tibi
3120 2708 3375 2766 Dominus
3413 2705 3546 2762 Deus
3566 2715 3693 2768 tuus.
3729 2711 3765 2757 et

510 2817 637 2862 esse
662 2800 990 2870 calcandas,
1025 2814 1126 2857 nec
1147 2799 1301 2856 cibos
1334 2799 1614 2856 vobiscum
1643 2795 1974 2860 sumendos,
2017 2810 2118 2851 ne-
2223 2804 2401 2859 redisti
2424 2814 2470 2857 et
2494 2804 2821 2862 manducaui
2843 2819 3058 2876 panem,
3104 2812 3152 2860 et
3197 2800 3366 2860 bibisti
3392 2815 3568 2874 aquam
3607 2799 3653 2852 in
3690 2796 3764 2852 hoc

503 2911 615 2969 que
642 2911 840 2969 aquam
873 2895 1242 2967 accipiendam
1272 2910 1302 2949 a
1333 2894 1528 2950 vobis?
1549 2893 1678 2949 llaec
1705 2893 1778 2948 ita
1803 2907 1922 2949 esse
1947 2890 2123 2962 aperit
2222 2898 2336 2953 ιοεο
2353 2942 2366 2964 ,
2394 2897 2458 2952 de
2483 2914 2585 2969 quo
2608 2898 2810 2954 ιοοαιιιε
2843 2909 2914 2954 εει
2935 2898 3004 2952 ad
3029 2908 3083 2968 te
3099 2898 3315 2958 dicem,-
3346 2897 3465 2954 Nan
3487 2891 3765 2954 manducabis

501 3005 657 3048 sacra
699 2989 981 3060 Scriptura
1017 3007 1030 3044 :
1065 2983 1128 3042 Et
1159 2990 1354 3059 factum
1382 2997 1487 3054 est,
1538 2985 1763 3042 dicitde
1801 2983 1898 3040 illo
1923 2997 2120 3055 coapo-
2225 3008 2410 3061 panem
2440 3008 2601 3065 neque
2629 2992 2767 3047 bibes
2807 3009 3028 3068 aquam;
3067 2993 3188 3047 ideo
3231 3009 3335 3048 non
3385 2989 3581 3046 intrabit
3618 3000 3766 3058 corpus

505 3091 645 3139 stata
689 3091 813 3147 tuo,
840 3076 868 3118 ά
915 3079 1124 3153 verbum
1153 3080 1376 3134 hominis
1409 3077 1508 3134 Dei
1534 3080 1554 3151 (
1581 3075 1650 3134 Ill
1678 3076 1810 3151 Reg.
1842 3094 1939 3133 xtll
1961 3118 1974 3145 ,
2007 3077 2073 3148 4)

2226 3093 2370 3139 tuum
2402 3085 2456 3140 in
2482 3094 2867 3141 monumentum
2889 3093 3098 3157 patrum
3123 3093 3358 3142 tuorum.
3397 3083 3459 3142 Et
3505 3085 3674 3152 factum
3709 3085 3766 3134 est

505 3185 560 3234 et
607 3173 744 3233 inira
780 3193 800 3231 :
830 3173 900 3230 Et
927 3174 1159 3231 extendit
1190 3191 1404 3228 manum
1433 3190 1581 3229 suam
1621 3174 1690 3227 ad
1720 3190 1867 3227 aram
1899 3172 2077 3227 dicens
2101 3188 2120 3228 :
2150 3165 2194 3229 C
2227 3187 2495 3250 postquam
2520 3178 2850 3234 manducavit
2872 3195 3058 3250 panem
3085 3188 3131 3234 et
3161 3177 3292 3236 bibit
3320 3194 3526 3250 aquam,
3551 3185 3596 3230 et
3615 3183 3767 3228 stravec

397 3271 404 3278 '
506 3267 900 3343 Apprehenditc
912 3283 1047 3334 eum,
1073 3267 1288 3322 etarida
1311 3267 1450 3336 facta
1472 3276 1547 3321 est
1579 3281 1762 3320 manus
1786 3265 1942 3338 regiS,
1963 3279 2118 3334 quam
2221 3281 2345 3327 runt
2365 3273 2410 3327 ei
2430 3273 2632 3327 asinam
2652 3317 2667 3340 ,
2695 3281 2745 3326 et
2773 3289 3000 3328 reversus
3026 3281 3128 3340 est,
3155 3283 3209 3328 et
3233 3272 3391 3340 abiit,
3420 3281 3463 3324 et
3489 3252 3657 3325 invenit
3679 3279 3765 3320 εωιι

507 3361 741 3420 extendit
779 3361 837 3416 in
867 3371 1038 3428 1eum,
1093 3369 1142 3414 et
1196 3375 1296 3414 non
1328 3358 1496 3431 potuit
1521 3359 1775 3412 reducere
1800 3373 1913 3412 eam
1937 3359 2004 3410 ad
2025 3373 2075 3411 se

2224 3363 2303 3420 leo
2332 3365 2387 3420 in
2418 3367 2532 3434 via,
2559 3376 2608 3421 et
2636 3365 2826 3421 occidit
2855 3383 3000 3434 eum,
3049 3376 3099 3422 et
3128 3377 3242 3422 erat
3269 3381 3452 3437 corpus
3479 3366 3582 3440 ejus
3604 3361 3765 3432 projec-

507 3467 559 3514 et
589 3467 612 3493 ο
644 3456 938 3512 sacrarium
958 3466 1172 3520 ruptum
1209 3464 1281 3509 est
1301 3495 1314 3517 ,
1339 3463 1386 3509 et
1409 3451 1576 3521 e/fusa
1606 3464 1678 3508 est
1703 3451 1964 3526 pinguedo
2009 3455 2121 3526 ejus
2223 3466 2332 3510 tum
2356 3457 2411 3511 in
2437 3457 2550 3526 via,
2607 3467 2654 3512 et
2707 3458 2859 3512 asina
2884 3457 3053 3512 stabat
3082 3459 3151 3512 ad
3193 3475 3342 3524 eum,
3393 3466 3436 3512 et
3463 3455 3539 3512 leo
3557 3448 3765 3512 stabulati

513 3565 545 3606 α
569 3549 804 3606 sacrario
825 3548 1112 3604 secundum
1129 3548 1268 3619 quod
1293 3546 1427 3601 dixit
1450 3544 1606 3600 homo
1626 3543 1726 3600 Dei
1753 3546 1807 3599 in
1834 3545 1983 3600 verbo
2014 3542 2124 3600 Do-
2223 3565 2413 3619 corpus
2435 3546 2631 3618 ipsius,
2662 3558 2709 3603 et
2730 3558 2975 3604 venerunt
2996 3549 3093 3608 viri
3117 3550 3344 3606 civitatis
3366 3547 3531 3613 illius,
3573 3555 3614 3600 et
3645 3540 3764 3598 locvti

506 3643 655 3698 mini.
690 3640 758 3695 Et
790 3640 1059 3712 respondit
1089 3656 1182 3694 rea:
1203 3649 1248 3694 et
1281 3638 1414 3693 dixit
1445 3636 1648 3692 homini
1690 3634 1829 3692 Dei:
1861 3633 2008 3708 Roga
2045 3633 2064 3672 ί
2092 3651 2123 3690 a
2223 3651 2345 3696 sunt
2373 3643 2427 3696 in
2457 3643 2661 3697 civitate
2684 3643 2769 3697 ubi
2799 3644 3075 3714 prophetes
3103 3645 3280 3700 senior
3315 3641 3566 3698 habitabat
3589 3639 3634 3693 in
3658 3635 3762 3700 illa,

511 3735 645 3804 [acie
665 3729 880 3788 Domini
905 3729 1000 3786 Dei
1029 3731 1134 3794 tui,
1169 3741 1222 3786 ut
1246 3740 1529 3786 revertatur
1560 3747 1746 3785 manus
1776 3747 1889 3784 mea
1920 3731 1989 3783 ad
2019 3747 2119 3786 me.
2225 3744 2272 3787 et
2295 3751 2411 3788 cum
2439 3735 2702 3790 audissent
2723 3736 2809 3807 qui
2835 3735 3287 3794 reduxeranteum
3316 3738 3378 3792 de
3401 3737 3502 3802 via,
3526 3725 3764 3788 dixit!!!“

513 3823 582 3880 Et
607 3825 986 3897 rogavit/tome
1041 3822 1141 3878 Dei
1194 3824 1379 3895 [aciem
1424 3823 1667 3890 Domini,
1720 3835 1766 3879 et
1811 3840 2014 3878 reversa
2049 3833 2125 3878 est
2222 3842 2298 3886 εει
2329 3833 2483 3886 homo
2511 3829 2716 3902 Deiqui
2747 3833 3068 3890 exacerbavit
3095 3838 3308 3890 verbum
3331 3832 3564 3900 Domita;
3587 3825 3763 3890 etcbiit,

514 3937 700 3975 manus
731 3922 868 3994 regis
897 3919 968 3974 ad
997 3935 1112 3974 eum
1133 3960 1148 3985 ,
1177 3929 1224 3975 et
1253 3921 1394 3991 facta
1425 3929 1499 3974 est
1529 3917 1969 3988 quemadmodum
2019 3935 2079 3988 pr

2226 3934 2273 3981 et
2299 3925 2489 3981 inrenit
2509 3942 2695 3998 corpus
2710 3929 2824 4000 ejus
2850 3931 3138 4002 projectum
3165 3927 3220 3982 in
3248 3928 3329 3982 via
3351 3943 3370 3982 :
3397 3936 3444 3981 et
3471 3924 3623 3989 asina,
3649 3928 3687 3974 cl
3703 3916 3762 3972 ιιο

513 4029 650 4068 mum
672 4055 687 4076 ,
733 4024 779 4068 et
811 4013 1018 4068 loeutus
1058 4021 1134 4067 est
1180 4027 1272 4066 rex
1314 4013 1382 4065 ad
1441 4012 1697 4068 hominem
1728 4005 1828 4065 Dei
1851 4021 1900 4066 et
1941 4010 2074 4065 dixit
2106 4025 2125 4065 :
2225 4018 2388 4074 stabat
2421 4036 2577 4088 super
2598 4036 2787 4092 corpus
2814 4023 2960 4094 ejus,
2991 4029 3037 4074 et
3059 4021 3138 4076 leo
3166 4037 3275 4076 non
3296 4023 3397 4078 edit
3424 4031 3593 4091 corpus
3617 4010 3761 4074 illius,

514 4105 666 4164 Intra
697 4124 897 4163 mecum
923 4109 978 4162 in
1000 4109 1208 4162 domum
1237 4117 1282 4160 et
1300 4105 1498 4179 prande
1521 4148 1535 4173 ,
1555 4117 1598 4161 et
1622 4105 1752 4161 dabo
1782 4107 1873 4160 tibi
1891 4121 2124 4168 munera.
2227 4131 2390 4184 neque
2409 4114 2623 4170 insilivit
2649 4115 2706 4169 in
2735 4115 2936 4170 asinam
2969 4113 3134 4188 (Ibid.
3159 4114 3284 4186 10).
3319 4116 3374 4172 Si
3401 4113 3472 4172 illi
3495 4115 3589 4168 hoc
3605 4118 3763 4178 lepra:-

524 4202 595 4258 Et
617 4204 748 4259 dixit
771 4204 924 4258 homo
950 4200 1048 4258 Dei
1076 4202 1146 4276 ad
1171 4217 1340 4273 regem
1375 4217 1394 4256 :
1443 4199 1554 4256 Nec
1595 4201 1640 4255 si
1678 4200 1807 4256 mihi
1855 4199 2128 4254 dimidiam
2225 4213 2502 4262 sentatum
2549 4215 2668 4275 est,
2711 4201 2740 4242 ιι
2797 4222 2897 4263 cur
2923 4207 3306 4266 manducasset
3339 4221 3521 4280 panem
3547 4210 3595 4258 et
3615 4205 3761 4274 potum

520 4296 676 4353 dares
705 4308 732 4346 ες
756 4298 966 4353 domum
990 4307 1166 4364 tuam,
1198 4312 1300 4350 non
1325 4295 1526 4350 intrabo
1551 4305 1718 4350 tecum
1741 4342 1756 4367 ,
1789 4311 1884 4349 nec
1909 4294 2129 4348 mandu-
2227 4287 2553 4370 sumpsiSSct
2591 4315 2745 4370 aqum
2773 4301 2824 4355 in
2851 4301 2974 4362 loco
3001 4299 3231 4372 profano
3251 4301 3392 4374 apud
3419 4297 3640 4362 homines
3661 4289 3761 4346 alie-

515 4393 644 4446 cabo
670 4407 890 4464 partem,
943 4407 1034 4446 nec
1064 4389 1234 4444 bibam
1265 4407 1449 4462 aquam
1483 4389 1536 4444 in
1573 4387 1671 4443 hoc
1701 4389 1815 4444 loco
1837 4429 1853 4460 ,
1885 4391 2131 4460 quoniam
2228 4391 2474 4462 nigenas,
2503 4391 2631 4464 quid
2663 4392 2819 4450 nobis
2850 4402 3304 4466 repraesentatum
3365 4392 3549 4450 fuisset
3569 4429 3583 4456 ,
3627 4383 3666 4440 si
3701 4388 3761 4436 ιε·

512 4486 588 4540 sic
617 4486 860 4556 praecepit
889 4483 1015 4538 mihi
1037 4482 1294 4538 Dominus
1327 4485 1379 4537 in
1400 4482 1549 4539 verbo
1581 4483 1760 4538 dicens
1789 4497 1807 4538 :
1835 4480 1960 4537 Non
1982 4499 2127 4536 man-
2230 4500 2375 4554 cum,
2411 4503 2571 4558 quem
2605 4488 2806 4544 scimus
2851 4487 3168 4546 batreticum
3195 4531 3213 4558 ,
3241 4505 3400 4569 quem
3429 4485 3650 4546 norimus
3667 4487 3762 4536 esse

516 4579 729 4635 ducabis
757 4595 943 4650 panem
973 4589 1022 4634 et
1048 4595 1150 4644 non
1187 4577 1324 4634 bibes
1349 4596 1568 4652 aquam,
1625 4588 1673 4633 et
1725 4595 1828 4634 non
1855 4579 2121 4634 reverteris
2145 4565 2198 4628 Β
2226 4587 2540 4648 negatorem
2567 4580 2709 4636 unici
2735 4579 2863 4636 Filii
2889 4579 3010 4650 Dei,
3039 4591 3097 4637 ut
3126 4565 3761 4648 desiderabas,copulasse'

513 4677 572 4730 in
611 4675 694 4729 via
731 4691 831 4745 qua
878 4674 975 4728 ibis
1021 4676 1077 4728 in
1129 4691 1192 4728 ea
1223 4670 1410 4746 (Ibid.
1435 4673 1479 4747 ).
1505 4671 1792 4743 Quomodo
1842 4674 2121 4730 vobiscum
2213 4689 2350 4728 'mus
2379 4673 2685 4732 amicitias?
2711 4676 2757 4731 si
2787 4675 3072 4732 vobiscum
3105 4676 3324 4734 Arianis
3351 4685 3555 4747 precem
3577 4663 3761 4722 Ῑιιάῖεεθο

506 4780 878 4842 potueramus
899 4769 1194 4824 convenire
1235 4765 1302 4824 ad
1350 4768 1516 4823 Deum
1564 4767 1902 4824 adorandum
1928 4768 1952 4822 ?
1999 4784 2122 4826 cum
2226 4768 2384 4824 mus?
2407 4767 2452 4822 si
2483 4767 2723 4842 denique
2747 4783 2942 4840 passos
2985 4783 3087 4826 nos
3117 4769 3435 4838 fuissemus,
3457 4759 3645 4823 amula.
3669 4764 3760 4826 (Ιυε

519 4864 623 4921 iste
651 4863 813 4919 homo
847 4859 938 4918 Dei
970 4859 1061 4933 qui
1110 4877 1137 4915 a
1187 4861 1296 4917 Deo
1341 4859 1738 4932 objurgandum
1795 4861 2121 4919 llieroboam
2223 4862 2567 4919 celebramus
2593 4862 2811 4920 Domini
2842 4863 3157 4921 sacerdotes
3180 4905 3198 4932 ,
3233 4878 3355 4920 cum
3399 4853 3757 4936 pseudoepiscof

520 4971 704 5029 regem
733 4955 914 5011 fuerat
957 4953 1193 5020 missus,
1222 4953 1480 5025 quoniam
1525 4970 1623 5025 per
1651 4955 1802 5011 illum
1827 4957 1914 5027 qui
1947 4956 2125 5012 dictus
2224 4959 2305 5029 pis
2341 4958 2561 5015 Arianis
2601 4959 2708 5014 tuis
2735 4958 3057 5014 celebrare?
3101 4955 3313 5014 Interea
3346 4933 3421 5012 sic
3462 4963 3510 5008 te
3549 4947 3686 5004 fuisse
3705 4933 3755 5029 ad

521 5059 606 5106 est
650 5049 956 5118 Pr0pheta,
1019 5046 1468 5117 circumscriptus
1524 5047 1730 5116 fuerit,
1780 5059 1886 5105 tam
1945 5050 2127 5122 gravis
2224 5027 2327 5107 nos
2371 5051 2908 5109 circumscribendos
2956 5053 3298 5122 immissum,
3331 5060 3386 5106 nt
3425 5046 3486 5104 ad
3531 5043 3660 5099 illum
3682 5027 3754 5087 Ι)οί

518 5143 661 5199 cim
689 5141 840 5196 illum
869 5139 1108 5196 vindicta
1131 5139 1485 5210 processerit.
1522 5138 1587 5194 Et
1617 5142 1741 5196 abiit
1767 5185 1781 5208 ,
1805 5143 1982 5215 inquit
2003 5151 2130 5214 post
2226 5145 2504 5202 hominem
2529 5143 2705 5202 fuerit
2723 5145 2816 5202 ille
2841 5145 3367 5220 pseudoprophetes.
3383 5139 3539 5204 debes
3557 5134 3754 5220 repelli?“

523 5238 642 5292 hanc
665 5236 948 5306 Scriptura
977 5235 1045 5292 de
1068 5233 1168 5290 illo
1194 5232 1416 5291 homine
1436 5232 1532 5290 Dei
1553 5252 1683 5306 ,per
1705 5236 1868 5292 aliam
1893 5239 2060 5305 viam,
2081 5248 2128 5294 et
2223 5251 2376 5298 actus
2417 5249 2541 5296 tuos
2589 5217 2922 5311 cognoscere
2963 5217 3369 5307 ornatissimos;
3405 5245 3470 5293 ut
3504 5231 3638 5292 enim
3681 5217 3754 5274 me

521 5351 624 5389 non
675 5342 749 5388 est
789 5347 1026 5387 reversus
1055 5347 1145 5403 per
1173 5332 1307 5385 viam
1330 5347 1432 5402 qua
1459 5341 1665 5385 venerat
1705 5335 1760 5386 in
1805 5331 1990 5388 Bethel
2011 5376 2026 5401 ,
2077 5344 2128 5391 et
2227 5348 2352 5391 cum
2394 5333 2597 5390 fuisset
2641 5333 3126 5406 pseudopropheta
3155 5377 3172 5404 ,
3223 5332 3527 5407 prophetam
3565 5335 3621 5380 se
3651 5321 3753 5374 059°

591 5481 617 5509 ο
640 5471 965 5560 Vrers._Aut.‘
1002 5479 1060 5557 et,
1113 5467 1344 5560 domant
1379 5478 1656 5534 palmam
1691 5469 1846 5540 ejus,
1901 5469 2122 5526 Lucifer
2303 5480 2328 5560 ξ
2357 5469 2441 5560 ξε).
2465 5469 2665 5560 legitur

519 5560 642 5616 cum
675 5529 859 5598 Graec;
885 5545 969 5597 καὶ
993 5531 1269 5616 transcribi
1296 5529 1446 5598 οἶκδν.
1716 5529 1736 5540 ’
1834 5529 1843 5533 ⁷

2231 5612 2248 5616 _
2303 5540 2323 5580 τ
2359 5529 2594 5597 Facient.
2621 5539 2799 5616 Latin.
2827 5529 3085 5600 istinlib.
3125 5543 3203 5600 de
3243 5542 3370 5616 Reg.
3407 5529 3746 5611 ipsamc-

591 5615 618 5699 b
648 5615 753 5699 ξ)ςο
781 5613 1356 5699 ᾳηειΙιεΜαια-Ϊὶξξιιεο
1391 5685 1403 5698 ,
1765 5681 1799 5699 ι.
1861 5685 1878 5699 .
1901 5683 1935 5699 -.

1765 5681 1799 5699 ,.
2225 5612 2871 5699 διέθηξιτοῑδπροσειῖτουη
2946 5688 2989 5699 ..
3161 5690 3174 5699 .
3317 5615 3319 5618 ⁴

595 5698 616 5726 ο
651 5686 709 5758 ω
728 5695 814 5744 est
843 5683 1076 5758 Regum,
1098 5685 1366 5748 otiati”
1383 5685 1444 5743 in
1470 5685 1568 5744 lib.
1587 5699 1612 5742 ι
1642 5698 1744 5757 pro
1759 5681 1824 5742 S.
1849 5683 2113 5742 Albanas.
2293 5696 2324 5758 ns
2349 5686 2474 5742 Das.
2497 5679 2682 5741 Latia.
2703 5683 2909 5757 Dares,
2946 5688 3102 5748 Vcs.
3145 5690 3273 5746 Ant.
3299 5701 3420 5745 cum
3448 5679 3606 5740 Lucil-

522 5757 990 5831 ηομιῐῆιημεοξ-
1144 5826 1154 5831 -
1349 5827 1452 5831 --
1931 5827 1941 5831 -

1713 5827 1743 5831 η
1781 5828 1789 5831 _
1931 5827 1941 5831 _
2294 5757 2627 5830 “Pupia,
2653 5760 3063 5831 “mutili.

589 5826 615 5866 σι
658 5829 715 5884 In
741 5828 838 5885 lib.
868 5827 937 5884 de
961 5828 1095 5901 Reg.
1127 5826 1322 5909 Apost.
1349 5827 1518 5902 legit,
1545 5835 1600 5885 ut
1616 5827 1814 5886 audivit
1836 5827 2006 5887 verba.
