3972 6352
274 272 386 342 113
970 270 1066 345 ni:
1104 286 1242 345 non
1280 268 1778 346 CONVENIENDO
1815 263 1958 346 cini
1998 278 2391 349 Μητιοιε
2432 288 2639 350 LIBER
2681 278 2888 353 unos.
3480 278 3585 358 rit

271 400 496 458 dicebat
524 400 592 459 ad
617 402 1155 461 circumveniendum
1189 400 1538 462 innocentem
1561 446 1576 473 ,
1610 406 1684 461 ita
1723 412 1783 462 et
1823 414 1880 461 tu
1908 406 1960 477 Α
1986 404 2142 475 ejus,
2172 412 2226 463 te
2272 402 2559 467 catholicae
2590 404 2712 465 iidei
2764 414 3175 482 perSecutorcm
3225 412 3458 470 amicum
3493 414 3587 471 Dei

271 506 398 549 cum
434 508 543 550 non
567 496 641 550 sis
665 494 1031 563 Christianus,
1060 496 1159 553 sed
1184 497 1261 554 sls
1290 497 1548 563 Arianus,
1586 496 1793 553 tinxisti
1824 504 1878 552 te
1976 500 2294 554 sacerdotes
2324 496 2686 556 haberemus?
2712 502 2766 557 Si
2815 500 2959 557 illius
3007 519 3229 570 operam
3273 505 3544 575 confregit
3567 548 3583 573 ,

272 585 648 644 Christianum
679 589 743 643 ad
775 604 873 644 nos
900 588 1253 646 irretiendos.
1281 584 1491 647 Deinde
1519 604 1642 646 cum
1685 604 1875 662 pacem
1978 604 2078 645 cur
2103 590 2290 663 iniquo
2317 592 2773 664 fuissetjuuctus,
2800 608 2929 652 vero
2961 608 3060 651 nos
3081 596 3190 665 jam
3226 596 3330 667 ipsi
3359 598 3589 654 fulmine

272 695 496 753 semper
527 680 782 739 habuerit
809 683 1023 739 Domini
1052 683 1286 741 ecclesia
1310 727 1323 751 ,
1354 692 1408 741 et
1448 692 1547 740 vos
1574 694 1736 755 atque
1761 697 1880 739 om-

272 779 423 832 nlutn
475 784 745 834 sectarum
797 778 1085 835 hau-elices
1130 776 1278 836 foras
1326 778 1620 851 abiecerit,
1660 776 1877 836 dixisti:

192 892 195 895 λ
271 879 297 907 λ
335 868 526 926 Pacem
554 873 670 927 uolo
699 870 901 942 ﬁrmari
949 873 1003 926 in
1046 882 1155 928 meo
1203 874 1453 942 imperio,
1488 872 1718 945 cupiens
1763 873 1879 927 vio-

271 966 386 1023 lare
416 968 470 1023 in
496 968 656 1026 nobis
684 984 875 1041 pacem
904 970 1256 1038 dominicam,
1285 970 1534 1027 scindere
1556 966 1878 1027 desiderans

270 1058 369 1115 Dei
404 1062 690 1131 populum,
720 1076 1021 1134 procurans
1067 1063 1262 1120 Interesi
1316 1070 1421 1119 tua;
1468 1062 1533 1119 ad
1565 1078 1727 1136 quam
1780 1074 1881 1119 nos

268 1162 467 1208 omnes
499 1153 677 1211 facere
705 1154 780 1211 sis
810 1164 1005 1227 optans
1055 1157 1340 1211 transitum
1374 1173 1387 1212 :
1421 1152 1500 1211 sic
1532 1152 1793 1211 mentitus
1819 1166 1880 1212 es

271 1242 366 1299 Dei
395 1254 452 1301 te
483 1245 652 1305 fuisse
708 1247 1009 1316 hominem,
1036 1249 1254 1320 quando
1298 1250 1437 1305 hanc
1470 1260 1655 1320 paceni
1700 1244 1881 1305 facere

267 1346 319 1394 te
342 1338 541 1395 salutis
571 1348 773 1397 nostra:
796 1356 961 1397 causa
986 1342 1173 1398 dixisti
1196 1359 1211 1409 ;
1232 1338 1506 1414 quomodo
1523 1348 1580 1400 et
1602 1338 1693 1399 ille
1713 1356 1880 1415 pseu-

264 1433 662 1505 dopropltetes,
679 1438 768 1505 qui
792 1436 1015 1494 dicebat
1036 1455 1048 1491 :
1069 1437 1204 1492 Redi
1217 1448 1411 1493 mecum
1428 1439 1550 1511 quia
1579 1450 1625 1493 et
1643 1453 1734 1511 ego
1758 1455 1880 1511 pro-

266 1524 446 1597 phetes
472 1538 583 1581 sum
604 1525 840 1595 Domini,
863 1539 909 1584 et
935 1528 1068 1584 dixit
1097 1531 1227 1585 mihi
1247 1528 1577 1605 Angeltts(lll
1601 1530 1729 1603 Reg.
1760 1544 1877 1597 xm,

268 1618 384 1687 18).
418 1618 533 1682 Sic,
568 1621 821 1691 inquam,
854 1623 1113 1677 mentitus
1146 1634 1236 1692 es,
1266 1624 1489 1694 quando
1517 1620 1734 1688 dixisti,
1767 1638 1879 1693 quo

265 1714 545 1783 potuisses
575 1713 689 1772 Deo
739 1716 991 1787 placere,
1042 1716 1145 1773 Itoc
1196 1726 1247 1773 te
1298 1728 1617 1790 aggressum
1662 1718 1875 1782 facere;

1982 681 2292 750 fuissemus,
2318 682 2505 753 credo,
2534 687 2810 758 dissipati,
2841 703 2939 744 cur
2973 686 3067 745 tibi
3100 686 3423 762 blaspliemo
3457 708 3591 748 nus-

1980 782 2091 832 met
2133 776 2537 848 junxisscmus.
2583 776 2869 848 Quomodo
2913 792 3269 853 potueramus
3302 800 3426 849 nos,
3466 788 3593 841 cum

1981 867 2152 925 simus
2208 871 2353 927 servi
2406 871 2533 941 Dei,
2564 884 2660 928 ves
2704 882 2838 930 Vero
2880 872 3025 932 servi
3070 872 3305 945 diaboli,
3341 876 3395 933 in
3429 894 3594 934 unum

1979 965 2311 1031 convenire,
2344 965 2563 1037 quando
2600 966 2678 1023 sic
2725 968 2868 1025 inter
2913 984 3011 1025 nos
3042 980 3096 1026 et
3142 987 3237 1026 vos
3277 981 3589 1044 separatum

1979 1072 2103 1112 esse
2135 1056 2367 1114 voluerit
2401 1058 2543 1116 Deus
2564 1104 2579 1128 ,
2610 1060 2884 1131 quomodo
2930 1061 3073 1120 inter
3104 1065 3287 1120 lumen
3338 1075 3390 1121 et
3440 1078 3595 1123 tene-

1982 1148 2129 1215 bras,
2163 1148 2305 1205 inter
2337 1150 2500 1206 vitam
2530 1162 2585 1207 et
2601 1161 2853 1221 mortem,
2879 1154 3021 1209 inter
3051 1154 3209 1210 dulce
3238 1165 3293 1212 et
3322 1168 3595 1227 amarunt,

1980 1244 2251 1313 quomodo
2279 1245 2425 1301 inter
2454 1254 2675 1303 sanctos
2706 1248 2929 1319 angelos
2952 1242 3046 1305 Dei
3086 1252 3176 1321 qui
3214 1263 3338 1306 sunt
3369 1268 3590 1324 Semper

1980 1335 2325 1392 clementiam
2357 1338 2475 1408 ejus
2526 1336 2941 1411 magniﬁcatttes
2967 1384 2981 1407 ,
3011 1353 3064 1398 et
3093 1343 3238 1403 inter
3287 1344 3411 1400 illos
3453 1363 3586 1415 apo-

1978 1435 2151 1484 statns
2182 1438 2321 1501 quas
2347 1429 2397 1485 iu
2428 1442 2691 1488 aeternum
2718 1442 2892 1491 tecum
2938 1436 3155 1492 visurus
3184 1438 3291 1493 eris
3325 1442 3588 1510 torqueri,

1982 1521 2087 1576 nisi
2116 1532 2281 1579 temet
2308 1524 2574 1596 eripueris
2601 1526 2669 1581 ab
2696 1526 2814 1583 eis?
2852 1526 3169 1596 Quomodo,
3202 1531 3453 1602 inquam,
3488 1548 3586 1587 nus

1983 1608 2261 1671 vobiscum
2291 1628 2414 1673 csse
2444 1626 2798 1689 potueramus
2825 1620 2921 1677 Dei
2951 1622 3096 1679 servi
3124 1636 3243 1677 cum
3275 1629 3448 1680 servis
3480 1626 3587 1679 λι.-

1984 1707 2266 1762 tichtisti?
2294 1708 2513 1779 quando
2540 1710 2777 1768 Amasiie
2810 1714 2921 1785 regi
2966 1713 3138 1769 fuerat
3170 1715 3373 1771 dictum
3413 1732 3439 1770 a
3475 1718 3585 1773 lico

262 1806 540 1877 siquidem
573 1816 628 1863 tu
659 1808 902 1881 singulos
942 1810 1253 1866 catholicos
1301 1811 1602 1882 Episcopus
1632 1822 1881 1865 commur

1990 1801 2039 1855 itt
2069 1800 2311 1857 secundo
2355 1803 2786 1861 Subrclictorutu
2826 1818 2852 1855 ε
2901 1806 3042 1863 libro
3077 1826 3089 1861 :
3128 1804 3249 1864 Non
3299 1808 3390 1865 ibit
3418 1821 3582 1865 tecum

263 1902 417 1957 nioni
444 1902 674 1974 jungere
704 1903 873 1962 fueris
914 1904 1166 1961 labat-aus
1189 1904 1216 1944 ι)
1260 1904 1611 1961 Arianorum.
1641 1904 1878 1972 Quomo—

263 1994 335 2051 do
387 2000 566 2052 tecum
613 1978 847 2054 ac'cum
897 1999 1005 2055 tuis
1054 1999 1328 2056 eoat-tants
1356 2000 1535 2072 potuit
1578 1999 1878 2056 convenire

261 2089 616 2158 Christianis,
651 2092 871 2163 quando
899 2090 966 2149 ad
1012 2092 1277 2164 Josapitat
1313 2106 1498 2164 regem
1526 2103 1548 2132 ο
1579 2091 1875 2148 Dominum

263 2181 385 2238 haec
410 2182 615 2240 dixisse
644 2198 869 2253 cernas,
903 2198 1004 2242 cur
1036 2187 1221 2243 Achab
1266 2185 1615 2243 idololatram
1650 2185 1704 2241 in
1737 2186 1877 2241 ami-

261 2278 425 2336 citias
451 2280 759 2351 acceperit,
789 2294 887 2338 cur
913 2280 981 2337 ad
1014 2280 1218 2338 bellum
1247 2297 1373 2337 cum
1405 2278 1620 2337 Domini
1656 2294 1877 2352 proces-

264 2372 402 2428 serit
431 2372 693 2429 inimico?
719 2383 1072 2447 posteaquam
1098 2374 1300 2431 etenim
1332 2374 1422 2430 ille
1446 2373 1656 2441 Achab,
1679 2386 1876 2429 consa-

264 2466 507 2538 crilcgus
534 2470 680 2535 tuus,
710 2471 1011 2526 secundum
1046 2470 1271 2525 verbum
1305 2470 1398 2526 liei
1428 2468 1621 2525 fuisset
1647 2468 1701 2525 in
1734 2468 1878 2526 bello

265 2559 417 2617 letali
472 2576 764 2632 percussus
812 2558 966 2635 plaga
995 2606 1009 2629 ,
1056 2572 1111 2620 et
1161 2562 1466 2634 Iosophat,
1494 2562 1622 2634 quia
1652 2576 1716 2618 ex
1762 2568 1877 2617 tcto

266 2652 439 2710 corde
475 2654 541 2710 ad
590 2655 755 2712 Deum
806 2657 1267 2727 proclamaverat,
1300 2656 1495 2713 inisset
1546 2654 1731 2713 domui
1762 2668 1877 2711 sua:

270 2754 721 2817 reprresentatus,
739 2749 980 2820 loquitur
1001 2749 1285 2820 Scriptura
1310 2758 1497 2805 sancta
1528 2748 1729 2804 cxiissc
1750 2756 1878 2803 ante

268 2840 462 2896 faciem
495 2840 615 2912 eius
665 2840 764 2898 Ieu
820 2841 987 2897 tilium
1026 2841 1235 2908 Anani,
1291 2842 1382 2912 qui
1432 2841 1595 2897 fuerit
1644 2836 1875 2907 videns,

268 2943 436 3005 atque
483 2934 686 2991 dixisse
731 2935 898 2991 talia:
949 2935 1012 2991 Si
1057 2945 1380 3009 peccatorem
1428 2935 1579 2990 illum
1625 2935 1877 3006 adjutus,

270 3037 561 3097 eteorum,
591 3031 679 3101 qui
721 3029 937 3085 oderunt
991 3028 1297 3095 Dominum,
1324 3030 1528 3084 anticus
1570 3029 1735 3096 es,in
1781 3028 1880 3081 hoc

269 3138 428 3195 super
459 3131 506 3179 te
530 3124 625 3179 ira:
652 3141 684 3179 a
715 3124 848 3197 facie
877 3123 1112 3189 Domini,
1141 3123 1233 3179 sed
1254 3134 1515 3179 sermones
1543 3121 1663 3177 boni
1687 3122 1882 3176 inventi

1980 1896 2236 1952 exercitus
2258 1895 2447 1965 Israel,
2472 1899 2593 1970 quia
2622 1917 2721 1955 non
2748 1894 2889 1957 Deus
2912 1914 3025 1957 cum
3059 1903 3253 1971 Israel,
3284 1919 3458 1959 omnes
3486 1906 3585 1975 ﬁlii

1981 1990 2234 2065 Ephrem,
2267 1994 2387 2065 quia
2418 1995 2461 2049 si
2492 2004 2539 2049 te
2570 1994 2943 2052 existimaveris
2974 2000 3255 2068 pru’vaiere
3280 2000 3335 2053 in
3363 1998 3497 2067 istis,
3530 2003 3582 2055 in

1980 2089 2161 2160 fugant
2202 2099 2459 2145 convertet
2497 2099 2546 2144 te
2592 2083 2846 2147 Dominus
2876 2102 2996 2148 ante
3038 2095 3312 2161 inimicos,
3365 2096 3485 2166 quia
3516 2105 3591 2150 est

1981 2182 2141 2236 virtus
2168 2198 2200 2235 a
2229 2180 2452 2238 Domino
2483 2182 2675 2256 (Ibid.,
2706 2196 2836 2253 xxv,
2863 2184 2939 2260 7).
2974 2186 3259 2256 Quomodo
3303 2189 3591 2245 resistere-

1982 2287 2102 2330 mus
2127 2284 2318 2331 contra
2346 2276 2650 2347 diabolum,
2684 2276 2729 2335 si
2756 2279 2808 2335 in
2841 2289 2990 2338 tanto
3019 2283 3228 2339 scelere
3257 2296 3435 2339 vestro
3464 2300 3587 2341 cur—

1980 2380 2229 2425 reretuus
2276 2372 2588 2441 vobiscum,
2619 2389 2741 2430 cum
2791 2375 3041 2431 hostibus
3075 2378 3205 2441 Dei,
3249 2394 3371 2433 cum
3407 2378 3584 2433 homi-

1981 2462 2141 2519 nibus
2173 2462 2409 2520 inventis
2442 2466 2560 2522 siue
2593 2468 2784 2523 notitia
2813 2466 2940 2536 Dei,
2974 2485 3097 2525 cum
3127 2466 3298 2525 Deum
3352 2488 3459 2527 non
3494 2471 3589 2527 lia-

1982 2556 2260 2625 bentlbus,
2294 2559 2346 2613 in
2374 2572 2512 2630 quos
2540 2568 2818 2617 catt-rvunt
2850 2564 3085 2618 sciamus
3102 2578 3220 2620 esse
3245 2562 3591 2620 daemonum?

1980 2646 2168 2719 Neque
2198 2651 2344 2707 enim
2394 2656 2623 2723 potestis
2672 2664 2769 2710 vos
2815 2666 2937 2711 esse
2982 2666 3272 2729 negatores
3323 2656 3466 2713 uniei
3498 2658 3590 2715 lilii

1982 2740 2078 2799 Dei
2120 2743 2240 2800 sine
2282 2744 2604 2813 daemoniis,
2637 2758 2759 2803 cum
2808 2746 3189 2820 blasphemare
3225 2767 3321 2808 vos
3348 2770 3456 2807 non
3512 2753 3590 2809 fa—

1981 2835 2149 2906 ciant,
2181 2834 2283 2894 nisi
2316 2834 2392 2895 illi
2421 2841 2512 2912 qui
2541 2852 2717 2898 vestra
2747 2840 3074 2899 caecaverint
3099 2845 3288 2911 corda,
3336 2864 3403 2902 ne
3436 2846 3586 2903 \'i(iC‘

1983 2928 2109 2989 licet
2141 2937 2313 3003 possit
2341 2948 2371 2992 a
2402 2936 2561 2992 nobis
2588 2934 2610 2973 ¹²
2641 2938 2837 2994 veritas
2868 2938 3282 3010 comprehendi.
3311 2937 3588 3012 Numquid

1984 3036 2107 3082 nam
2141 3036 2493 3098 potueramus
2519 3032 2570 3085 in
2603 3040 2782 3086 vestra
2810 3031 3084 3088 demorari
3117 3044 3306 3103 parte,
3354 3050 3587 3090 consen-

1983 3117 2089 3175 tire
2115 3120 2319 3177 vestris
2364 3120 2805 3195 ﬂagitiosissimis
2838 3126 3307 3195 meditationibus,
3339 3144 3459 3183 cum
3497 3147 3591 3199 per

270 3226 394 3272 sunt
417 3226 604 3287 tecum,
631 3220 874 3291 quoniam
904 3219 1162 3274 abstulisti
1190 3218 1335 3274 lucos
1363 3218 1429 3273 de
1455 3227 1615 3283 terra,
1645 3227 1694 3271 et
1727 3230 1879 3286 para-
1905 3208 1949 3273 C
1985 3208 2156 3268 David
2193 3214 2490 3286 gloriosum
2536 3213 2683 3272 dicat
2726 3216 2958 3290 Spiritus
3006 3226 3257 3287 sanctus,
3307 3238 3413 3275 non
3465 3238 3588 3276 esse

272 3313 340 3366 sti
390 3324 479 3368 cor
522 3322 665 3368 tuum
726 3314 794 3369 ad
856 3312 1227 3387 requirendum
1271 3308 1659 3384 Dominum(ll
1689 3307 1874 3364 Paral.

273 3416 383 3471 xtx,
417 3406 497 3481 2).
529 3408 585 3464 Si
616 3408 692 3463 illi
724 3408 839 3464 lucc
871 3409 1144 3475 dicuntur,
1175 3420 1298 3481 qum
1326 3406 1485 3463 nobis
1515 3407 1836 3463 dicerentur
1862 3446 1876 3472 ,

274 3500 323 3555 si
355 3512 535 3558 tecum
558 3498 586 3538 ιι
637 3496 895 3560 hmretico
925 3502 1022 3559 Dei
1055 3498 1371 3558 adversario
1399 3499 1555 3556 amici
1601 3512 1725 3556 esse
1765 3510 1879 3553 ma-

274 3593 605 3650 luissemus?
628 3604 724 3651 aut
773 3596 1031 3668 numquid
1081 3594 1267 3652 dicere
1312 3592 1577 3651 audebis:
1616 3591 1726 3667 Ego
1775 3608 1879 3647 non

273 3700 389 3743 sum
408 3686 501 3741 Dei
521 3688 783 3755 inimicus,
797 3689 872 3743 ita
895 3698 946 3741 ut
962 3687 1060 3760 fuit
1078 3684 1253 3742 Achab
1276 3685 1576 3761 rexLIsrael.’
1591 3683 1880 3751 Quomodo

274 3794 388 3835 non
419 3795 478 3836 es
522 3778 807 3849 inimicus,
837 3782 929 3853 qui
976 3780 1168 3837 eadem
1215 3795 1344 3851 agas
1370 3796 1494 3851 qua:
1524 3781 1634 3849 egit
1659 3776 1881 3833 Achab?

274 3888 401 3931 cum
450 3873 529 3931 sic
572 3876 649 3931 sis
692 3875 1014 3948 impugnans
1065 3872 1383 3946 religionem
1432 3872 1559 3938 Dei,
1602 3875 1747 3927 sicut
1790 3869 1883 3927 ille

278 3968 712 4041 impugnaverit;
760 3970 839 4025 sic
884 3968 1235 4041 persequaris
1282 3966 1505 4023 domum
1556 3964 1709 4035 eius,
1741 3967 1886 4021 sicut

275 4061 375 4119 ille
396 4074 716 4135 persecutus
742 4065 833 4120 sit.
867 4061 1154 4133 Quomodo
1195 4073 1371 4119 tecum
1404 4076 1468 4118 ac
1496 4075 1621 4117 cum
1652 4060 1759 4116 tuis
1788 4076 1886 4131 po-

279 4158 388 4211 tuit
414 4157 572 4213 nobis
604 4156 929 4223 convenire,
960 4171 1087 4212 cum
1118 4156 1207 4211 isti
1234 4152 1349 4211 Deo
1380 4150 1584 4210 devoto
1614 4152 1754 4225 regi,
1787 4167 1885 4208 cur

276 4247 535 4307 Ochozia:
563 4251 675 4323 regi
702 4249 869 4307 lsrael
902 4250 1123 4321 junctus
1152 4246 1344 4305 inisset
1377 4250 1429 4304 in
1457 4246 1738 4315 amicitiis,
1769 4244 1888 4303 hie-

280 4343 354 4399 rit
382 4356 480 4414 per
509 4342 836 4416 Prophetam
867 4348 1206 4415 inerepatum
1238 4354 1269 4399 s
1298 4338 1449 4400 Deo?
1480 4336 1550 4398 Et
1570 4343 1773 4418 juna‘it,
1802 4341 1886 4398 in-

278 4437 398 4507 quit
422 4480 435 4499 .
466 4438 744 4493 amicitiam
782 4434 1038 4508 Iosophat
1060 4452 1151 4494 rea:
1172 4432 1316 4492 Iuda
1352 4453 1469 4491 cum
1491 4430 1723 4491 Ochozia
1769 4450 1887 4508 rege

278 4529 471 4600 Israel,
501 4533 612 4604 ipse
639 4532 813 4603 inique
835 4531 986 4602 coepit
1008 4530 1197 4603 facere,
1222 4538 1270 4586 ct
1290 4526 1689 4585 communicavit
1712 4543 1886 4584 secum

1984 3304 2194 3375 beatos,
2228 3308 2330 3364 nisi
2362 3320 2490 3377 eos,
2524 3306 2614 3380 qtti
2654 3325 2713 3366 se
2752 3310 3118 3368 abstraxerint
3164 3330 3192 3368 a
3240 3312 3392 3369 vobis
3442 3313 3591 3370 unici

1984 3400 2078 3457 lilii
2110 3399 2204 3457 Del
2238 3403 2624 3473 negatoribus,
2658 3414 2775 3470 eos,
2807 3406 2895 3476 qui
2929 3406 3259 3478 scrpeutinis
3305 3408 3587 3480 Cogitatio-

1983 3496 2142 3552 nibus
2173 3499 2371 3553 vestris
2399 3512 2503 3553 non
2534 3512 2593 3554 se
2624 3496 2960 3567 miscuerint,
2980 3500 3170 3556 beatos
3198 3510 3405 3557 tantum
3437 3516 3587 3558 man-

1982 3586 2175 3643 suros?
2205 3582 2398 3645 Beatus
2436 3590 2526 3661 qui
2555 3608 2658 3646 non
2703 3588 2827 3645 abiit
2853 3593 2904 3646 in
2932 3593 3148 3648 consilio
3193 3594 3508 3666 impiorum,
3543 3608 3591 3651 et

1984 3682 2036 3737 in
2068 3682 2148 3738 ciu
2171 3692 2496 3754 peccatorum
2524 3702 2625 3740 non
2654 3684 2815 3754 stetit,
2848 3694 2891 3741 et
2925 3685 2977 3741 in
3006 3688 3254 3743 cathedra
3281 3690 3589 3761 pestilentia:

1984 3788 2086 3829 non
2110 3775 2243 3829 sedit
2275 3770 2446 3848 (Psal.
2480 3788 2520 3842 t,
2557 3775 2629 3847 i).
2661 3774 2945 3845 Quomodo
2972 3787 3121 3834 esset
3146 3778 3299 3835 vobis
3332 3791 3387 3836 et
3426 3781 3585 3837 nobis

1985 3868 2146 3923 unius
2188 3865 2295 3924 loci
2341 3866 2825 3925 conventiculum?
2854 3886 2977 3926 cum
3033 3872 3223 3927 audias
3258 3873 3384 3928 item
3416 3869 3587 3929 David

1985 3958 2172 4018 dicere
2199 3961 2252 4017 in
2287 3959 2503 4018 Psalmo
2526 3972 2682 4019 sexto
2712 3978 2725 4018 :
2767 3960 3027 4019 Discedite
3061 3978 3091 4018 tt
3124 3976 3202 4019 itte
3226 4009 3240 4033 ,
3271 3966 3362 4037 qui
3405 3984 3594 4037 opera-

1987 4052 2115 4107 mini
2155 4053 2475 4125 iniquitatent
2533 4052 2724 4127 (Psal.
2775 4068 2866 4122 vt,
2901 4053 2980 4126 9).
3029 4056 3084 4111 Si
3131 4070 3238 4112 non
3290 4059 3590 4129 operamini

1988 4143 2172 4200 Ariani
2204 4144 2566 4216 iniquitatem,
2592 4142 2775 4216 jutlica
2806 4156 2862 4201 tu
2898 4146 3151 4219 princeps
3200 4149 3250 4203 iu
3303 4150 3591 4222 sacrilegio

1989 4238 2335 4304 Arianorum,
2370 4240 2483 4307 qui,
2515 4253 2638 4295 cum
2666 4238 2907 4295 dicamus
2936 4250 3033 4295 nos
3070 4240 3435 4311 Christianos,
3467 4242 3589 4298 lior-

1988 4332 2133 4387 ribili
2165 4332 2509 4389 animositate
2542 4332 2904 4404 persequeris.
2942 4334 3109 4391 Recte
3138 4335 3301 4407 igitur
3323 4335 3467 4393 scias
3493 4354 3593 4395 nos

1988 4425 2211 4489 fecisse,
2246 4424 2553 4482 recedendo
2592 4442 2621 4480 a
2648 4426 2802 4483 vobis
2825 4425 2937 4483 Deo
2962 4427 3273 4485 odibilibus.
3304 4429 3592 4500 Quomodo

1989 4522 2189 4577 etenim
2221 4533 2317 4574 nos
2345 4521 2581 4576 iu'cmtu
2626 4529 2806 4575 vestro
2854 4520 3104 4578 omnibus
3134 4521 3466 4583 facinoribus
3511 4527 3596 4582 in-
3692 4558 3703 4573 ι

278 4632 341 4679 ut
368 4625 556 4695 faceret
588 4638 759 4693 naves,
788 4626 971 4698 quibus
1000 4626 1095 4681 iret
1120 4626 1175 4680 in
1202 4618 1441 4690 Tharsis,
1473 4633 1524 4679 et
1555 4626 1678 4696 fecit
1707 4638 1880 4691 naves,
1909 4612 1963 4674 D
1990 4616 2130 4672 tecto
2145 4621 2452 4681 ntanere,ct
2470 4628 2575 4670 nou
2596 4628 2690 4669 vos
2705 4623 2885 4686 pestes
2906 4614 3096 4675 aclues
3113 4616 3296 4689 iugere
3312 4620 3595 4678 decuerat?

278 4720 336 4773 in
364 4716 521 4774 Asion
549 4716 724 4775 Gabar
747 4729 794 4789 θ,
826 4731 875 4776 et
899 4720 1220 4792 prophetarit
1251 4714 1455 4775 Eliezer
1483 4718 1625 4788 ﬁlius
1655 4714 1797 4773 Ozite
1824 4733 1886 4773 ea:

250 4870 253 4873 .
283 4812 471 4869 Marsa
500 4829 657 4885 super
683 4812 942 4885 Iosophat
972 4814 1146 4869 dicens
1171 4829 1189 4867 :
1216 4812 1361 4869 lneo
1407 4811 1547 4882 quod
1589 4812 1883 4867 communi-

281 4909 414 4964 ωοιὶ
460 4907 736 4975 Ochosiss,
768 4909 1025 4980 confregit
1073 4906 1329 4962 Dominus
1372 4920 1587 4976 cperant
1635 4908 1808 4970 tuam,
1836 4913 1885 4958 et

279 5002 519 5063 contriti!
567 5010 685 5056 sunt
712 5017 863 5057 naves
892 5011 1012 5069 tute,
1041 5011 1085 5056 et
1118 5014 1219 5055 non
1250 5006 1488 5069 poterunt
1516 4998 1535 5036 ί
1566 4996 1643 5052 ire
1673 4995 1889 5051 Tltarsis

282 5097 453 5173 (Ibid.
483 5114 575 5163 xx,
602 5096 718 5170 ὃὸ).
752 5099 806 5156 Si
838 5096 1026 5155 illiilla
1050 5094 1307 5153 dicuntur
1331 5110 1360 5150 a
1389 5088 1619 5150 Domino
1649 5090 1791 5165 quod
1821 5088 1889 5147 ad

282 5195 549 5251 fabricam
602 5194 818 5249 navium
867 5193 1077 5250 socium
1126 5190 1406 5246 habuisset
1444 5189 1544 5244 vite
1575 5184 1894 5258 perditionis

282 5287 627 5362 regem,quid
650 5288 807 5344 nobis
826 5286 931 5344 dici
947 5294 1147 5358 posset,
1164 5285 1208 5341 si
1228 5283 1686 5341 todcstructoreni
1701 5280 1895 5336 donius

366 5438 389 5466 ⁸
428 5429 560 5515 Vide
576 5440 702 5515 qua:
731 5426 1038 5515 notavimus
1066 5427 1121 5515 in
1150 5425 1247 5481 lib.
1278 5440 1293 5479 t
1336 5436 1434 5494 pro
1463 5422 1522 5480 S.
1552 5416 1886 5485 Athanasio,

284 5512 344 5561 et
364 5518 489 5576 qum
514 5500 741 5558 inferius
763 5502 816 5557 in
845 5501 948 5556 hoc
974 5500 1137 5583 libro:
1545 5565 1556 5577 .

361 5576 390 5615 ι)
418 5574 478 5631 in
510 5574 895 5632 Mediolauensi
927 5571 1197 5637 Concilio,
1222 5578 1326 5641 qua
1356 5566 1423 5622 de
1454 5579 1513 5621 re
1545 5564 1683 5619 mira
1710 5563 1893 5636 paullo

285 5648 634 5791 "bfriilesqem,
664 5718 830 5774 Deum
862 5720 988 5784 haec,
1020 5720 1125 5791 etc_.
1146 5711 1333 5768 CMB!
1354 5709 1531 5767 vane-

365 5790 390 5828 ἀ
425 5785 753 5846 Τρὲωηέιιηι
776 5791 1033 5846 IucreticO.
1065 5785 1144 5842 Id.

370 5873 393 5901 ε’
427 5862 613 5919 Gaber.
642 5861 824 5920 Codex
857 5861 974 5918 Vat.
1004 5872 1129 5915 cum
1153 5854 1347 5915 Grmco
1377 5853 1430 5910 in
1460 5850 1781 5926 quibusdam
1804 5864 1894 5907 co-

1993 4722 2115 4765 coni
2143 4708 2289 4764 dicat
2309 4722 2375 4765 ex
2399 4722 2627 4780 persona
2650 4708 2833 4781 populi
2862 4711 3033 4766 nostri
3060 4706 3116 4767 in
3146 4713 3408 4770 vicesimo
3437 4717 3595 4787 quin-

1997 4813 2049 4860 to
2098 4804 2314 4859 Psalmo
2349 4820 2363 4856 :
2400 4802 2659 4869 Quoniam
2705 4802 3060 4861 misericordia
3108 4815 3196 4861 tua
3251 4817 3371 4863 ante
3420 4810 3597 4866 oculos

1996 4914 2133 4953 meos
2162 4907 2267 4964 est,
2318 4907 2364 4951 et
2407 4896 2694 4969 conspicui
2721 4897 2774 4950 in
2802 4898 3017 4952 veritate
3062 4909 3173 4953 tua.
3216 4900 3337 4954 Non
3377 4902 3491 4957 sedi
3541 4905 3596 4957 iu

1994 4991 2216 5047 concilio
2241 4991 2505 5057 vanitatis,
2534 4999 2583 5044 et
2611 5002 2725 5043 cum
2752 4988 2930 5062 iniqua
2958 4992 3248 5063 gerentibus
3289 5008 3389 5048 non
3418 4994 3603 5052 introi-

1996 5082 2081 5152 bo,
2118 5079 2257 5139 odivi
2285 5080 2553 5157 ecclesiam
2599 5080 2993 5155 malignantium
3017 5094 3069 5143 et
3095 5100 3213 5139 cum
3266 5086 3440 5159 impiis
3493 5106 3598 5146 non

1997 5179 2184 5237 sedebo
2225 5176 2399 5251 (Post.
2431 5192 2557 5241 xxv,
2590 5177 2669 5250 3).
2717 5177 2776 5234 Si
2823 5192 2932 5234 non
2983 5187 3068 5234 est
3096 5177 3112 5217 ί
3142 5181 3433 5237 consilium
3479 5194 3603 5241 Ves-

1999 5284 2146 5333 trum
2174 5272 2459 5336 vanitatis,
2505 5271 2766 5329 convinco
2796 5284 2903 5329 me.
2932 5268 3052 5329 Non
3084 5283 3169 5330 est
3195 5288 3392 5332 vanum
3419 5279 3605 5336 conci-

1998 5415 2210 5485 dicibus
2238 5412 2379 5485 apud
2407 5412 2629 5471 Sabbat.

2076 5480 2553 5561 ripoménint.4ld._
2582 5485 2736 5561 ut_in
2783 5483 2976 5561 Graeco
3022 5480 3232 5561 Campi.
3264 5487 3598 5553 ἐδυνήθησαν.

2000 5560 2224 5618 Sabbat.
2259 5560 2410 5630 legit,
2438 5559 2514 5612 ire
2536 5558 2591 5611 in
2621 5555 2853 5611 Titanis.

2076 5643 2099 5681 ες
2127 5633 2183 5687 ld
2214 5640 2297 5715 est
2323 5629 2813 5701 Paralipomenon;
2843 5644 2963 5701 qua:
3017 5629 3177 5701 hujus
3210 5633 3357 5689 vocis
3403 5646 3483 5694 est
3518 5636 3602 5694 ine

2002 5710 2342 5774 terpretntio.
3516 5766 3521 5769 _

2076 5773 2180 5858 ιξέ
2209 5775 2370 5858 vobis
2398 5769 2907 5858 “testaceis
2951 5845 2982 5858 ..
3025 5847 3037 5858 .
3429 5848 3443 5858 .
3489 5854 3498 5858 _
3662 5826 3675 5835 ι

2088 5847 2098 5884 ί
2136 5848 2262 5903 Haec
2293 5840 2455 5903 etiam
2495 5843 2796 5901 Concilium
2847 5840 3250 5907 Mediolanense
3302 5848 3604 5925 respiciunt
