3972 6352
486 245 594 304 775

1550 240 1877 306 LUCIFERI
1919 240 2236 304 EPISCOPI
2275 237 2696 314 CALARITAN‘I

3653 241 3738 303 776

485 357 620 415 lium
651 358 701 413 in
729 370 838 430 quo
863 370 1027 416 omne
1053 357 1340 418 consilium
1368 372 1479 416 non
1503 369 1609 428 est,
1641 362 1745 419 nisi
1775 372 1835 419 ut
1865 362 1960 419 Dei
1985 377 2084 418 ne-
2115 367 2163 428 Α
2191 357 2500 424 destructa,
2551 355 2814 414 aediﬁcata
2851 355 2999 413 'vero
3057 355 3250 414 fuisset
3307 357 3508 414 Ariana
3551 356 3742 414 bzeresis

486 460 646 522 getur
675 452 866 518 Filius,
910 463 971 508 ut
1015 451 1158 508 Deus
1196 461 1354 524 pater
1398 468 1506 509 non
1555 468 1679 511 esse
1722 470 1884 510 verus
1936 464 2087 525 pater
2190 460 2410 519 vestra,
2441 449 2548 506 nisi
2577 459 2636 505 ut
2664 464 2858 506 omnes
2909 449 3004 506 tibi
3035 466 3144 507 non
3196 452 3600 522 acquiescentes
3635 450 3743 506 fuis-

486 547 831 614 defendatur,
863 555 922 602 ut
951 546 1190 616 Spiritus
1213 555 1435 604 sanctus
1468 549 1777 618 paracletus
1821 563 1926 603 non
1967 561 2090 602 esse

2189 555 2314 600 sent
2358 545 2663 615 deportati,
2703 545 3026 616 proscripti,
3074 544 3223 602 varie
3269 546 3745 614 excarniﬁcati,ad

487 652 650 694 verus
681 636 775 693 Dei
799 638 1024 710 spiritus
1049 648 1415 707 assereretur,
1443 649 1501 694 ut
1522 639 1819 710 apostolica
1842 648 1898 695 et
1923 655 2092 695 cvan-
2192 638 2441 695 ultimum
2473 639 2788 696 interfecti?
2813 650 2870 696 et
2899 639 3108 697 idcirco
3135 640 3375 712 Spiritus
3402 651 3610 697 sanctus
3629 651 3674 696 te
3697 656 3748 699 ac

489 733 664 804 gelica
693 731 915 788 traditio
957 732 1290 800 destruatur,
1323 743 1383 789 ut
1413 732 1636 789 traditio
1664 733 1780 791 Arii
1805 732 2090 790 ﬁrmetur?
2192 744 2315 790 tuos
2344 734 2634 806 designans
2662 735 2865 807 pariter
2888 749 2954 790 ac
2983 735 3302 806 percutiens
3321 733 3453 790 dicit
3472 750 3534 790 es
3556 748 3748 805 persona

488 825 544 882 in
573 841 683 898 quo
711 825 946 882 concilio
975 825 1108 882 nihil
1148 826 1296 882 aliud
1345 823 1592 882 ﬁrmatur
1611 867 1627 894 ,
1657 825 1764 882 nisi
1791 825 1936 896 quod
1975 841 2091 882 om-

487 919 650 976 nibus
682 918 960 975 haereticis
1001 927 1058 975 et
1087 918 1323 976 ethnicis
1351 928 1518 992 atque
1561 917 1766 975 Judaeis
1797 919 1970 989 possit
2001 918 2095 974 la:-

490 1014 664 1071 titiam
714 1016 1041 1085 conquirere
1109 1018 1400 1089 magnam?
1450 1016 1706 1074 Gaudent
1768 1017 1948 1074 cuncti
1998 1017 2094 1074 Dei

487 1109 774 1182 religionis
799 1103 1202 1179 exsecratores,
1235 1111 1380 1184 quod
1409 1113 1558 1168 enim
1588 1119 1642 1169 te
1671 1109 1901 1168 videaat‘
1916 1114 2094 1184 impe-

490 1213 732 1262 ratorem
778 1204 892 1261 voti
942 1203 1030 1260 sui
1078 1221 1194 1262 rem
1243 1215 1665 1278 exsequentem,
1693 1208 1837 1279 quod
1865 1207 2010 1264 enim
2046 1216 2098 1262 te

493 1296 774 1353 exstitisse
825 1296 970 1352 unici
1002 1295 1129 1352 Filii
1156 1296 1252 1353 Dei
1285 1307 1631 1368 negatorem,
1664 1308 1736 1374 et.
1764 1299 1883 1370 ejus
1911 1313 2098 1355 servo-
2137 1311 2139 1314 ‘

491 1405 614 1447 rum
646 1390 938 1448 advertant
965 1401 1372 1462 persecutorem
1408 1407 1423 1458 ;
1461 1390 1562 1447 hoc
1609 1401 1694 1448 est
1717 1400 1744 1429 ι
1771 1391 2096 1459 concilium,

490 1485 637 1558 quod
671 1501 1002 1558 magnopere
1030 1487 1286 1542 omnibus
1316 1484 1523 1542 viribus
1553 1473 1769 1556 imperii
1803 1485 1878 1540 tui
1908 1485 2103 1542 solitus

491 1592 553 1635 es
583 1578 848 1647 adunare,
877 1580 944 1635 ad
977 1579 1080 1636 hoc
1107 1577 1294 1649 utique
1321 1588 1382 1634 ut
1407 1578 1589 1636 omnis
1615 1579 1922 1635 auctoritas
1951 1577 2105 1634 Scri-

495 1680 780 1744 pturarum
811 1687 1092 1729 sacrarum
1121 1672 1198 1728 tui
1227 1671 1441 1743 imperii
1472 1673 1796 1728 auctoritate
1822 1672 2066 1728 solvatur
2085 1711 2102 1738 ,

2195 828 2379 899 populi
2410 827 2583 884 nostri
2614 848 2628 885 :
2659 829 2788 884 Cum
2817 828 3147 898 aperantibus
3172 829 3496 899 iniquitatem
3515 845 3574 884 ne
3598 829 3752 897 perdas

2197 936 2296 986 me,
2313 915 2428 980 cum
2446 920 2524 974 Itis
2549 921 2637 989 qui
2651 920 2931 988 loquuntur
2949 936 3129 990 pacem
3144 937 3258 975 cum
3279 920 3628 991 proximoqsuo,
3641 923 3752 975 male

2196 1025 2364 1070 autem
2389 1023 2506 1069 sunt
2536 1015 2590 1069 in
2614 1015 2770 1071 corde
2799 1031 2976 1071 eorum
3019 1013 3188 1088 (Ibid.
3221 1014 3300 1087 5).
3335 1012 3506 1070 Nobis
3539 1013 3751 1070 dicebas:

2199 1106 2395 1164 Pacem
2415 1109 2530 1163 volo
2555 1109 2671 1179 ﬁeri
2689 1125 2711 1175 ;
2738 1119 2794 1165 et
2840 1110 2893 1164 in
2940 1109 3106 1164 corde
3150 1117 3245 1163 tuo
3277 1121 3508 1164 manens
3541 1106 3756 1163 adversa-

2198 1202 2315 1258 rius
2341 1201 2625 1274 religionis
2670 1210 2872 1258 nostra:
2914 1201 3190 1274 cogitabat
3236 1216 3338 1274 per
3386 1209 3441 1256 te
3473 1201 3639 1256 facere
3679 1213 3757 1254 nos

2200 1294 2524 1350 idololatras
2553 1311 2568 1349 :
2599 1293 2744 1352 unde
2770 1303 2825 1351 et
2851 1309 2982 1350 vere
3007 1303 3328 1364 recepturus
3358 1294 3467 1350 eris
3503 1291 3756 1348 secundum

2201 1403 2425 1460 operam
2460 1399 2628 1458 tuam,
2655 1389 2952 1445 secundum
3003 1388 3304 1461 nequitiam
3337 1387 3628 1444 studiorum
3662 1401 3759 1442 ves-

2207 1496 2438 1550 trorum,
2467 1484 2569 1540 nisi
2604 1483 2700 1541 tibi
2730 1484 2923 1540 feceris
2948 1498 3068 1539 esse
3095 1491 3466 1555 prospectum.
3503 1481 3758 1537 Vitavimus

2205 1594 2270 1634 ac
2296 1593 2485 1635 sumus
2515 1579 2748 1634 vitantes
2775 1577 3065 1634 consilium
3114 1585 3391 1646 vestrum,
3435 1575 3570 1648 quod
3609 1584 3759 1631 contra

2210 1674 2380 1730 Deum
2407 1672 2626 1744 factum
2679 1681 2764 1729 est
2806 1687 2872 1728 ac
2923 1671 3013 1737 ﬁt;
3043 1686 3274 1742 quorum
3307 1681 3438 1726 tunc
3464 1669 3567 1741 jam
3608 1667 3760 1724 videns

492 1775 554 1822 ut
579 1767 762 1823 omnis
807 1767 1028 1838 sepeliri
1087 1767 1261 1838 possit
1286 1765 1513 1833 veritas,
1547 1777 1606 1823 ut
1633 1765 1914 1823 mendacia
1946 1765 2096 1822 dete-
2128 1778 2174 1840 Β
2205 1767 2587 1828 meditationes
2633 1765 2866 1838 Spiritus
2917 1773 3139 1821 sanctus
3167 1763 3375 1820 dixerit
3423 1778 3516 1819 ore
3555 1761 3699 1817 David
3720 1761 3760 1816 in

498 1860 708 1917 standte
729 1859 1214 1917 commentationis
1257 1868 1457 1918 vestra:
1508 1864 1682 1931 possit
1731 1859 1903 1916 videri
1949 1874 2098 1915 vera.

499 1953 630 2012 [ltro
657 1964 781 2011 sunt
829 1954 1200 2011 meditationis
1246 1963 1446 2010 vestrze
1495 1955 1547 2008 in
1581 1955 1674 2011 illo
1699 1952 1920 2025 egregio
1967 1967 2101 2008 con-

501 2049 630 2106 cilio
661 2065 759 2120 per
809 2057 958 2104 tuam
1005 2047 1245 2104 adunato
1295 2047 1616 2120 potentiam.
1647 2048 1945 2117 Pmpterea
1983 2045 2104 2102 odis

499 2157 638 2207 nos.
670 2144 796 2212 quia
845 2142 1138 2199 concilium
1190 2152 1436 2200 vestrum
1484 2141 1895 2212 malignanlium
1941 2155 2102 2196 exse-

501 2249 742 2302 cremur,
770 2243 1062 2306 pr0pterea
1092 2231 1120 2272 ι’
1154 2233 1209 2289 in
1241 2233 1439 2289 exsilio
1485 2226 1696 2300 sumus,
1727 2243 2018 2303 pr0pterea
2050 2231 2102 2286 in

497 2342 721 2385 carcere
749 2343 1039 2394 necamur,
1071 2336 1360 2400 propterea
1406 2327 1562 2384 nobis
1601 2327 1734 2383 solis
1783 2325 2108 2398 prohibetur

492 2431 852 2492 conspectus;
886 2420 1094 2478 idcirco
1145 2420 1348 2477 reclusi
1380 2420 1433 2476 in
1480 2420 1739 2476 tenebras
1766 2419 2107 2475 custodimur

497 2516 706 2589 ingenti
736 2515 1009 2574 custodia.
1047 2515 1220 2588 Hujus
1252 2515 1332 2570 rei
1386 2529 1551 2571 causa
1587 2514 1769 2569 nullus
1799 2512 1868 2568 ad
1897 2528 1998 2568 nos
2027 2513 2109 2568 vi-

497 2609 702 2667 sendos
717 2608 1025 2665 admittitur
1038 2608 1344 2676 hominum,
1363 2609 1486 2680 quia
1505 2606 1760 2663 videlicet
1774 2607 2108 2662 uoluerimus

497 2701 780 2759 vobiscum
803 2701 985 2772 impiis
1011 2700 1291 2771 sacrilegis
1315 2700 1476 2755 ullam
1492 2699 1760 2755 scelerum
1799 2707 2106 2755 vestrorum

500 2792 705 2852 habere
721 2793 1136 2864 societatem,de
1149 2794 1342 2866 quibus
1364 2793 1625 2851 ex'nostra
1643 2808 1878 2866 persona
1899 2793 2108 2850 directa

498 2899 582 2946 est
601 2889 914 2946 obsecratio
927 2889 994 2944 ad
1017 2889 1209 2956 Deum,
1229 2904 1298 2944 ne
1319 2887 1533 2944 scilicet
1553 2887 1830 2944 vobiscum
1849 2887 2108 2958 degentes

497 2980 664 3036 simul
714 2981 1040 3050 periremus,
1074 2980 1170 3037 sed
1222 2979 1515 3036 fuissemus
1536 2979 1806 3052 segregati
1830 2979 1898 3036 de
1924 2989 2110 3036 vestro

499 3073 710 3130 nefario
730 3073 985 3140 concilio,
1015 3073 1083 3130 de
1109 3081 1286 3130 vestra
1329 3073 1512 3144 iniqua
1557 3073 1982 3144 conSpiratione.
2017 3073 2112 3130 Ait

2209 1862 2486 1934 trigesimo
2516 1861 2756 1918 secundo
2787 1860 3001 1916 Psalmo
3037 1879 3049 1915 :
3078 1859 3336 1915 Dominus
3371 1859 3627 1930 dissipavit
3661 1873 3761 1911 cou-

2206 1957 2328 2013 silia
2359 1957 2611 2030 gentium,
2638 1953 2881 2026 reprobat
2909 1963 3082 2010 autem
3113 1953 3450 2022 cogitationes
3479 1949 3760 2024 populorum,

2208 2062 2254 2106 et
2282 2050 2525 2120 reprobat
2557 2049 2774 2104 consilia
2804 2049 3098 2119 principum
3121 2045 3300 2117 (Psal.
3327 2061 3495 2111 xxxn,
3529 2043 3630 2114 l0).
3652 2041 3763 2097 Con-

2209 2144 2329 2200 silia
2363 2158 2498 2199 vero
2524 2153 2708 2200 vestra
2757 2151 2944 2198 contra
2973 2155 3126 2196 suam
3156 2140 3372 2212 prolata
3412 2136 3673 2194 ecclesiam
3696 2150 3762 2190 re—

2211 2239 2404 2310 probat
2435 2238 2581 2294 Deus
2615 2254 2627 2291 :
2659 2252 2759 2292 nec
2785 2236 2930 2292 enim
2958 2243 3138 2308 potest
3165 2234 3326 2290 odire
3353 2233 3598 2305 populum
3618 2245 3760 2294 suum,

2214 2332 2589 2389 hazreditatem
2619 2346 2796 2398 suam,
2829 2339 2886 2387 et
2928 2344 3112 2385 amare
3139 2344 3238 2384 vos
3284 2327 3428 2383 ﬁlios
3458 2312 3760 2398 pestilentia.

2210 2441 2307 2481 vos
2335 2432 2716 2496 persecutores
2765 2438 3049 2480 servorum
3074 2436 3328 2478 suorum.
3358 2418 3548 2476 Dixisti
3579 2434 3591 2473 :
3620 2416 3761 2472 Facite

2209 2535 2388 2592 pacem
2417 2535 2536 2574 cum
2562 2516 2841 2591 Episcopis
2868 2528 3018 2574 sectae
3045 2533 3170 2572 meae
3198 2515 3414 2570 Arianis
3436 2556 3450 2581 ,
3474 2523 3519 2569 et
3548 2523 3685 2568 estote
3720 2511 3760 2562 in

2212 2629 2413 2680 unum;
2463 2622 2518 2668 ct
2557 2612 2692 2670 dicit
2717 2613 2814 2670 Dei
2844 2611 3072 2684 spiritus
3099 2627 3194 2682 per
3223 2610 3567 2667 Salomonem
3595 2609 3642 2662 in
3661 2606 3760 2661 Pro-

2211 2708 2454 2764 verbiis:
2498 2706 2621 2763 Vias
2651 2709 2927 2778 impiorum
2973 2707 3118 2771 noli,
3175 2707 3290 2761 noli
3338 2704 3598 2776 exsequis,
3641 2715 3761 2770 neque

2211 2801 2472 2856 emulsa-is
2489 2801 2625 2856 viam
2646 2801 2966 2872 iniquorum,
2988 2801 3045 2854 in
3073 2815 3397 2870 quocumque
3412 2798 3520 2852 loco
3537 2794 3760 2851 exercitum

2212 2894 2602 2961 constituerint,
2630 2911 2693 2948 ne
2717 2894 3046 2964 supervenias
3082 2894 3212 2948 illuc
3240 2907 3262 2948 :
3297 2893 3501 2949 declina
3535 2898 3683 2944 autem
3712 2886 3760 2940 ab

2211 3005 2296 3055 ea,
2328 2999 2375 3044 et
2421 2988 2622 3055 devita;
2649 3005 2752 3044 non
2777 2989 2915 3043 enim
2943 2988 3216 3053 dormient,
3247 2986 3521 3044 nisi'male
3551 2985 3759 3057 fecerint:

2213 3081 2413 3136 ablatus
2425 3091 2498 3137 est
2515 3081 2648 3136 enim
2669 3097 2878 3136 somnus
2889 3082 2952 3136 ab
2972 3082 3062 3147 eis,
3080 3092 3245 3137 etnon
3268 3081 3546 3136 dormiunt.
3571 3077 3636 3134 Hi
3654 3076 3758 3132 enim

496 3167 644 3224 enim
679 3167 731 3223 in
763 3166 1024 3224 vicesimo
1052 3167 1287 3239 septimo
1316 3166 1536 3223 Psalmo
1566 3183 1580 3220 :
1613 3165 1843 3234 Exaudi,
1869 3165 2108 3234 Domine,
2139 3181 2182 3243 (ς
2217 3177 2458 3230 cibantur
2474 3175 2600 3230 cibi;
2621 3176 2926 3245 impietatis:
2945 3175 3062 3230 vino
3089 3183 3263 3229 autem
3283 3175 3459 3243 iniquo
3475 3171 3754 3227 inebriantur.

495 3277 672 3319 vocem
699 3263 1078 3333 deprecationis
1105 3278 1231 3318 mete
1259 3278 1375 3317 cum
1398 3278 1493 3318 oro
1538 3261 1607 3316 ad
1639 3272 1687 3317 te
1708 3303 1722 3329 ,
1752 3279 1870 3317 cum
1913 3262 2107 3316 extollo

495 3371 683 3412 manus
702 3372 841 3411 meas
853 3356 922 3410 ad
947 3355 1196 3425 templum
1218 3364 1456 3411 sanctum
1482 3364 1649 3424 tuum,
1669 3371 1734 3410 ne
1753 3355 1911 3411 simul
1932 3355 2109 3410 trahas

493 3465 616 3505 cum
644 3450 996 3520 peccatoribus
1020 3450 1253 3505 animam
1280 3461 1303 3490 ο
1334 3467 1522 3518 meam,
1551 3460 1598 3506 et
1627 3467 1746 3507 cum
1777 3449 2111 3524 aperantibus

493 3543 818 3616 iniquitatem
839 3561 902 3600 ne
917 3546 1106 3612 perdas
1135 3561 1235 3600 me.
1249 3543 1382 3600 Cum
1408 3545 1612 3615 his,qui
1642 3546 2108 3618 loquunturpacem

497 3653 617 3693 cum
643 3639 882 3709 proximo
907 3655 1022 3704 suo,
1045 3638 1184 3693 mala
1203 3646 1380 3692 autem
1407 3647 1527 3692 sunt
1551 3637 1607 3692 in
1635 3637 1878 3692 cordibus
1904 3653 2106 3693 eorum.

500 3729 588 3786 Da
611 3729 720 3787 illis
747 3733 1026 3788 secundum
1056 3749 1216 3802 Opera
1258 3733 1495 3800 illorum,
1525 3741 1572 3788 et
1597 3733 1880 3787 secundum
1929 3733 2109 3805 nequi-

503 3824 632 3880 tiam
655 3825 949 3881 studiorum
972 3827 1205 3899 ipsorum
1229 3867 1244 3892 ,
1273 3826 1554 3881 secundum
1583 3826 1935 3896 operationem
1970 3827 2111 3898 ipso-

498 3935 617 3974 rum
647 3935 896 3974 manuum
939 3920 1106 3975 tribue
1131 3919 1262 3986 illis,
1293 3920 1454 3975 redde
1498 3918 1887 3976 retributionem
1930 3935 2110 3974 eorum

501 4013 633 4086 ipsis
683 4011 858 4085 (Psal.
889 4028 1061 4080 xxvtt,
1085 4013 1170 4086 2).
1201 4013 1496 4084 Propterea
1529 4013 1746 4068 odimur
1785 4027 1814 4068 a
1848 4021 1930 4080 te,
1959 4013 2103 4070 Con-

502 4108 690 4174 stanti,
721 4105 982 4179 quoniam
1011 4107 1348 4164 noluerimus
1376 4106 1496 4162 haec
1523 4105 1631 4164 dici
1656 4105 1726 4163 de
1757 4106 1914 4163 nobis
1939 4149 1954 4175 ,
1985 4122 2108 4179 qu:e

501 4197 754 4256 dicantur
782 4215 882 4256 ore
909 4197 1201 4271 Prophetas
1230 4198 1298 4256 de
1321 4206 1377 4255 te
1403 4213 1468 4256 ac
1493 4199 1599 4255 tuis
1621 4208 1843 4270 propter
1870 4213 2106 4272 nequam

505 4304 743 4352 vestram
776 4308 1002 4364 operam
1023 4335 1038 4361 ,
1072 4308 1194 4366 quae
1242 4291 1496 4349 dicantur
1522 4292 1590 4349 de
1617 4291 1846 4361 Judaeis,
1875 4308 2108 4365 quorum

503 4385 746 4444 imitator
771 4387 1074 4446 exstiteris.
1101 4387 1159 4445 Si
1192 4403 1299 4444 non
1331 4402 1392 4444 es
1425 4397 1478 4444 tu
1531 4386 1886 4445 Constantius
1931 4387 2108 4460 Impe-

503 4489 690 4546 rator,
721 4479 1123 4552 quidﬁnxeris
1174 4497 1363 4551 pacem
1416 4489 1471 4540 t'e
1512 4481 1723 4550 facere,
1775 4491 1833 4538 ut
1885 4481 2108 4539 fuerunt

503 4574 650 4632 mala
677 4575 1072 4646 cogitamenta,
1103 4574 1208 4631 nisi
1241 4585 1299 4632 ut
1321 4576 1418 4632 Dei
1471 4586 1699 4648 negatus
1725 4573 1918 4632 fuisset
1939 4575 2102 4646 ﬁlius,

2219 3265 2357 3322 Nam
2368 3268 2463 3322 uite
2479 3270 2743 3340 justorum
2754 3267 2987 3322 similiter
3001 3275 3054 3321 ut
3071 3267 3162 3322 luat
3171 3265 3456 3339 fulgebunt,
3473 3263 3758 3337 proceduntrt

2215 3360 2534 3430 illuminant,
2561 3361 2722 3416 donec
2745 3361 2969 3435 corrigat
3006 3361 3136 3415 dies.
3174 3360 3293 3417 Viae
3321 3371 3487 3416 autem
3530 3359 3752 3429 impiorum

2213 3455 2514 3522 tenebrosa,
2539 3454 2771 3510 nesciunt
2797 3453 3058 3523 quomodo
3083 3450 3354 3521 oﬂ'endunt
3389 3451 3564 3526 (Prov.
3585 3465 3652 3516 tr,
3668 3445 3752 3514 ll).

2213 3547 2498 3615 Quomodo
2543 3548 2828 3604 vobiscum
2878 3547 3095 3604 Arianis
3141 3549 3460 3606 societatem
3500 3555 3754 3619 poteramus

2215 3641 2439 3707 habere,
2472 3657 2596 3698 cum
2628 3641 2895 3698 adulteris
2937 3641 3366 3713 spiritualibus?
3409 3641 3498 3712 qui
3543 3638 3750 3708 scriptum

2212 3735 2544 3792 retineamus
2573 3751 2587 3788 :
2620 3732 2840 3790 Nolitef
2873 3734 3143 3790 intendere
3191 3735 3376 3805 fallaci
3417 3731 3646 3787 mulieri:
3679 3726 3754 3781 nul

2213 3827 2350 3882 enim
2375 3829 2593 3883 distillat
2619 3845 2652 3882 a
2676 3827 2827 3882 labiis
2855 3827 3092 3881 mulieris
3119 3827 3422 3893 meretricis,
3451 3837 3557 3896 qua:
3572 3820 3630 3875 ad
3656 3829 3752 3872 tem-

2215 3938 2310 3992 pus
2357 3923 2644 3992 impinguat
2689 3922 2863 3991 fauces
2894 3929 3029 3985 tuas,
3059 3919 3336 3974 nouissime
3375 3928 3538 3974 autem
3570 3911 3750 3969 amarius

2212 4015 2334 4085 felle
2362 4016 2582 4071 invenies
2601 4056 2615 4081 ,
2643 4024 2693 4070 et
2716 4015 2916 4070 acutius
2944 4014 3108 4087 magis
3152 4030 3310 4084 quam
3335 4012 3531 4084 gladius
3564 4024 3620 4063 es:
3643 4015 3751 4060 utra-

2212 4123 2310 4179 que
2357 4117 2502 4178 parte
2531 4115 2753 4163 acutus:
2779 4105 3077 4176 insipientes
3101 4115 3126 4154 ε
3155 4114 3329 4160 autem
3358 4105 3505 4176 pedes
3543 4098 3750 4154 deducunt

2214 4210 2412 4256 utentes
2457 4217 2520 4256 ea
2564 4216 2680 4254 cum
2723 4207 2888 4254 morte
2915 4198 2985 4253 ad
3027 4198 3225 4269 inferos
3278 4196 3466 4272 (Ibid,
3500 4189 3636 4261 νβ).
3671 4181 3750 4241 Sed

2211 4294 2344 4367 quid
2384 4293 2524 4351 dicis
2569 4293 2689 4350 haec
2736 4302 2957 4366 pr0pter
2998 4294 3184 4348 carnis
3223 4290 3481 4348 adulteria
3523 4281 3678 4343 dicta?
3706 4276 3748 4333 Si

2213 4400 2440 4461 propter
2508 4387 2693 4444 carnis
2771 4385 3038 4443 adulteria
3097 4399 3220 4443 esse
3291 4383 3488 4442 astruis
3543 4379 3642 4434 hac
3691 4368 3748 4425 dir

2211 4492 2296 4540 cta
2331 4525 2347 4552 ,
2399 4490 2604 4554 quanto
2663 4479 2838 4553 magis
2903 4479 3145 4552 fugiendi
3197 4493 3297 4535 vos
3363 4475 3490 4534 estis
3532 4463 3748 4542 spiritales

2211 4575 2476 4645 adulteri,
2523 4589 2594 4631 ne
2639 4590 2738 4645 per
2759 4574 3015 4630 Arianam
3061 4572 3317 4630 haeresim
3359 4576 3575 4627 vestram
3617 4571 3747 4616 metu”

508 4667 617 4728 nisi
668 4677 728 4726 ut
773 4670 1072 4739 apostolica
1120 4680 1284 4742 atque
1337 4669 1652 4742 evangelica
1716 4669 1853 4728 ﬁdes
1886 4661 2186 4742 ,fuissetD
2215 4670 2402 4726 tricem
2450 4669 2758 4742 spiritalem
2807 4669 2926 4726 haec
2965 4684 3133 4742 super
3159 4683 3262 4725 nos
3291 4681 3408 4740 quae
3433 4662 3659 4721 dicuntur
3681 4665 3746 4704 ver

507 4808 699 4880 inquo
747 4806 802 4864 id
849 4805 1450 4880 Arianisvpropositum
1501 4817 1656 4875 erat,
1707 4817 1766 4865 ut
1813 4809 2104 4866 damnandi

509 4877 795 4939 Athanasii
823 4877 1008 4953 specie
1036 4877 1412 4953 Niczenaﬁdes
1442 4887 1782 4953 everteretur
1808 4899 1824 4953 :7
1847 4881 1928 4936 uti
1949 4898 2109 4953 aper-

507 4961 564 5008 te
603 4961 830 5023 testatur
857 4950 1192 5007 Sozomenus
1216 4951 1314 5023 lib.
1348 4967 1422 5018 tv,
1448 4967 1568 5023 cap.
1601 4952 1657 5021 9,
1690 4952 1830 5009 haud
1857 4953 1962 5008 alio
1985 4950 2110 5008 con-

503 5024 628 5079 sitio
657 5021 1105 5096 Imperatorentet
1133 5021 1785 5096 Arianosdamnationem
1825 5025 2106 5081 Athanasii

509 5095 706 5159 moliri,
734 5091 890 5164 quam
915 5103 972 5165 ut
1001 5091 1272 5150 Nicaznam
1297 5093 1455 5165 ﬁdem
1475 5094 1784 5150 subvertant.

583 5175 612 5204 ι
641 5165 876 5222 Rursum
903 5164 971 5236 de
999 5167 1192 5220 eodem
1225 5164 1502 5230 COucilio;
1542 5166 1718 5236 deque
1758 5168 1860 5224 hoc
1887 5168 2109 5224 uberius

507 5237 892 5294 disserendum
926 5235 1028 5292 fuit
1065 5236 1120 5292 in
1160 5236 1406 5301 Prmfat.,
1439 5238 1528 5294 ubi
1569 5235 1734 5292 etiam
1781 5238 1850 5295 de
1881 5256 2110 5296 numero

506 5309 930 5380 Episcoporum.
959 5306 1051 5379 qui
1096 5307 1489 5380 interfuerunt,
1521 5311 1835 5378 opinionem
1868 5323 2110 5366 nostram

505 5379 886 5454 proponimus,
900 5379 1005 5436 hoc
1020 5382 1322 5452 praesertim
1341 5379 1574 5438 Luciferi
1590 5383 1901 5437 testimonio
1920 5384 2109 5439 innixi.

579 5452 609 5493 ³³
639 5454 716 5509 Ex
748 5454 850 5510 hoc
898 5451 1136 5510 Luciferi
1177 5454 1298 5510 loco
1341 5453 1696 5520 conjicitnus,
1731 5452 1876 5509 hunc
1916 5454 2112 5510 librum

505 5496 1775 5652 Fili-co“fu'issewc'utiivaermanicim
1809 5496 2107 5583 Eisiil'a'réil

557 5611 576 5651 ι
616 5613 647 5652 e
719 5611 791 5651 rte
820 5635 835 5650 .

557 5611 998 5792 :E-ellklt’riﬁliimc.
1024 5673 1120 5729 τὴν
1147 5668 1330 5742 ψυχήν
1357 5691 1480 5746 μου.
1511 5668 1668 5725 Vcrs.
1693 5669 1824 5726 Ant.
1848 5686 1912 5726 ne
1935 5669 2111 5725 trahas

557 5752 564 5788 ι
603 5777 620 5792 .
649 5753 682 5792 θ
705 5753 758 5792 ο.

507 5750 620 5888 rm“.
639 5750 922 5868 3:22am
947 5809 1047 5868 illo
1092 5812 1460 5883 paciﬁcatorio
1500 5813 1742 5889 loquitur
1777 5829 1807 5872 a
1846 5812 2113 5872 Constan-

2215 4810 2292 4866 tio
2323 4826 2421 4880 pro
2455 4810 2672 4870 Arianis
2707 4811 2868 4879 facto,
2897 4821 2950 4868 et
2997 4812 3369 4883 promulgato,
3392 4809 3583 4883 (dequo
3605 4806 3746 4883 postea

2216 4884 2268 4938 in
2302 4871 2404 4938 Iioc
2431 4883 2620 4940 libello
2665 4871 3014 4940 mentionem'
3049 4871 3333 4951 facit,'Til.
3357 4871 3744 4951 'Sedf'quodnanl

2214 4955 2348 5010 illud
2379 4956 2563 5022 fuerit,
2595 4965 2651 5012 et
2674 4971 2835 5025 quam
2889 4955 2960 5011 ob
2990 4950 3211 5011 causam
3251 4950 3532 5025 Catholicis
3556 4953 3746 5025 ριοροεις

2217 5034 2329 5099 t_utu
2361 5029 2483 5083 vide
2509 5016 2972 5099 paullo'inferius.
3007 5027 3177 5082 Totus
3207 5030 3258 5082 in
3286 5041 3353 5084 eo
3377 5016 3576 5099 Lucifer
3591 5016 3744 5099 esltlll

2213 5094 2536 5154 Constantio
2582 5111 2859 5154 versutum
2887 5100 3006 5168 ejus
3048 5100 3336 5155 consilium
3366 5094 3654 5168 etiniquum
3673 5096 3745 5168 εξ·

2218 5170 2462 5238 probrct,
2509 5187 2626 5242 quo
2655 5171 2760 5226 sub
2791 5165 2940 5242 pacis
2980 5170 3166 5240 specie
3195 5166 3466 5225 Athanasii
3501 5165 3745 5242 damnat“:

2217 5236 2365 5306 item,
2409 5253 2461 5296 et
2492 5236 2893 5299 Catholicorum
2941 5236 3064 5298 cuin
3113 5243 3330 5298 Arianis
3373 5236 3741 5304 communionem

2213 5310 2342 5386 t_otis
2367 5312 2578 5386 viribus
2606 5325 2934 5386 extorquere
2969 5329 3011 5386 7a
3033 5312 3332 5386 Catholicis
3369 5319 3576 5386 conatus
3599 5307 3741 5386 est“?!

2213 5380 2457 5441 Concilio
2499 5375 2916 5452 Mediolanénsi;
2966 5385 3092 5442 hinc
3139 5387 3244 5442 illa:
3300 5384 3600 5452 locutiones,
3643 5375 3742 5452 ηυξε

2213 5468 2359 5528 saepe
2388 5457 2456 5512 de
2483 5472 2615 5528 pace
2646 5457 2864 5528 ingerit,
2896 5443 2950 5511 et
2977 5457 3046 5513 de
3071 5459 3270 5525 quibus
3298 5458 3347 5512 in
3390 5448 3547 5528 Praef;
3563 5443 3740 5528 Ηυεςσξ·

2214 5515 2308 5599 [ρι’
2333 5543 2456 5599 quae
2486 5515 2733 5584 Hilarius
2763 5515 2954 5585 seribit
2974 5528 3027 5585 in
3052 5515 3180 5586 libr.
3206 5535 3492 5588 un.contra
3512 5515 3738 5576 Constant.

2221 5595 2482 5654 Unitatem
2512 5609 2780 5670 procurat,
2810 5617 2872 5655 ne
2896 5617 3002 5670 pas:
3027 5601 3114 5656 sit.

2293 5680 2316 5744 ιζ
2347 5669 2476 5744 ἐνριὶ
2507 5669 2674 5744 sequi,
2703 5672 2844 5743 apud
2875 5669 3100 5730 Sabbat.

2292 5740 2313 5780 ί
2344 5740 2584 5816 Sabbat.
2606 5740 2771 5816 legit;
2795 5745 2904 5798 noli
2928 5753 3136 5816 te,ietc.

2289 5823 2314 5862 ε
2346 5811 2686 5889 Incipientin
2713 5811 3062 5874 Latinius.‘ln
3091 5815 3192 5878 Gr.
3214 5825 3298 5877 est
3319 5811 3592 5893 ἀφροσύνης·

3923 4429 3925 4506 ι
