3972 6352
159 263 262 321 777
838 260 930 321 DE
972 262 1113 323 NON
1152 258 1649 324 CONVENIENDO
1687 260 1835 324 CUM
1875 262 2267 328 ll/ERETICIS
2306 260 2513 327 LIBER
2554 268 2757 329 UNUS.
3357 267 3463 328 778

152 372 343 431 niam?
388 370 557 430 Dulce
605 373 808 430 etenim
854 376 1177 448 quibusdam
1225 379 1440 435 videtur
1469 379 1614 451 quod
1660 379 1757 437 tibi
1783 391 1838 452 Α
1862 384 2003 440 sicut
2031 399 2127 441 vos
2156 385 2289 441 estis
2316 385 2523 453 Ariani,
2556 387 2732 455 impos
2756 384 2953 440 mentis
2979 384 3073 455 qui
3123 383 3469 458 derelinquat

151 469 263 540 regi
279 469 329 524 in
345 468 922 542 amicitiasjungantur
940 474 1290 543 suscipiendo
1313 475 1565 531 hmresim
1588 483 1757 544 tuam,

150 561 246 619 sed
263 561 498 617 amarius
513 561 638 619 felle
650 564 886 633 sensuri,
910 580 1033 621 cum
1050 576 1226 621 tecum
1245 568 1482 638 torqueri
1498 570 1550 622 in
1569 582 1763 639 perpe-

154 662 300 710 tuum
316 655 582 724 emperint
599 656 654 711 in
678 669 934 728 perpetua
955 657 1199 730 gehenna
1216 661 1441 726 sentire,
1461 661 1549 731 qui
1581 669 1759 715 tecum

151 764 273 806 esse
289 749 629 821 delegerunt,
646 762 772 808 tunc
783 752 1008 809 dicturi:
1035 752 1127 809 Vw
1139 755 1285 810 nobis
1300 757 1386 825 qui
1409 752 1763 810 Constantium

151 844 513 926 imperatorem
536 844 648 900 Deo
678 848 1132 918 prwposuerimus.
1182 848 1491 905 Convenire
1523 849 1681 904 nobis
1709 857 1766 904 et

154 938 306 994 vobis
337 954 448 1010 quo
476 939 640 996 modo
662 943 954 1012 potuerat?
982 957 1104 998 cum
1137 943 1276 999 infra
1304 943 1451 999 dicat
1472 942 1764 999 adhucSa-

153 1033 336 1090 lomou
371 1032 563 1103 :Eiice
582 1035 647 1090 de
667 1036 887 1092 consilio
922 1046 949 1075 ιι
977 1039 1320 1108 pestilentem,
1376 1047 1425 1093 et
1468 1038 1602 1094 exiet
1649 1055 1764 1093 cum

154 1128 245 1184 illo
275 1129 538 1185 contentio
568 1128 778 1202 (Prom,
804 1148 939 1198 χιιι,
973 1131 1100 1206 10);
1123 1143 1206 1189 et:
1242 1133 1325 1187 Ne
1350 1134 1582 1189 imitatus
1604 1132 1767 1204 fueris

155 1222 319 1276 malos
347 1223 505 1289 viros,
532 1240 692 1295 neque
716 1224 979 1281 desideres
1007 1244 1115 1282 esse
1153 1244 1267 1281 cum
1293 1227 1436 1293 illis;
1463 1228 1601 1297 falsa
1631 1228 1767 1282 enim

153 1313 438 1369 meditatur
469 1332 559 1370 cor
587 1334 783 1385 eorum,
818 1328 863 1373 et
889 1320 1089 1375 dolores
1116 1320 1254 1375 labia
1284 1338 1462 1375 eorum
1487 1322 1768 1393 loquuntur

151 1404 346 1478 (lbid.,
381 1423 525 1479 xxtv,
559 1408 635 1481 1).
667 1409 829 1477 Tum,
863 1409 994 1466 Noli
1024 1413 1294 1480 applicare
1325 1414 1545 1484 impium
1570 1416 1640 1467 ad
1672 1432 1766 1485 pa-

154 1519 285 1558 scua
307 1505 461 1574 justi,
491 1521 652 1576 neque
689 1507 953 1562 seducaris
996 1509 1271 1563 saturitate
1309 1510 1522 1563 uentris.
1564 1508 1768 1587 septies

154 1600 294 1654 enim
319 1599 457 1654 cadit
472 1604 652 1673 justus
689 1611 737 1657 et
764 1613 1030 1676 resurget,
1055 1604 1207 1672 impii
1228 1615 1401 1660 autem
1418 1604 1766 1675 inﬁrmabun-

158 1704 237 1750 tur
256 1696 317 1750 in
347 1696 497 1751 malis
522 1696 687 1769 (Ibid.
715 1698 841 1770 15‘).
874 1697 1009 1754 Cum
1047 1701 1299 1769 superbis
1341 1710 1397 1757 et
1445 1702 1767 1772 prtevarica-

1865 478 2086 535 domum
2112 480 2231 546 Dei,
2262 489 2317 535 et
2346 496 2466 535 eam
2496 480 2589 535 dat
2636 480 2838 536 diaboli
2888 482 3343 536 monumentum?
3381 480 3468 538 ld-

1863 572 2013 629 circo
2034 582 2213 629 autem
2257 574 2399 645 apud
2445 583 2496 629 te
2546 574 2673 630 odio
2700 574 3013 630 laboramus
3052 574 3174 646 quia
3206 575 3470 632 fuerimus

1866 676 2170 723 metuentes
2220 674 2382 738 atque
2422 681 2643 734 sumus,
2688 683 2757 721 ne
2802 666 2890 723 illa
2932 664 3163 721 fuissent
3208 667 3351 722 dicta
3398 666 3469 723 de

1867 760 2045 827 nobis,
2078 776 2199 831 qua:
2226 769 2352 815 sunt
2382 759 2525 814 dicta
2564 759 2633 815 de
2663 759 2772 815 illis
2798 758 3174 815 desertoribus
3195 802 3211 827 ,
3243 759 3346 814 hoc
3385 768 3471 815 est

1865 852 2093 917 Judaeis,
2126 867 2263 923 quos
2295 853 2506 909 incusat
2534 851 2858 919 Hieremias,
2888 851 3076 907 dicens
3107 868 3121 906 ε
3152 852 3342 906 Audite
3360 868 3474 906 ver-

1868 947 1990 1002 bum
2036 946 2280 1013 Domini,
2323 944 2730 1018 dontus’_Jacob,
2756 954 2803 999 et
2848 947 3011 1000 omnis
3055 944 3239 999 domus
3278 944 3471 1000 Israel.

1869 1041 2001 1096 Hcce
2040 1043 2167 1097 dicit
2205 1041 2458 1097 Dominus
2500 1058 2518 1096 :
2559 1040 2698 1107 Quid
2740 1041 3038 1095 invenerunt
3082 1041 3135 1094 in
3182 1056 3262 1094 me
3306 1049 3476 1110 patres

1869 1139 2019 1193 vestri
2053 1138 2416 1204 contumacius,
2462 1137 2601 1208 quod
2655 1146 2972 1190 recesserunt
3014 1136 3165 1207 longe
3208 1151 3238 1187 a
3276 1150 3386 1200 me,
3428 1143 3475 1189 et

1869 1231 2102 1286 abierunt
2127 1241 2239 1300 post
2261 1246 2601 1298 supervacua,
2634 1237 2680 1282 et
2728 1228 2967 1299 frustrati
3008 1236 3149 1293 sunt,
3174 1237 3220 1280 et
3262 1243 3362 1279 non
3391 1225 3467 1279 di-

1869 1337 2094 1382 xerunt:
2121 1325 2218 1381 Ubi
2240 1338 2314 1380 est
2342 1324 2504 1389 Deus,
2535 1324 2623 1395 qui
2651 1324 2885 1377 liberavit
2916 1339 3007 1376 nos
3034 1321 3098 1377 de
3144 1331 3279 1375 terra
3309 1319 3481 1392 Egy-

1871 1422 1968 1494 pti,
1988 1423 2077 1492 qui
2102 1422 2283 1477 eduxit
2310 1437 2401 1475 nos
2430 1420 2678 1473 ducatum
2710 1418 2941 1490 prwbens
2963 1418 3017 1471 in
3043 1417 3242 1473 deserto
3268 1418 3319 1470 in
3344 1427 3481 1471 terra

1870 1516 2093 1583 inculta,
2126 1526 2172 1570 et
2200 1518 2400 1591 ignota,
2431 1525 2478 1569 et
2506 1516 2561 1569 in
2593 1525 2730 1568 terra
2757 1515 2866 1569 sine
2886 1531 3041 1583 aqua,
3072 1524 3119 1567 et
3144 1514 3255 1566 sine
3280 1518 3478 1581 fructu,

1870 1610 1926 1664 in
1959 1620 2096 1665 terra
2138 1611 2195 1664 in
2224 1627 2379 1681 quam
2409 1626 2556 1664 nemo
2606 1609 2905 1663 commeauit
2934 1609 3029 1670 νῖν,
3060 1624 3221 1677 neque
3249 1622 3479 1660 commo-

1874 1712 2020 1757 ratus
2050 1712 2126 1756 est
2156 1702 2226 1756 ibi
2255 1703 2397 1770 ﬁlius
2439 1700 2700 1765 hominis,
2732 1712 2779 1755 et
2809 1699 3017 1755 induxit
3047 1716 3135 1754 vos
3184 1700 3235 1753 in
3272 1696 3483 1752 Carme-

157 1791 404 1856 toribus,
436 1807 559 1848 cum
586 1795 666 1849 eis
687 1794 781 1865 qui
832 1786 1116 1852 volueritis
1165 1812 1288 1852 cum
1341 1796 1481 1854 Juda
1514 1799 1767 1855 Scarioth
1800 1797 1850 1859 B
1876 1795 1983 1849 lum
2009 1804 2066 1849 ut
2094 1793 2475 1848 manducaretis
2508 1794 2737 1861 fructum
2761 1797 2875 1866 ejus
2903 1803 2949 1847 et
2982 1795 3113 1846 bona
3144 1795 3289 1865 ejus,
3326 1801 3375 1846 et
3401 1791 3484 1845 in-

157 1884 395 1943 inveniri
419 1929 436 1955 ,
462 1904 621 1958 quam
650 1904 774 1944 cum
824 1889 1155 1946 beatissimis
1204 1891 1484 1962 prophetis
1504 1935 1519 1959 ,
1547 1901 1770 1963 aposto-

159 1980 246 2048 lis,
283 1992 449 2053 atqne
471 1983 821 2055 martyribus,
846 1986 1120 2054 quomodo
1143 2001 1264 2042 esse
1294 1986 1622 2056 possumus?
1642 2002 1766 2042 cum

159 2076 383 2132 audiam
411 2076 465 2131 in
494 2079 798 2134 centesimo
826 2078 1045 2135 Psalmn
1071 2097 1085 2134 :
1114 2078 1523 2136 Deambulabam
1546 2082 1600 2135 in
1620 2082 1774 2136 inno-

161 2172 338 2224 centia
365 2169 536 2224 cordis
567 2172 667 2226 mei
694 2171 749 2226 in
768 2169 797 2210 ι’
829 2172 999 2228 media
1044 2174 1197 2227 domo
1245 2184 1354 2228 tua.
1384 2186 1405 2213 ε
1432 2172 1557 2228 Νοη
1585 2190 1777 2246 pr0po-

163 2261 354 2318 nebam
411 2272 531 2318 ante
566 2265 743 2320 oculos
770 2281 907 2319 meos
934 2281 1042 2320 rem
1070 2266 1261 2320 malam
1283 2267 1552 2336 facientes,
1580 2282 1780 2337 praeva-

160 2357 445 2411 ricationes
471 2357 630 2423 odiui,
662 2374 764 2413 non
811 2357 1029 2413 adluesit
1073 2360 1202 2413 mihi
1241 2375 1330 2414 cor
1350 2376 1597 2431 pravum,
1621 2359 1782 2414 decli-

163 2458 352 2504 nantes
387 2465 420 2503 a
465 2466 545 2504 me
566 2450 822 2522 malignas
869 2467 973 2505 non
998 2451 1336 2523 agnoscebant
1366 2468 1385 2507 :
1429 2450 1781 2506 detrahentem

164 2545 420 2600 adversus
444 2546 706 2618 proximos
726 2563 845 2601 suos
868 2547 1083 2612 occulte,
1104 2564 1221 2602 eum
1234 2547 1591 2619 persequebar,
1606 2562 1785 2614 super-

166 2642 226 2697 bo
245 2643 411 2695 oculo
436 2650 484 2696 et
502 2642 784 2696 insatiabili
805 2643 981 2707 corde,
1013 2658 1130 2696 cum
1152 2643 1249 2696 hac
1273 2643 1427 2696 simul
1452 2658 1554 2696 non
1574 2642 1787 2696 edebam

165 2732 351 2804 (Psal.
380 2750 430 2799 c,
465 2734 546 2802 2).
572 2735 641 2791 Et
666 2735 720 2790 in
744 2734 963 2790 Psalmo
983 2736 1285 2791 cen'esimo
1312 2744 1507 2791 octavo
1534 2735 1785 2792 decimo:

165 2825 394 2899 Iniquos
425 2828 544 2883 odio
572 2829 751 2895 habui,
774 2840 823 2884 et
849 2829 1011 2901 legem
1036 2838 1178 2883 tuam
1196 2829 1356 2885 dilexi
1378 2827 1554 2902 (l’sal.
1584 2844 1750 2885 cxvm
1770 2871 1788 2898 ,

166 2922 279 2992 15).
320 2922 457 2978 Cum
508 2924 630 2978 sitis
678 2923 882 2994 iniqui,
914 2922 1115 2993 quippe
1164 2932 1459 2993 negatores
1500 2922 1644 2977 unici
1695 2920 1791 2976 lilii

168 3016 291 3081 Dei,
331 3032 457 3072 cum
487 3016 626 3073 odiri
659 3033 757 3073 vos
783 3024 1039 3088 oporteat
1066 3032 1096 3071 a
1127 3017 1309 3083 nobis,
1339 3026 1626 3087 prapterea
1648 3013 1792 3085 quod

166 3109 312 3165 viam
340 3109 583 3166 veritatis
606 3111 976 3182 relinquentes
992 3109 1519 3180 compreltenderitis
1536 3109 1777 3164 omnium

1876 1891 2073 1954 trastis,
2100 1900 2149 1944 et
2180 1888 2551 1958 coinquinastis
2580 1898 2793 1953 terram,
2826 1895 2873 1941 et
2925 1884 3281 1939 [nereditatem
3315 1900 3482 1939 meam

1877 1983 2119 2053 posuistis
2147 1982 2201 2035 in
2232 1981 2741 2043 exterminationem;
2768 1978 3061 2033 sacerdotes
3092 1995 3193 2032 non
3216 1978 3486 2033 dixerunt:

1882 2074 1982 2131 Ubi
2009 2086 2081 2129 est
2116 2074 2390 2140 Dominus,
2419 2083 2466 2127 et
2494 2073 2722 2126 seniores
2748 2072 2875 2143 legis
2908 2087 3033 2125 mea:
3060 2072 3352 2125 nescierunt
3383 2088 3483 2136 me,

1881 2180 1928 2224 et
1956 2180 2188 2241 pastores
2219 2168 2375 2238 impie
2420 2175 2632 2238 egerunt
2657 2166 2709 2219 in
2736 2181 2815 2219 me
2837 2206 2851 2227 ,
2893 2174 2942 2219 et
2969 2165 3235 2236 propheta:
3263 2164 3488 2233 praphe—

1882 2273 2118 2316 taverunt
2149 2262 2202 2315 in
2228 2258 2362 2314 Baal
2385 2299 2400 2325 ,
2433 2268 2480 2313 et
2504 2268 2618 2329 post
2647 2258 2855 2311 inutilia
2882 2257 3117 2311 abierunt
3145 2258 3365 2325 (Jerem.
3401 2273 3489 2324 χι,

1883 2357 1964 2430 4).
1986 2355 2272 2413 Noluimus
2306 2354 2422 2410 ham
2450 2354 2641 2409 audire
2667 2352 2997 2425 opprobria;
3031 2352 3172 2408 unde
3200 2365 3254 2407 et
3285 2352 3493 2423 fugien-

1884 2448 2011 2505 dum
2036 2444 2321 2503 diximush
2357 2458 2408 2503 te
2454 2461 2519 2501 ac
2570 2456 2712 2501 tuos.
2756 2444 2940 2516 Neque
2989 2446 3141 2500 enim
3190 2445 3491 2502 convenire

1886 2550 2102 2613 poterat
2133 2540 2228 2594 Dei
2275 2538 2596 2594 domesticis
2645 2538 2929 2592 vobiscum
2981 2537 3345 2609 alienigenis,
3375 2555 3498 2593 cum

1888 2633 2171 2690 videamus
2206 2631 2410 2688 dictum
2439 2647 2469 2686 a
2497 2631 2610 2687 Deo
2638 2644 2761 2685 cum
2789 2628 2997 2701 perﬁdo
3023 2641 3113 2684 tuo
3150 2631 3243 2685 illo
3296 2631 3500 2701 pepnlo

1889 2726 2126 2783 carnali:
2152 2726 2336 2781 Averte
2362 2724 2545 2795 pedem
2592 2734 2736 2777 tuum
2767 2723 2829 2777 ab
2859 2740 3045 2792 aspera
3067 2724 3149 2777 via
3171 2765 3185 2789 ,
3218 2733 3266 2777 et
3287 2725 3495 2792 faucem

1890 2830 2034 2875 tuam
2057 2837 2091 2874 a
2115 2819 2202 2873 siti
2226 2817 2418 2892 (Ibid.,
2440 2817 2559 2887 25).
2592 2817 2721 2885 Qum
2736 2826 2915 2871 autem
2940 2816 3102 2872 dixit:
3128 2817 3493 2890 Confortabor,

1892 2914 2013 2985 quia
2041 2914 2222 2968 dilexit
2252 2924 2449 2967 exteros
2477 2919 2523 2965 et
2554 2920 2666 2983 post
2696 2910 2814 2965 illos
2840 2909 3035 2979 abibat,
3064 2922 3191 2981 post
3234 2927 3331 2967 vos
3366 2927 3498 2984 ergo
3580 2916 3583 2917 ⁷

1894 3015 2135 3073 exteros,
2168 3014 2290 3075 post
2331 3019 2428 3059 vos
2453 3004 2743 3074 allophilus
2775 3019 2882 3058 non
2916 3004 3091 3059 solum
3132 3019 3238 3058 non
3288 3005 3367 3060 ire
3401 3022 3497 3059 vo-

1896 3100 2095 3155 luimus
2118 3140 2134 3165 ,
2167 3098 2262 3153 sed
2294 3106 2349 3152 et
2397 3095 2684 3151 anathema
2716 3095 2871 3151 vobis
2919 3096 3046 3151 tiliis
3080 3097 3406 3166 pestilentia:
3434 3113 3498 3152 ac

170 3218 433 3260 errorum
455 3245 471 3270 ,
503 3213 790 3275 propterea
836 3204 982 3275 quod
1033 3203 1408 3274 relinquentes
1439 3203 1661 3269 lumen,
1710 3204 1790 3257 ire
1818 3200 1864 3265 C
1895 3196 2245 3251 tenebrarum
2272 3193 2534 3259 diximus,
2566 3208 2632 3247 ne
2660 3192 2704 3247 si
2734 3192 3151 3247 recessisscmus
3181 3191 3251 3246 ab
3282 3202 3500 3263 aposto—

171 3295 492 3368 delegeritis
538 3298 590 3351 in
640 3299 944 3356 exteriores
996 3298 1293 3365 tenebras,
1350 3297 1628 3369 quomodo
1692 3296 1788 3352 tibi

172 3389 342 3460 capiti
372 3390 627 3457 nefando,
659 3391 753 3446 tibi
785 3392 876 3447 Dei
905 3392 1103 3447 domus
1140 3391 1470 3447 destructori
1494 3432 1510 3457 ,
1544 3390 1788 3447 omnium

173 3482 524 3555 iniquitatem
549 3485 889 3555 operantium
919 3485 1491 3556 fomiti,potueramus
1530 3499 1654 3540 esse
1701 3500 1792 3539 ca-

175 3576 385 3632 rissimi
402 3576 716 3648 iquomodo
742 3576 1042 3634 familiares
1062 3579 1248 3644 amici,
1275 3586 1334 3633 ut
1358 3586 1488 3634 sunt
1509 3573 1537 3613 ἀ
1565 3577 1790 3646 Valens,

178 3668 489 3739 Ursaceus,
534 3671 821 3740 Epictetus
845 3682 869 3710 ε
892 3715 907 3740 ,
956 3673 1285 3730 Saturninus
1316 3670 1362 3741 ί,
1389 3683 1445 3729 et
1494 3674 1723 3729 exteri?
1762 3688 1794 3729 e

176 3779 286 3835 quo
317 3758 553 3821 numero
583 3773 763 3822 tamen
797 3768 898 3822 etsi
926 3764 1162 3821 viderint
1192 3765 1249 3821 in
1298 3781 1460 3836 quam
1506 3764 1797 3821 inciderint

180 3856 640 3937 foveam,qcerti
699 3869 884 3916 tamen
944 3870 1123 3916 tecum
1193 3859 1490 3931 diligerent
1543 3859 1795 3927 interire,

181 3951 489 4008 dummodo
543 3952 699 4025 regni
747 3952 825 4009 tui
874 3953 1092 4009 inanem
1132 3952 1599 4024 pulchritudinem
1634 3963 1659 4001 8
1692 3968 1797 4007 una

183 4045 544 4114 perfruantur
578 4056 778 4102 tecum.
809 4044 920 4102 Nos
950 4045 1225 4116 quomodo
1248 4056 1428 4101 tecum
1460 4061 1584 4101 esse
1612 4053 1799 4115 potue-

184 4153 331 4201 mus,
369 4138 458 4208 qui
490 4138 616 4205 ista,
648 4153 773 4211 qua:
815 4138 894 4195 illi
922 4149 1100 4195 tecum
1135 4137 1238 4193 frui
1270 4139 1555 4211 elegerunt
1601 4137 1803 4194 habea-

186 4247 382 4289 ramus
408 4233 611 4287 ελοεαῖ
641 4232 891 4289 homines
934 4232 1025 4303 qui
1050 4232 1117 4287 ad
1147 4232 1239 4286 illa
1268 4230 1650 4303 conscquenda
1687 4241 1803 4286 ten-

185 4322 348 4389 dant,
382 4339 504 4395 qtne
529 4334 657 4380 sunt
686 4325 743 4401 in
783 4334 1106 4395 perpetuum
1133 4339 1392 4379 mansura
1426 4342 1440 4379 :
1480 4336 1585 4395 qua
1629 4323 1699 4379 de
1740 4338 1803 4379 re

190 4418 354 4473 nobis
379 4433 442 4473 ac
470 4418 627 4475 vobis
654 4434 763 4475 non
808 4421 1097 4487 convenit,
1135 4433 1331 4489 nempe
1375 4418 1503 4489 quia
1557 4416 1803 4473 nolueri-

190 4522 315 4563 mus
344 4512 626 4579 suscipere
656 4512 909 4569 haeresim
941 4523 1112 4579 tuam,
1146 4511 1478 4583 netnpequia
1507 4509 1803 4567 Christiani

1891 3291 1992 3345 lica
2016 3300 2179 3360 atque
2208 3288 2519 3358 evangelica
2556 3287 2685 3353 ﬁde,
2709 3286 3332 3357 derelinqueremusque
3359 3288 3503 3343 viam

1892 3398 2054 3455 quam
2088 3392 2382 3437 tenuerunt
2401 3379 2699 3446 Abraham,
2724 3380 2873 3435 Isaac
2898 3388 2950 3435 et
2971 3379 3141 3435 Iacob
3164 3381 3460 3437 beatissimi
3484 3422 3499 3448 ,

1894 3476 2056 3544 Abel,
2086 3476 2296 3544 Enoch,
2324 3474 2459 3541 Noe,
2498 3484 2554 3530 et
2578 3474 2764 3530 cuncti
2793 3474 3097 3545 prOphctm,
3128 3476 3391 3546 apostoli,
3421 3488 3503 3532 at-

1894 3586 2002 3642 que
2030 3580 2317 3643 martyres.
2351 3570 2470 3626 haec
2516 3572 2681 3626 etiam
2726 3570 2866 3625 dicta
2917 3568 3151 3625 fuissent
3199 3585 3230 3624 a
3279 3570 3394 3626 Deo
3439 3570 3508 3627 de

1893 3664 2073 3729 nobis,
2101 3678 2220 3734 qua:
2240 3661 2383 3718 dicta
2409 3670 2535 3717 sunt
2559 3660 2626 3717 de
2652 3660 3108 3732 comblasphemis
3145 3663 3250 3717 tuis
3276 3662 3503 3718 Judmis.

1901 3756 2347 3826 Quemadmodum
2387 3756 2724 3827 confunditur
2775 3755 2898 3825 fur,
2950 3772 3067 3810 cum
3111 3758 3507 3826 comprehensus

1899 3851 2077 3923 fuerit,
2103 3850 2179 3904 sic
2200 3849 2583 3921 confundentur
2606 3848 2704 3917 ﬁlii
2726 3846 2898 3903 Israel
2916 3848 3039 3917 ipsi,
3061 3858 3111 3903 et
3131 3865 3274 3920 reges
3304 3862 3505 3918 earum,

1898 3955 1947 4000 et
1972 3946 2228 4018 principes
2253 3945 2506 4017 ipsorum,
2524 3952 2573 3997 et
2588 3943 2879 3997 sacerdotes
2896 3944 3149 4013 ipsorum,
3181 3953 3228 3996 et
3247 3942 3509 4014 prop/tein)

1902 4038 2065 4111 (Ibid.
2092 4038 2508 4115 26).Noluintus
2529 4054 2651 4095 esse
2679 4039 2819 4094 inter
2846 4053 2965 4104 vos,
2991 4053 3062 4094 ne
3093 4037 3259 4094 etiam
3293 4038 3384 4093 illa
3417 4038 3500 4094 iu-

1899 4132 2146 4201 crepatio
2176 4130 2328 4185 vocis
2355 4129 2555 4185 divina:
2582 4144 2684 4185 nos
2712 4144 2837 4184 cum
2860 4124 3066 4183 iudicis
3084 4170 3099 4193 ,
3128 4139 3185 4184 ct
3227 4129 3506 4184 vobiscum

1902 4227 2174 4283 haereticis
2199 4234 2484 4297 argueret;
2519 4225 2586 4280 Ut
2635 4224 2759 4294 quid
2787 4216 3058 4294 loquimini
3082 4222 3150 4276 ad
3189 4222 3308 4276 me?
3333 4237 3514 4276 omnes

1901 4335 1989 4375 vos
2018 4320 2175 4390 impie
2222 4319 2483 4390 egistis,et
2504 4333 2676 4372 omnes
2693 4332 2779 4371 vos
2808 4316 3095 4388 deliquistis
3136 4316 3192 4369 in
3230 4332 3311 4369 me
3332 4358 3349 4384 ,
3384 4315 3512 4370 dicit

1903 4414 2159 4469 Dominus
2200 4412 2388 4484 (Ibid.,
2416 4411 2535 4484 29).
2568 4411 2854 4480 Quomodo
2885 4409 3163 4466 vobiscum
3199 4410 3355 4466 nobis
3380 4425 3512 4465 cono

1907 4511 2093 4567 venire
2116 4507 2365 4581 poterat?
2389 4522 2511 4562 cum
2540 4506 2741 4577 legeris
2766 4504 3027 4576 scriptum
3056 4504 3110 4560 in
3133 4504 3277 4561 libro
3294 4505 3512 4562 Macha-

193 4602 544 4667 noluerimus
582 4603 727 4660 efﬁci
753 4606 963 4663 Ariani.
1009 4607 1141 4676 Quis
1174 4616 1259 4663 est
1307 4614 1488 4661 autem
1508 4647 1524 4672 ,
1555 4605 1659 4660 nisi
1709 4603 1803 4675 qui
1827 4595 1882 4658 D
1908 4603 2150 4660 baaorum
2198 4602 2411 4673 primo:
2441 4597 2457 4637 ί
2488 4599 2638 4654 Tunc
2668 4600 2967 4672 congregati
2998 4608 3120 4654 sunt
3161 4599 3232 4654 ad
3278 4617 3363 4656 eos
3389 4616 3512 4655 con-

266 4726 294 4790 f
331 4714 717 4790 Pestileptiam.
743 4715 920 4790 Vatic.
950 4728 1010 4790 ut
1042 4717 1094 4771 in
1125 4717 1301 4773 Gra'e.
1331 4717 1520 4790 λοιμὸν.

266 4788 296 4827 δ
332 4786 492 4856 Apud
522 4787 744 4842 Sabbat.
776 4788 829 4842 in
860 4788 1032 4843 medio
1058 4791 1242 4843 domus
1274 4798 1392 4843 tute.

272 4872 295 4899 ε
329 4859 447 4914 Alia
478 4870 560 4913 est
592 4859 645 4913 in
682 4858 837 4914 Vers.
868 4866 994 4914 Ant.
1025 4861 1434 4929 interpunctio:
1465 4876 1569 4915 non
1609 4877 1803 4931 propo-

193 4932 383 4989 nebant
410 4939 527 4984 ante
553 4932 729 5003 oculos
759 4948 897 4986 meos
930 4948 1038 4986 rem
1069 4938 1259 4986 malam
1287 4949 1305 4986 :
1333 4933 1599 5003 facientes,
1622 4943 1729 4987 etc.

268 5003 298 5042 d
331 5003 554 5075 Valens,
588 5012 644 5055 et
666 5000 953 5075 iUrsacius,
986 5004 1055 5060 de
1100 5005 1297 5075 quibus
1334 5000 1497 5059 etiam
1548 5006 1601 5059 in
1637 5004 1731 5058 lib.
1762 5019 1802 5070 ι,

199 5087 311 5147 pro
331 5075 391 5131 S.
423 5072 748 5147 Athanasio,
778 5075 981 5147 primas
1004 5072 1297 5147 gesserunt
1336 5078 1390 5130 in
1422 5076 1669 5131 Concilio
1696 5075 1805 5131 Me-

199 5144 503 5213 diolauensi
537 5146 802 5200 adversus
832 5144 1205 5213 Athanasium,
1236 5158 1289 5202 et
1316 5147 1591 5202 Nicamam
1617 5148 1801 5212 ﬁdem,

200 5226 257 5271 et
283 5214 431 5288 ap_tnl
452 5210 825 5288 Constantium
851 5231 1061 5288 summa
1090 5210 1414 5272 auctoritate
1446 5219 1745 5288 pollebant.

278 5297 304 5324 ο
339 5284 462 5339 Fuit
490 5284 580 5339 hic
609 5284 908 5357 Episcopus
931 5284 1460 5352 Centumcellensis,
1494 5298 1550 5343 et
1573 5290 1803 5345 Ariano-

200 5374 326 5415 tum
372 5357 733 5422 saevissimus;
781 5369 969 5413 eontra
997 5359 1356 5414 Athanasium
1401 5359 1799 5427 subscripsuin

199 5430 454 5485 Concilio
488 5428 898 5496 Mediolaneosi;
946 5442 1001 5485 et
1045 5430 1114 5486 de
1163 5431 1252 5485 illo
1307 5430 1425 5485 haec
1473 5430 1801 5487 Athanasius

200 5501 325 5571 ipse
356 5502 407 5555 in
436 5502 596 5573 epist.
617 5500 684 5553 ad
715 5500 872 5557 Solit.
900 5517 1023 5556 cum
1051 5503 1160 5573 agit
1186 5500 1567 5573 deAEpiscOpis
1584 5505 1801 5560 ordina-

200 5574 278 5629 tis
306 5587 406 5645 per
430 5572 804 5646 Constantium
829 5574 897 5627 ab
938 5571 1154 5629 Arianis
1183 5591 1198 5629 :
1227 5571 1523 5643 Epictetum
1572 5576 1800 5646 neophg-

203 5654 321 5699 tum
343 5646 593 5697 hominem
622 5644 891 5715 juventute
916 5647 1154 5716 ferocem,
1185 5647 1434 5699 audacem
1454 5646 1511 5701 in
1539 5644 1800 5702 amoribus

203 5716 538 5771 Constantius
558 5717 727 5780 habet,
749 5733 809 5771 eo
840 5718 976 5788 quod
995 5733 1114 5771 eum
1136 5717 1203 5772 ad
1227 5717 1398 5771 omnia
1413 5721 1606 5773 scelera
1630 5736 1803 5787 prom-

203 5796 355 5873 ptum
383 5788 705 5873 amoremque
730 5789 1070 5873 conspiceret,
1090 5790 1309 5873 eiusque.
1331 5806 1488 5860 opera
1504 5791 1800 5873 episcopis,

205 5859 393 5931 quibus
415 5860 533 5916 velit
555 5902 570 5925 ,
605 5860 820 5916 insidias
852 5860 1007 5915 struit
1028 5878 1045 5917 :
1070 5859 1199 5916 nihil
1219 5859 1363 5916 enim
1392 5870 1490 5931 est,
1533 5859 1690 5935 quod
1714 5862 1805 5919 ille

492 5951 771 6018 PATROL.
816 5954 993 6017 XIII.

1908 4723 2149 4789 gravetur
2171 4718 2363 4785 facere,
2391 4714 2545 4769 modo
2588 4711 2900 4784 Imperatori
2928 4714 3150 4785 placeat.

1986 4786 2005 4825 τ
2041 4786 2368 4841 Saturninus
2430 4786 2734 4856 Episcopus
2777 4785 3116 4841 Arelatensis
3161 4787 3216 4841 in
3262 4787 3510 4845 Concilio

1910 4858 2215 4913 Arelatensi
2255 4874 2346 4912 an.
2376 4858 2504 4919 555.
2545 4872 2667 4912 cum
2716 4856 2933 4912 Arianis
2971 4859 3428 4926 communicavit,
3454 4872 3508 4917 et

1909 4933 1963 4987 in
1997 4930 2389 4986 Mediolanensi
2418 4945 2540 4984 cum
2560 4929 2781 4984 Valente
2809 4937 2865 4984 et
2896 4928 3123 4985 Ursacio
3150 4930 3203 4984 in
3229 4932 3510 4987 Athanasii

1908 5001 2203 5073 perniciem
2228 5003 2403 5058 foedus
2427 5003 2637 5069 junxit,
2665 5016 2963 5067 eorumque
2990 5017 3151 5071 opera
3184 5004 3380 5057 Ariana
3411 5019 3508 5072 pe-

1908 5072 2012 5129 stis
2041 5074 2395 5129 Occidentem
2435 5073 2544 5128 late
2578 5074 2835 5141 pervasit.
2862 5072 3071 5129 Auctor
3099 5084 3357 5141 praeterea
3384 5075 3503 5139 fuit,

1908 5157 1966 5219 nt
1994 5146 2228 5219 Hilarius
2248 5145 2551 5219 Episcopus
2572 5144 2943 5219 Pietaviensis.
2970 5145 3061 5214 qui
3087 5157 3205 5219 post
3228 5144 3505 5215 Synodutu

1906 5217 2365 5273 Mediolanensem
2393 5216 2463 5272 ab
2482 5216 2607 5285 ejus
2633 5218 2895 5272 societate
2922 5232 2982 5270 se
3022 5231 3082 5269 se
3126 5218 3504 5284 disjunxerat,

1906 5291 2026 5359 ipso
2058 5289 2262 5344 Hilario
2294 5298 2438 5344 teste
2467 5290 2520 5342 in
2551 5289 2644 5343 lib.
2673 5305 2765 5343 un.
2791 5295 2938 5343 cont.
2964 5285 3279 5355 Constant.,
3311 5290 3364 5343 in
3410 5306 3503 5345 ex-

1900 5361 2080 5415 silium
2108 5362 2400 5430 pelleretur
2420 5375 2448 5413 a
2476 5360 2795 5414 Constantio
2816 5375 2904 5413 an.
2936 5360 3065 5430 556.

1978 5442 2004 5479 ε
2023 5429 2125 5487 Pro
2142 5434 2287 5487 inani
2306 5429 3077 5503 pulchritudine.'l‘ilius.Forte
3095 5430 3509 5502 latineloqnitur

1905 5519 2032 5559 eum
2071 5504 2230 5559 dicit:
2259 5505 2694 5575 dummodoregni
2731 5503 3047 5575 tuiinauem
3069 5503 3507 5575 pulchritudinem

1904 5592 2011 5630 una
2052 5579 2385 5645 per/ruantur
2406 5584 2571 5630 tecum
2595 5574 2615 5642 ,⁷
2638 5590 2745 5631 non
2768 5615 2784 5640 ,
2808 5574 2953 5628 inani
2999 5574 3401 5643 pulchritudine.
3432 5576 3510 5632 La

1903 5647 2102 5708 Cerda.
2133 5658 2188 5703 et
2215 5657 2379 5705 recte.

1978 5717 2009 5757 ιι
2038 5717 2320 5775 Durimus.
2352 5721 2528 5775 Latin.

1988 5790 2004 5828 ί
2034 5791 2299 5862 Congruit
2348 5808 2471 5848 cum
2504 5790 2764 5848 Versione
2800 5790 2971 5847 veteri
3001 5805 3067 5862 ex
3096 5804 3198 5845 ms.
3229 5791 3286 5847 S.
3320 5790 3504 5849 Germ.

1911 5862 2054 5936 apud
2082 5860 2305 5920 Sabbat.
2326 5875 2525 5936 praeter
2549 5863 2687 5933 haec,
2714 5872 2991 5920 conventus
3006 5860 3332 5919 Judteorum.
3354 5864 3510 5922 Vers.

2912 5957 2992 6020 25
