3972 6352
538 260 646 320 785

1633 249 1953 318 LUClFERl
1995 255 2302 320 EPISCOPI
2335 261 2753 326 CALARITANI

3680 281 3762 342 784

533 381 668 435 sicut
687 378 740 432 in
769 374 1180 432 exacerbatione.
1217 373 1444 440 Quidam
1474 373 1610 429 enim
1638 375 1822 431 audito
1854 383 1881 414 ι
1907 376 2004 431 hoc
2033 393 2138 433 non
2163 383 2219 444 Α
2241 383 2478 452 exemplo
2506 386 2850 442 contumacia:
2871 387 3082 446 cadant.
3143 391 3378 449 Vividum
3423 397 3551 451 enim
3597 401 3764 459 verbm

536 471 865 527 crediderunt
889 511 903 535 ,
932 468 1024 524 sed
1048 485 1151 523 non
1178 484 1356 523 omnes
1404 468 1496 538 qui
1533 469 1770 524 exierunt
1800 470 1865 525 de
1902 469 2140 544 ngypto

536 579 632 634 per
654 561 894 634 Moysen.
933 560 1036 628 Qui
1061 559 1090 598 ι)
1117 570 1291 615 autem
1313 562 1484 632 perosi
1508 561 1556 616 ei
1574 562 2140 636 fueruntquadraginta

532 658 726 713 annis?
759 672 862 711 non
890 656 943 710 hi
963 657 1048 727 qui
1070 666 1425 728 peccaverunt,
1457 672 1676 725 quorum
1691 658 2140 731 cadauerajacue—

528 762 652 806 runt
677 751 731 805 in
759 751 1062 806 solitudine.
1096 750 1293 817 Quibus
1313 761 1488 805 autem
1507 753 1828 819 jurauitnon
1852 753 2138 808 intraturos

531 845 588 899 in
612 844 843 914 requiem
863 859 1032 910 suam,
1063 843 1163 898 nisi
1188 853 1209 882 ε
1240 831 1668 899 contumacibus?
1694 853 1740 898 et
1768 845 1998 900 uidemus
2018 846 2137 914 quia

533 955 638 994 non
667 946 944 1010 potuerunt
972 939 1168 992 intrare
1195 947 1407 1008 propter
1431 937 1870 994 incredulitatem.
1931 937 2139 994 Timea-

533 1051 648 1090 mus
673 1035 848 1104 itaque
876 1050 940 1089 ne
965 1049 1090 1088 casu
1119 1031 1144 1070 ά
1177 1033 1426 1089 derelicto
1447 1036 1693 1090 mandato
1720 1037 1918 1092 intrare
1949 1046 1972 1074 θ
2013 1037 2135 1108 qui-

533 1128 659 1184 dam
682 1138 908 1182 vestrum
935 1128 991 1182 in
1015 1128 1242 1199 requiem
1266 1129 1381 1200 ejus
1407 1145 1507 1183 non
1521 1129 1966 1198 possevideantur.
1991 1129 2136 1186 Nam

531 1231 581 1276 et
607 1220 971 1275 annuntiatum
993 1230 1067 1276 est
1095 1220 1261 1289 nobis,
1295 1222 1730 1291 quemadmodum
1755 1233 1800 1277 et
1817 1223 1996 1290 illis,et
2032 1241 2135 1280 non

531 1314 736 1386 profuit
764 1315 871 1370 illis
900 1314 1112 1369 verbum
1165 1315 1398 1380 auditus,
1433 1331 1537 1370 non
1572 1314 1592 1354 ί
1646 1326 1962 1386 temperatus
2011 1317 2137 1388 [idei

529 1409 854 1463 auditorum.
911 1407 1236 1462 lntrabimus
1266 1417 1290 1454 κ
1346 1409 1484 1463 enim
1525 1409 1577 1462 in
1623 1411 1852 1480 requiem
1879 1413 1991 1484 ejus
2043 1412 2133 1482 qui

527 1501 874 1568 credidimus,
898 1511 954 1556 ut
974 1502 1108 1556 dixit
1132 1518 1151 1556 :
1178 1501 1330 1557 Sicut
1349 1503 1529 1576 juravi
1559 1503 1610 1556 in
1632 1504 1712 1557 ira
1735 1519 1868 1569 mea,
1889 1505 1934 1558 si
1961 1505 2130 1559 intra-

527 1593 652 1649 bunt
675 1595 728 1648 in
761 1593 986 1664 requiem
1015 1609 1200 1650 meam.
1239 1593 1305 1647 Et
1336 1611 1451 1648 cum
1479 1611 1638 1667 opera
1650 1595 1713 1649 ab
1741 1596 2132 1666 originentundi

523 1691 668 1759 facta
721 1697 862 1752 sunt,
896 1686 1028 1740 dixit
1059 1697 1232 1742 tanien
1278 1687 1473 1742 alicubi
1503 1689 1565 1742 de
1613 1688 1698 1744 die
1728 1690 1944 1760 septimo
1966 1706 1987 1743 :
2035 1689 2128 1746 Sic

2239 471 2359 541 Dei,
2387 485 2435 530 et
2462 475 2712 545 validum,
2737 489 2788 534 et
2817 491 3027 536 acutum
3055 485 3196 540 omni
3241 495 3264 522 ο
3289 486 3463 560 gladio
3490 492 3762 563 acutissimo,

2239 576 2286 621 et
2303 578 2577 638 penetrans
2601 586 2759 642 usque
2777 571 2846 627 ad
2869 572 3174 629 divisionem
3201 579 3386 635 animo:
3408 590 3455 635 et
3477 581 3683 653 spiritus,
3700 603 3766 640 ar-

2239 668 2479 731 tuumque
2491 672 2540 716 et
2561 665 2927 733 medullarum,
2951 677 3000 723 et
3027 677 3281 724 scrutator
3303 672 3460 726 animi
3483 684 3525 729 et
3545 677 3766 749 cogitatio-

2240 754 2319 808 nis
2347 755 2544 824 cordis,
2571 767 2618 812 et
2646 775 2746 814 non
2772 769 2850 816 est
2879 761 2992 816 ulla
3015 763 3210 819 creatio
3236 781 3351 836 qua:
3377 783 3474 822 non
3498 780 3658 839 pareat
3677 784 3768 830 ante

2237 849 2423 906 illum:
2448 854 2624 908 omnia
2652 866 2825 911 autem
2850 857 2994 912 nuda
3023 869 3073 914 et
3101 869 3284 930 aperta
3314 863 3475 918 oculis
3519 866 3640 937 ejus,
3659 878 3682 918 Ρ
3714 871 3766 924 sd

2236 959 2384 1013 quem
2409 945 2554 1001 nobis
2578 949 2712 1004 ratio
2731 960 2808 1005 est
2831 949 2880 1021 (1
2888 951 2995 1006 bid.
3029 951 3113 1024 tt).
3138 952 3274 1009 Cum
3297 954 3416 1012 haec
3446 957 3514 1012 ita
3529 957 3647 1026 sint,
3666 978 3766 1028 quo-

2236 1037 2399 1092 modo
2417 1047 2660 1110 potuerat
2674 1043 2796 1114 quis
2813 1052 3057 1100 nostrum
3074 1047 3306 1103 transire
3320 1047 3386 1103 ad
3409 1062 3500 1105 vos
3515 1049 3564 1105 in
3593 1050 3766 1118 perﬁdis

2236 1142 2520 1190 manentes
2537 1135 2890 1194 Judteorum?
2916 1155 3036 1211 quae
3060 1156 3242 1198 rerum
3266 1143 3406 1200 ratio
3418 1159 3515 1200 nos
3525 1146 3659 1203 vobis
3673 1163 3768 1219 pos-

2234 1224 2304 1280 sit
2326 1224 2559 1298 jungere
2582 1225 2931 1287 Christianos
2954 1233 3194 1302 Arianis,
3225 1249 3348 1291 cum
3371 1235 3654 1295 videremus
3695 1256 3768 1297 vos

2234 1331 2356 1375 esse
2384 1318 2535 1375 illius
2563 1322 2746 1392 gentis
2773 1324 3088 1382 imitationis
3121 1338 3149 1377 ιι
3176 1328 3457 1398 perﬁdiae?
3474 1329 3641 1402 dequa
3665 1348 3767 1404 quo-

2231 1411 2397 1467 modo
2427 1425 2651 1483 possent
2677 1432 2959 1490 emergere
2972 1420 3353 1492 confugientes
3363 1423 3431 1480 ad
3449 1423 3648 1482 domum
3665 1427 3765 1485 Dei?

2238 1512 2259 1538 τ
2293 1503 2346 1558 in
2372 1505 2600 1561 Actibus
2629 1511 3004 1579 apostolorum
3034 1512 3251 1570 locutus
3276 1515 3348 1570 ita
3377 1517 3451 1572 sit
3475 1516 3647 1575 Petrus
3671 1521 3769 1578 bea-

2234 1594 2481 1652 tissimus
2524 1597 2750 1655 dicens:
2802 1599 3170 1660 Paenitentiam
3208 1609 3370 1680 agite,
3426 1618 3477 1666 et
3525 1610 3765 1682 baptizatur

2232 1691 2588 1759 unusquisque
2611 1703 2835 1750 uestrum
2869 1697 2923 1750 in
2959 1699 3164 1754 nomine
3213 1701 3432 1758 Domini
3481 1708 3630 1761 nostri
3669 1707 3767 1764 less

524 1794 574 1838 et
611 1783 856 1848 requievit
883 1781 1038 1836 'Deus
1059 1783 1112 1836 in
1144 1783 1227 1838 die
1271 1786 1491 1853 septimo
1519 1783 1584 1838 ab
1629 1782 1864 1838 omnibus
1886 1785 2125 1856 operibus
2155 1787 2204 1847 B
2231 1782 2422 1840 Christi
2450 1787 2505 1842 in
2531 1791 2883 1847 remissionem
2909 1805 3261 1866 peccatorum,
3285 1810 3334 1854 et
3348 1800 3598 1874 accipietis
3615 1803 3767 1859 donant

521 1879 655 1932 suis.
685 1876 750 1931 Et
775 1873 802 1913 δ
830 1876 883 1931 in
911 1877 1008 1930 hoc
1033 1877 1244 1939 iterum,
1269 1877 1315 1931 si
1340 1878 1604 1931 intrabunt
1631 1877 1682 1930 in
1697 1878 1922 1948 requiem
1937 1893 2122 1933 meam.

525 1969 670 2044 Ergo
695 1972 818 2043 quia
845 1983 1079 2042 superest
1113 1971 1128 2008 ί
1155 1973 1471 2043 reliquorum
1490 1974 1689 2026 intrare
1723 1973 1778 2026 in
1803 1973 1973 2040 illam,
1998 1983 2046 2027 et
2069 1973 2123 2028 lii

517 2065 706 2136 quibus
738 2065 880 2132 prius
915 2065 1255 2135 prwdicatunt
1302 2075 1379 2120 est
1417 2081 1517 2120 non
1562 2066 1886 2120 intrauerunt
1909 2077 2122 2136 propter

516 2157 926 2213 contumaciam.
957 2157 1158 2212 Rursus
1175 2157 1336 2212 aliam
1387 2158 1634 2229 prteﬁniit
1675 2159 1811 2213 diem
1855 2159 2030 2225 hodie,
2063 2161 2120 2214 in

512 2248 690 2304 David
701 2250 943 2317 dicendo,
968 2259 1083 2322 post
1106 2261 1308 2304 tantum
1329 2251 1575 2318 temporis
1597 2253 1729 2304 sicut
1750 2264 1900 2305 antea
1926 2253 2120 2308 dictum

514 2356 630 2399 est:
666 2342 1103 2399 llodie‘sivocem
1121 2345 1235 2416 ejus
1265 2343 1560 2410 audieritis,
1617 2345 1776 2399 nolite
1818 2345 2120 2418 prtedurare

513 2439 675 2494 corda
702 2451 890 2502 vestra,
920 2441 1165 2509 quoniant
1193 2441 1239 2494 si
1259 2439 1414 2495 Iesus
1439 2441 1546 2494 illis
1578 2441 1592 2491 i
1625 2441 1852 2509 requiem
1867 2440 2114 2510 dedisset,

507 2549 614 2587 non
645 2532 710 2588 de
740 2531 766 2571 ¹ί
796 2533 903 2588 alia
925 2531 1164 2597 dixisset,
1209 2542 1414 2602 postera
1455 2530 1540 2586 die
1565 2548 1691 2605 ergo
1717 2541 1874 2587 restat
1918 2535 2117 2606 requies

507 2627 702 2699 populo
725 2625 848 2680 Dei.
873 2625 1078 2680 Etenim
1104 2625 1192 2696 qui
1219 2627 1432 2679 intravit
1459 2625 1516 2680 in
1536 2627 1759 2693 requiem
1777 2630 1914 2698 ejus,
1936 2639 1984 2681 et
2007 2629 2116 2700 ipse

503 2721 750 2788 requievit
773 2719 838 2774 ab
854 2719 1095 2790 operibus
1111 2720 1240 2785 suis,
1258 2719 1391 2772 sicut
1411 2737 1441 2772 a
1462 2720 1570 2773 suis
1591 2719 1731 2773 Deus
1751 2719 2110 2794 (llebr.lv,i).

503 2813 644 2882 Quis
675 2822 787 2868 tam
815 2815 1040 2880 stultus,
1074 2822 1132 2867 ut
1157 2827 1282 2868 cum
1311 2811 1430 2866 hu'c
1459 2811 1672 2884 legerit,
1697 2814 1813 2869 Ittec
1840 2817 2115 2885 acceperit

499 2921 536 2962 a
566 2907 728 2963 beato
757 2907 1046 2976 Apostolo,
1072 2907 1339 2963 deserens
1369 2909 1530 2962 tidem
1563 2911 1942 2979 :Ipuslollcnm,
1991 2927 2113 2968 sus-

501 2999 690 3070 cipere
723 3008 898 3055 tentet
926 2998 1221 3055 haeresim?
1273 2999 1409 3068 Quis
1438 3015 1561 3054 eum
1602 3015 1808 3072 negare
1862 3001 2107 3073 audebit,

500 3107 664 3164 quem
698 3091 880 3148 videat
928 3100 1192 3148 aeternam
1248 3093 1496 3162 requiem
1541 3093 1781 3149 tribuere
1827 3103 2108 3166 potentem

2229 1878 2466 1949 Spiritus
2486 1887 2673 1939 sancti.
2710 1885 2867 1941 Vobis
2893 1891 3032 1944 enim
3053 1903 3126 1946 est
3151 1891 3264 1948 hate
3294 1903 3316 1930 ³
3347 1898 3625 1967 promissio,
3665 1908 3704 1954 et
3721 1900 3770 1970 ﬁ-

2227 1969 2314 2027 liis
2335 1975 2532 2042 restris,
2567 1987 2615 2031 et
2639 1980 2877 2035 omnibus
2905 1983 2992 2052 qui
3017 1985 3172 2054 longe
3200 1997 3677 2062 sunt,quoscumque
3691 1969 3767 2046 ad-

2225 2072 2478 2126 vocaverit
2504 2071 2760 2132 Dominus
2785 2075 2928 2134 Deus
2954 2083 3151 2135 vestert
3181 2098 3201 2136 :
3221 2082 3348 2138 aliis
3360 2085 3510 2140 etiam
3523 2087 3668 2142 verbis
3678 2088 3770 2157 pls-

2221 2163 2371 2217 rimis
2395 2166 2783 2222 contestabatur
2801 2177 2829 2206 ιι
2855 2180 2906 2226 et
2928 2171 3306 2230 exhortabatur
3327 2193 3415 2233 eos
3439 2177 3603 2233 dicens
3631 2195 3648 2235 :
3675 2177 3768 2235 Eri-

2223 2255 2327 2324 pite
2349 2274 2435 2312 vos
2451 2276 2482 2313 a
2499 2253 2830 2331 generatione
2847 2263 2943 2319 ista
2958 2281 3118 2333 prava
3137 2268 3280 2337 (Act.
3306 2286 3366 2336 tt,
3385 2271 3497 2328 58).
3529 2270 3630 2328 Nec
3649 2283 3770 2343 pote-

2222 2350 2300 2406 ris
2313 2351 2514 2420 dicere,
2537 2371 2642 2411 non
2665 2372 2758 2412 vos
2774 2373 2897 2414 esse
2908 2359 3137 2418 Arianos
3149 2367 3552 2433 generationem
3571 2383 3763 2438 pravam,

2219 2446 2380 2499 sicuti
2394 2445 2594 2503 iuerint
2608 2465 2672 2506 ac
2685 2451 2998 2520 sintJudtei,
3014 2455 3438 2524 quandocernas
3456 2470 3571 2517 tunc
3583 2460 3765 2529 scribas,

2217 2537 2541 2606 pharismos,
2571 2551 2628 2596 et
2661 2543 2934 2614 principes
2963 2544 3286 2604 indecorum
3320 2549 3520 2608 idcirco
3551 2567 3660 2608 esse
3681 2553 3767 2609 die-

2217 2637 2303 2685 tos
2332 2647 2494 2699 prava
2515 2635 2820 2706 generatio,
2847 2638 2991 2708 quod
3022 2641 3166 2697 enim
3193 2651 3251 2699 et
3285 2644 3381 2700 Dei
3406 2646 3658 2718 negabant
3694 2647 3764 2704 Fi-

2218 2722 2374 2790 lium,
2404 2737 2458 2782 et
2488 2743 2682 2785 omnes
2707 2731 2758 2784 in
2791 2731 2909 2801 ejus
2951 2735 3245 2794 credentes
3277 2739 3522 2796 divinam
3551 2742 3764 2812 majesu-

2214 2823 2322 2870 tem
2349 2833 2846 2890 persequerentur:
2875 2841 3008 2895 non,
3043 2829 3294 2902 inquam,
3322 2836 3527 2905 poteris
3555 2836 3766 2893 dicerete

2212 2919 2378 2983 atque
2403 2924 2636 2971 cunctos
2666 2920 2899 2977 Arianus
2927 2938 3034 2978 non
3058 2939 3182 2981 esse
3225 2931 3622 2998 generationem
3670 2946 3764 3004 pra-

2210 3021 2331 3062 vam
2351 3016 2408 3064 et
2433 3025 2769 3082 perversam,
2795 3016 3016 3086 quando
3044 3018 3160 3076 haec
3178 3021 3307 3076 sitis
3321 3035 3586 3094 gerentes,
3607 3041 3708 3098 qua:
3719 3035 3764 3082 et

2212 3098 2324 3154 illi:
2358 3101 2406 3156 si
2439 3102 2515 3157 illi
2550 3103 2768 3160 luerunt
2800 3109 3023 3166 unicum
3065 3125 3338 3184 negantes
3364 3117 3459 3174 Dei
3486 3118 3681 3186 Filium,
3705 3120 3759 3175 ita

500 3187 861 3263 credentibus
885 3201 946 3241 se
979 3183 1024 3253 ι,
1057 3195 1112 3242 et
1151 3186 1290 3242 velit
1320 3187 1374 3241 in
1404 3185 1556 3241 illum
1587 3187 1820 3242 credere
1849 3202 1972 3244 cum
1999 3203 2107 3257 quo
2135 3186 2180 3250 C
2211 3190 2391 3248 facitis
2419 3205 2474 3250 et
2498 3211 2629 3251 vos:
2660 3199 2704 3253 si
2737 3198 2818 3255 illi
2874 3183 3166 3274 persecuti:
3193 3219 3328 3264 sunt
3357 3225 3542 3268 servos
3583 3222 3760 3268 tolerate

497 3281 732 3350 incipiat
758 3280 812 3335 in
843 3290 1108 3336 aeternum
1163 3279 1386 3350 puniri?
1416 3279 1550 3348 Quis
1574 3290 1660 3337 est
1719 3280 1846 3336 talis
1895 3281 1998 3338 nisi
2049 3293 2106 3340 tu
2209 3284 2516 3344 clementia:
2537 3288 2678 3360 ejus,
2710 3295 3100 3366 persequimini
3131 3301 3302 3357 etiam
3327 3318 3443 3359 vos.
3484 3304 3612 3373 Quid
3633 3304 3760 3376 igitur

497 3375 858 3432 Constantius
886 3373 1214 3444 Imperator,
1248 3373 1718 3445 quidereliquisﬁ
1746 3373 1962 3429 Domini
1986 3389 2109 3431 cas-
2208 3389 2526 3449 oportuerat
2546 3398 2648 3438 nos
2700 3383 2902 3456 facere,
2954 3389 3061 3444 nisi
3111 3393 3416 3450 secundum
3465 3395 3600 3453 Petri
3649 3373 3757 3451 beati

491 3478 602 3536 tra,
635 3479 690 3525 et
721 3470 1014 3523 transitum
1042 3465 1223 3522 fecisti
1249 3468 1316 3521 ad
1349 3465 1554 3522 diaboli
1580 3467 1846 3522 domum?
1877 3467 1995 3522 Non
2009 3469 2107 3524 de-
2209 3483 2543 3544 praeceptum
2582 3477 2969 3538 recederemus
2991 3497 3023 3537 a
3073 3483 3228 3542 vobis
3279 3489 3595 3560 sacrilegis?
3637 3487 3757 3547 Unde

495 3563 736 3633 legimus
763 3560 981 3623 ardere.
1015 3561 1177 3615 sicuti
1211 3571 1268 3614 tu
1290 3559 1538 3630 delegisti
1571 3574 1697 3614 cum
1723 3570 1974 3617 amatore
2006 3574 2104 3617 tuo
2205 3565 2349 3622 enim
2381 3568 2658 3625 vobiscum
2683 3581 2901 3641 poterat
2927 3576 3272 3634 convenire?
3301 3595 3426 3637 cum
3449 3559 3634 3638 dixerit
3673 3580 3755 3635 Do-

493 3657 742 3722 diaholo,
771 3653 868 3710 sed
899 3655 951 3708 iu
985 3654 1231 3724 requiem
1265 3664 1589 3724 perpetuam
1622 3654 1830 3709 intrare
1874 3654 2099 3710 festina-

491 3763 810 3820 mus,quam
828 3756 867 3784 ω
886 3755 978 3802 tua
995 3747 1194 3802 astutia
1213 3758 1567 3817 pomeramus
1579 3747 1786 3818 capi,et
1803 3763 1832 3801 a
1849 3749 1930 3802 via
1949 3748 2098 3806 ﬂecti

485 3845 764 3910 veritatis,
789 3841 1010 3912 quando
1061 3841 1238 3896 adhuc
1273 3842 1525 3898 hortetur
1553 3843 1862 3913 Apostolus
1889 3842 1956 3898 ad
2009 3858 2100 3900 re-

487 3937 674 4011 quiem
704 3934 1281 4007 comprehendendam
1307 3945 1570 3991 :eternam
1611 3935 1829 3993 dicens:
1859 3935 2098 3994 Festine-

486 4050 611 4090 mus
628 4031 1080 4106 igiturintrarein
1097 4030 1248 4087 illam
1269 4031 1586 4102 requiem,ne
1601 4029 1768 4103 aliqui
1791 4032 1848 4088 in
1867 4041 1895 4070 η
1915 4034 2096 4090 eodem

561 4223 588 4250 ιι
619 4211 812 4267 Audito
843 4208 1292 4266 exacerbauerunt.
1318 4207 1456 4264 Ead.

560 4283 587 4324 δ
616 4284 813 4351 Quibus
840 4294 1012 4338 autem
1039 4291 1088 4336 et
1117 4281 1453 4355 perosusfuit
1478 4281 1712 4355 suannis
1735 4281 1842 4338 ?...
1863 4300 2085 4355 quorum

484 4375 602 4411 ossa
623 4355 940 4420 ceciderunt,
965 4352 1496 4426 etc.l£adent.Grapc.
1528 4354 1706 4426 Yeles.
1730 4352 2080 4426 apud'Sahat.

484 4427 664 4501 habet~
677 4431 957 4501 πτώματα.
1006 4429 1276 4501 cadauera,
1327 4435 1384 4480 ut
1410 4424 1646 4501 Luciler_.

573 4508 595 4536 ο
627 4497 808 4605 Graec;
837 4502 880 4553 si
901 4505 1103 4605 μήΔτοῐς
1129 4499 1593 4565 ἀπειθήσασι,ευιιι
1614 4497 1791 4556 Lucil.
1811 4498 1936 4556 Nisi
1961 4517 2086 4558 con-
2114 4545 2168 4605 D

573 4585 714 4605 tant-ne
816 4585 903 4605 ονε
1011 4578 1063 4605 nl

491 4577 737 4624 tuntaces.
768 4567 926 4624 νει-δ’.
961 4572 1089 4623 Ant.

560 4639 587 4679 ιι
620 4638 795 4712 (ii-mc.
830 4645 900 4712 μή
924 4661 1074 4696 ποτε.
1104 4637 1242 4694 Casu
1268 4639 1537 4696 omittitur
1564 4642 1617 4698 in
1644 4641 1803 4701 Vers.
1854 4645 1984 4700 Ant.

560 4724 584 4751 υ
617 4709 906 4767 Intrare'in
925 4712 1148 4781 requiem
1177 4713 1291 4782 ejus
1339 4712 1625 4786 neglexisse
1664 4717 1781 4785 quis
1823 4715 2083 4772 uideatur.

482 4783 642 4841 Vers.
677 4785 807 4839 Ant.

561 4857 581 4895 τ
605 4856 740 4913 Cum
769 4853 983 4934 Graeco,
1014 4853 1040 4909 ὁ
1068 4855 1221 4934 λὸγοί
1241 4860 1312 4928 μὴ
1341 4859 1770 4934 συγκεκραμένρςῗ
1793 4875 1962 4934 sermo
1984 4878 2085 4915 non

437 4912 448 4926 ’
480 4912 816 4998 tempera'us.
844 4912 1034 4982 Latine
1052 4912 1498 4998 Vero-legendum
1522 4912 1648 4982 isuln
1681 4912 1904 4986 sibila;

478 4997 1022 5073 Antistemperatunt,
1058 4997 1178 5052 scil.
1227 4997 1456 5053 verbum.
1507 4999 1638 5054 Mss.
1672 5002 1887 5069 plurimi
1942 5004 2082 5073 apud

479 5072 734 5146 eumdem
762 5076 832 5144 μὴ
862 5073 1325 5146 σςυγκεκραείὲνους,
1351 5087 1455 5146 non
1483 5080 1812 5146 temperatos.
1853 5072 2084 5146 Praeter-

479 5157 549 5198 ea
590 5143 642 5198 in
684 5140 838 5198 vers.
868 5140 995 5196 Ant.
1026 5140 1102 5193 est
1129 5141 1233 5211 fide
1263 5157 1360 5210 pro
1379 5143 1525 5211 ﬁdei,
1559 5140 1706 5213 quod
1734 5143 1899 5202 habet
1924 5145 2086 5202 Luci-

481 5213 566 5270 fer
601 5231 725 5289 cum
749 5213 944 5270 Gt'tBCo
1050 5216 1249 5289 τςίστει.

555 5294 581 5332 8
615 5285 878 5342 lntrumus
903 5283 1038 5338 enim
1065 5284 1118 5338 in
1151 5283 1400 5355 requiem,
1450 5285 1541 5356 qui
1594 5286 1876 5343 credimus.
1919 5288 2077 5346 Vers.

477 5359 610 5414 Ant.

552 5426 582 5466 ἰ
604 5427 672 5483 Et
696 5431 752 5484 in
779 5430 875 5484 ltoc
896 5429 1082 5483 iterum
1107 5427 1224 5483 sic:
1249 5426 1338 5493 Et,
1356 5438 1464 5484 etc.
1488 5427 1626 5486 Ead.
1650 5429 1745 5486 sed
1761 5430 1936 5488 Graec.
1954 5447 2078 5490 cum

477 5499 654 5574 Lucil.
688 5504 776 5556 καί
802 5503 852 5556 ἐν
881 5504 1049 5574 τούτῳ
1081 5501 1232 5557 πάλιν
1250 5517 1263 5532 ⁶
1298 5503 1342 5554 εἰ
1366 5510 1475 5556 etc.

558 5570 572 5609 ί
611 5573 856 5645 Superest
914 5570 1159 5644 reliquos.
1195 5612 1209 5626 .
1250 5611 1263 5624 .
1321 5573 1626 5643 praedictum
1675 5582 1751 5628 est
1780 5615 1797 5638 ,
1851 5574 2075 5634 Eadem.

477 5643 700 5700 Lucifer
728 5661 796 5721 ex
820 5645 1035 5721 Graeco,
1166 5645 1223 5721 ei
1245 5645 1496 5721 grpérspov
1522 5645 1984 5720 εὐαγγελισθέντες.

558 5719 572 5762 1
609 5718 801 5778 Αὐτοὺς
830 5717 882 5771 in
910 5715 1088 5772 Graec.
1123 5714 1216 5770 llli
1245 5714 1558 5770 Vers.'Attt.

552 5782 682 5864 |{De
733 5787 1034 5864 aliis_lcg_i‘t
1079 5787 1266 5864 S_abat.
1317 5785 1493 5864 Graec.
1545 5791 1668 5864 περὶ
1715 5786 1869 5853 ἄλλης
1923 5800 1983 5848 ιιι
2022 5793 2076 5850 in

472 5862 665 5920 nostra
688 5857 823 5916 edit.
847 5857 926 5914 De
943 5856 1068 5915 alio.
1103 5856 1262 5916 Vers.
1313 5856 1442 5916 Ant.
1476 5859 1532 5916 in
1579 5856 1684 5932 qua
1726 5872 1934 5933 postera
1991 5864 2077 5920 die

2207 3661 2389 3718 minus
2412 3663 2464 3718 in
2489 3663 2825 3737 Evangelia:
2848 3667 3306 3729 Attendite'uobis
3334 3693 3367 3730 a
3395 3673 3754 3748 ferntentol’lui-

2203 3755 2469 3810 risteorum
2484 3773 2600 3828 qua:
2615 3768 2688 3812 est
2699 3758 2992 3831 hypocrisis
3005 3761 3158 3831 (Luc.
3177 3781 3274 3826 sn.
3293 3765 3370 3841 1).
3387 3769 3653 3838 Quomodo
3673 3781 3750 3837 po-

2200 3854 2481 3904 tueramus
2497 3848 2552 3904 in
2573 3865 2682 3905 uno
2696 3851 2860 3907 esse?
2879 3867 3000 3908 cum
3019 3853 3320 3914 Corinthiis
3341 3861 3580 3916 scribens
3595 3856 3754 3915 dixerit

2199 3940 2396 3999 beatus
2411 3942 2710 4014 Apostolus
2729 3963 2742 4000 :
2773 3945 2998 4003 Omnino
3015 3951 3229 4007 auditur
3239 3953 3376 4011 inter
3395 3970 3482 4010 vos
3498 3953 3750 4027 fornicatio,

2198 4043 2248 4090 et
2269 4037 2388 4091 talis
2415 4037 2692 4108 fornicatio
2707 4040 2873 4110 qualis
2895 4057 2987 4097 nec
3008 4042 3142 4100 inter
3182 4057 3378 4117 gentes,
3399 4049 3482 4103 ‘ita
3494 4058 3546 4103 ut
3580 4061 3751 4103 uxorein

2197 4217 2768 4346 cu?l:e::0Liigfffel
2782 4220 3051 4296 jungitur,
3093 4226 3204 4286 alio
3231 4242 3399 4288 sensu
3435 4245 3497 4288 ac
3517 4231 3569 4288 in
3607 4226 3748 4287 Lucil.

2264 4329 2816 4438 m'o'.42}°z"3£;{'zua.
2849 4367 2958 4426 'l‘il.
2995 4369 3289 4438 Quomodo.
3349 4373 3525 4431 Latin.
3575 4375 3657 4431 sed
3693 4387 3744 4429 ex

2195 4441 2425 4520 utroque
2453 4434 2530 4520 ita
2553 4451 2744 4520 sensus
2768 4434 3214 4520 interrogationis
3243 4446 3388 4504 ettici
3421 4459 3748 4520 potestzqws

2192 4517 2436 4581 cumtua
2451 4509 2643 4581 astutia
2667 4512 2925 4581 quomodo
2953 4509 3059 4571 etc.

2266 4578 2692 4658 "LegirSalmt.
2743 4583 2797 4638 in
2841 4586 2978 4658 idem
3014 4590 3332 4658 exemplum.
3383 4591 3558 4648 Editio
3597 4595 3746 4646 nostra

2191 4664 2314 4705 cum
2337 4648 2436 4734 βυτ
2541 4659 2616 4726 τῷ
2799 4648 3203 4734 παραδείγματι-ἓ,
3234 4673 3288 4718 et
3318 4679 3442 4719 cum
3477 4663 3621 4720 Vers.
3641 4663 3743 4717 Ant.

2189 4735 2313 4792 qum
2327 4721 2528 4795 liabet,
2563 4721 2628 4777 ne
2649 4721 2905 4795 aliquis.'.
2940 4767 2955 4780 .
2991 4771 3006 4784 .
3029 4721 3248 4788 'c'adat'a
3268 4737 3501 4790 veritate.

2265 4802 2289 4829 °
2311 4793 2644 4882 ὑπὲρ
2665 4793 2844 4882 figas
2870 4803 3142 4882 μάχαιραν
3169 4803 3430 4882 δίστομον,
3467 4805 3610 4882 \lers.
3639 4804 3742 4882 Aut.

2189 4866 2329 4947 omni
2355 4865 2532 4947 gladio
2557 4865 2929 4940 acutissimum,
2948 4865 3010 4927 ’ἐι
3045 4865 3493 4934 ἓοηιιαιονάιιίηιὶ
3516 4888 3562 4932 et
3585 4877 3743 4947 cogita-

2189 4937 2341 4990 tionis
2363 4938 2554 4992 cordis.

2261 5019 2288 5057 ρ
2312 5007 2379 5063 Ut
2411 5009 2477 5094 in.
2497 5009 2712 5094 Graeco,
2732 5014 2937 5094 πρόεὸγ
2959 5021 3075 5094 ἡμῖν
3097 5021 3123 5077 ὁ
3143 5022 3310 5094 λόγος.
3337 5023 3495 5079 Vel's-
3519 5023 3633 5077 Αηι·
3647 5025 3742 5094 ΨΜ

2186 5095 2339 5208 qufem
2359 5079 2502 5136 nobis
2531 5087 2699 5139 oratio
2720 5079 2808 5142 es't.
2842 5079 3031 5145 Sabai.
3062 5092 3192 5164 legit
3209 5079 3386 5149 oratio
3412 5094 3638 5153 etiamin
3655 5089 3739 5142 ιιι·

2187 5166 2235 5208 cr
2267 5192 2280 5205 .

2187 5166 2280 5208 Cll.

2259 5233 2286 5274 (ι
2309 5221 2634 5282 Imitatores.
2667 5227 2850 5289 Latin.
2883 5240 2940 5287 et
2977 5232 3082 5289 Til.

2261 5304 2282 5332 τ
2313 5295 2498 5367 Forte.
2533 5315 2650 5353 cum
2671 5301 2748 5367 in,
2777 5310 2886 5359 etc.

2257 5374 2280 5400 ⁸
2311 5365 2447 5452 Qum
2470 5371 2634 5452 (ἕχον.
2661 5365 2824 5452 epist.
2855 5375 2943 5431 75.
2964 5375 3268 5452 AVers.Ant.
3288 5380 3425 5436 vobis
3437 5380 3564 5434 enim
3589 5382 3731 5429 estre-

2183 5440 2482 5509 promissio.
2505 5439 2742 5504 61⁸ωοίὴ
2771 5448 2873 5503 ἐπα
2940 5449 3070 5505 diu.

2253 5512 2277 5591 ᾗ
2311 5509 2541 5591 lVoster._
2561 5514 2736 5570 Latin.
2766 5470 3072 5575 cunmm.
3104 5522 3231 5578 Ant.
3267 5523 3336 5579 Et
3367 5522 3516 5591 Vulg.

2253 5582 2482 5673 ξι,
2516 5585 2887 5673 διεμαρτύρετο
2915 5597 2998 5673 κριὲ
3023 5596 3313 5673 παρεφλιι.
3345 5582 3534 5673 me:
3557 5587 3732 5673 add“!

2181 5655 2527 5735 mss._plnres
2552 5655 2913 5735 apuit__bi.bat.
2947 5655 3108 5720 Vers.’
3161 5667 3290 5723 Ant.
3343 5668 3626 5735 testiﬁcatus
3667 5665 3727 5711 est

2181 5734 2230 5778 et
2250 5728 2642 5806 exliortabatur,
2665 5731 2840 5806 dicens
2862 5735 3206 5806 .jsalvamini,
3224 5747 3332 5796 etc.
3457 5728 3468 5735 ’
3613 5743 3622 5750 ’

2211 5866 2224 5879 .
2252 5805 2279 5833 ν
2311 5794 2832 5879 (ἶπέεεοβρρτῑέχστεο
2857 5805 3012 5879 νεῑϐο
3045 5794 3385 5876 Αιιῑ.ἐὰυειε,
3551 5817 3652 5877 qua:
3665 5807 3725 5854 cst

2177 5868 2458 5928 simulatio.
2487 5868 2858 5936 Lucifer'cum
2886 5876 3115 5940 Tertull.
3148 5881 3244 5940 lib.
3270 5897 3341 5939 tv.
3362 5868 3482 5938 adv.
3507 5868 3652 5936 Marc.
3711 5914 3720 5927 ο
