3972 6352
222 311 331 379 785

906 322 996 380 DE
1031 322 1173 381 NON
1209 320 1700 399 CONVENIENDO
1735 321 1885 382 CUM
1924 322 2322 384 HERETICIS
2359 324 2566 383 LIBER
2605 326 2814 385 UNUS.

3410 328 3516 388 786

220 432 388 504 patris
417 432 605 505 aliquis
631 433 837 503 habeat,
868 443 916 489 et
942 450 1031 489 vos
1062 434 1236 504 inﬂati
1257 436 1403 503 estis,
1426 444 1474 490 et
1500 452 1602 491 non
1646 436 1819 509 potius
1848 438 1901 499 Α
1924 435 2239 509 Cujusmodi
2263 438 2346 494 vis
2374 438 2565 512 fugere
2592 455 2694 497 nos
2712 441 2918 499 debere
2938 442 3398 501 fornicationem?
3418 444 3527 515 Qui

221 525 420 580 lactant
449 527 721 592 habuistis,
756 537 811 582 ut
866 528 1181 584 tollereture
1228 528 1402 584 medio
1438 540 1683 597 vestrum,
1731 532 1821 602 qui

220 618 321 674 hoc
361 638 489 694 opus
517 622 638 693 fecit
690 621 758 696 (ll
804 620 927 677 Cor.
965 638 1018 677 v.
1072 622 1150 694 1).
1213 622 1269 680 Si
1321 622 1485 695 igitur
1528 625 1821 696 Apostolus

219 714 534 786 bujusmodi
566 732 702 787 opus
739 726 1061 787 operantem
1084 717 1311 787 jusserit
1364 718 1483 774 tolli
1531 734 1563 775 e
1616 719 1819 786 medio,

218 824 292 864 ne
316 808 569 865 videlicet
598 824 699 882 per
729 810 876 866 illius
895 810 1213 867 societatem
1234 812 1412 866 omnis
1436 826 1821 882 corrumpere-

218 910 310 955 tur
338 900 597 969 ecclesia,
623 911 833 974 quanto
862 903 1033 973 magis
1059 903 1281 974 dignum
1317 902 1515 971 fuerat,
1540 919 1636 959 vos
1674 905 1824 977 fuge-

218 1009 409 1050 remus
422 993 777 1065 blaSphemos
794 995 818 1049 ?
833 996 880 1050 si
904 995 1054 1051 illum
1076 996 1367 1053 tradidisse
1390 1010 1594 1052 satana:
1614 1006 1819 1066 narrat,

216 1099 428 1159 quanto
456 1090 631 1160 magis
656 1098 787 1147 tunc
811 1106 911 1147 vos
925 1090 1037 1161 jam
1070 1091 1296 1147 traditos
1322 1107 1445 1149 esse
1474 1093 1615 1149 scire
1656 1093 1823 1149 debe-

217 1182 541 1253 tis,quando
569 1183 662 1238 Dei
690 1184 972 1253 cmperitis
1000 1199 1199 1255 negare
1214 1184 1450 1240 Filium?
1480 1182 1593 1257 Ego
1613 1186 1823 1256 quidem

213 1278 353 1332 sicut
383 1278 566 1334 absens
595 1294 1072 1351 corpore,prtesens
1091 1289 1117 1317 ι
1145 1290 1318 1335 autem
1346 1280 1528 1352 spiritu
1544 1284 1663 1352 jam
1669 1279 1821 1351 judi-

212 1376 333 1430 cavi
361 1384 420 1430 ut
457 1391 684 1448 prasens
714 1376 933 1443 eumqui
955 1376 1029 1430 sic
1042 1386 1283 1449 operatus
1309 1388 1382 1431 est
1410 1376 1465 1430 in
1482 1375 1687 1430 nomine
1718 1372 1824 1449 Do-_

212 1468 351 1523 mini
387 1466 551 1537 Iesu,
600 1471 930 1542 congregatis
965 1469 1104 1525 vobis
1161 1479 1211 1525 et
1267 1470 1455 1542 spiritu
1501 1485 1651 1535 meo,
1705 1485 1822 1522 cum

212 1562 409 1617 uirtute
438 1561 652 1617 Domini
665 1564 829 1618 nostri
876 1562 1005 1618 Iesu
1022 1563 1227 1620 tradere
1244 1562 1823 1638 hujusmodihominem

210 1653 240 1694 ι’
265 1667 473 1711 satana:
496 1658 552 1711 in
574 1656 839 1712 interitum
868 1659 1059 1724 carnis,
1090 1668 1145 1713 ut
1190 1659 1406 1730 spiritus
1456 1656 1631 1711 salvus
1651 1657 1718 1711 sit
1768 1659 1823 1711 in

209 1750 303 1805 die
328 1748 543 1807 Domini
575 1752 739 1805 nostri
781 1751 909 1807 Iesu
931 1751 1143 1808 Christi.
1178 1751 1325 1807 Bona
1354 1762 1377 1791 °
1406 1752 1653 1824 gloriatio
1704 1768 1822 1808 ves-

1923 533 2068 589 enim
2099 542 2301 603 praeter
2326 549 2577 601 uxorem,
2606 536 2771 591 aliam
2792 546 2978 608 petere
3001 539 3259 605 voluerit,
3284 539 3528 596 fornica-

1922 626 2037 683 rius
2063 626 2281 683 dicitur.
2312 628 2443 684 item
2468 628 2557 697 qui
2585 629 2749 684 idolis
2782 631 3059 698 servierit,
3088 630 3390 688 fornicatus
3435 633 3526 688 di-

1921 719 2393 792 citurzquoniam
2425 722 2647 793 quidem
2706 724 2877 781 Deum
2937 724 3327 798 derelinquens
3379 726 3530 783 idola

1924 810 2233 867 adoraverit
2259 830 2271 868 :
2299 812 2557 870 similiter
2580 815 2669 887 qui
2701 814 2993 873 haereticus
3038 829 3145 886 est,
3198 818 3531 875 fornicatius

1921 916 2165 962 vocatur.
2189 906 2434 976 Quodvis
2461 908 2529 964 de
2556 908 2643 963 his
2671 925 2942 981 cognosce
2965 912 3188 983 gravius
3247 927 3373 969 esse
3410 913 3523 969 cri-

1922 1014 2071 1063 men,
2106 999 2421 1057 haereticum
2453 1002 2595 1067 fieri,
2624 1002 2790 1059 idolis
2810 1006 3047 1071 servire,
3079 1020 3149 1060 an
3176 1005 3534 1061 committere

1922 1096 2219 1152 secundum
2259 1112 2479 1153 carnem
2511 1097 2883 1154 adulterium?
2910 1098 3049 1168 Quia
3074 1115 3210 1171 ergo
3232 1100 3349 1156 sive
3389 1113 3529 1170 gen-

1926 1191 2072 1258 tiles,
2103 1192 2219 1248 sive
2239 1206 2337 1247 vos
2360 1192 2601 1248 haeretici
2628 1192 2955 1249 idololatres
2988 1192 3010 1231 ί
3062 1194 3330 1260 dicimiui,
3377 1203 3534 1250 utra-

1924 1302 2031 1357 que
2068 1301 2193 1357 pars
2210 1286 2576 1343 idololatriam
2604 1288 2673 1343 sit
2698 1302 2920 1359 gerens,
2942 1304 3169 1346 neceSse
3196 1299 3310 1345 est:
3336 1299 3392 1346 et
3450 1300 3534 1345 ta-

1925 1396 2050 1435 men
2082 1380 2208 1451 quia
2236 1394 2267 1433 a
2298 1389 2322 1427 Β
2346 1380 2554 1435 carnali
2583 1381 2969 1443 fornicatione,
2996 1393 3258 1452 quantum
3286 1381 3392 1438 dici
3421 1396 3536 1437 non

1926 1483 2127 1545 potest,
2157 1473 2300 1543 quod
2330 1471 2359 1511 ιι
2390 1474 2625 1529 vastiora
2651 1474 2762 1529 sint
2794 1475 2883 1530 illa
2915 1475 3023 1530 duo
3050 1476 3279 1531 crimina
3325 1475 3531 1531 intelli-

1925 1583 2043 1640 ges.
2066 1565 2337 1637 Conspice
2364 1569 2562 1638 quibus
2590 1576 2643 1623 te
2680 1568 3022 1639 jugulaveris
3078 1569 3259 1625 malis.
3315 1568 3535 1625 Clamat

1926 1660 2104 1717 adhuc
2126 1662 2317 1717 dicens
2346 1663 2732 1719 sanctissimus
2785 1662 3117 1733 Apostolus:
3142 1662 3309 1717 Omne
3348 1678 3535 1731 pecca-

1929 1764 2036 1809 tum
2062 1754 2200 1827 quod
2230 1756 2409 1826 fecerit
2437 1754 2592 1809 homo
2619 1765 2764 1810 extra
2779 1771 2970 1827 corpus
2984 1764 3079 1820 est,
3103 1756 3192 1827 qui
3218 1763 3391 1809 autem
3418 1756 3534 1826 for-

207 1854 320 1913 tra,
344 1847 553 1902 nescitis
578 1847 700 1918 quia
730 1846 991 1902 modicum
1039 1850 1349 1919 fermentum
1382 1856 1542 1901 totam
1594 1863 1818 1901 massam
1849 1842 1897 1904 B
1926 1848 2147 1915 nicatar,
2178 1848 2233 1901 in
2260 1864 2453 1918 corpus
2481 1864 2628 1902 suum
2657 1857 2835 1919 peccat
2866 1846 3029 1918 (Ibid.
3058 1847 3171 1919 18).
3201 1847 3286 1901 Et:
3308 1846 3429 1901 Non
3451 1863 3535 1901 es-

208 1940 527 2013 corrumpit.
582 1939 882 2012 Expurgate
931 1950 1071 1995 uetus
1127 1942 1431 2009 fermentum
1460 1950 1513 1994 ut
1558 1941 1670 1994 sitis
1692 1957 1822 1995 nova

208 2032 540 2105 conspersio,
573 2042 630 2087 ut
660 2035 783 2088 estis
810 2035 983 2105 azymi
1008 2032 1171 2106 (Ibid.
1205 2034 1283 2106 ὅ).
1316 2034 1446 2090 llaec
1471 2048 1593 2090 cum
1621 2035 1694 2091 sit
1737 2033 1821 2089 in-

206 2126 468 2194 crepatio
515 2126 787 2196 Apostoli,
836 2136 1095 2197 poterant
1144 2127 1445 2183 Chrisuani
1492 2126 1823 2182 Antichristi

207 2219 475 2290 conjungi
516 2220 735 2275 servis?
764 2220 1050 2287 Quomodo
1103 2221 1248 2277 enim
1294 2236 1402 2276 non
1460 2220 1655 2276 fuisset
1696 2235 1821 2275 cor-

206 2321 597 2384 ruptustanta:
625 2312 982 2380 blasphemia:
1014 2323 1212 2369 vestra:
1267 2314 1517 2378 venenis,
1574 2312 1821 2386 quando-

205 2407 441 2479 quidem
472 2407 588 2464 sive
618 2409 670 2463 in
711 2407 1010 2481 hypocrisi,
1039 2409 1153 2465 sive
1176 2424 1243 2464 ex
1265 2422 1397 2463 vero
1420 2409 1544 2478 quis
1570 2424 1821 2463 commuv

208 2500 370 2557 nicet
390 2501 565 2565 vobis,
602 2500 672 2555 sit
696 2500 748 2555 iu
764 2500 977 2572 ingenti
1003 2501 1277 2570 periculo;-
1298 2516 1421 2556 cum
1455 2512 1679 2571 propter
1704 2501 1819 2555 hae-

208 2595 385 2650 resim
420 2606 655 2651 vestram
680 2610 1103 2652 secerneremur
1129 2611 1159 2650 a
1188 2595 1376 2651 vobis?
1400 2595 1689 2664 Quomodo
1721 2595 1824 2651 ile-

209 2704 343 2745 rum
363 2688 651 2745 adhaerere
676 2689 1059 2760 potueramus?
1077 2704 1199 2744 cum
1224 2704 1324 2742 vox
1346 2688 1415 2743 sit
1438 2688 1819 2758 dicentisApo-

206 2783 345 2838 stoli
370 2801 385 2835 :
422 2782 624 2851 Scripsi
645 2783 784 2838 vobis
813 2783 865 2838 in
906 2784 1125 2856 epistola
1146 2800 1248 2837 non
1266 2783 1471 2837 miscrri
1497 2783 1817 2857 fornicariis,

208 2892 320 2931 non
344 2876 520 2947 utique
544 2877 839 2949 fornicariis
859 2876 1018 2951 hujus
1045 2878 1344 2943 mundi,aut
1369 2878 1660 2938 avaris,aut
1688 2894 1819 2947 rap-

208 2971 1101 3043 toribus,autidololatris.alioquin
1123 2972 1412 3027 debueratis
1439 2975 1503 3027 de
1514 2972 1612 3027 hoc
1627 2972 1822 3028 nmndo

208 3064 593 3122 exiisse.Nunc
607 3075 778 3120 autem
803 3067 988 3136 scripsi
1011 3067 1150 3121 vobis
1172 3084 1276 3121 non
1303 3065 1823 3132 commisceri,siquis

208 3144 385 3230 frater
428 3160 730 3214 nominatur
758 3157 785 3196 ἀ
817 3160 1103 3232 fornicator
1132 3169 1156 3197 ε
1187 3170 1278 3214 aut
1308 3176 1514 3223 at'arus,
1536 3172 1627 3216 aut
1649 3160 1820 3215 idolo-

1931 1942 1996 1997 tis
2025 1942 2199 1997 vestri.
2230 1938 2411 2012 Empti
2438 1941 2574 1996 enim
2598 1942 2722 1995 estis
2739 1943 2922 2011 pretio.
2961 1940 3265 2009 Cloriﬁcate
3285 1951 3334 1995 et
3361 1940 3377 1977 ί
3410 1957 3534 2010 por-

1928 2042 2030 2088 tate
2060 2033 2343 2089 Dominum
2369 2036 2420 2089 in
2449 2051 2667 2105 corpore
2689 2046 2856 2089 vestro
2886 2033 3050 2104 (Ibid.
3077 2032 3191 2108 19).
3244 2034 3536 2103 Quomodo

1928 2127 2133 2197 poteris
2157 2138 2379 2197 portare
2404 2128 2595 2191 Deum,
2638 2127 2955 2194 Constanti,
3016 2128 3069 2182 in
3121 2143 3357 2198 corpore
3413 2137 3535 2196 tuo,

1926 2235 2050 2276 cum
2082 2220 2439 2290 apostolicam
2498 2220 2661 2275 lidem
2717 2220 3037 2291 rejiciendo,
3102 2221 3533 2290 htrreticamque

1928 2313 2299 2385 suscipiendo,
2342 2329 2447 2369 non
2476 2323 2527 2368 te
2554 2313 2699 2368 illius
2726 2328 2848 2370 esse
2878 2313 3110 2379 dixeris,
3152 2314 3309 2384 cujus
3359 2328 3420 2369 se
3448 2312 3538 2367 di-

1929 2418 2125 2464 xerunt
2148 2417 2331 2477 patres
2366 2408 2564 2475 nostri,
2594 2407 2896 2473 Abraham,
2927 2407 3099 2472 Isaac,
3126 2414 3183 2463 et
3203 2407 3395 2472 Iacob,
3429 2406 3531 2461 sed

1928 2510 1985 2558 et
2004 2500 2187 2556 cuncti
2219 2499 2521 2572 prophetae,
2554 2501 2813 2570 apostoli,
2872 2514 2937 2554 ac
2987 2498 3297 2569 martyres?
3328 2497 3538 2553 Deinde

1927 2594 1973 2650 si
2000 2594 2091 2664 qui
2114 2592 2412 2648 fornicator
2444 2592 2498 2647 in
2524 2606 2724 2661 corpus
2753 2606 2913 2646 suum
2940 2600 3025 2647 est
3052 2606 3306 2661 peccans.
3327 2600 3535 2661 quanto

1928 2685 2101 2755 magis
2130 2695 2186 2739 tu
2208 2685 2299 2754 qui
2330 2685 2406 2738 sis
2437 2699 2545 2738 non
2576 2699 2670 2753 per
2695 2698 2917 2738 carnem
2951 2684 3158 2737 tantum
3182 2681 3314 2736 illud
3368 2681 3540 2752 perli-

1927 2780 2084 2837 ciens
2112 2780 2384 2851 serpentis
2411 2794 2571 2850 opus,
2601 2778 2697 2835 sed
2726 2787 2782 2833 et
2805 2793 2899 2847 per
2929 2779 3098 2847 ipsam
3120 2778 3389 2832 auiumm?
3403 2776 3542 2830 Nes-

1928 2874 2040 2928 citis
2062 2873 2183 2944 quia
2203 2873 2292 2944 qui
2312 2888 2367 2927 se
2390 2872 2570 2943 jungit
2593 2872 2852 2925 meretrici
2878 2887 3040 2924 uuunt
3083 2885 3272 2939 corpus
3299 2879 3395 2934 est,
3445 2870 3540 2941 qui

1928 2970 2298 3041 autemjungit
2323 2965 2619 3022 seDomino
2642 2983 2776 3020 unus
2820 2966 3036 3035 spiritus
3076 2974 3151 3020 est
3199 2962 3369 3033 (Ibid.
3423 2964 3541 3035 16).

1928 3063 2062 3119 Cum
2093 3064 2372 3134 sacrilegis
2402 3078 2469 3118 ne
2491 3074 2546 3118 et
2570 3064 2669 3133 ipsi
2699 3063 2821 3117 facti
2852 3064 2904 3117 in
2934 3078 3167 3132 corpore
3187 3060 3519 3129 meretricis,

1929 3174 2036 3213 non
2066 3173 2402 3213 mereremur
2430 3171 2553 3211 esse
2580 3155 2792 3209 Domini
2820 3156 3029 3221 famuli,
3060 3154 3158 3209 sed
3183 3156 3293 3222 jam
3319 3165 3379 3207 ut
3429 3167 3531 3207 vos

206 3270 331 3308 rum
361 3254 551 3320 cultor,
566 3263 658 3309 aut
679 3256 1083 3323 maledicus,aut
1104 3255 1360 3317 ebriosus,
1383 3263 1475 3309 aut
1500 3270 1821 3324 rapax,cum
1847 3247 1892 3309 C
1926 3252 2074 3307 servi
2102 3251 2333 3316 diaboli,
2353 3250 2670 3306 censuimus
2692 3248 3059 3304 recedendum
3090 3248 3255 3303 fuisse
3284 3262 3314 3300 a
3358 3245 3538 3301 vobis.

210 3347 590 3421 ejusmodimec
613 3348 783 3403 cibum
806 3347 1320 3420 sumere(Ibid.9).Si
1341 3348 1523 3403 cibum
1542 3347 1823 3402 vobiscum

204 3440 475 3509 jubemur
501 3454 606 3495 non
638 3454 881 3506 sumere,
932 3440 1250 3495 credideras
1283 3440 1533 3509 potuisse
1584 3438 1823 3494 Catholi-

208 3546 312 3588 cos
352 3532 653 3588 convenire
677 3547 803 3588 cum
831 3532 1106 3588 bmretieis
1126 3532 1193 3586 ad
1223 3530 1486 3587 solemnia
1509 3542 1705 3587 cuncta
1733 3546 1827 3587 ce-

209 3625 527 3682 lebranda?
555 3626 834 3683 vobiscum
862 3626 1138 3692 erraticis,
1186 3625 1471 3680 vobiscum
1499 3640 1597 3693 per
1624 3622 1831 3679 diaboli

206 3734 493 3776 venenum
520 3719 587 3775 ad
616 3734 839 3775 omnem
863 3717 1112 3774 deductis
1136 3718 1457 3773 ebrietatem
1480 3731 1603 3772 esse
1635 3727 1826 3787 potue-

210 3827 412 3869 ramus
443 3812 537 3869 Dei
564 3813 832 3869 cultores?
857 3811 1147 3880 Quomodo
1177 3810 1297 3867 ﬁeri
1329 3809 1469 3866 istud
1490 3817 1827 3880 potuerat,ut

209 3909 361 3964 inter
393 3914 642 3963 mortuos
672 3906 778 3962 vivi
809 3916 1080 3963 staremus
1099 3907 1124 3959 ?
1143 3921 1266 3961 cum
1292 3905 1515 3976 dignum
1534 3910 1684 3959 esset
1709 3918 1826 3958 ma-

210 4002 297 4072 gis
351 4014 454 4055 vos
482 3998 576 4056 lilii
607 3999 910 4056 adversarii
964 4001 1141 4056 nostri
1178 4010 1543 4070 congregatos
1573 3999 1626 4053 in
1656 4013 1824 4053 unum

210 4096 421 4161 videri,
445 4104 502 4151 et
523 4109 623 4150 nos
666 4103 854 4151 contra
893 4094 1098 4150 Christi
1134 4094 1339 4149 milites
1386 4094 1439 4148 in
1482 4108 1676 4160 unum,
1718 4105 1827 4162 quo

211 4190 458 4263 possetis
483 4190 603 4246 sine
635 4189 740 4245 ulla
765 4188 1111 4244 dubitatione
1142 4190 1209 4243 ab
1229 4188 1484 4243 omnibus
1513 4186 1683 4241 Deum
1701 4186 1826 4240 dili-

211 4283 482 4355 gentibus
536 4282 782 4338 membra
834 4297 899 4337 ac
949 4297 1151 4352 corpus
1194 4280 1504 4336 meretricis
1557 4279 1823 4344 vocitari;

212 4392 326 4448 quo
361 4375 584 4431 nomine
614 4375 780 4431 etiam
809 4390 909 4431 nos
933 4389 1219 4445 possemus
1242 4374 1571 4444 nuncupari,
1600 4376 1647 4426 si
1694 4387 1829 4427 nos-

214 4480 326 4526 met
355 4469 698 4525 traderemus
722 4469 905 4524 vobis:
938 4466 1170 4522 Nescitis
1208 4467 1330 4537 quia
1383 4480 1604 4532 corpora
1657 4473 1827 4519 vestra

215 4566 452 4620 membra
472 4563 664 4619 Christi
692 4564 851 4618 sunt?
879 4562 1094 4617 Tollens
1126 4578 1249 4634 ergo
1274 4560 1505 4615 membra
1528 4557 1723 4613 Christi
1751 4561 1833 4628 fa-

1928 3344 2025 3401 Vae
2050 3344 2143 3400 tibi
2174 3344 2265 3415 qui
2298 3343 2541 3399 uolueris
2576 3342 2808 3397 Domino
2832 3341 3113 3412 conjungi,
3164 3339 3262 3395 sed
3296 3339 3537 3393 volueris

1925 3436 2164 3494 diabolo.
2191 3436 2297 3492 Sed
2331 3444 2387 3491 et
2414 3451 2537 3490 cum
2566 3436 2699 3490 dicit
2720 3452 2735 3489 :
2754 3434 2936 3489 Nolite
2965 3434 3168 3500 seduci;
3190 3441 3538 3502 corrumpunt

1926 3534 2065 3587 enim
2086 3547 2255 3586 mores
2276 3531 2436 3585 bonos
2466 3529 2729 3597 colloquia
2758 3544 2918 3600 prava
2942 3526 3108 3598 (Ibid.
3133 3542 3224 3593 xv,
3243 3526 3371 3597 55);
3404 3524 3539 3596 quid

1928 3642 2017 3681 me
2043 3626 2201 3697 jubet
2231 3626 2414 3680 facere
2445 3625 2551 3680 nisi
2582 3633 2639 3678 ut
2666 3622 2866 3694 fugiam
2898 3632 3099 3678 coetum
3132 3632 3286 3677 tuum
3314 3620 3540 3676 sacrile-

1925 3719 2398 3791 gio‘maculatum,
2426 3733 2494 3772 ne
2521 3716 2647 3771 dum
2682 3716 2865 3770 luereo
2915 3714 3037 3780 tibi,
3067 3721 3124 3768 et
3176 3714 3294 3784 ipse
3352 3721 3537 3767 tecum

1928 3812 2192 3884 peream?
2219 3810 2502 3881 Quomodo
2530 3811 2582 3864 in
2604 3819 2697 3862 tuo
2723 3806 2961 3863 COIICiliO
2990 3806 3231 3877 maligno
3261 3819 3389 3861 esse
3437 3819 3541 3876 po-

1926 3890 2249 3963 tueramus?
2279 3919 2401 3961 cum
2435 3903 2753 3974 Apostolum
2782 3902 3001 3958 beatum
3050 3898 3342 3955 Timetheo
3385 3900 3539 3954 inve-

1929 4002 2147 4057 niamus
2171 4000 2412 4055 dixisse:
2442 3996 2638 4052 Manus
2657 3996 2758 4051 cito
2780 3996 2977 4050 nemini
3006 3994 3347 4065 imposueris,
3376 4008 3543 4062 neque

1930 4094 2392 4150 communicaueris
2406 4094 2634 4161 peccatis
2670 4090 2878 4146 alienis.
2893 4087 2970 4143 Te
2984 4089 3155 4158 ipsum
3178 4096 3382 4140 castum
3401 4100 3548 4140 serva

1930 4186 2002 4259 (ll
2050 4185 2185 4240 Tim.
2243 4200 2297 4250 v,
2330 4183 2446 4255 22).
2488 4183 2593 4239 Sed
2638 4180 2917 4253 quomodo
2946 4194 3192 4235 essemus
3240 4177 3398 4243 casti,
3435 4177 3535 4247 qui

1930 4278 2085 4333 vobis
2115 4276 2395 4341 haerendo,
2443 4284 2501 4330 ut
2527 4290 2623 4329 vos
2654 4272 2887 4342 disrupti
2930 4271 3223 4326 fuissemus
3251 4284 3352 4340 per
3409 4268 3539 4324 illos

1928 4369 2247 4426 carissimos
2272 4376 2505 4433 vestros,
2536 4364 2845 4421 immundos
2857 4359 3350 4432 videlicetspiritus
3366 4375 3395 4415 a
3413 4374 3541 4416 cas-

1932 4464 2089 4519 titate
2116 4462 2282 4517 fidei?
2308 4460 2579 4533 quomodo
2612 4474 2719 4513 non
2747 4456 3310 4512 communicassemus
3338 4452 3541 4510 alienis

1935 4555 2212 4629 peccatis?
2258 4554 2413 4623 Quod
2454 4553 2499 4607 si
2526 4551 2810 4606 vobiscum
2851 4548 3183 4605 manendum
3228 4547 3541 4604 censuisse-

216 4658 355 4712 ciam
379 4657 605 4711 membra
634 4656 918 4712 meretricis
937 4655 963 4709 ?
994 4654 1161 4710 Absit.
1186 4654 1289 4708 Aut
1314 4652 1545 4718 nescitis,
1583 4651 1706 4721 quia
1733 4650 1823 4720 qui
1852 4642 1905 4703 D
1930 4666 2078 4717 mus,
2110 4638 2213 4705 hoc
2240 4662 2489 4704 essemus
2517 4645 2710 4709 futuri,
2739 4642 2885 4714 quod
2941 4644 3075 4699 estis
3128 4657 3246 4710 vos,
3301 4642 3406 4697 hoc
3453 4648 3543 4697 est

213 4770 271 4808 se
287 4752 470 4827 jungit
492 4751 749 4806 meretrici
778 4767 937 4804 unum
959 4765 1148 4820 corpus
1168 4756 1262 4801 est.
1321 4745 1490 4800 Erunt
1532 4745 1696 4808 enim,
1744 4743 1826 4798 in-

214 4847 358 4916 quit,
379 4846 486 4900 duo
499 4846 552 4901 in
575 4862 731 4899 carne
750 4861 876 4901 una.
914 4844 1017 4911 Qui
1046 4852 1218 4897 autem
1245 4842 1427 4915 jungit
1467 4855 1521 4895 se
1571 4837 1825 4902 Domino,

215 4957 356 4995 unus
392 4941 610 5012 spiritus
642 4948 750 5007 est;
774 4938 939 5011 fugite
960 4936 1358 5010 fornicationem
1386 4934 1549 5006 (Ibid.
1590 4949 1663 5000 Vl,
1713 4932 1824 5004 15).

294 5137 321 5163 ⁸
341 5124 479 5181 Cum
504 5124 717 5191 Graeco,
749 5126 929 5197 παρὼν
955 5118 1010 5176 δὲ
1032 5127 1107 5189 τῷ
1161 5119 1438 5191 πνεύματι.
1495 5115 1652 5170 Vers.
1698 5112 1829 5168 Ant.

219 5197 463 5251 spiritus.

250 5214 481 5322 "Tatii.
514 5266 746 5322 Tertull.
779 5266 833 5320 in
861 5262 957 5320 lib.
982 5261 1052 5318 de
1084 5260 1276 5316 Pudic.
1334 5258 1505 5315 Abest
1551 5256 1667 5311 haec
1720 5269 1829 5311 vox

218 5342 480 5395 hominem
508 5354 537 5391 a
570 5338 728 5393 Vcrs.
765 5340 892 5392 Ant.
935 5336 993 5389 in
1044 5349 1148 5403 qua
1195 5339 1456 5403 prieterea
1506 5328 1727 5403 legitur,
1773 5328 1828 5403 in

219 5413 358 5467 diem
387 5411 598 5466 Domini
619 5409 767 5465 Iesu.
800 5407 1015 5464 Lucifer
1042 5399 1164 5459 cum
1188 5403 1380 5458 Gnaeo
1407 5402 1460 5455 in
1492 5414 1624 5455 mss.
1656 5399 1828 5471 pluri-

221 5484 433 5558 bus,__év
458 5492 524 5543 τῆ
550 5484 715 5558 ἡμέρᾳ
735 5488 827 5538 τοῦ
860 5481 1048 5558 μυρίον
1070 5472 1412 5558 ᾐμῶν.γ11ρ.ιι(1
1438 5472 1569 5558 Sal).

302 5544 514 5610 °'Vers.
546 5544 804 5609 Antinou
855 5544 1007 5605 bona.
1056 5544 1285 5615 August.
1330 5546 1386 5600 in
1438 5544 1534 5598 lib.
1562 5545 1615 5599 '5.
1670 5550 1821 5615 cont.

221 5625 386 5697 epist.
416 5627 673 5682 Parmen.
706 5623 812 5677 Per
854 5619 1303 5697 exprobrationem
1354 5614 1817 5697 prpnuntiationis.

223 5687 373 5755 B'ona
402 5697 657 5769 gloriatio
685 5705 897 5750 vestra:
924 5687 1000 5747 sic
1038 5691 1174 5745 enim
1225 5688 1488 5753 nonnulli,
1512 5699 1561 5742 et
1604 5687 1827 5740 maxime

224 5770 375 5841 latini
403 5766 604 5841 codices
624 5766 835 5822 habent.
874 5840 878 5841 ν
1066 5837 1076 5841 _
1271 5832 1315 5841 _-
1478 5831 1492 5841 ,
1560 5838 1566 5841 Α
1731 5828 1743 5841 ,

302 5840 325 5878 δ
355 5840 487 5898 Cum
517 5838 614 5896 Gr.
640 5842 727 5896 ἐὰν
752 5860 833 5899 τις
864 5832 1433 5911 ὀνομαζόμενος.νθι·8.
1463 5831 1836 5887 Ant.nomine-

232 5922 335 5966 "ﬂ".

1933 4743 2175 4801 membra
2228 4741 2556 4798 meretricis.
2601 4738 2886 4807 Quomodo
2925 4751 3024 4793 nos
3071 4734 3369 4792 Christiani
3411 4748 3538 4791 esse

1938 4847 2288 4909 potueramus
2309 4831 2594 4889 vobiscum
2620 4828 2933 4886 haereticis?
2963 4829 3049 4884 cui
3082 4827 3096 4879 i
3126 4828 3258 4883 item
3284 4824 3540 4896 scripsis-

1939 4945 2000 4986 se
2022 4927 2343 5000 Apostolum
2370 4925 2664 4982 Timotheo
2686 4924 2978 4991 sciremus,
3008 4931 3067 4978 ut
3095 4918 3538 4978 nosmetabstrav

1994 5102 2038 5149 ἐ
2066 5111 2170 5166 Aut
2200 5107 2509 5180 fornicator.
2532 5106 2717 5180 Latin.
2741 5120 2809 5159 ex
2830 5103 3008 5180 Graec.
3040 5102 3094 5163 ἦ.

2015 5180 2036 5220 τ
2067 5182 2174 5237 Pro
2194 5173 2523 5236 idololatrte:
2545 5178 2619 5233 ita
2644 5177 2823 5233 aliena
2850 5173 3545 5245 nominavulguscorrum-
3612 5200 3613 5203 η
3674 5226 3677 5235 ,

1938 5256 2039 5327 pit.
2068 5253 2171 5327 Til.
2203 5262 2252 5306 et
2278 5250 2453 5327 Latin.

2012 5336 2036 5373 ις
2060 5324 2106 5379 Α
2136 5323 2276 5379 forte
2306 5320 2597 5378 demenda.
2623 5318 2802 5375 Latin.
2835 5328 3006 5375 recte.

2008 5394 2035 5433 ιι
2068 5396 2222 5461 Quod
2248 5395 2472 5449 vastiora
2495 5389 3318 5461 sint,etc.,intelligis,Aconspicc
3334 5398 3443 5445 etc.
3462 5390 3549 5448 Id.

1934 5459 2148 5524 Clarior
2170 5470 2241 5521 ita
2264 5481 2479 5527 sensus,
2500 5473 2719 5519 retento
2740 5462 2905 5517 etiam
2937 5459 3195 5529 intelliges
3222 5464 3301 5515 sic
3342 5480 3354 5514 :
3380 5472 3428 5516 et
3468 5474 3551 5518 ta-

1934 5558 2052 5620 men
2076 5540 2204 5620 quia
2218 5535 2882 5620 carnali‘fornicatione....
2907 5532 3048 5603 quod
3073 5533 3297 5587 vastiora
3323 5533 3429 5587 sint
3457 5534 3556 5589 illa

1932 5614 2036 5667 duo
2057 5606 2273 5665 rrimina
2294 5606 2574 5678 intelliges,
2596 5606 2854 5677 conspice,
2876 5615 2983 5659 etc.

2012 5686 2029 5721 ί
2068 5683 2204 5737 Cum
2226 5681 2421 5736 Grzeco
2467 5676 2525 5732 in
2558 5676 2880 5749 quibusdam
2898 5677 3195 5749 _mss._ml
3240 5676 3545 5749 βαστάσατι

1937 5759 2026 5812 τὸν
2050 5756 2191 5811 Θεὸν.
2223 5752 2380 5808 Vers.
2414 5754 2542 5807 Ant.
2572 5744 2861 5820 gloriﬁcate
2885 5744 3057 5807 Deum
3080 5746 3135 5801 in
3175 5744 3393 5819 corpore
3430 5754 3544 5805 eos;

1943 5838 2043 5882 ινο.

2067 5898 2219 5954 Cum.
2248 5895 2427 5951 Latin.
2457 5899 2515 5946 et
2543 5888 2717 5947 Valle.
