3972 6352
237 277 354 364 ἦρξε)

928 312 1020 368 DE
1060 312 1198 368 NON
1237 277 1735 371 convenre-Noe
1773 275 1918 408 ciui
1963 273 2356 404 impudicis
2398 309 2604 408 LlDER
2651 322 2856 408 unus.
2905 397 2911 402 ε

3449 324 3554 380 790

234 427 416 477 minus
438 409 757 497 omnipotens
790 421 856 493 (ll
882 423 1003 478 Cor.
1030 440 1101 487 γι,
1133 409 1243 491 16);
1278 425 1421 506 quis,
1451 411 1705 489 disimus,
1736 409 1843 480 tam
1955 415 2007 504 tt,
2035 409 2152 499 50).
2183 429 2338 500 Saepe
2365 403 2598 485 diximus
2633 474 2646 498 ,
2676 407 2799 513 quia
2827 447 2948 486 cum
2994 415 3104 488 sint
3302 405 3555 506 personae

231 519 446 573 stultus
473 529 578 582 est,
609 527 664 573 ιιι
691 509 822 573 nolit
856 519 906 572 ιιι
939 535 998 572 se
1027 515 1197 572 Deum
1231 517 1569 574 inhabitare?
1596 519 1685 589 qui
1714 509 1846 574 nolit

231 625 308 666 se
334 621 612 681 receptum
643 626 670 664 ιι
702 610 816 666 Deo
859 611 1096 681 reputari
1131 611 1275 666 inter
1301 627 1397 667 eos
1421 627 1556 682 quos
1585 613 1722 666 filios
1753 630 1842 686 ap-

231 703 456 774 pellare
486 703 736 772 dignatus
778 704 895 759 est?
935 716 991 757 ut
1037 720 1142 758 non
1191 697 1359 774 fugiat
1409 715 1460 760 te
1504 704 1842 760 in‘unundunt

231 801 342 866 per
369 793 621 852 lucresim
656 806 800 851 tuam
827 795 1119 852 ellcctum?
1167 795 1282 851 Non
1331 813 1546 867 :equtun
1583 798 1738 852 nobis
1769 799 1843 852 vi-

227 903 362 944 sum
389 897 492 956 est,
522 899 579 943 ut
609 888 886 945 vobiscum
921 905 1018 944 nos
1043 889 1096 943 in
1121 904 1228 942 uno
1257 889 1573 956 fuissemus,
1601 889 1842 960 quando-

227 980 462 1052 quidem
515 995 616 1037 nec
661 982 731 1036 sit
773 997 985 1051 a-qnum
1035 981 1282 1036 homines
1331 982 1528 1035 morari
1562 996 1684 1062 eum
1727 997 1845 1037 ser-

228 1071 515 1146 pentibus.
564 1075 674 1153 Aut
727 1073 948 1144 negabis
1016 1074 1156 1129 tmici
1215 1073 1338 1128 Filii
1395 1073 1490 1128 Dei
1558 1058 1844 1141 negatores

225 1168 416 1224 dictos
473 1169 525 1224 in
581 1169 752 1224 sacris
821 1169 1106 1240 scripturis
1162 1170 1487 1240 serpentes?
1537 1169 1592 1226 Si
1645 1185 1844 1240 negare

224 1279 346 1320 non
397 1273 580 1336 potes,
655 1263 878 1320 adverte
933 1277 1080 1321 recte
1131 1281 1229 1320 nos
1283 1255 1463 1336 egisse
1513 1265 1698 1333 fugere
1748 1281 1844 1320 vos

222 1359 542 1429 serpentes.
594 1359 796 1430 Legisti
844 1361 1162 1430 Apostolum
1205 1360 1494 1416 Timotheo
1522 1361 1841 1416 dicentem:

225 1450 506 1522 Profanas
536 1456 786 1508 novitates
813 1469 994 1508 vocum
1025 1445 1190 1508 devita
1215 1470 1234 1509 :
1260 1453 1479 1507 multum
1513 1455 1648 1509 enim
1677 1453 1840 1527 proﬁ-

221 1546 368 1599 cient
397 1548 465 1599 ad
501 1546 838 1619 impietatem,
873 1557 922 1600 et
953 1563 1121 1600 sermo
1147 1563 1324 1601 eorum
1366 1555 1420 1600 ut
1471 1563 1658 1601 cancer
1683 1545 1844 1616 serpit

224 1635 306 1708 (ll
339 1639 470 1694 Tim.
511 1639 592 1707 ιιι,
646 1639 761 1710 16).
815 1639 1152 1695 Existimasti
1195 1650 1408 1706 tecum,
1461 1639 1616 1708 cujus
1662 1653 1844 1694 sermo

222 1746 288 1790 ut
337 1751 536 1790 cancer
596 1729 710 1799 est,
770 1751 892 1792 esse
943 1733 1034 1792 Dei
1101 1723 1352 1790 homines
1403 1723 1662 1804 potuisSe.
1709 1723 1840 1786 Item
1887 1787 1900 1806 λ,

1951 518 2114 574 Pater
2141 529 2193 573 et
2225 517 2416 584 Filius,
2449 530 2502 573 ct
2539 531 2718 578 tamen
2763 523 2906 578 dit‘nl
2945 542 2957 577 :
2993 522 3102 596 Ego
3135 537 3180 592 et
3215 525 3558 606 Pateriunu‘t’n

1947 629 2124 667 sumus
2148 611 2336 685 (Ιὺὶά.)
2371 632 2383 668 :
2417 623 2505 690 et,
2525 614 2621 692 Qui
2647 633 2723 668 me
2753 616 2896 680 vidit,
2921 616 3045 692 vidit
3071 629 3114 670 et
3143 617 3354 674 Patrem
3384 616 3554 690 (Ibid.

1950 695 2057 772 stv,
2091 708 2147 781 9)
2173 719 2245 770 et.
2276 707 2386 782 Ego
2403 709 2456 762 in
2488 691 2670 771 Patre,
2726 721 2769 764 et
2820 709 2978 763 Pater
3031 691 3085 763 in
3116 727 3196 776 me
3245 709 3506 784 (Μία-10)
3536 728 3551 778 ;

1949 801 2082 855 nihil
2141 799 2285 856 aliud
2347 817 2444 855 nos
2493 787 2646 855 illum
2695 803 2926 856 voluisse
2974 804 3215 874 assequi,
3270 803 3373 857 nisi
3426 804 3551 878 quia

1949 908 2052 947 una
2082 894 2152 946 sit
2180 883 2458 948 aeternitas
2509 881 2686 948 Patris
2736 904 2790 950 et
2837 893 2979 960 Filii,
3032 910 3133 948 una
3183 893 3254 948 sit.
3303 893 3552 964 claritas,

1949 973 2050 1040 una
2112 985 2355 1056 potentia
2398 983 2579 1039 unave
2607 983 2640 1062 d_
2680 965 3015 1056 magnitudo.
3077 985 3283 1041 idcirco
3343 989 3546 1042 etenim

1946 1080 2110 1136 etiam
2144 1081 2433 1150 Apostolus
2475 1078 2527 1134 in
2561 1065 2661 1136 hac
2689 1079 2823 1134 dicit
2851 1069 3087 1136 secunda
3115 1081 3345 1150 epistola
3379 1098 3394 1135 :
3429 1080 3551 1136 0m-

1947 1173 2027 1226 nis
2076 1173 2164 1242 qui
2221 1172 2412 1226 recedit
2459 1182 2508 1226 et
2555 1189 2656 1228 non
2708 1183 2876 1228 manet
2925 1173 2980 1227 in
3029 1171 3268 1228 doctrina
3319 1173 3551 1240 Christi,

1949 1263 2113 1317 Deum
2145 1281 2243 1317 non
2269 1263 2417 1318 habet
2443 1281 2460 1318 :
2491 1264 2578 1334 qui
2615 1274 2786 1318 autem
2832 1274 2998 1340 manet
3040 1266 3093 1319 in
3146 1249 3381 1340 doctrina
3413 1267 3548 1338 ejus,

1946 1360 2034 1414 ille
2061 1369 2109 1414 et
2141 1347 2350 1415 Putrem
2381 1369 2426 1412 et.
2454 1341 2654 1412 Filium
2701 1347 2849 1412 habet
2897 1357 2965 1432 (ΙΙ
3003 1347 3166 1414 .loan.
3220 1343 3276 1428 9i
3310 1378 3322 1414 :
3369 1368 3426 1432 ut
3457 1375 3552 1430 per

1946 1451 2249 1506 doctrinam
2279 1451 2598 1522 Colligentes
2643 1437 2925 1528 sacrorum
2980 1439 3401 1522 Evangeliorum
3454 1450 3551 1534 Dei

1946 1543 2121 1600 Patris
2161 1552 2216 1599 et
2269 1543 2413 1600 unici
2445 1543 2562 1598 Filii
2595 1527 2713 1614 ejus
2760 1561 2924 1600 unam
2975 1545 3332 1616 crederemus
3381 1527 3555 1622 deita-

1946 1646 2053 1692 tem
2087 1656 2099 1692 :
2130 1623 2272 1692 hunc
2304 1629 2505 1694 habere
2530 1627 2723 1702 Deum,
2757 1639 2850 1710 qui
2884 1639 2955 1693 ita
2986 1629 3210 1712 credat;
3245 1639 3334 1710 qui
3359 1639 3544 1710 autem

1947 1733 2240 1788 recesserit
2285 1732 2354 1786 ab
2397 1723 2499 1787 hac
2535 1731 2782 1787 doctrina
2823 1731 2952 1805 (hoc
2981 1745 3084 1798 est,
3119 1715 3166 1790 et
3196 1751 3289 1808 ego
3315 1744 3370 1798 et,
3392 1713 3553 1787 Pater

220 1827 428 1884 Beatus
459 1845 580 1883 cum
612 1828 888 1898 praecipiat
911 1825 1150 1882 Joannes
1183 1843 1276 1881 vos
1304 1823 1592 1896 fugiendos
1619 1823 1840 1880 dicens:
1877 1831 1922 1892 Β
1950 1844 2107 1881 unum
2129 1843 2306 1881 sumus
2334 1824 2514 1898 (Joau.
2565 1843 2618 1891 ιι,
2665 1817 2999 1912 30),‘utique
3047 1842 3168 1881 cum
3201 1815 3272 1880 sit
3319 1825 3551 1902 plurale,

222 1922 459 1977 Gavisus
487 1939 598 1977 sum
624 1921 774 1976 valde
799 1921 938 1986 quod
982 1921 1154 1976 inveni
1195 1921 1256 1975 de
1282 1921 1408 1991 [iliis
1435 1921 1534 1974 tuis
1562 1919 1835 1973 ambulan-

221 2016 304 2070 tes
345 2017 399 2070 in
442 2016 657 2094 veritate
705 2017 858 2070 sicuti
901 2001 1204 2068 mandatum
1243 2007 1534 2084 accepimus
1578 2029 1608 2066 a
1658 2011 1834 2066 Patre.

223 2107 346 2162 Oro
376 2118 424 2163 te
452 2093 663 2162 domina
702 2126 804 2163 non
845 2107 973 2163 sicut
1022 2108 1324 2161 mandatum
1372 2124 1558 2160 norunt
1611 2105 1840 2174 scribens

219 2199 362 2265 tibi,
396 2199 488 2255 sed
517 2201 654 2268 quod
686 2199 958 2255 habuimus
1008 2197 1070 2254 ab
1115 2199 1289 2266 initio,
1335 2209 1390 2252 ut
1437 2185 1715 2270 diligamus
1743 2191 1838 2252 nos

219 2289 590 2350 alterutrum}
620 2305 668 2350 et
699 2287 809 2350 htec
841 2293 912 2350 cit
948 2296 1138 2349 caritas
1192 2287 1250 2348 ut
1292 2282 1612 2348 ambulemus
1652 2309 1834 2346 secun-

220 2387 358 2443 dum
390 2390 640 2444 mandata
665 2391 799 2458 ejus.
834 2387 953 2443 Hoc
980 2399 1052 2442 est
1096 2388 1402 2442 mandatum
1446 2387 1578 2441 sicut
1621 2371 1840 2441 audistis

219 2481 292 2536 ab
345 2481 500 2536 initio
531 2491 588 2536 ut
631 2483 688 2536 in
718 2498 776 2536 eo
805 2481 1098 2545 ambuletis,
1153 2480 1394 2552 quoniam
1442 2480 1602 2550 multi
1626 2477 1841 2564 fallaces

221 2575 496 2646 pragressi
528 2585 646 2629 sunt
673 2575 726 2630 in
765 2575 980 2640 sa3culo,
1023 2575 1111 2645 qui
1160 2591 1262 2628 non
1301 2574 1611 2644 confitemur
1657 2565 1840 2626 Iesum

221 2668 502 2724 Christum
531 2670 725 2724 venisse
747 2670 800 2724 in
829 2671 856 2699 “
882 2685 1086 2724 carnem
1119 2685 1138 2724 :
1164 2669 1248 2723 isti
1272 2680 1391 2724 sunt
1411 2739 1416 2746 _
1427 2667 1643 2740 fallaces
1659 2678 1707 2723 et
1733 2661 1842 2723 Att-

224 2754 480 2817 tichristi.
521 2757 700 2817 Videte
726 2779 848 2829 eos,
884 2779 945 2816 ne
995 2761 1226 2832 perdatis
1279 2759 1420 2830 quod
1466 2745 1664 2832 aperati
1695 2763 1838 2828 estis,

223 2859 322 2912 sed
345 2869 399 2913 ut
431 2844 710 2911 mercedem
736 2857 942 2928 plenam
971 2855 1251 2926 recipiatis.
1282 2853 1463 2910 Omnis
1493 2855 1583 2926 qui
1607 2849 1798 2910 recedit
1825 2899 1838 2918 ,

226 2961 272 3004 et
305 2943 411 3002 non
437 2957 606 3002 manet
628 2945 679 3003 in
708 2949 946 3003 doctrina
973 2947 1184 3013 Christi,
1212 2945 1378 3003 Deum
1402 2965 1501 3001 non
1525 2948 1675 3001 habet
1709 2964 1727 3003 :
1754 2951 1840 3019 qui

226 3055 409 3100 autem
439 3045 609 3099 manet
641 3043 693 3098 in
739 3044 976 3097 doctrina
999 3046 1133 3116 ejus,
1182 3041 1275 3096 ille
1321 3051 1367 3096 et
1416 3037 1628 3095 Patrem
1667 3049 1714 3095 et
1751 3035 1841 3095 Fi-

228 3138 366 3192 lium
407 3136 571 3191 habet.
603 3135 665 3193 Si
705 3137 818 3208 quis
867 3137 1060 3192 venerit
1114 3135 1181 3188 ad
1218 3150 1326 3196 vos.
1375 3145 1422 3188 ct
1464 3136 1598 3188 hanc
1648 3130 1841 3190 doctri-

1943 1929 1998 1976 et
2029 1920 2164 1975 duas
2191 1918 2432 1975 ostendit
2457 1909 2720 1989 personas
2751 1909 2805 1974 et
2831 1917 2990 1973 unam
3025 1921 3322 1990 potentiam
3358 1917 3548 1974 harum

1940 2014 2170 2070 duarum
2205 2019 2559 2082 personarum
2587 2055 2602 2078 ,
2638 2012 2742 2067 hoc
2768 2009 2851 2068 est
2893 2011 3066 2069 Patris
3111 2022 3167 2068 et
3205 2005 3384 2084 Filii),
3420 2003 3552 2084 ergo

1943 2108 2074 2163 dieit
2102 2108 2397 2177 Apostolus
2433 2125 2447 2162 :
2481 2106 2585 2174 Qui
2624 2105 2857 2175 recedit,
2891 2115 2939 2162 et
2979 2123 3081 2160 non
3131 2114 3301 2160 manet
3331 2107 3384 2160 in
3407 2105 3548 2160 doc-
3643 2166 3646 2168 γ

1943 2201 2078 2256 trina
2113 2198 2326 2266 Christi,
2361 2199 2524 2256 Deum
2571 2219 2677 2256 non
2723 2187 2916 2284 habet."
2947 2201 3033 2270 qui
3074 2193 3246 2282 autem
3276 2187 3444 2256 manet
3497 2203 3550 2255 in

1943 2295 2179 2349 doctrina
2209 2298 2342 2368 ejus,
2373 2295 2464 2349 ille
2489 2285 2534 2350 et
2569 2277 2788 2350 Patreht
2817 2305 2863 2350 et
2892 2277 3090 2350 Filium
3123 2280 3272 2349 habet
3298 2285 3361 2364 (Il
3390 2281 3549 2348 Joan.

1942 2390 1999 2465 9)
2031 2403 2124 2446 :ut
2167 2391 2518 2446 crederemus
2564 2381 2701 2446 Filio
2727 2387 2930 2445 dicenti
2964 2384 3059 2445 Dei
3091 2409 3104 2446 :
3145 2389 3258 2462 Ego
3285 2399 3334 2444 et
3384 2385 3547 2442 Pater

1944 2502 2105 2540 unum
2153 2483 2331 2539 sumus
2380 2485 2565 2556 (Joan.
2607 2499 2662 2550 Χ,
2719 2477 2851 2554 30)ξ
2902 2475 3046 2555 quod
3095 2471 3281 2554 utique
3344 2499 3447 2537 una
3481 2473 3555 2536 sit

1942 2581 2116 2636 deitas
2144 2570 2323 2636 pultis
2348 2589 2402 2636 et
2433 2579 2577 2636 Filii.
2619 2565 2848 2634 antistat
2879 2561 3061 2650 usque
3105 2569 3156 2634 te
3185 2573 3276 2648 qui
3308 2563 3384 2631 ita‘
3437 2593 3543 2630 nm.

1943 2687 2130 2732 teneas
2183 2671 2455 2746 quomodo
2496 2659 2782 2728 tradiderit
2829 2659 3096 2742 aposiolis
3151 2670 3444 2736 Dominus,
3493 2655 3545 2723 ei

1943 2761 2177 2840 apostoli
2209 2767 2509 2837 episcopis,
2543 2777 2594 2822 te
2648 2782 2754 2820 non
2821 2753 3030 2820 habere
3060 2764 3234 2818 Deum
3266 2779 3279 2815 :
3315 2749 3451 2840 quia
3478 2771 3554 2840 et

1941 2839 2236 2932 Apostolus
2273 2861 2462 2915 volens
2490 2867 2544 2914 et
2569 2843 2744 2914 Patris
2784 2865 2839 2913 et
2881 2849 3002 2912 Filii
3045 2843 3262 2911 ιιιιίιὲληὶ
3292 2839 3547 2908 divinita-

1945 2965 2050 3010 tem
2083 2954 2468 3020 manifestare,
2519 2945 2779 3008 dicebat:
2838 2937 2940 3017 Qui
2989 2943 3180 3005 recedit
3225 2967 3257 3020 ιι
3310 2935 3545 3002 doctrina

1942 3047 2076 3120 ejus,
2111 3041 2276 3102 Deum
2298 3064 2402 3100 non
2431 3045 2621 3124 habet:
2651 3037 2740 3116 qui
2765 3052 2935 3114 autem
2984 3045 3154 3124 manet
3199 3041 3254 3096 in
3298 3027 3542 3096 doctrina

1887 3193 1892 3200 ._
1943 3145 2086 3215 ejus,
2114 3141 2203 3196 ille
2238 3125 2448 3195 Patrem
2480 3147 2524 3193 et
2551 3121 2753 3193 Filium
2782 3136 2930 3192 habet
2963 3121 3032 3207 (ΙῘ
3059 3126 3220 3189 Ιοιιη.
3247 3125 3326 3216 9).
3355 3123 3435 3216 Te
3459 3127 3548 3216 tu.
3627 3205 3634 3216 ⁸

228 3248 359 3287 nam
403 3247 506 3285 non
534 3229 684 3297 affert
706 3273 719 3296 ,
749 3229 905 3286 nolite
931 3230 1166 3298 accipere
1197 3245 1312 3283 eum
1337 3229 1387 3282 in
1407 3227 1636 3291 domum,
1672 3240 1717 3284 et
1744 3235 1843 3286 Ave

1956 3248 2110 3305 quam
2141 3235 2492 3290 constitutum
2527 3223 2645 3287 sine
2666 3229 2800 3298 Deo,
2833 3240 2885 3285 te
2911 3235 3086 3300 neque
3118 3211 3313 3283 Filium
3341 3205 3548 3294 haberi-

230 3327 400 3380 nolite
433 3326 600 3381 dicere
647 3325 694 3380 ei
723 3341 741 3380 :
772 3325 860 3395 qui
909 3325 1046 3380 enim
1092 3320 1216 3378 dicit
1243 3325 1288 3379 ei
1333 3324 1468 3391 Ave,
1498 3326 1844 3379 communicat

232 3419 484 3488 aperibus
511 3409 620 3490 eius
665 3417 906 3492 malignis
956 3416 1021 3491 (ll
1062 3416 1222 3471 Joan.
1263 3415 1342 3486 4).
1395 3415 1680 3486 Quumodo
1727 3419 1842 3474 fleri

233 3522 490 3581 potuerat
515 3553 530 3577 ,
557 3519 612 3565 ut
643 3493 744 3566 nos
772 3520 953 3566 tecum
986 3507 1146 3580 atque
1173 3525 1296 3566 cum
1325 3511 1432 3565 tuis
1471 3525 1718 3566 essemus
1746 3509 1842 3568 Dei

233 3603 443 3658 milites
499 3619 620 3658 cum
674 3603 937 3658 militibus
993 3601 1352 3658 Antichristi?
1405 3602 1842 3673 quandoquidem

233 3711 345 3753 nec
375 3693 600 3752 salutari
629 3713 725 3753 vos
767 3697 1077 3766 permiserit
1123 3695 1358 3767 Spiritus
1407 3707 1658 3762 sanctus,
1709 3695 1845 3752 dans

236 3792 364 3847 haec
390 3801 658 3862 prtecep'ta
691 3807 790 3860 per
829 3793 1043 3846 beatum
1075 3792 1418 3862 Apostolutn.
1466 3788 1572 3846 Sed
1601 3788 1846 3846 fortassis

235 3883 428 3944 dieere
453 3887 714 3944 audebis:
762 3881 1032 3958 Numquid
1071 3891 1164 3958 ego
1194 3887 1247 3941 in
1292 3903 1446 3941 carne
1489 3883 1682 3940 venisse
1719 3900 1855 3956 nego

237 3979 345 4034 Dei
387 3977 604 4047 Filium,
640 3975 698 4034 ut
740 3961 872 4034 unus
923 3993 1188 4050 nuncnper
1215 3996 1279 4034 ea:
1320 3975 1654 4033 Autichristis
1685 3973 1844 4032 ?Non

237 4073 464 4146 quidem
516 4083 592 4139 tu,
625 4073 905 4132 Constanti
961 4073 1279 4143 Imperator,
1328 4077 1547 4130 venisse
1594 4075 1644 4129 in
1679 4089 1846 4129 carne

241 4183 413 4237 negas
443 4163 538 4223 Dei
567 4165 790 4233 Filium,
823 4168 917 4222 sed
945 4163 1081 4222 dicis
1108 4167 1278 4235 illum,
1305 4184 1465 4239 quem
1493 4161 1592 4222 nos
1623 4168 1848 4222 conlite-

239 4277 370 4317 mur
400 4260 450 4314 in
477 4277 638 4316 carne
668 4261 903 4325 venisse,
941 4275 1062 4316 csse
1091 4254 1396 4317 crcaturam
1425 4279 1437 4315 :
1487 4258 1623 4316 dicis
1649 4260 1845 4314 factum

241 4351 402 4408 illum
431 4369 499 4408 ex
535 4349 729 4419 nihilo,
762 4370 870 4410 non
906 4355 1056 4432 illum
1108 4371 1230 4410 esse
1263 4370 1448 4410 verum
1499 4355 1595 4409 Dei
1649 4353 1846 4409 Filium

241 4446 550 4527 affirmans.
594 4451 703 4505 Nos
743 4459 937 4506 contra
971 4453 1058 4520 qui
1109 4453 1262 4506 istius
1316 4452 1456 4506 beati
1491 4448 1734 4521 Apostoli
1772 4463 1848 4505 te-

245 4541 444 4601 tiémus
491 4544 859 4610 traditionem,
904 4545 1178 4601 crcdinms
1222 4537 1408 4602 verum
1465 4546 1556 4600 Dei
1605 4545 1804 4601 Filium
1831 4587 1844 4610 ,

1945 3337 2052 3384 tem
2080 3343 2255 3399 neque
2287 3311 2501 3381 Patrem
2530 3310 2832 3390 i‘cctiSSilne
2859 3319 3063 3392 fugisse
3085 3307 3547 3402 cognoSCImusf,

1944 3421 2210 3493 siquidem
2264 3409 2370 3476 non
2431 3402 2869 3489 fuissetdignum
2913 3409 3180 3471 habentes
3215 3401 3386 3494 Deum
3416 3401 3542 3489 stitit
3631 3491 3644 3500 .

1947 3513 2180 3572 inimicis
2210 3516 2328 3586 ejus
2369 3516 2662 3571 demorare
2695 3499 2712 3552 Ῠ
2745 3501 2944 3568 divinae
2994 3497 3406 3577 magnitudinis.
3439 3496 3548 3586 Sed

1946 3605 2106 3684 quam
2135 3613 2209 3666 sis
2237 3585 2349 3666 Ded
2380 3591 2936 3680 odibilisb'ogiios'ce,‘
2978 3615 3038 3660 ut
3067 3617 3165 3686 nec
3201 3604 3313 3657 Ave
3343 3589 3438 3656 iibi
3472 3585 3554 3686 dif-

1946 3681 2072 3762 cere
2096 3691 2358 3760 fuerimus
2389 3701 2662 3776 permissi.
2691 3687 2977 3770 Quomodo
3009 3684 3292 3754 vobiscum
3328 3681 3550 3774 A‘riiiilié

1946 3796 2242 3856 Christiani
2272 3815 2393 3854 esse
2440 3789 2828 3868 potueramus?
2877 3809 2999 3849 cum
3052 3779 3200 3846 dicai
3247 3781 3550 3862 Apostolus

1948 3891 2172 3950 Paullus
2208 3911 2221 3948 :
2258 3883 2463 3950 Stulios
2512 3873 2819 3960 quastiones
2852 3932 2866 3956 ,
2894 3896 2940 3942 et
2967 3879 3319 3958 genealogias,
3353 3873 3400 3937 ei
3431 3871 3549 3936 con-

1950 3989 2195 4042 tentiones
2217 4029 2231 4052 ,
2261 3997 2306 4041 et
2339 3983 2453 4041 lites
2487 3985 2615 4059 legis
2651 3969 2816 4038 devita
2852 3999 2864 4035 :
2900 3967 3020 4036 sunt
3070 3973 3206 4033 enim
3256 3969 3467 4030 inutiles
3510 3967 3556 4026 et

1947 4081 2110 4136 vanae.
2169 4065 2478 4136 Htereticunt
2526 4066 2781 4133 hominem
2825 4073 2938 4148 post
2985 4090 3138 4127 unam
3184 4060 3558 4146 correptioiteiit

1953 4182 1977 4220 Β
2003 4173 2194 4237 devita,
2228 4171 2390 4226 sciens
2415 4163 2654 4240 quoniam
2688 4157 2955 4238 pet-versus
2985 4175 3057 4220 est
3085 4163 3112 4200 ιι
3141 4161 3188 4218 et
3213 4169 3412 4233 peccat,
3439 4157 3553 4212 cum

1948 4267 2015 4320 sit
2037 4284 2067 4320 a
2093 4267 2362 4337 semetipso
2393 4259 2668 4319 damnatus
2700 4249 2828 4334 (Tit.
2873 4257 2952 4327 ιιι,
2982 4257 3064 4333 9).
3110 4257 3245 4313 Cum
3279 4249 3556 4312 ιωετειῑοῑοέ

1947 4375 1976 4414 a
2017 4353 2326 4424 semetipsis
2355 4357 2624 4412 damnatis
2657 4353 2763 4411 ιιοιι
2797 4368 3150 4426 potueramus
3180 4345 3506 4420 congregari
3539 4391 3552 4412 ,

1953 4466 2021 4508 ne
2051 4442 2107 4506 et
2144 4465 2242 4506 nos
2274 4449 2366 4505 illa
2411 4465 2514 4505 vox
2547 4449 2856 4520 percuteret
2882 4489 2898 4514 ,
2950 4446 3090 4502 sicut
3139 4441 3366 4500 Galatas
3414 4441 3558 4495 bea‘tl

1899 4585 1906 4590 -
1952 4545 2124 4601 Paulli
2157 4546 2425 4616 percutit:
2455 4541 2889 4601 Currebatisbene
2922 4558 2941 4598 :
2969 4531 3083 4608 (ιιιίᾶ
3112 4539 3252 4596 vobis
3293 4527 3562 4616 ιιιιίρέιιι-

244 4633 704 4714 credimusu'nam
731 4637 930 4695 habere
955 4637 1216 4695 deitatem
1239 4633 1455 4694 Patrem
1479 4647 1535 4694 et
1561 4637 1704 4693 hunc.
1732 4639 1852 4690 uni-
1879 4618 1934 4678 D
1958 4639 2026 4695 vit
2054 4611 2253 4694 veritati
2282 4657 2384 4694 non
2414 4637 2618 4694 obedire
2649 4631 2795 4711 (Gal.
2828 4621 2883 4704 ὖ,
2917 4623 2973 4706 7)
2991 4611 3443 4712 {Cognoscenles
3469 4621 3568 4714 toﬁs

247 4716 374 4787 iiitm
403 4717 521 4802 ejiis
547 4729 744 4787 Filium
772 4748 786 4798 ;
817 4729 956 4802 quod
1008 4731 1078 4787 ita
1101 4749 1244 4803 .esse
1278 4725 1534 4787 Dominus
1581 4731 1632 4785 in
1680 4731 1851 4785 sacris

243 4815 368 4880 suis
401 4823 711 4895 Evangeliis
744 4817 1078 4887 manili-Stat,
1111 4824 1299 4880 dicens
1334 4843 1345 4878 :
1378 4823 1478 4889 Qui
1506 4839 1586 4877 me
1610 4823 1754 4889 vidit,
1781 4825 1857 4900 vi-

249 4909 398 5003 dicit
428 4917 642 4974 Patrem
666 4917 692 4958 δ
728 4914 912 4991 (Joan.
955 4934 1068 4982 xtv,
1092 4919 1148 4985 9,
1187 4918 1317 5003 10).:
1365 4927 1438 4984 ct,
1470 4915 1585 4990 Ego
1624 4917 1678 4972 in
1706 4913 1864 4996 Patre

249 5007 303 5069 ei
322 4989 478 5069 i’ater
504 5014 558 5068 in
579 5029 660 5068 me
695 5031 708 5068 :
733 4989 754 5052 έ
783 5022 858 5078 et,
891 5007 1000 5085 Ego
1022 5020 1071 5065 et
1102 5006 1256 5065 Pater
1281 5001 1444 5066 unum
1469 4989 1647 5064 suiitus
1670 4990 1862 5081 (ibid.,

334 5195 358 5261 τί
390 5219 466 5278 In-
497 5238 652 5294 carue
675 5264 688 5288 ,
725 5197 864 5294 apud
894 5205 1080 5277 Sabat.

330 5295 358 5334 δ
397 5296 531 5352 Cum
562 5293 774 5362 Graeco,
809 5310 840 5349 a
893 5309 1000 5366 quo
1055 5294 1207 5366 abest
1262 5311 1465 5361 meum,
1527 5293 1668 5365 quod
1720 5296 1860 5350 inest

260 5381 408 5427 vers.
440 5367 569 5422 Aut.
762 5361 768 5362 ⁷
909 5361 925 5366 ⁷
1004 5375 1041 5416 ι.
1067 5361 1116 5416 ιι-

336 5450 356 5478 c
403 5436 468 5493 In
488 5455 569 5492 me
596 5448 692 5493 est.
727 5436 881 5492 Vers.
917 5439 996 5492 An
1120 5451 1306 5492 euants
1338 5438 1390 5490 in
1419 5436 1510 5491 lib.
1548 5452 1636 5504 ut,
1659 5451 1862 5493 conve-

263 5515 340 5569 nit
369 5526 491 5567 cum
521 5509 692 5572 Lucil,

337 5580 362 5620 ἀ
409 5579 646 5652 Unaque.
677 5579 853 5634 Lalin.

251 5719 254 5722 ί
339 5666 363 5726 ἳ
409 5651 800 5726 Cognoscimur.
834 5651 1014 5708 Latin.

342 5721 361 5764 ἲ
416 5721 710 5794 ριξήιονὰνί.
743 5721 822 5794 Id.

349 5807 373 5843 ε
418 5787 545 5851 Post
571 5807 726 5849 unam
766 5787 1137 5864 correptionem
1166 5803 1214 5850 et
1241 5793 1366 5850 duo.
1411 5794 1568 5848 Vers.
1602 5793 1729 5849 Ant.
1760 5791 1870 5864 [gu-

277 5865 416 5927 cifei'
437 5865 696 5928 Convenit
717 5881 840 5927 cum
882 5861 1026 5928 Iren.
1057 5869 1154 5927 lib.
1187 5881 1277 5939 ιιι,
1306 5875 1362 5926 et
1384 5865 1549 5940 Cypr.
1585 5866 1746 5938 epist.
1780 5861 1868 5920 55.

1958 4749 2080 4790 esse
2112 4733 2254 4789 unici
2289 4729 2380 4788 Dei
2413 4721 2535 4788 Filii
2568 4725 2783 4796 hostes,
2816 4719 3053 4801 fugimus
3093 4717 3300 4782 nefaria
3333 4701 3563 4779 consiliis

1958 4819 2553 4902 vestra,temperantes
2593 4811 2608 4874 ι
2645 4822 2766 4902 voci
2809 4817 3059 4890 Apestoli
3092 4835 3108 4876 :
3144 4811 3248 4904 Qui
3276 4811 3303 4852 ιε
3347 4803 3564 4872 nemini,

1962 4919 2167 4991 inquit,
2197 4917 2558 4972 consenseritis
2581 4959 2594 4982 ,
2625 4907 2818 4980 Suasio,
2854 4911 2871 4952 1
2903 4922 3071 4967 vestra
3100 4925 3163 4965 ea:
3201 4905 3309 4962 Deo
3349 4913 3446 4972 est,
3477 4907 3565 4974 qui

1970 5022 2117 5068 vocat
2147 5027 2252 5066 vos.
2279 5009 2504 5066 Nescitis
2532 5017 2571 5046 ιιι
2603 5008 2724 5079 quia
2764 5001 3025 5062 modicum
3071 4991 3377 5075 fermentum
3409 4995 3567 5053 totam

2037 5211 2065 5296 ll
2107 5221 2389 5296 Rerversus
2413 5209 2496 5296 est
2517 5220 2839 5296 hujusmodi.
2864 5209 3026 5296 Vers.
3054 5215 3182 5270 Ant.
3312 5283 3342 5296 γ.
3484 5282 3496 5296 _
3522 5281 3532 5293 ι

2045 5293 2062 5366 ξ
2115 5295 2377 5366 νοξλιθεὶι
2409 5294 2538 5354 Sab.
2579 5282 2704 5348 cum
2733 5292 2888 5347 Vers.
2937 5291 3062 5344 Ant.
3096 5301 3217 5357 qua:
3272 5283 3432 5338 etiam
3484 5282 3570 5338 hic

1968 5363 2150 5440 habet;
2195 5363 2460 5440 bbaudire.
2785 5435 2797 5440 _
2847 5439 2851 5440 ν
3041 5431 3047 5440 .

2047 5438 2060 5508 ι
2105 5439 2214 5508 Pro
2240 5437 2670 5508 obtemperantes,
2703 5435 2869 5508 eit_i.ta_
2899 5435 3063 5508 sarpe.
3169 5476 3222 5508 A._.
3464 5477 3486 5508 ,⁵,

2043 5507 2067 5546 ¹ί
2097 5507 2198 5578 Qui
2227 5493 2420 5563 nemini
2446 5493 2829 5578 consenseritis,
2859 5493 3250 5578 biticileguulur
3271 5493 3571 5578 solummo-

1971 5581 2042 5637 do
2071 5563 2137 5636 ἱιῖ
2156 5563 2280 5635 cod.
2308 5581 2536 5635 Borner.
2577 5579 2716 5647 apud
2742 5563 2929 5700 Saba;
2975 5563 3175 5630 desunt
3197 5567 3327 5654 verti
3350 5563 3572 5654 ubique.

2049 5651 2068 5689 Ῑ
2116 5653 2309 5700 Suasio
2333 5670 2398 5700 ex
2427 5668 2488 5700 eo
2525 5651 2639 5700 est?
2667 5649 2824 5700 Vers.
2921 5653 2999 5700 nt.
3046 5643 3101 5699 et
3129 5642 3222 5698 ubi
3260 5639 3392 5700 νος.
3443 5637 3572 5695 Sab.

2049 5651 2068 5689 ι
2116 5653 2312 5716 Suasio
2333 5670 2398 5716 ex
2427 5668 2488 5706 eo
2525 5637 2824 5716 est?_Vers.
2870 5637 2999 5700 Knt.
3046 5643 3101 5699 et
3129 5642 3222 5698 ubi
3260 5639 3392 5708 Vo's,
3443 5637 3574 5695 Sab.

1976 5715 2034 5780 in
2059 5713 2312 5794 Lucifero
2340 5713 2490 5794 legit,
2517 5711 2674 5794 Nos?
2760 5787 2803 5794 __
2861 5775 2864 5780 ,
2966 5789 2976 5794 Α
3045 5777 3060 5784 ,_

2053 5805 2090 5832 ιη
2124 5793 2347 5849 Nescitis
2375 5787 2497 5866 q'uia
2524 5792 2683 5848 abest
2710 5807 2738 5846 a
2760 5787 2922 5846 Vers.
2953 5789 3079 5842 Ant.
