3972 6352
471 211 568 268 791
1550 213 1873 273 LUCIFERI
1914 213 2226 275 EPISCOPI
2265 217 2688 278 CALARITANI
3157 287 3160 290 ,
3651 221 3744 283 792

471 345 704 385 massam
728 334 1010 403 corrumpit
1036 331 1181 405 (Gal.
1217 349 1269 401 ν,
1296 333 1377 408 9).
1408 333 1697 391 Noluimus
1725 350 1825 392 vos
1850 349 2064 392 vermes
2092 335 2145 396 Δ
2169 343 2378 392 certum
2411 351 2692 395 numerum
2737 340 3105 396 lsraelitarum
3124 382 3140 409 ,
3171 355 3270 397 ore
3308 341 3478 414 gladii
3510 344 3743 412 perdidis-

476 426 593 480 Arii
640 428 886 497 recipere
915 443 1016 483 nos
1046 429 1189 484 servi
1232 429 1442 485 Christi
1493 430 1546 486 in
1594 430 1951 496 societatem,
2003 444 2073 485 ne

475 518 770 575 fuissemus
831 535 896 576 eo
952 537 1172 579 veneno
1216 523 1420 579 diaboli
1459 539 1566 596 quo
1609 539 1708 579 vos
1756 525 1889 580 estis
1937 540 2070 580 con-

473 612 698 680 sumpti.
729 610 1010 669 Noluimus
1041 614 1321 671 vobiscum
1350 615 1452 684 ire,
1485 631 1610 671 cum
1649 615 1964 672 hominibus
1995 617 2075 672 vi-

470 704 691 772 delicet,
734 707 824 777 qui
855 706 1032 762 adhuc
1078 708 1373 765 videamini
1423 726 1547 766 esse
1588 722 1744 766 extra
1786 711 1880 768 Dei
1929 710 2072 766 noti-

470 798 624 863 tiam,
651 800 742 869 qui
768 800 947 856 adhuc
975 802 1075 857 sub
1113 802 1316 859 diaboli
1357 803 1476 860 sitis
1504 806 1790 861 constituti
1837 816 2077 876 potestao

471 903 566 950 te:
603 895 878 951 noluimus
902 898 1131 952 mortuis
1153 899 1410 970 conjungi
1451 899 1562 955 vivi
1585 942 1600 967 ,
1649 902 1776 972 quia
1809 902 1942 957 tales
1977 917 2076 958 vos

470 1003 596 1044 esse
638 991 1073 1061 cognoscamiui,
1104 993 1294 1064 quales
1341 992 1608 1050 fuerimus
1649 994 1752 1066 ipsi
1783 1005 2074 1067 antequam

471 1081 898 1138 credidissemus
926 1083 980 1139 in
1014 1084 1232 1139 unicum
1258 1085 1353 1140 Dei
1383 1084 1606 1142 Filium.
1638 1087 1764 1143 Haec
1790 1089 1861 1143 ita
1893 1103 1952 1144 sc
1980 1087 2078 1143 ha-

479 1176 607 1230 bere
650 1173 964 1236 manifestat
1021 1176 1321 1248 Apostolus
1369 1178 1620 1250 Ephesiis
1674 1181 1966 1238 scribens:
2010 1181 2078 1236 Et

474 1288 562 1325 vos
590 1287 707 1324 cum
756 1270 932 1326 éssetis
962 1273 1152 1327 mortui
1192 1273 1390 1330 delictis
1436 1285 1483 1330 et
1512 1276 1738 1346 peccatis
1784 1277 1992 1344 t'estris,
2024 1279 2077 1332 in

477 1365 665 1435 quibus
692 1365 980 1437 aliquando
1004 1366 1307 1422 ambulastis
1330 1369 1610 1424 secundum
1633 1379 1658 1406 ⁸
1679 1371 1965 1443 principem
1986 1389 2079 1443 po-

477 1460 678 1512 testatis
707 1458 842 1512 aeris
882 1458 1061 1530 hujus,
1087 1459 1328 1529 spiritus,
1357 1461 1446 1532 qui
1484 1478 1624 1516 nunc
1659 1471 1905 1533 Opifratur
1933 1465 1986 1518 in
2015 1465 2080 1535 ﬁ-

485 1550 570 1604 liis
612 1550 929 1622 diﬁidentite,
961 1553 1014 1606 in
1041 1553 1224 1622 quibus
1251 1563 1300 1607 et
1340 1570 1434 1608 nos
1465 1569 1638 1609 omnes
1659 1557 1946 1611 cont'ersati
1992 1573 2081 1612 su-

480 1660 598 1699 mus
627 1645 912 1714 aliquando
946 1645 1001 1700 in
1023 1647 1438 1717 concupiscentia
1455 1649 1627 1703 carnis
1649 1658 1856 1715 nostrae,
1887 1651 2080 1722 facien-

2175 441 2258 487 set
2281 434 2516 504 quinque
2562 434 2752 490 Madize
2783 445 2939 505 reges
2981 444 3036 492 et
3063 435 3257 502 Moab;
3289 435 3384 507 qui
3413 435 3656 492 destinati
3687 440 3742 496 ad

2177 525 2420 596 praelium
2458 527 2753 582 interfectis
2801 527 3052 583 omnibus
3104 529 3378 594 maribus,
3427 529 3567 599 quod
3609 533 3744 589 sexui

2179 619 2554 689 perpercerint
2589 618 2828 678 femineo
2857 622 3186 687 occurrenti,
3218 622 3473 694 increpat
3497 623 3661 680 Moses
3683 623 3746 681 Is-

2177 712 2290 767 rael
2316 713 2458 768 lilios
2484 755 2499 779 ,
2529 729 2628 770 cur
2660 730 2768 770 non
2796 715 2958 771 etiam
2985 731 3181 772 sexum
3210 717 3509 772 femineum
3547 717 3749 775 delevis-

2177 813 2322 871 sent,
2351 815 2406 861 et
2427 805 2582 876 jubet
2609 821 2794 862 coram
2824 823 2885 864 se
2907 807 3130 864 easdem
3173 806 3435 876 interﬁci,
3471 807 3744 878 afﬁrmans,

2178 897 2323 970 quod
2353 899 2498 955 enim
2527 900 2593 955 ad
2622 900 2761 956 idola
2793 901 3068 958 adoranda
3099 914 3325 974 possent
3357 903 3538 975 populi
3571 905 3748 962 illicere

2179 1004 2409 1052 mentes.
2442 993 2497 1052 Si
2528 997 2710 1068 itaque
2756 1007 2810 1053 et
2844 1013 2946 1054 nos
2991 999 3071 1054 sic
3117 1013 3474 1055 exsecramur
3526 998 3747 1056 haeresim

2181 1101 2326 1147 tuam
2349 1101 2409 1147 ut
2438 1092 2614 1148 Moses
2641 1092 3021 1161 idololatriam,
3050 1095 3093 1150 si
3115 1097 3194 1150 sic
3216 1104 3274 1151 et
3295 1094 3519 1159 quidem
3543 1095 3627 1150 Dei
3653 1096 3748 1167 gla-

2180 1183 2272 1240 dio
2312 1183 2545 1240 interﬁci
2591 1186 2875 1256 cupiamus
2925 1187 3163 1242 haereses
3192 1187 3442 1242 omnium
3480 1194 3749 1243 vestrorum

2181 1278 2480 1332 errantium
2505 1318 2521 1346 ,
2563 1278 2838 1347 quomodo
2865 1288 2918 1334 et
2945 1278 3125 1334 Moses
3159 1279 3282 1334 illas
3316 1277 3480 1333 idolis
3510 1279 3750 1349 mancipa-

2183 1379 2287 1437 tas,
2313 1369 2362 1426 si
2388 1373 2460 1424 ita
2489 1384 2588 1425 vos
2615 1371 2880 1441 fugiamus
2934 1371 3218 1442 religionis
3269 1371 3370 1426 Dei
3416 1369 3749 1438 adversarios,

2186 1471 2244 1518 ut
2271 1462 2360 1519 ille
2389 1461 2526 1534 fugit
2552 1463 2820 1519 idolorum
2843 1464 3105 1530 cultores,
3133 1464 3421 1520 existimas
3448 1478 3543 1519 nos
3570 1479 3664 1519 non
3686 1466 3751 1516 fa-

2183 1571 2310 1613 cere
2353 1566 2503 1613 recte
2529 1556 2896 1614 abstrahendo
2927 1566 3140 1614 nosmet
3191 1573 3221 1612 a
3272 1557 3476 1614 vobis?
3503 1555 3752 1626 Quomodo

2185 1653 2386 1707 etenim
2411 1651 2708 1708 convenire
2737 1650 2893 1707 nobis
2918 1651 3198 1707 vobiscum
3243 1650 3535 1722 potuerat?
3554 1666 3666 1706 cum
3699 1650 3754 1705 ad

481 1751 564 1795 tes
585 1741 872 1796 voluntates
896 1739 925 1780 δ
955 1741 1124 1796 carnis
1141 1751 1192 1796 et
1213 1742 1553 1797 consiliorum
1571 1761 1590 1798 :
1630 1753 1678 1797 et
1699 1759 1906 1799 eramus
1934 1755 2088 1801 natu-
2117 1737 2166 1799 B
2193 1742 2571 1815 Philippenses
2599 1745 2798 1801 dixerit
2827 1761 2842 1804 :
2877 1744 3058 1802 Videte
3079 1762 3256 1814 canes,
3289 1748 3455 1802 ridete
3485 1747 3638 1802 malos
3650 1761 3753 1817 ope-

483 1837 618 1892 rales
646 1839 874 1908 filiiirce,
903 1841 1036 1894 sicut
1055 1848 1102 1894 et
1121 1839 1528 1912 ceteriwphes.
1555 1857 1614 1908 ιι,
1645 1841 1721 1914 1).
1749 1840 1884 1899 Cum
1909 1845 2085 1902 adhuc

485 1947 582 1987 vos
612 1933 752 1990 tales
773 1932 891 1988 sitis
910 1933 1102 2004 quales
1128 1947 1226 1988 nos
1255 1933 1422 1990 fuisse
1452 1944 1742 2007 antequam
1759 1938 2087 1996 credidisse-

496 2039 617 2080 mus
646 2025 815 2081 refert
830 2026 1207 2082 sanctissimus
1230 2029 1544 2098 Apostolus,
1569 2028 1756 2100 utique
1777 2031 2090 2088 fueratisvi-

491 2121 642 2176 tandi
670 2120 941 2191 homines,
961 2122 1224 2192 inquibus
1240 2134 1629 2194 cperentur,et
1645 2137 2092 2198 perquosgerant

495 2215 774 2288 principes
793 2216 1101 2287 potestatis,
1117 2220 1258 2272 aeris
1271 2217 1433 2287 hujus
1444 2218 1688 2288 spiritus,
1704 2233 1866 2274 omne
1877 2220 2094 2276 deside-

488 2311 629 2365 rium
658 2326 819 2366 suum
855 2326 872 2367 :
901 2311 1068 2366 eratis
1094 2309 1337 2382 fugiendi
1369 2310 1461 2366 lilii
1492 2310 1832 2381 difﬁdentiae,
1869 2313 1962 2370 ﬁlii
1995 2330 2090 2370 na-

493 2404 744 2460 turaliter
801 2405 916 2470 iraa,
965 2421 1032 2460 ne
1063 2404 1227 2461 vobis
1268 2404 1529 2461 haerendo
1575 2405 1641 2462 ad
1673 2407 1726 2463 id
1770 2409 1914 2479 quod
1965 2417 2093 2465 ante

490 2496 780 2554 fuissemus
821 2497 1234 2555 reduceremur.
1282 2497 1568 2553 Noluimus
1595 2514 1719 2555 esse
1763 2499 2043 2557 vobiscum
2071 2543 2089 2570 ,

493 2591 620 2661 quia
646 2591 824 2647 adhuc
854 2606 962 2646 non
1006 2591 1219 2647 fueritis
1261 2591 1690 2648 misericordiam
1737 2593 1830 2650 Dei
1861 2595 2046 2665 adepti
2076 2640 2091 2663 ,

488 2698 652 2754 quam
687 2684 801 2754 jam
848 2697 947 2739 nos
993 2699 1185 2739 sumus
1213 2685 1512 2739 consecuti.
1546 2684 1831 2741 Noluimus
1861 2686 2094 2742 societa-

490 2785 599 2833 tem
631 2777 832 2835 habere
861 2778 1164 2844 vobiscum,
1197 2780 1287 2850 qui
1315 2778 1546 2835 consilio
1577 2780 1759 2836 carnis
1782 2781 2096 2838 ducebami-

487 2871 580 2938 ni,
616 2871 760 2927 sicut
805 2871 1108 2929 ducebatur
1143 2874 1247 2930 iste
1284 2873 1632 2930 beatissimus
1675 2874 1896 2931 Paullus
1919 2877 2097 2946 prius-

490 2980 654 3036 quam
681 2965 1025 3033 credidisset,
1055 2981 1220 3038 quem
1265 2967 1616 3023 meminimus
1652 2967 1839 3024 dicere
1875 2987 1889 3024 :
1928 2967 2096 3025 Nemo

486 3076 578 3115 vos
603 3062 813 3115 seducat
843 3061 1082 3116 inanibus
1102 3061 1289 3128 verbis,
1321 3071 1533 3132 propter
1562 3063 1657 3116 hoc
1681 3073 1704 3101 ο
1735 3064 1870 3118 venit
1892 3064 1975 3118 ira
1998 3063 2096 3119 Dei

2191 1838 2356 1892 rarios
2389 1835 2558 1908 (Phil.
2612 1853 2702 1905 ιιι,
2753 1838 2833 1910 9).
2871 1837 2976 1895 Vos
3025 1853 3230 1904 canes,
3282 1840 3459 1894 u‘ialos
3509 1840 3754 1909 operarios

2189 1931 2311 2002 quis
2344 1930 2438 1986 Dei
2468 1946 2750 1986 servorqu
2783 1946 2891 1987 non
2921 1931 3150 2004 fugeret,
3183 1932 3290 1989 nisi
3321 1933 3416 2005 qui
3442 1949 3502 1988 se
3539 1945 3634 1988 non
3663 1947 3754 1987 me-

2191 2025 2444 2080 minisset
2473 2023 2882 2081 Christianum?
2909 2025 3078 2082 Vobis
3105 2027 3411 2083 adversarii
3441 2026 3535 2082 Dei
3563 2026 3752 2097 religio-

2193 2117 2277 2174 nis
2307 2120 2452 2176 servi
2482 2118 2682 2176 Christi
2738 2129 3089 2190 potueramus
3139 2136 3264 2177 esse
3305 2119 3613 2192 conjuncti,
3652 2135 3753 2176 cum

2193 2213 2514 2270 exhortetur
2534 2213 2702 2271 ludas
2729 2215 3001 2286 gloriosus
3039 2214 3340 2287 Apostolus
3398 2213 3562 2270 frater
3599 2213 3754 2271 Jacobi

2193 2306 2475 2379 Apostoli,
2506 2317 2565 2363 ut
2587 2317 2640 2364 te
2669 2318 2832 2380 atque
2880 2309 3087 2365 similes
3137 2308 3231 2364 tibi
3263 2309 3577 2374 vitaremus,
3629 2316 3676 2361 et
3711 2306 3752 2362 in

2195 2416 2449 2474 suscepta
2491 2402 2598 2459 ﬁde
2627 2418 2800 2474 usque
2825 2402 2892 2459 ad
2933 2395 3129 2459 mortis
3153 2403 3364 2460 exitum
3407 2400 3757 2457 maneremus?

2194 2495 2367 2553 ludas
2401 2495 2529 2552 Iesu
2558 2496 2749 2554 Christi
2779 2514 2953 2553 servus
2977 2539 2993 2564 ,
3035 2503 3197 2571 frater
3241 2508 3420 2554 autem
3454 2495 3653 2563 Jacobi,
3687 2492 3755 2548 his

2196 2596 2286 2664 qui
2321 2591 2340 2632 ί
2371 2595 2425 2648 in
2445 2589 2569 2648 ‘Deo
2616 2591 2776 2648 Patre
2805 2592 3014 2649 dilectis
3039 2634 3055 2660 ,
3097 2603 3144 2650 et
3186 2594 3241 2648 in
3269 2593 3402 2649 Jesu
3431 2589 3625 2646 Christo
3660 2603 3758 2642 con-

2197 2688 2414 2744 servatis
2461 2687 2675 2754 vocatis,
2705 2685 3063 2742 misericordia
3103 2686 3248 2742 vobis
3275 2696 3325 2742 et
3372 2701 3476 2756 paa:
3514 2693 3562 2739 et
3603 2681 3757 2736 caritas

2199 2781 2592 2850 multiplicetur.
2647 2779 2986 2848 Charissimi,
3030 2796 3227 2835 omnem
3273 2777 3659 2842 sollicitudinem
3692 2773 3759 2844 fa-

2200 2877 2337 2930 ciens
2393 2873 2655 2930 scribendi
2681 2874 2822 2929 vobis
2872 2874 2936 2928 de
2962 2874 3222 2929 communi
3262 2887 3447 2928 nostra
3494 2869 3665 2928 salute.
3691 2866 3760 2919 de-

2201 2984 2407 3040 precor,
2437 2976 2493 3021 ut
2530 2967 2867 3038 perlaberetis
2888 2967 3046 3021 semel
3087 2966 3294 3021 tradita:
3319 2963 3563 3021 societati.
3603 2959 3760 3017 Subin-

2201 3072 2460 3118 traverunt
2490 3064 2625 3117 enim
2651 3063 2863 3135 quidam
2894 3063 3150 3128 homines,
3180 3063 3309 3116 olim
3333 3060 3532 3130 quidem
3550 3046 3759 3130 premi?

398 3163 411 3178 '
489 3156 544 3209 in
557 3155 695 3226 filios
723 3154 1050 3227 difﬁdentiae.
1072 3153 1250 3210 Nolite
1273 3156 1446 3226 itaque
1471 3155 1586 3224 ﬁeri
1608 3156 1882 3228 participes
1905 3173 2101 3215 eorum.
2130 3134 2180 3199 θ
2213 3158 2287 3228 pti
2313 3158 2378 3211 ad
2399 3156 2496 3211 hoc
2511 3134 2791 3228 judicium,
2816 3155 3093 3226 intpii,qui
3123 3155 3216 3210 Dei
3232 3155 3457 3228 gratiam
3479 3148 3758 3216 transferunt

490 3247 669 3304 Eratis
696 3249 833 3304 enim
863 3248 1144 3320 aliquando
1165 3248 1406 3314 tenebrae,
1438 3265 1576 3302 nunc
1598 3257 1768 3302 autem
1793 3250 1886 3303 tua:
1911 3250 1962 3303 in
1993 3248 2104 3304 Do-

488 3343 651 3408 mino,
675 3343 807 3397 sicut
831 3342 930 3412 filii
948 3341 1076 3396 lucis
1102 3341 1400 3397 ambulate:
1424 3341 1624 3412 fructus
1649 3343 1783 3395 enim
1803 3341 2010 3396 luminis
2032 3353 2106 3398 est

388 3451 404 3462 '
481 3439 541 3493 in
583 3439 723 3492 onmi
752 3438 975 3492 bonitate
999 3447 1046 3492 et
1066 3438 1296 3511 justitia,
1323 3443 1370 3491 et
1410 3437 1637 3505 veritate,
1672 3435 1938 3506 probantes
1977 3437 2104 3507 quid

479 3531 548 3586 sit
575 3530 945 3600 acceptandunt
974 3527 1024 3598 τι,
1068 3541 1114 3584 et
1143 3530 1302 3584 nolite
1327 3530 1708 3584 communicare
1741 3528 1978 3600 operibus
2021 3530 2102 3583 in-

486 3626 769 3697 fructuosis
805 3627 1129 3678 tenebrarum
1154 3641 1172 3679 .·
1192 3625 1356 3695 magis
1382 3633 1554 3678 autem
1586 3623 1882 3693 redarguite
1905 3620 2097 3694 (Ibid.,

488 3718 545 3784 5,
589 3717 666 3786 6).
713 3717 1020 3782 Noluimus,
1069 3717 1193 3786 quia
1251 3717 1365 3770 haec
1409 3715 1659 3771 mandata
1701 3717 2098 3786 acceperimus,

488 3811 770 3866 vobiscum
801 3810 1072 3866 demorari
1105 3809 1253 3866 ducti
1286 3810 1539 3866 inanibus
1567 3811 1764 3866 vestris
1791 3809 1994 3877 verbis,
2031 3827 2100 3867 ne

486 3905 700 3962 scilicet
730 3909 945 3960 veniret
969 3919 1134 3975 super
1165 3918 1264 3958 nos
1306 3903 1406 3971 ira,
1442 3904 1601 3959 sicuti
1629 3907 1795 3959 etiam
1828 3904 2001 3982 venit,
2043 3914 2100 3960 et

486 4010 717 4056 ventura
742 4009 830 4056 est
851 3999 905 4055 in
937 4014 1055 4078 vos,
1081 3999 1134 4054 in
1170 4008 1222 4054 te
1241 4009 1406 4070 atque
1437 4008 1580 4066 tuos,
1605 3998 1662 4054 in
1694 4015 1790 4054 vos
1821 3999 1963 4054 lilios
1990 3999 2093 4055 dil-

486 4093 750 4150 ﬁdentiae.
808 4093 1092 4149 Noluimus
1145 4092 1290 4149 efﬁci
1359 4093 1650 4163 participes
1703 4092 2092 4160 tenebrarum;

479 4185 752 4258 siquidem
778 4185 889 4256 jam
918 4185 1206 4241 credentes
1234 4184 1287 4239 in
1319 4183 1538 4240 unicum
1567 4184 1664 4240 Dei
1705 4185 1904 4241 Filium
1941 4202 2094 4243 man-

482 4281 626 4337 datis
669 4281 788 4353 ejns
820 4281 1122 4352 majestatis
1162 4295 1358 4352 parere
1404 4281 1673 4349 cupiendo
1703 4297 1768 4338 ex
1812 4282 1923 4339 illis
1966 4299 2094 4340 eva-

482 4376 678 4432 dentes
704 4375 942 4431 tenebris
974 4375 1066 4430 lux
1091 4375 1219 4431 facti
1259 4374 1523 4431 fuerimus
1552 4376 1608 4432 in
1636 4375 1869 4432 Domino
1899 4395 1914 4432 :
1945 4378 2091 4436 unde

480 4482 584 4524 nec
607 4467 874 4523 mandatis
916 4468 1024 4523 tuis
1064 4469 1374 4525 tenebrosis
1406 4470 1770 4539 paruerimus,
1805 4471 1930 4541 quia
1959 4470 2092 4529 fuis-

2209 3255 2278 3307 ad
2311 3252 2708 3322 impudicitiam,
2733 3259 2780 3304 et
2809 3250 2898 3318 qui
2925 3258 3000 3305 est
3027 3249 3323 3303 dominator
3348 3258 3516 3302 noster
3540 3251 3583 3297 et
3617 3236 3759 3294 Domi-

2210 3363 2305 3401 nus
2337 3343 2492 3399 Jesus
2517 3341 2785 3408 Christus,
2817 3358 2932 3396 eum
2973 3351 3220 3412 negantes
3262 3337 3445 3411 (Judaz
3471 3353 3523 3402 ι,
3555 3333 3622 3405 l).
3649 3331 3756 3385 Cum

2207 3435 2557 3507 negatoribus
2581 3433 2736 3490 vobis
2765 3434 3096 3504 blasphemis
3120 3432 3286 3488 fuerit
3305 3430 3456 3488 nefas
3475 3424 3754 3486 convenire;

2205 3545 2329 3587 cum
2375 3529 2554 3586 adhuc
2598 3545 2819 3597 eorum,
2874 3529 2967 3601 qui
3020 3528 3349 3600 transgressi
3400 3535 3520 3581 sunt
3547 3517 3754 3579 mandata

2209 3626 2445 3691 Domini,
2480 3640 2802 3695 praeponens
2833 3624 3114 3695 exempla,
3167 3632 3362 3694 urgeat
3403 3619 3559 3678 corda
3600 3621 3749 3670 nostra

2204 3735 2428 3776 manere
2457 3719 2510 3775 in
2554 3734 2615 3775 ea
2663 3717 2788 3786 ﬁde,
2821 3719 2874 3773 iu
2905 3733 3011 3790 qua
3057 3718 3174 3788 ipse
3202 3717 3454 3774 videatur
3492 3711 3738 3770 mansisse.

2202 3811 2491 3867 Admonere
2513 3812 2682 3882 itaque
2710 3828 2795 3866 vos
2820 3811 2955 3874 uolo.
2983 3810 3180 3876 dicens,
3209 3810 3426 3865 scientes
3448 3807 3626 3870 omnia,
3647 3815 3748 3872 quo-

2202 3907 2344 3961 niam
2369 3905 2506 3961 Deus
2529 3906 2778 3978 populunt
2802 3921 2955 3960 suum
2995 3903 3060 3958 de
3083 3912 3218 3958 terra
3239 3901 3467 3976 Egypti
3489 3898 3660 3954 salvum
3678 3893 3742 3963 fe-

2201 4000 2268 4054 cit
2297 3999 2618 4054 :secundum
2640 4007 2665 4045 κ
2702 4007 2872 4052 autent
2904 4013 3008 4052 non
3047 3998 3308 4052 credentes
3341 3992 3594 4066 perdidit:
3624 3998 3749 4056 augt-

2199 4092 2274 4146 los
2300 4108 2498 4162 quoque
2521 4092 2609 4163 qui
2631 4108 2734 4145 non
2758 4098 3082 4146 servaverunt
3109 4090 3346 4144 ordinem
3367 4082 3614 4151 suum,sed
3631 4079 3746 4132 dere-

2195 4184 2451 4257 liquerunt
2482 4183 2836 4238 habitaculum
2871 4200 3023 4238 suum
3064 4183 3118 4237 in
3137 4182 3404 4254 judicium
3446 4175 3604 4246 magni
3636 4170 3712 4225 Dei
3732 4208 3743 4234 ι

2195 4277 2414 4332 vinculis
2439 4293 2523 4332 eos
2561 4286 2855 4330 sanctorum
2885 4275 3187 4349 angelorum
3217 4274 3313 4328 sub
3355 4271 3562 4328 tenebris
3599 4278 3738 4319 screa-

2193 4375 2281 4429 vit.
2316 4373 2552 4429 Sodoma
2598 4381 2772 4428 autent
2816 4383 2864 4428 et
2907 4371 3199 4428 Gomorrha
3223 4415 3236 4438 ,
3269 4383 3319 4428 et
3368 4388 3478 4444 qua:
3520 4370 3640 4424 circa
3677 4370 3744 4413 εοε

2192 4475 2340 4521 erant
2362 4467 2592 4522 civitates
2613 4465 2696 4520 Itis
2717 4463 2744 4502 ιι
2775 4465 2938 4521 simili
2968 4467 3122 4521 ntodo
3144 4483 3274 4538 cum
3310 4463 3609 4522 adulterium
3626 4452 3745 4526 fecis-

483 4570 570 4617 set
601 4560 926 4616 sceleratum
973 4561 1114 4616 lilios
1144 4560 1282 4616 lucis
1337 4570 1486 4616 tuum
1523 4561 1702 4618 facere
1747 4579 1885 4633 opus
1939 4574 2089 4622 tene-
2114 4535 2168 4594 D
2193 4571 2381 4628 sent,et
2411 4578 2618 4618 carnem
2651 4559 2667 4598 ί
2716 4571 2909 4617 secutw
2937 4570 3134 4628 essent,
3179 4561 3310 4616 cinis
3357 4555 3618 4634 proposita:
3648 4552 3744 4603 sunt

483 4655 634 4711 brosi
668 4672 682 4710 :
716 4663 740 4692 ο
769 4654 894 4720 quia
923 4663 978 4710 et
1007 4652 1216 4724 frttetus
1243 4654 1467 4711 luminis
1489 4657 1560 4712 sit
1587 4658 1872 4715 ambulare
1897 4659 1948 4715 in
1966 4659 2087 4730 jus-

482 4748 604 4804 titia
631 4755 685 4804 et
704 4745 955 4814 veritate,
985 4757 1039 4802 et
1071 4747 1124 4801 in
1147 4748 1298 4802 omni
1317 4747 1584 4804 bonitate.
1605 4749 1750 4804 Dicis
1784 4766 1882 4805 nos
1904 4751 2085 4810 facere

482 4841 706 4912 inique,
757 4839 900 4909 quod
951 4839 1224 4894 noluimus
1273 4838 1530 4896 haeresim
1576 4842 1859 4912 suscipere
1890 4852 2038 4899 tuam
2069 4886 2085 4911 ,

476 4933 622 5004 quod
653 4947 760 4988 non
789 4940 968 4988 tecum
1001 4943 1164 5004 atque
1185 4948 1308 4988 eum
1334 4933 1442 4989 tuis
1477 4943 1702 4991 :eternze
1729 4935 1933 4991 fuerint
1963 4938 2084 4994 ﬁxas

480 5026 758 5083 amicitiae.
786 5027 990 5096 Accipe
1017 5025 1162 5096 quod
1189 5024 1370 5082 Moses
1393 5025 1587 5082 fecerit
1617 5027 1688 5084 de
1727 5030 2076 5102 alienigenis,

484 5130 734 5187 tempore
758 5133 868 5190 quo
885 5117 1081 5190 jubere
1105 5117 1160 5174 ei
1181 5117 1433 5191 dignatus
1461 5130 1546 5176 est
1571 5120 1742 5185 Deus,
1772 5130 1832 5178 ut
1862 5125 2085 5183 mittens

551 5296 579 5368 ξ
619 5285 917 5368 Secundum
964 5283 1212 5368 surculum
1266 5282 1448 5336 mundi
1494 5281 1672 5353 hujus,
1707 5291 1754 5336 et
1799 5286 2087 5341 secundum

482 5357 807 5431 principem,
838 5366 945 5412 etc.
975 5354 1131 5409 νει-ε.
1163 5356 1295 5409 Ant.

549 5429 579 5468 δ
617 5427 754 5486 Cum
813 5427 1004 5485 Gnaeo
1040 5427 1316 5498 θελήματα.
1379 5424 1516 5482 Vers
1561 5425 1690 5481 Ant.
1748 5426 2080 5497 voluptates;

478 5501 534 5558 in
561 5517 692 5572 qua,
716 5517 920 5555 eramus
938 5511 1148 5572 natura,
1180 5509 1288 5554 etc.

551 5570 726 5626 c‘1]th
747 5573 898 5626 enim.
936 5570 1088 5626 Vers.
1119 5570 1248 5625 Ant.

549 5639 860 5710 dAcceptum
885 5639 1013 5713 Deo.
1045 5639 1218 5713 Vatic.
1253 5640 1406 5707 Quod
1437 5641 1639 5713 placeat
1659 5640 1868 5701 Deam.
1888 5652 2076 5706 autem

481 5722 529 5767 et
555 5714 868 5782 redarguite.
901 5711 1054 5782 vers.
1081 5711 1229 5782 Ant.‘
1267 5749 1270 5752 .

559 5765 601 5819 ’ί
620 5765 678 5837 Id
705 5765 812 5849 Est,
835 5775 1056 5837 hominis
1086 5765 1370 5839 tenebroii.

2192 4654 2504 4725 exemplum,
2535 4653 2669 4724 ignis
2697 4653 2878 4708 aeterni
2927 4669 3127 4724 poenam
3171 4653 3494 4707 sustinentes.
3534 4637 3740 4702 Similiter

2189 4751 2362 4822 itaque
2393 4760 2440 4805 et
2474 4749 2562 4804 isti
2589 4749 2922 4813 somniantes,
2953 4765 3161 4804 carnem
3209 4747 3416 4814 quidem
3444 4738 3740 4811 coinquinant.

2186 4846 2592 4901 dominationem
2620 4853 2790 4897 autem
2821 4851 3067 4916 spernunt
3114 4839 3308 4914 (Ibid.,
3360 4841 3434 4913 5).
3487 4838 3544 4894 Et
3585 4829 3734 4888 infra:

2198 4940 2292 4997 Va:
2315 4941 2442 5007 illis,
2472 4939 2717 5011 quoniam
2744 4937 2798 4992 in
2825 4937 2962 4991 niam
2988 4935 3120 4992 Cain
3159 4935 3417 4999 abierunt,
3452 4941 3497 4987 et
3515 4932 3561 4983 in
3591 4919 3737 4979 seduc-

2193 5035 2382 5090 tionem
2413 5031 2549 5087 Baal
2579 5030 2814 5085 mercede
2838 5030 2996 5101 effusi
3025 5038 3170 5096 sunt,
3194 5039 3241 5083 et
3262 5029 3317 5082 in
3342 5016 3734 5082 contradictionem

2190 5125 2386 5183 Choreb
2413 5127 2694 5198 perierunt.
2722 5121 2795 5178 Hi
2816 5131 2937 5178 sunt
2969 5121 2983 5173 i
3019 5125 3074 5177 in
3111 5119 3446 5178 eharitatibus
3467 5110 3622 5170 vestris
3644 5117 3732 5159 nta-

2272 5286 2293 5326 τ
2339 5285 2444 5355 Qui
2470 5292 2610 5351 sunt,
2643 5291 2712 5350 et,
2741 5280 3053 5337 conservatis
3075 5290 3124 5335 et
3148 5280 3342 5336 vocatis
3365 5276 3485 5349 legit
3509 5267 3620 5330 Sabo

2264 5370 2290 5408 ε
2333 5358 2596 5415 Secundo.
2626 5355 2706 5411 Id.

2261 5429 2290 5468 ¹¹
2333 5431 2401 5486 Ut
2434 5432 2485 5484 itt
2507 5427 2687 5484 Graec.
2734 5423 2940 5485 τούτοὶς
2967 5465 2982 5488 .
3015 5423 3147 5501 Sub.
3183 5423 3315 5496 legit
3339 5423 3434 5476 lue.
3519 5488 3530 5501 _

2265 5501 2280 5539 ί
2327 5502 2397 5556 Et
2417 5516 2623 5555 carnem
2648 5507 2852 5569 secutis!
2873 5506 3037 5550 essent
3071 5487 3312 5563 alterum,
3335 5488 3604 5569 proposita.
3640 5487 3725 5537 εκ·

2185 5572 2473 5648 Ιιιιιίιι.τιά
2506 5566 2914 5648 ξρηςιιιη-νμιεο
2984 5639 2997 5648 ,
3063 5647 3080 5648 η
3156 5638 3187 5648 ,,
3230 5639 3243 5648 ,
3337 5566 3386 5648 ’,
3457 5635 3485 5648 .,
3538 5619 3703 5648 Mi.-

2258 5619 2943 5712 ι”ὄιηςὶὲᾶἓζρὲάὶξᾶιᾶτέῖιές
2971 5639 3134 5714 ὗμῶντ
3155 5638 3341 5696 Saba“
3373 5635 3508 5714 1⁸8ίῆ
3532 5633 3577 5684 in

2179 5723 2286 5786 suis
2307 5716 2525 5772 macqu
2547 5755 2583 5786 ,_
2606 5707 2933 5786 conmeantes
2952 5707 3080 5786 sine
3095 5713 3300 5777 timore,
3341 5707 3608 5786 semett'gwf
3629 5707 3721 5786 li?“

2178 5777 2364 5847 centes.
2397 5777 2646 5843 Gram—tim
2671 5785 2802 5841 vero
2852 5782 2994 5840 idem
3028 5781 3115 5838 hic
3157 5789 3335 5850 sanat,
3397 5795 3454 5837 ac
3513 5777 3713 5842 ἀγάπαις»
