3972 6352
204 303 312 362 795

1145 296 1233 353 DE
1272 293 1572 353 REGIBUS
1612 287 2065 348 APOSTATICIS
2104 285 2311 343 LIBER
2352 285 2557 344 UNUS.

3408 282 3516 341 794

202 417 333 471 culte
352 418 462 471 sine
491 415 674 470 timore
696 413 992 483 semetipsos
1018 420 1245 484 regentes
1265 452 1281 477 ,
1310 408 1468 464 nubes
1509 407 1617 461 sine
1639 420 1795 475 aqua,
1829 415 1875 467 Α
1906 400 2164 465 irrisor‘es,
2195 407 2371 453 euntes
2392 398 2677 453 secundum
2704 398 2993 453 voluntates
3022 412 3145 451 suas
3181 396 3377 467 impias
3398 412 3418 451 :
3463 397 3519 452 bi

201 507 341 566 omni
380 520 528 565 uento
576 507 1023 583 circumferendis,
1074 506 1281 561 arbores
1320 503 1645 559 autumnales
1691 501 1802 554 sine

200 608 376 676 fructu
407 611 433 639 ⁸
460 613 698 667 mortuae,
732 619 765 656 a
806 600 1068 656 radicibus
1111 598 1323 665 evulsce,
1372 599 1561 675 ﬂuctus
1610 595 1802 665 feroces

200 697 363 751 maris
410 696 767 767 despumantis
804 695 1154 761 turpitudines
1181 710 1323 773 suas,
1359 690 1603 762 procella:
1652 691 1804 744 sedu-

199 796 392 853 ce‘utes,
418 790 603 860 quibus
632 794 831 857 tempus
854 789 1181 844 tenebrarum
1207 785 1234 824 δ
1276 787 1330 840 in
1370 793 1805 841 teternuritserva-

202 892 313 935 tmn
340 890 418 937 est
447 881 887 954 (Judw.t,H).Et
914 882 1049 937 inira
1072 898 1085 935 :
1111 879 1217 935 Vos
1243 889 1437 947 autem,
1469 883 1675 950 fratres,
1695 894 1803 933 me-

201 988 426 1033 mentote
486 978 852 1044 praedictorum
900 993 1197 1033 sermonum
1259 975 1323 1029 ab
1378 974 1624 1047 apostolis
1674 971 1801 1028 Jesu

201 1069 433 1139 Christi,
459 1074 705 1145 quoniam
725 1071 960 1127 dicebant
993 1088 1012 1128 :
1043 1070 1113 1126 In
1141 1070 1431 1127 novissimis
1455 1070 1635 1125 diebus
1656 1080 1804 1125 erunt

196 1246 335 1315 quas
393 1232 677 1298 vocabant,
731 1247 829 1289 seu
891 1240 1139 1290 veterum
1193 1232 1629 1289 Christianorum
1676 1247 1810 1293 con-

203 1317 374 1357 vnvra.

273 1385 303 1448 ξι
341 1374 437 1448 Dis
456 1386 692 1432 mortuas.
725 1376 904 1432 Latin.
936 1392 1000 1432 ex
1035 1376 1196 1448 Vulg.

273 1446 301 1485 δ
339 1445 476 1503 Cum
519 1448 714 1504 Gra'ct)
769 1452 839 1513 εἰς
883 1450 967 1505 τὸν
1017 1445 1196 1507 uicinia.
1258 1448 1389 1506 Sab.
1423 1450 1572 1519 legit,
1607 1461 1805 1523 tempus

1904 511 2026 556 sunt
2077 511 2098 538 ε
2144 501 2462 555 secernente's
2517 497 2770 553 animales
2821 496 3064 569 spiritum
3118 512 3223 550 non
3272 494 3518 551 habentes

1906 594 2097 669 (Ibid.,
2140 593 2251 665 l7).
2287 594 2345 650 In
2368 592 2453 648 his
2476 592 2727 648 omnibus
2758 590 2914 646 malis
2940 589 3068 661 quia
3100 604 3222 646 esse
3249 604 3514 661 conspec-

1906 702 1991 748 tus
2018 708 2101 758 es,
2131 690 2439 757 Constanti,
2468 688 2649 743 vitata:
2670 695 2795 742 sunt
2823 701 2853 740 a
2885 684 3043 741 nobis
3070 692 3174 740 tua:
3206 682 3516 741 interﬁcere

1908 786 2219 842 laborantes
2249 783 2501 838 amicitia:
2533 798 2548 835 :
2580 797 2648 836 nc
2673 778 2928 836 videlicet
2956 786 3136 833 tecum
3166 775 3233 831 ad
3268 777 3358 832 illa
3379 776 3513 832 luis-

1908 895 2093 936 semus
2121 875 2587 950 praecipitatiloca
2617 862 3034 937 tormentorum,
3069 870 3136 926 ad
3168 884 3292 941 qua:
3322 884 3514 926 omnes

1910 975 2054 1039 illos,
2085 988 2316 1046 quorum
2368 980 2559 1028 tenens
2605 985 2665 1027 es
2704 968 2844 1035 iter,
2896 963 2923 1003 ἀ
2977 973 3159 1022 narrat
3208 964 3516 1037 prmeipites

1909 1071 2086 1128 datos.

1910 1235 2237 1289 tenebrarum
2263 1243 2534 1289 ceternum.

1984 1318 2005 1345 ο
2049 1306 2381 1362 Secernerues
2401 1322 2474 1359 se.
2506 1304 2690 1359 Latin.
2723 1302 2791 1357 ad
2816 1316 3035 1358 sensum
3061 1302 3221 1370 Vulg.

1977 1374 2004 1414 ἀ
2045 1377 2100 1434 ld
2145 1390 2248 1445 εει,
2289 1378 2566 1449 Apostolus
2589 1374 2793 1443 ludas,
2834 1374 2991 1446 cujus
3020 1374 3245 1447 protulit
3274 1373 3511 1429 auctori-

1906 1458 2097 1506 tatem.

1041 1801 1191 1918 S.
1270 1803 1441 1914 1³-
1518 1803 1704 1914 N.
1783 1798 2646 1916 LUCIPEBI

1411 1998 1767 2064 EPISCOPI
1804 2000 2300 2065 CALARITANI

517 2165 788 2311 DE
863 2164 1745 2315 REGIBUS
1827 2161 3217 2359 APOSTATICIS,

822 2366 1011 2494 AD.
1056 2407 1905 2494 CONSTANTIUM
1981 2406 2894 2512 IMPERATOREM,

1499 2592 1829 2666 LIBER
1905 2593 2044 2667 UN
2053 2592 2207 2666 US.

1658 2753 2063 2777 -ῌ

266 2899 546 2956 Usitatum
564 2899 686 2971 quia
715 2898 915 2956 habere
936 2899 1178 2971 dignaris
1200 2899 1453 2964 verbum,
1482 2897 1626 2970 quod
1651 2897 1799 2954 enim
1832 2900 1880 2960 B
1905 2896 2168 2953 inaurium
2208 2897 2236 2937 ι)
2289 2916 2570 2955 aureorum
2619 2902 2689 2955 ad
2732 2900 2880 2956 mille
2927 2899 3278 2972 :eptiugentos
3328 2897 3521 2962 sirlos,

191 2992 302 3048 nisi
329 3001 386 3047 et
417 2992 626 3061 integre
652 2993 934 3056 crederes,
968 3003 1021 3049 et
1053 2993 1168 3048 hzrc
1203 3008 1323 3063 qua:
1351 2993 1499 3063 geris
1526 2992 1669 3047 circa
1702 3006 1802 3047 nos

194 3083 318 3140 Deo
349 3096 539 3139 essent
565 3085 785 3156 placita,
838 3085 951 3156 jam
1008 3084 1207 3139 fuisses
1249 3086 1577 3150 exstinctus,
1610 3098 1809 3155 pauco-

189 3193 323 3232 rum
369 3176 463 3232 tibi
497 3178 546 3232 in
601 3177 871 3247 apostasia
921 3185 1086 3244 atque
1138 3176 1468 3232 crudelitate
1513 3177 1804 3247 a-qualium

190 3288 394 3343 regum
419 3269 558 3328 facta
591 3270 893 3327 desideravi
924 3285 1172 3327 reserare
1200 3316 1212 3335 ,
1248 3285 1354 3341 quo
1386 3271 1556 3341 possit
1586 3285 1687 3325 vox
1713 3270 1807 3324 illa

192 3372 290 3418 tua
363 3363 585 3431 sepeliri
642 3378 763 3432 qua:
807 3362 995 3419 dicat:
1044 3362 1165 3418 Nisi
1208 3363 1466 3418 catholica
1496 3375 1627 3418 esset
1676 3364 1808 3434 fides

192 3457 343 3523 Arii,
371 3456 467 3510 hoc
498 3467 569 3511 est
599 3472 735 3523 mea,
765 3457 863 3511 nisi
893 3457 1147 3529 placitum
1196 3467 1327 3512 esset
1355 3454 1467 3511 Deo
1494 3456 1633 3524 quod
1660 3455 1809 3510 illam

193 3568 491 3623 persequar
506 3550 662 3621 fidem
690 3568 845 3622 quam
877 3560 1059 3606 contra
1090 3569 1184 3605 nos
1204 3553 1510 3621 scripserint
1533 3551 1678 3619 apud
1704 3550 1807 3605 Ni-

194 3647 365 3713 ciam,
399 3662 675 3716 numquam
728 3649 960 3717 profecto
990 3646 1162 3700 adhuc
1188 3646 1242 3699 in
1285 3645 1503 3716 imperio
1545 3646 1805 3715 florerent.

194 3737 325 3794 Non
353 3737 568 3792 illorum
596 3752 783 3810 regum
809 3738 945 3792 iacio
988 3738 1344 3803 mentionem,
1403 3738 1496 3807 qui
1529 3752 1558 3791 a
1585 3738 1678 3793 Dei
1708 3753 1810 3793 no-

196 3832 326 3887 titia
358 3829 575 3886 fuerunt
601 3831 762 3887 alieni
792 3849 807 3899 ;
839 3831 910 3887 de
942 3831 1027 3888 his
1047 3833 1178 3887 solis
1203 3841 1373 3887 tracto
1402 3832 1491 3902 qui
1542 3834 1594 3887 in
1623 3831 1809 3889 Iudaea

198 3936 514 3984 noscuntur
540 3943 817 3999 regnasse.
848 3928 904 3982 ln
935 3927 1074 3983 lihro
1102 3926 1351 3983 Iudicum
1386 3927 1694 3983 invenimus
1723 3927 1813 3984 Je-

198 4020 525 4077 robahelcm
556 4020 724 4076 lilium
748 4019 913 4076 Josiac
934 4020 1169 4075 electum
1201 4036 1231 4075 a
1261 4021 1390 4085 Deo,
1416 4029 1469 4077 et
1493 4022 1697 4077 dictum
1717 4021 1767 4077 ei
1796 4039 1808 4076 :

213 4113 366 4168 Vade
413 4113 468 4167 in
520 4112 828 4184 fortitudine
867 4124 980 4180 tua,
1030 4125 1079 4168 et
1106 4113 1309 4168 saluum
1346 4116 1509 4186 facies
1544 4114 1716 4169 Israel
1748 4116 1812 4169 de

199 4224 374 4263 manu
416 4206 652 4263 Modice:
696 4224 865 4263 nonne
888 4224 1002 4262 ecce
1052 4208 1197 4261 mitto
1249 4218 1296 4261 te
1340 4206 1543 4278 (Judic.
1578 4224 1651 4274 vr,
1680 4207 1811 4279 id)?

1911 3002 2098 3060 praeter
2128 2992 2417 3047 brachialia
2446 3002 2491 3048 et
2536 3005 2766 3064 torques,
2796 3004 2845 3049 et
2868 2994 3208 3062 Operimeuta,
3241 3000 3291 3045 et
3319 3007 3523 3063 purpu-

1911 3097 2024 3135 ram
2061 3098 2177 3152 quw
2201 3099 2355 3153 super
2385 3102 2527 3155 reges
2560 3083 2797 3139 Madiam
2824 3095 2993 3149 erant,
3024 3094 3071 3137 ct
3101 3093 3290 3153 praeter
3314 3090 3519 3153 torques

1909 3190 2113 3242 aureas,
2141 3192 2257 3245 quia
2281 3177 2335 3230 in
2361 3178 2496 3232 collo
2524 3180 2842 3234 camelorum
2878 3177 3303 3232 aduersariorum
3344 3175 3514 3249 (Ibid.

1910 3268 2027 3339 26),
2078 3269 2205 3339 quid
2254 3270 2390 3325 dicit
2436 3270 2633 3327 fecisse
2662 3271 2979 3328 Gedeonem
3021 3286 3173 3325 sacra
3205 3269 3523 3339 scriptura?

1912 3357 2122 3415 Gedeon
2149 3372 2170 3399 ο
2201 3363 2292 3433 qui
2314 3373 2361 3417 et
2388 3362 2694 3431 Jerobabel,
2719 3366 2839 3435 fecit
2869 3362 3079 3434 Ephod,
3104 3374 3151 3418 et
3175 3366 3356 3418 statuit
3384 3363 3520 3417 illud
3594 3360 3603 3367 ’

1911 3454 1967 3506 in
1996 3454 2200 3509 civitate
2246 3472 2342 3509 sua
2374 3456 2614 3529 Ephratlt
2641 3473 2659 3512 :
2688 3467 2735 3512 et
2784 3458 3031 3526 fornicati
3071 3467 3193 3512 sunt
3223 3457 3323 3528 filii
3350 3454 3520 3511 Israel

1911 3550 2004 3614 ibi,
2028 3561 2073 3605 et
2099 3551 2293 3621 factum
2315 3562 2388 3606 est
2433 3553 2662 3609 Gedeoni
2693 3563 2739 3608 et
2762 3554 2945 3607 domui
2974 3556 3089 3627 ejus
3122 3554 3177 3607 in
3205 3551 3518 3606 scandalum

1912 3642 2076 3716 (Ibid.
2103 3644 2217 3717 27).
2247 3645 2521 3717 Numquid
2558 3663 2679 3700 nam
2722 3646 2936 3701 distulit
2976 3646 3171 3701 diebus
3199 3645 3513 3714 aliquantis,

1912 3743 1968 3790 et
2011 3735 2091 3791 sic
2144 3736 2283 3792 hanc
2329 3747 2414 3793 est
2460 3748 2718 3809 operatus
2769 3748 2959 3793 contra
3010 3738 3179 3793 Deum
3224 3737 3516 3808 malignam

1915 3832 2188 3902 operam?
2215 3831 2489 3904 Numquid
2533 3849 2654 3888 nam
2690 3833 2970 3889 reminisci
3001 3832 3198 3904 potuit,
3238 3847 3361 3887 cum
3402 3830 3521 3887 haec

1915 3924 2108 3981 fuisset
2152 3923 2176 3962 ἀ
2217 3942 2507 3998 aggressus
2560 3926 2767 3994 facere,
2813 3926 2955 3998 quod
2989 3927 3224 3982 dixisset
3250 3925 3299 3980 ei
3333 3924 3521 3979 Deus:

1923 4019 2068 4075 Vade
2091 4021 2166 4092 ολ
2183 4039 2278 4095 ego
2302 4040 2387 4077 ero
2434 4033 2603 4077 tecum
2634 4021 2799 4093 (Ibid.
2834 4037 2907 4088 v1,
2936 4021 3025 4091 16)
3059 4022 3083 4075 ?
3114 4019 3217 4077 Ubi
3244 4027 3331 4075 est
3358 4017 3519 4086 illud,

1915 4117 2059 4185 quod
2091 4116 2391 4172 secundum
2425 4126 2757 4187 praeceptum
2810 4115 2908 4171 Dei
2946 4113 3261 4170 demolierit
3300 4111 3425 4167 Baal
3468 4121 3524 4165 et

1916 4205 2069 4261 lucos
2108 4207 2227 4276 ejus
2280 4207 2564 4272 exciderit,
2613 4215 2669 4263 et
2710 4207 2825 4261 Deo
2852 4206 3118 4260 obtulerit
3143 4202 3521 4258 sacriﬁcium?

203 4302 279 4358 Et
310 4301 453 4357 infra
487 4321 501 4357 :
535 4301 647 4371 Ego
672 4311 698 4339 ἰ
729 4318 815 4357 ero
845 4312 1035 4367 tecum,
1066 4311 1116 4357 et
1139 4302 1396 4373 percuties
1430 4300 1783 4370 Madiam‘buo
1839 4292 1881 4355 C
1917 4299 2005 4354 ubi
2034 4310 2115 4354 est
2146 4300 2275 4354 illud
2307 4300 2451 4370 quod
2482 4299 2619 4355 dixit
2670 4299 2736 4353 ad
2792 4298 2885 4353 Dei
2914 4297 3168 4352 nuncium
3200 4293 3305 4350 sibi
3334 4291 3517 4348 dicen-

200 4395 367 4450 modo
398 4412 558 4449 unum
585 4395 841 4449 hominem
893 4392 1058 4465 (Ibid.
1110 4392 1240 4465 l6);
1274 4408 1434 4464 quem
1468 4393 1696 4448 Madiam
1729 4395 1810 4448 lo-

201 4488 400 4561 quitur
443 4489 707 4559 scriptura
756 4488 1015 4544 habuisse
1062 4486 1467 4542 multitudinem
1530 4496 1808 4557 tamquam

203 4598 437 4639 arenam
494 4583 679 4638 maris.
734 4584 803 4638 At
861 4584 950 4640 ubi
1006 4582 1224 4653 impleta
1272 4591 1401 4635 sunt
1454 4589 1651 4637 cuncta
1691 4595 1814 4649 qua:

211 4679 364 4734 Deus
389 4675 630 4733 Gedeoni
658 4677 927 4748 promisit,
957 4675 1046 4732 ubi
1078 4690 1136 4730 se
1158 4674 1459 4731 exaltatum
1487 4689 1556 4728 ex
1593 4673 1813 4737 humili,
1860 4716 1869 4725 .

208 4773 610 4843 locupletatum
666 4787 733 4827 ex
790 4786 1048 4843 paupere,
1102 4786 1286 4841 regem
1342 4770 1545 4825 factum
1578 4768 1719 4823 vidit
1750 4784 1817 4824 ex

211 4865 429 4938 plebeia
462 4865 801 4929 conditione,
847 4864 975 4935 quid
1023 4865 1206 4919 statim
1257 4863 1430 4919 facit?
1460 4878 1657 4933 nempe
1684 4862 1821 4918 dicit

210 4958 284 5014 ad
340 4958 650 5029 populum:
698 4957 832 5012 Date
877 4959 1004 5012 mihi
1060 4958 1411 5029 unusquisque
1462 4958 1700 5011 inaurem
1758 4957 1821 5010 de

214 5052 400 5125 prceda
424 5069 520 5106 sua
545 5050 710 5124 (Ibid.
746 5067 861 5118 vut,
888 5050 1007 5121 24).
1048 5050 1151 5119 Qui
1176 5067 1296 5105 cum
1318 5051 1595 5121 accepisset
1625 5050 1825 5121 pondus

294 5253 320 5281 α
365 5241 630 5313 Congruit
660 5256 782 5297 cum
829 5239 990 5313 Vulg.
1026 5240 1183 5296 \‘ers.
1223 5238 1359 5313 Aut.
1403 5238 1662 5305 Quoniam
1710 5236 1822 5313 De:

220 5318 395 5370 minus
426 5309 524 5370 erit
572 5324 739 5369 tecum
773 5330 789 5368 :
839 5309 960 5368 et”:
1008 5320 1270 5381 tamquam
1313 5312 1480 5364 rirum
1509 5326 1688 5364 unum.
1720 5309 1823 5364 Alii

218 5403 343 5443 cum
376 5385 627 5442 Lucifero
654 5402 722 5441 ex
752 5385 966 5451 Grzeco,
995 5383 1179 5457 ἔσομαι
1220 5386 1352 5457 pst-tit
1380 5388 1499 5437 σοῦ.

293 5459 321 5497 ι’
362 5458 499 5514 Cum
529 5458 701 5514 Vatic.
734 5462 905 5513 Antea
938 5452 1230 5510 inuur'euml
1268 5454 1420 5509 Vers.
1458 5460 1585 5507 Ant.
1608 5452 1825 5507 Pandus

218 5533 491 5585 inaurium
516 5546 813 5589 aureurum.
857 5545 985 5600 quas
1017 5527 1256 5596 petierat,
1302 5525 1419 5581 sicli
1448 5526 1592 5579 mille
1627 5526 1824 5597 septin-

222 5604 364 5674 genti
391 5604 604 5674 auri..
639 5610 685 5674 et
713 5602 1035 5669 operimenta
1089 5613 1376 5669 purpurea,
1424 5613 1541 5668 qua:
1566 5608 1715 5674 erant
1734 5612 1823 5651 su-

1927 4404 2032 4451 tem
2070 4412 2083 4449 :
2114 4393 2372 4449 Dominus
2403 4404 2590 4460 tecum,
2623 4404 2802 4466 potens
2832 4391 2853 4431 ΐ
2885 4394 3073 4447 virtute
3098 4407 3119 4447 :
3142 4390 3207 4445 In
3237 4401 3262 4438 8
3292 4407 3392 4457 me,
3418 4389 3527 4443 Do-

1925 4489 2081 4551 mine,
2115 4497 2161 4542 et
2190 4486 2251 4541 si'
2279 4496 2353 4542 est
2384 4486 2638 4541 Dominus
2669 4486 2959 4549 nobiscum,
2996 4492 3044 4539 et
3086 4484 3211 4555 quid
3235 4483 3530 4554 apprehen-

1923 4580 2109 4635 derunt
2160 4597 2251 4635 nos
2284 4581 2461 4635 omnia
2492 4579 2631 4634 mala
2659 4578 2825 4634 haec?
2873 4587 2919 4633 et
2966 4576 3053 4631 ubi
3097 4584 3217 4630 sunt
3268 4574 3529 4630 mirabilia

1922 4677 2038 4747 ejus
2069 4716 2083 4740 ,
2134 4689 2249 4745 qua
2293 4672 2582 4726 retulerunt
2610 4672 2752 4726 nobis
2809 4680 2977 4742 patres
3028 4668 3194 4723 nostri
3247 4668 3469 4723 dicentes
3504 4684 3522 4721 :

1928 4765 2086 4821 Nunc
2113 4764 2142 4803 ιι
2180 4782 2244 4821 ea:
2293 4765 2528 4839 Egypto
2556 4764 2782 4819 adduxit
2814 4780 2905 4817 nos
2934 4759 3073 4816 Deus
3097 4762 3122 4816 ?
3147 4769 3197 4815 et
3228 4775 3364 4815 nunc
3388 4775 3533 4829 spre-

1927 4864 1999 4916 vit
2050 4879 2144 4916 nos
2183 4871 2229 4916 et
2273 4861 2488 4915 tradidit
2546 4877 2642 4915 nos
2696 4860 2749 4913 in
2810 4874 2967 4911 manu
3014 4855 3209 4911 Mediae
3268 4852 3525 4908 Dominus

1932 4953 2094 5025 (Ibid.
2130 4956 2245 5023 11).
2278 4953 2547 5025 Numquid
2574 4952 2859 5022 repetebat
2888 4959 3136 5021 tempore
3184 4962 3292 5019 quo
3335 4954 3526 5002 contra

1932 5050 2104 5106 Deum
2138 5051 2321 5106 facere
2355 5051 2609 5116 tentavit,
2642 5048 2787 5120 quod
2832 5046 2920 5102 illa
2970 5042 3251 5101 consecuti
3300 5040 3536 5099 fuissent

1931 5236 2147 5307 Gedeon
2168 5238 2220 5290 in
2253 5235 2466 5307 Ephud,
2511 5243 2651 5307 et....
2676 5234 2747 5307 (in
2796 5231 2996 5305 Epitra.
3028 5229 3095 5284 Et
3135 5228 3427 5300 fornicatus
3458 5237 3535 5283 est

1929 5311 2096 5363 omnis
2120 5305 2433 5377 Israel'post
2454 5306 2593 5361 illud
2616 5305 2709 5369 ibi,
2738 5314 2844 5360 etc.

2000 5379 2029 5418 ιι
2066 5380 2202 5435 Cum
2231 5373 2408 5433 Laliu.
2436 5379 2504 5432 ita
2535 5377 2894 5446 corrigimus;
2926 5383 3084 5430 antea
3126 5373 3349 5445 fecisset.

2008 5453 2023 5489 ί
2076 5451 2223 5506 Vnde
2262 5449 2418 5506 abest
2446 5452 2514 5515 ab
2552 5448 2714 5505 Vers.
2748 5450 2877 5503 Ant.

2004 5526 2017 5573 t'
2072 5522 2262 5578 Potens
2306 5525 2526 5589 virtute,
2579 5536 2644 5576 ex
2690 5519 2854 5574 llebr.
2886 5516 3044 5574 Vers.
3078 5516 3207 5573 Aut.
3263 5526 3442 5587 potens
3473 5515 3526 5571 in

1928 5596 2259 5667 fortitudine.

226 5656 503 5756 l’f’rfreges
534 5656 804 5756 Madiart',’
828 5682 1014 5742 prazter
1045 5656 1277 5740 to'rqu'es,
1312 5656 1601 5740 quaa'erant
1635 5671 1687 5723 in
1709 5684 1822 5724 cer-
1848 5656 1902 5718 Ι)
1928 5656 1939 5667 ’
1998 5665 2023 5704 ιε
2067 5664 2501 5756 Deesse‘videu‘tr
2537 5664 2643 5748 {Et
2669 5662 2800 5746 dixit
2829 5661 2904 5756 ad.
2926 5678 3043 5756 eum
3073 5660 3301 5756 Gedeon.
3329 5659 3395 5715 In
3420 5677 3522 5756 me,

224 5747 417 5817 vicibus
448 5745 771 5817 camelorum
786 5745 1039 5817 ipsorum.

280 5830 329 5887 ἴση
350 5816 419 5871 Et
450 5821 570 5887 fecit
604 5817 699 5870 illa
728 5808 939 5871 Gede'dn
967 5815 1023 5869 iri
1046 5812 1244 5887 Ephori
1264 5886 1269 5887 γ
1290 5813 1543 5887 etstatuit
1582 5812 1738 5887 illud
1763 5813 1815 5887 in

228 5882 428 5945 ciuitate
450 5881 544 5943 tua
568 5888 621 5943 in
654 5886 854 5959 Epitra.
888 5887 1008 5941 Vat.
1045 5885 1200 5941 Vere}.
1250 5883 1376 5940 Aut.
1412 5881 1480 5939 Et
1511 5885 1630 5956 fecit
1679 5885 1815 5939 illud

1922 5747 2031 5794 etc.
2067 5738 2221 5794 Vers.
2250 5737 2376 5793 Aut.
2416 5736 2636 5791 Domine
2658 5736 2823 5791 mi....
2858 5743 2905 5787 et
2935 5742 2992 5787 ut
3040 5735 3167 5805 quid
3215 5735 3520 5789 invenerunt

1923 5828 2017 5865 nos
2044 5812 2219 5865 omnia
2242 5808 2381 5863 mala
2405 5811 2650 5873 ista,etc.

1998 5880 2015 5918 ι
2061 5880 2271 5939 Nonne;
2303 5881 2583 5954 Latinius,
2612 5877 2689 5935 uti
2722 5879 2774 5935 iu
2796 5876 3011 5935 Graeco.
