3972 6352
517 315 624 373 79ἴὶ

1593 281 1916 378 tumeant
1957 277 2272 379 EPtscittii
2310 279 2732 379 cumulum

3673 329 3756 386 796

519 429 662 488 Itt.-l:t
693 442 910 504 propter
933 431 1330 488 idololatriam?
1355 433 1426 516 At
1457 429 1544 516 ubi
1575 437 1746 516 erepti
1771 447 1918 514 sunt,
1945 413 2114 516 utvi-_
2145 405 2190 498 ᾖ
2219 435 2426 516 etenim
2473 417 2770 516 quievisse
2791 439 3068 498 lsraelitas
3093 413 3448 514 quadraginta
3497 443 3656 510 annis,
3682 460 3758 500 nec

519 537 712 583 verent
739 529 858 582 sine
889 523 1330 582 adversariorum
1365 515 1582 588 timore.
1619 525 1686 584 ab
1732 513 1986 584 omnibus
2017 513 2122 585 illis

511 621 702 686 'malis,
755 617 954 690 quibus
997 635 1058 676 se
1083 617 1294 676 dicebat
1355 637 1476 676 cum
1531 623 1682 676 omni
1727 617 2121 694 prregravatnin

521 713 744 788 populo,
779 711 924 770 illico
965 713 1090 770 facit
1127 729 1274 802 rem,
1315 703 1594 785 perquam
1628 699 1682 771 et
1711 717 1826 786 ipse
1865 725 1920 772 et
1944 703 2122 772 omnis

517 809 724 880 pariter
753 799 982 880 populus
1015 795 1235 880 propier
1264 795 1625 864 idololatriam
1675 797 1864 864 fuiSset
1893 809 2124 864 traditus

520 905 575 964 iu
611 923 802 962 manus
851 887 1316 986 adversaribrum.
1375 905 1640 963 Audierat
1689 905 1860 962 Deum
1894 913 1942 974 ι,
1975 903 2122 978 quod

519 1001 683 1060 idolis
731 1003 1032 1058 servissent
1075 989 1344 1058 derelicto
1393 1001 1544 1064 Deo,
1605 999 1714 1056 illis
1771 1009 1962 1056 cuncta
2031 993 2122 1054 illa

523 1095 664 1152 mala
689 1095 992 1158 accidisse:
1043 1095 1370 1152 meminerat
1399 1093 1718 1166 prophetam
1761 1093 2036 1158 locutum;
2071 1095 2126 1148 et

529 1197 706 1244 tamen
735 1203 798 1244 ea
847 1187 958 1254 die,
989 1203 1096 1258 qua
1143 1187 1282 1244 nihil
1332 1187 1456 1242 lacti
1485 1197 1612 1242 sunt
1640 1197 1768 1242 ante
1794 1201 1890 1242 eos
1915 1185 2121 1258 inimici

523 1295 737 1348 eorum,
783 1283 998 1338 censuit
1061 1297 1158 1338 rex
1213 1281 1342 1350 ille,
1393 1281 1448 1336 in
1472 1273 1726 1338 vecordia
1759 1283 1844 1336 cui
1882 1280 2126 1350 dignaris

525 1389 648 1430 esse
673 1373 892 1442 similis,
929 1375 1092 1430 idolis
1119 1389 1282 1446 quam
1313 1375 1424 1430 Deo
1463 1375 1558 1446 qui
1589 1375 1679 1430 illa
1721 1375 1824 1430 sibi
1855 1373 2128 1446 pratstite-

524 1479 604 1522 rat
637 1465 804 1522 fuisse
833 1467 1232 1524 famulandum.
1259 1465 1330 1522 Et
1355 1471 1608 1538 fecerunt,
1629 1467 1804 1539 inquit
1829 1451 2124 1538 scriptura,

529 1561 632 1632 ﬁlii
661 1559 832 1616 Israel
855 1563 1146 1634 malignum
1175 1571 1294 1616 ante
1319 1561 1594 1616 Dominum
1631 1559 1820 1630 Deum,
1867 1571 1915 1616 et
1963 1563 2128 1618 tradi-

525 1653 602 1706 dit
623 1655 676 1708 in
701 1671 888 1710 manus
915 1653 1112 1710 Mediae
1133 1655 1286 1708 annis
1307 1665 1518 1726 septem,
1551 1663 1598 1708 et
1635 1655 1906 1726 praualuit
1941 1671 2126 1712 manus

529 1745 728 1800 Martia:
769 1745 922 1802 ualde
965 1763 1122 1814 super
1165 1746 1334 1802 Israel
1386 1763 1404 1802 :
1455 1755 1500 1800 et
1529 1749 1758 1818 fecerunt
1809 1747 1906 1802 sibi
1953 1745 2128 1802 Israel

2227 519 2574 588 adversarios
2601 533 2652 588 in
2682 549 2778 589 eos
2808 533 3032 590 omnino
3063 535 3378 604 permissos,
3409 551 3502 592 nec
3529 537 3672 592 ullmn
3698 539 3760 594 eis

2225 623 2368 680 idern
2419 615 2592 684 fuisse
2633 625 2974 682 dominatum
3028 643 3092 682 ex
3142 627 3486 700 alienigenis,
3517 641 3758 702 propterea

2223 715 2366 788 quod
2399 709 2806 775 exclantassent
2860 719 2927 776 ad
2983 719 3154 798 Deum
3188 764 3202 786 ,
3253 703 3518 790 scriptura
3565 723 3761 794 loquitur

2225 827 2402 892 sacra.
2457 811 2613 868 Talia
2671 813 3270 888 circa‘consacrilegos
3319 825 3441 870 tuos
3491 815 3608 872 fecit
3653 817 3761 874 bona

2227 899 2394 972 Deus,
2427 895 2726 963 ostendens
2757 897 2818 964 se
2861 901 3086 986 quidem
3117 918 3288 962 totum
3339 903 3624 980 petentem,
3669 911 3763 986 illos

2227 1007 2408 1078 tamen
2439 999 2688 1070 indignos
2730 1001 2796 1056 ad
2823 997 3266 1076 cunsequeudnn
3299 1003 3562 1072 requiem,
3589 1005 3670 1072 qui
3690 1019 3764 1060 nec

2227 1089 2330 1146 uiia
2379 1087 2470 1148 die
2514 1083 2728 1164 quidem
2779 1083 2900 1164 post
2947 1083 3220 1166 receptam
3267 1079 3507 1162 requiem
3539 1105 3762 1152 tantorum

2227 1185 2590 1256 periculorum
2627 1187 2728 1254 illi,
2775 1187 2868 1258 qui
2905 1197 3108 1244 tantam
3137 1187 3468 1259 praestiterat
3507 1187 3766 1244 misericor-

2225 1279 2394 1342 diam,
2425 1281 2634 1334 servire
2680 1280 3032 1350 delegissent.
3067 1277 3204 1336 Cum
3245 1279 3382 1336 tales
3409 1278 3604 1335 luet-int
3629 1279 3766 1354 istae-

2225 1373 2336 1430 litac
2363 1417 2378 1442 ,
2433 1387 2616 1430 tamen
2661 1391 2764 1446 pro
2807 1391 2934 1446 sua.
2963 1376 3166 1446 pietate
3207 1371 3460 1446 pepercit
3507 1375 3612 1438 eis,
3641 1373 3767 1428 etiam

2229 1459 2350 1539 post
2389 1463 2506 1522 haec
2533 1453 2855 1536 gerentibus
2887 1455 3278 1536 idololatriam,
3303 1483 3406 1524 nec
3431 1467 3601 1523 statim
3625 1467 3769 1522 reddi-

2227 1561 2336 1628 dit,
2371 1561 2466 1616 sed
2499 1561 2698 1617 iterum
2731 1573 2984 1633 tempore
3011 1577 3122 1632 quo
3151 1563 3200 1618 ei
3237 1561 3444 1632 placuit
3477 1573 3640 1616 tamen
3677 1559 3770 1616 red-

2227 1655 2410 1710 didit:
2445 1671 2554 1710 non
2603 1655 2686 1711 eis
2737 1655 2960 1726 impune
3017 1655 3346 1712 idololatriae
3397 1664 3576 1710 reatus
3617 1654 3770 1710 cedere

2187 1793 2198 1810 ν
2230 1753 2428 1820 potuit.
2459 1749 2538 1806 Ita
2569 1761 2626 1806 et
2653 1749 2770 1818 tibi,
2821 1749 3130 1816 Constanti,
3157 1751 3268 1806 erit
3311 1759 3770 1824 repraesentaturum

529 1847 646 1892 ante
671 1839 856 1910 facient
885 1839 1080 1894 .lladia:
1099 1849 1308 1912 cryptas
1329 1837 1356 1878 1³
1383 1840 1438 1894 in
1469 1837 1744 1902 montibus,
1765 1849 1812 1894 et
1833 1839 2125 1910 speluncas,
2157 1835 2206 1896 Β
2235 1845 2340 1898 nisi
2373 1843 2468 1898 tibi
2501 1843 2806 1914 provideris
2847 1844 3084 1902 interea.
3117 1843 3176 1901 Si
3223 1843 3485 1900 Israelita.
3519 1845 3770 1899 servientes

529 1943 574 1986 et
599 1943 950 1988 monumenta.
977 1931 1044 1986 Et
1075 1937 1274 2004 factum
1303 1943 1378 1987 est
1405 1931 1610 2002 quando
1631 1931 1912 1988 seminabat
1934 1931 2125 1998 Israel,

529 2025 870 2080 ascendebant
903 2025 1134 2080 Modiam
1177 2035 1224 2080 et
1271 2025 1540 2092 Amalech,
1568 2035 1616 2079 et
1661 2025 1758 2094 ﬁlii
1801 2023 2050 2092 Orientis,
2081 2035 2128 2080 et

529 2117 876 2173 ascendebant
925 2133 1080 2190 super
1111 2135 1246 2184 eum,
1279 2129 1326 2172 et
1353 2117 1736 2172 committebant
1782 2127 1902 2172 cum
1947 2115 2042 2184 eis,
2081 2127 2128 2172 et

529 2211 928 2292 corrumpebant
953 2211 1086 2282 ﬁnes
1113 2221 1282 2284 terr-ce,
1311 2227 1468 2282 usque
1489 2211 1612 2264 dum
1637 2219 1808 2266 venias
1835 2221 1858 2250 ε
1907 2207 2128 2280 Gazam,

529 2313 704 2359 etnon
749 2305 1102 2377 relinquebant
1154 2305 1222 2360 ad
1275 2307 1432 2360 vitam
1479 2295 1600 2359 huic
1647 2303 1816 2360 Israel
1843 2321 2008 2372 ovem,
2041 2321 2130 2360 nec

531 2397 770 2461 uitulum,
799 2413 892 2453 nec
919 2397 1128 2452 asinum
1157 2415 1176 2454 :
1205 2401 1448 2470 quoniam
1473 2398 1574 2472 ipsi
1597 2395 1644 2452 et
1671 2399 1902 2466 iumenta
1954 2415 2131 2454 eorum

531 2489 898 2556 ascendebant,
925 2499 974 2546 et
998 2490 1334 2546 tabernacula
1362 2507 1456 2546 sua
1485 2489 1792 2558 alferebant,
1823 2499 1870 2544 et
1911 2489 2130 2544 camelos

529 2597 650 2636 suos
679 2581 962 2650 ducebant,
988 2593 1036 2638 et
1079 2581 1418 2638 adveniebant
1470 2583 1602 2638 sicut
1631 2583 1846 2642 locustis
1875 2583 1930 2636 in
1957 2581 2134 2640 utultie

531 2675 736 2740 tudine,
767 2677 1014 2746 quoniam
1067 2691 1170 2730 non
1213 2685 1322 2730 erat
1369 2691 1640 2742 numerus,
1689 2685 1736 2730 et
1793 2675 2134 2730 adveniebant

531 2781 690 2836 super
735 2777 930 2822 terram
985 2783 1318 2840 corrumpere
1357 2785 1490 2824 eam.
1527 2765 1598 2822 Et
1635 2783 1834 2840 pauper
1865 2771 2036 2839 [actus
2063 2749 2138 2822 «εἱὶ

533 2853 708 2914 Israel
733 2875 764 2912 a
789 2859 926 2932 facie
959 2857 1156 2916 Modice
1179 2877 1198 2916 :
1222 2869 1270 2916 et
1299 2861 1654 2918 clamauerunt
1683 2861 1786 2934 ﬁlii
1813 2857 1842 2900 τι
1871 2859 2044 2918 Israel
2067 2861 2138 2918 ad

535 2955 818 3012 Dominam
849 2969 1061 3030 propter
1085 2957 1340 3015 Modiam.
1371 2957 1514 3014 Misit
1537 2957 1790 3020 Dominus
1819 2959 1986 3016 uirum
2015 2975 2138 3032 pro-

535 3053 744 3126 phetam
775 3055 844 3108 ad
873 3053 1014 3126 ﬁlios
1043 3053 1238 3120 Israel,
1271 3065 1316 3110 et
1347 3055 1477 3108 dixit
1509 3055 1612 3110 illis
1645 3071 1664 3110 :
1697 3053 1828 3110 Hcce
1873 3055 2002 3110 dicit
2033 3053 2140 3110 Do-
2173 3069 2182 3084 ‘

535 3147 708 3202 minus
764 3145 908 3202 Dens
957 3146 1129 3202 Israel
1171 3165 1191 3204 :
1245 3147 1354 3222 ligo
1411 3165 1524 3204 sum
1569 3149 1660 3220 qui
1713 3149 1911 3216 adduxi
1957 3165 2044 3204 vos
2075 3165 2142 3208 et:

2231 1935 2592 2002 daemonibus,
2625 1937 3072 2009 derelinquentes
3085 1937 3416 2004 Deum,cum
3439 1937 3542 2008 jam
3567 1937 3766 1993 extranei

2231 2019 2464 2086 inissent
2488 2047 2518 2086 a
2549 2033 2742 2088 notitia
2787 2033 2966 2090 effecti
2997 2033 3116 2098 Dei,
3149 2043 3340 2090 tamen
3389 2049 3512 2090 mox
3541 2043 3598 2088 ut
3621 2047 3770 2088 ascen-

2232 2123 2312 2180 dit
2341 2125 2391 2178 in
2419 2127 2588 2202 corda
2623 2123 2846 2182 illorum
2879 2170 2893 2200 ,
2945 2127 3072 2198 quia
3117 2127 3211 2183 ille
3245 2127 3320 2182 sit
3361 2127 3502 2183 Deus
3531 2135 3680 2180 totum
3706 2139 3774 2196 po-

2235 2227 2378 2284 tens,
2410 2217 2500 2288 qui
2541 2207 2730 2272 eurum
2779 2213 2960 2290 patres
2987 2217 3278 2276 eduxisset
3315 2217 3388 2276 de
3417 2227 3552 2276 terra
3577 2217 3770 2290 (Egypli,

2231 2311 2474 2368 exauditi
2497 2321 2627 2368 sunt
2648 2325 2700 2366 et
2739 2311 2954 2368 liberati
2991 2312 3060 2368 de
3093 2329 3254 2368 manu
3283 2313 3490 2378 Madire,
3523 2323 3572 2368 et
3599 2313 3658 2366 ab
3681 2325 3772 2364 om-

2237 2401 2398 2460 nibus
2447 2397 2950 2474 persequentibus;
3003 2401 3133 2474 quid
3183 2403 3368 2460 sentis
3415 2403 3646 2458 arbitrari
3701 2417 3774 2455 nus

2239 2513 2406 2570 posse
2427 2497 2776 2554 Christianos
2807 2499 2944 2568 eripi
2973 2499 3042 2554 de
3073 2498 3332 2554 manibus
3367 2499 3593 2553 tuistan
3621 2511 3774 2556 nectit,

2235 2579 2604 2662 quud_'si:i:itn,
2637 2607 2697 2644 es
2731 2591 3022 2660 pervidens
3063 2607 3162 2645 nos
3191 2599 3408 2646 tantum
3441 2589 3600 2646 Deum
3635 2589 3775 2645 colere

2237 2683 2499 2748 Abrahae,
2531 2683 2704 2750 lsaar,
2749 2691 2806 2739 et
2833 2683 3026 2751 Jacob,
3059 2691 3118 2739 et
3145 2683 3394 2740 omnium
3421 2683 3775 2756 prophetarum,

2237 2777 2636 2847 apostolorum,
2669 2786 2722 2830 et
2753 2785 3052 2850 martyrum
3075 2777 3101 2830 ?
3128 2775 3310 2832 Crede
3339 2775 3468 2832 mihi
3507 2775 3624 2846 quia
3645 2771 3776 2828 auditi

2237 2884 2429 2940 smmis
2455 2911 2470 2936 ,
2513 2878 2570 2924 et
2612 2869 2904 2924 audietuur
2929 2909 2944 2934 ,
2997 2877 3054 2924 ut
3097 2877 3152 2924 tu
3187 2869 3378 2940 possis
3416 2883 3534 2924 cum
3561 2865 3690 2922 omni
3709 2871 3774 2918 tua

2239 2961 2416 3032 fragili
2463 2961 2804 3018 sublimitate
2841 2961 3028 3034 jacere
3067 2963 3170 3016 sub
3211 2963 3460 3017 omnium
3501 2961 3608 3030 ejus
3633 2969 3778 3014 servo-

2243 3071 2360 3110 rum
2393 3055 2580 3122 calce;
2637 3055 2738 3112 sed
2775 3064 2832 3110 et
2879 3055 3024 3126 quod
3079 3055 3312 3112 morulas
3357 3055 3548 3126 aliqua!
3587 3053 3779 3116 ﬁant,lll

2243 3165 2352 3206 non
2377 3147 2492 3220 jam
2522 3161 2726 3206 sancite
2751 3165 2866 3204 sua:
2885 3149 3158 3216 ecclesiae,
3187 3149 3480 3206 exstinctis
3505 3145 3642 3216 vobis
3655 3143 3778 3202 Aris-

537 3239 796 3314 ngypto,
829 3251 876 3298 et
907 3245 1065 3298 eduxi
1113 3259 1200 3300 uos
1223 3245 1288 3298 de
1315 3245 1470 3298 domo
1499 3245 1792 3312 seruitutis,
1843 3253 1894 3300 et
1945 3243 2139 3300 abstuli
2167 3237 2212 3300 C
2247 3241 2352 3307 uis,
2379 3241 2580 3298 tribuat
2611 3241 2828 3312 plenam
2855 3243 3208 3298 securitatem
3233 3242 3412 3312 pacis,
3437 3251 3516 3296 est
3531 3253 3672 3294 caiisa
3689 3233 3777 3296 illa,

537 3350 626 3390 vos
657 3337 721 3390 de
751 3353 908 3391 manu
941 3337 1078 3412 regis
1091 3335 1336 3410 Egypti,
1365 3347 1414 3392 et
1441 3335 1508 3392 de
1529 3354 1684 3392 manu
1709 3337 1940 3392 omnium
1967 3351 2140 3402 perse-

539 3431 808 3498 quentium
833 3445 920 3484 uos
946 3469 960 3494 ,
995 3440 1042 3484 et
1069 3432 1196 3504 ejeci
1221 3431 1346 3487 illos
1375 3450 1408 3486 a
1435 3431 1568 3504 [acie
1587 3443 1758 3486 uestra
1785 3471 1800 3496 ,
1827 3441 1874 3486 et
1901 3429 2022 3486 dedi
2053 3446 2142 3488 vo-

541 3521 618 3576 bis
651 3535 838 3576 tet-ram
885 3539 1086 3578 eorum.
1123 3523 1185 3578 Et
1215 3525 1324 3578 dixi
1349 3525 1492 3580 vobis
1519 3541 1540 3580 :
1591 3523 1706 3596 Ego
1745 3541 1858 3580 sunt
1889 3521 2144 3580 Dominus

539 3611 686 3668 Deus
715 3625 896 3680 vester,
927 3631 1028 3670 non
1063 3615 1302 3670 timebitis
1351 3625 1374 3654 ε
1403 3615 1540 3672 Deos
1595 3616 2038 3682 Amorrhwomm,
2087 3617 2143 3672 in

543 3708 730 3776 quibus
753 3727 840 3764 vos
863 3711 1166 3766 inhabilutis
1193 3713 1244 3766 in
1277 3723 1414 3764 terra
1444 3711 1676 3784 ipsorum
1707 3727 1726 3766 .‘
1757 3721 1804 3766 et
1845 3727 1948 3766 non
1979 3726 2140 3766 errau-

543 3802 696 3857 distis
723 3819 896 3858 vocem
925 3805 944 3842 ί
971 3823 1138 3860 meant
1167 3805 1336 3878 (Ibid.
1364 3805 1442 3872 1).
1471 3805 1614 3872 Quid
1645 3803 1938 3876 postltauc
1969 3803 2148 3860 incre-

550 3895 823 3964 pationem
868 3897 1079 3954 Domini
1125 3898 1245 3954 facit
1295 3897 1588 3956 Jerobabel
1631 3899 1724 3970 qui
1751 3897 1956 3954 dicitur
1979 3897 2144 3954 etiam

549 3989 820 4048 Gedeou?
867 4005 992 4046 mox
1025 4001 1082 4066 ut
1115 3991 1396 4048 inimicum
1424 4009 1580 4047 suum
1616 3991 1762 4054 videt
1791 4001 1816 4040 ε
1853 3993 2146 4052 deductum

545 4083 614 4136 ad
649 4082 910 4152 nihilum,
953 4099 1076 4140 mox
1107 4093 1166 4140 ut
1217 4085 1458 4140 universi
1493 4083 1574 4140 illi
1615 4085 1938 4154 adversarii,
1971 4085 2060 4156 qui
2093 4093 2152 4142 ut

543 4191 714 4232 arena
745 4179 910 4233 maris
943 4175 1112 4234 fuisse
1151 4189 1470 4244 narrantur,
1509 4189 1638 4234 sunt
1665 4179 1912 4246 mactati,
1953 4188 2010 4236 et
2041 4195 2148 4234 non

547 4269 754 4341 ingenti
787 4285 1018 4326 numero
1063 4271 1460 4336 lsraelitarum,
1487 4271 1586 4328 sed
1623 4272 1676 4328 in
1709 4275 1974 4328 trecentis
1994 4273 2146 4340 viris,

551 4379 678 4418 mox
735 4373 794 4418 ut
843 4379 1035 4420 omnes
1089 4381 1245 4438 roges
1281 4365 2148 4438 viditalienigenasinterfectos,

551 4455 784 4512 fabricat
807 4474 924 4512 eam
951 4475 1088 4524 rem,
1123 4475 1218 4530 per
1244 4475 1410 4532 quam
1441 4461 1652 4532 possint
1685 4463 1738 4516 itt
1781 4461 1948 4518 Deum
1975 4459 2150 4518 delin-

556 4565 730 4620 quere
761 4551 858 4604 lllll
885 4553 1074 4618 Israel,
1103 4561 1160 4608 ct
1181 4563 1362 4610 tamen
1403 4553 1766 4628 quadraginta
1793 4555 1950 4612 anuis
1981 4555 2148 4612 etiam

2243 3335 2368 3406 quia
2397 3335 2464 3391 sit
2489 3337 2710 3407 dignum
2743 3345 2794 3390 te
2823 3333 3138 3390 adversario
3179 3335 3444 3392 saeviente
3485 3331 3547 3388 ad
3589 3327 3778 3386 omnium

2245 3427 2420 3483 veniri
2457 3425 2482 3464 ιι
2527 3427 2930 3498 probationem.
2969 3427 3120 3482 Dicis
3165 3445 3180 3480 :
3223 3425 3286 3484 Si
3331 3426 3464 3480 male
3509 3427 3724 3496 fecissem,
3747 3417 3778 3470 si

2245 3519 2482 3576 lintresim
2505 3531 2752 3586 tenerent,
2773 3523 2890 3592 jam
2917 3519 2972 3574 in
3001 3535 3080 3574 me
3109 3517 3250 3574 Dens
3309 3519 3620 3574 uindicasset.
3647 3509 3776 3570 Audis

2243 3627 2460 3670 sacram
2489 3613 2803 3684 loquentem
2831 3613 3164 3684 scripturam
3203 3613 3372 3668 etiam
3401 3609 3688 3680 alienigena:
3709 3603 3774 3656 ditt

2247 3707 2562 3778 pepercisse
2611 3706 2936 3774 Dominum,
2989 3717 3044 3762 et
3085 3717 3264 3760 tamen
3295 3715 3484 3777 postea
3511 3699 3778 3758 consecutus

2247 3803 2438 3858 merita
2489 3799 2756 3857 factorum
2805 3815 3052 3858 suorum.
3111 3797 3262 3856 Dixit
3309 3797 3526 3856 Samuel
3549 3793 3610 3850 ad
3633 3789 3774 3848 Stud:

2251 3895 2398 3952 Misit
2427 3913 2506 3952 me
2553 3895 2810 3952 Dominus
2839 3907 2894 3950 ut
2925 3911 3166 3968 ungerent
3197 3903 3246 3948 te
3267 3909 3428 3966 super
3455 3889 3612 3948 Israel
3645 3887 3692 3940 in
3719 3897 3780 3936 rt-

2247 4007 2386 4066 gem,
2417 3999 2466 4046 et
2487 4005 2624 4044 nunc
2663 3989 2790 4044 audi
2837 4005 3008 4044 vocent
3049 3987 3192 4044 verbi
3241 3985 3460 4042 Domini
3497 4001 3514 4040 :
3563 3979 3674 4036 Hac
3691 3973 3782 4030 dicit

2249 4081 2508 4138 Dominus
2529 4083 2854 4154 omnipotens
2879 4099 2896 4136 :
2927 4079 3084 4136 Nunc
3111 4079 3390 4151 defendant
3411 4091 3522 4150 quia
3539 4075 3646 4148 fecit
3665 4069 3782 4124 Ante-

2251 4177 2330 4234 lec
2369 4177 2484 4244 tibi,
2537 4176 2742 4246 Israel,
2783 4175 3220 4248 quemadmodum
3273 4173 3492 4228 obuiauit
3527 4169 3610 4226 tibi
3641 4167 3684 4220 in
3725 4161 3782 4214 vis

2248 4287 2406 4344 quam
2435 4269 2452 4310 ί
2495 4269 2776 4326 ascendisti
2807 4269 2874 4326 de
2901 4269 3164 4344 (Egypto.
3193 4267 3264 4324 Et
3285 4283 3424 4322 nunc
3443 4265 3566 4322 unde
3581 4273 3622 4318 et
3647 4267 3782 4333 pertit-

2249 4367 2344 4424 ties
2363 4365 2592 4430 Amalec,
2615 4375 2664 4420 et
2689 4366 2864 4420 omnia
2885 4365 3074 4436 ipsius,
3099 4373 3148 4420 et
3171 4379 3273 4418 non
3299 4361 3614 4430 concupisces
3639 4349 3782 4408 exillii

2251 4461 2482 4534 aliquid,
2527 4459 2620 4516 sed
2675 4459 3040 4516 exteminabis
3085 4457 3256 4526 illam,
3303 4466 3350 4510 et
3399 4439 3784 4534 anatltematisult't

2252 4533 2402 4612 illum
2423 4565 2470 4612 et
2491 4555 2662 4610 omnia
2681 4555 2848 4620 illius,
2871 4563 2918 4608 et
2935 4569 3036 4607 non
3067 4567 3244 4622 parces
3267 4551 3368 4616 illi,
3395 4557 3442 4604 et
3463 4543 3640 4602 occides
3657 4533 3782 4594 anteit

551 4653 675 4716 post
715 4653 922 4700 tantum
981 4646 1189 4702 facinus
1245 4651 1600 4704 counuissum
1651 4663 1910 4720 regnasse
1959 4647 2048 4718 bic
2095 4647 2150 4706 in
2179 4635 2400 4704 Dillius
2425 4667 2458 4702 a
2495 4649 2604 4702 viro
2633 4661 2794 4718 usque
2819 4645 2888 4700 ad
2937 4643 3224 4708 mulierem,
3267 4651 3314 4698 et
3359 4641 3420 4696 ab
3459 4639 3638 4710 infante
3667 4637 3783 4692 νεῖμε

552 4735 720 4794 l~rael
769 4739 1064 4796 invenitur.
1109 4741 1226 4796 Non
1259 4741 1366 4796 erit
1395 4757 1528 4814 ergo
1571 4743 1910 4812 mirandum,
1940 4743 1984 4798 si
2007 4751 2064 4800 et
2095 4753 2154 4798 tu

551 4833 856 4906 sacrilegus
905 4835 1084 4890 adhuc
1115 4835 1282 4908 degas
1317 4835 1372 4890 in
1406 4819 1668 4908 corpore,
1707 4839 1926 4908 quando
1973 4836 2159 4892 videas

553 4925 874 4990 Gedeonem
933 4943 1120 5008 regem
1171 4929 1538 5000 quadraginta
1585 4931 1746 4986 annis
1789 4929 2002 4986 vixisse
2043 4939 2164 4998 post

555 5023 920 5080 itlololatriam
973 5024 1350 5094 commissam,
1403 5041 1684 5098 regnoque
1735 5041 1838 5082 suo
1881 5027 2160 5098 potitum:

633 5179 1194 5256 "__Deum_a_ccidisse;
1223 5181 1460 5256 ‘videtur
1505 5183 1792 5256 legendum
1839 5183 1930 5240 vel
1987 5181 2156 5240 Deum

560 5251 816 5318 attulisse,
859 5253 942 5308 vel
973 5265 1184 5322 prapter
1213 5251 1376 5308 Deum
1405 5251 1679 5322 accidisse,
1713 5253 1795 5310 vel
1841 5259 2028 5320 etiam,
2058 5263 2158 5311 ait-

561 5323 730 5396 dierat
753 5325 890 5378 enim
927 5327 1086 5396 quod,
1119 5335 1224 5380 t-tc.
2061 5383 2066 5394 ε

637 5393 662 5434 δ
702 5393 844 5450 Loca
899 5393 1124 5450 concava
1179 5407 1224 5450 et
1273 5397 1473 5450 occulta
1533 5397 1585 5452 in
1657 5399 1970 5462 monilibus.
2027 5397 2160 5452 Nam

559 5469 802 5538 κρύπτειν
851 5469 1112 5522 occultare
1155 5477 1240 5524 est
1279 5477 1336 5524 et
1375 5469 1566 5534 cela’re,
1599 5467 1876 5538 speluncas
1905 5471 2160 5538 σπήλαια.

613 5545 668 5594 il.
695 5547 750 5592 et
791 5537 840 5592 la
868 5539 1046 5612 Cerdo
1075 5541 1354 5607 subdens;
1399 5541 1499 5610 Qui
1531 5537 1680 5612 docti
1717 5551 1864 5606 sunt,
1899 5537 2163 5612 pareant;

565 5611 667 5684 tias
701 5611 973 5684 interdum
991 5619 1148 5684 natas
1183 5615 1552 5684 reaper-ginnas
1569 5611 1634 5665 ad
1654 5613 1894 5666 omnium
1928 5611 2168 5682 captum.

565 5681 973 5756 Grengttron.
1011 5683 1102 5737 lib.
1141 5699 1198 5737 ι.
1234 5681 1696 5756 _cap.'extreuto;
1733 5701 1792 5736 ac.
1815 5699 1906 5756 per
1934 5681 2166 5756 cryptae,

567 5763 616 5810 et
639 5753 858 5810 latibula
879 5753 996 5808 cuin
1007 5755 1188 5826 paucis
1217 5753 1555 5824 Christianis,
1582 5771 1670 5826 per
1701 5753 1934 5810 eumdem
1957 5753 2170 5810 conver-

569 5827 664 5888 sis,
689 5835 800 5880 etc.

647 5907 670 5936 α
723 5893 966 5954 Ventrem
997 5897 1126 5972 legit
1149 5895 1516 5974 Sabatieriu‘s,
1543 5893 1598 5960 ei
1629 5897 1772 5961 intra
1793 5897 1994 5962 omittit
2025 5895 2168 5962 huic.

2259 4745 2330 4800 ad
2341 4743 2648 4799 nutrientem
2661 4739 2706 4812 (l
2719 4739 2850 4812 Reg.
2866 4753 2956 4804 xv,
2973 4735 3306 4808 i).F.tinlra:
3331 4733 3392 4788 Et
3407 4732 3530 4786 venit
3543 4723 3656 4782 Saul
3671 4729 3786 4786 usque

2259 4838 2330 4894 ad
2349 4837 2602 4892 ciuitatem
2623 4833 2856 4898 Amalec,
2875 4839 2922 4886 et
2934 4829 3172 4895 accessit,
3191 4837 3238 4882 et
3257 4825 3448 4882 obsedit
3463 4815 3696 4880 Antalrciu
3709 4819 3784 4862 tor-

2261 4943 2452 4988 rente:
2495 4941 2540 4984 et
2593 4927 2726 4983 dixit
2755 4925 2890 4982 Saul
2931 4923 3002 4978 ad
3051 4923 3282 4978 Ciuicam
3310 4937 3338 4976 :.
3365 4917 3504 4972 Vade
3529 4923 3572 4968 et
3589 4905 3784 4964 declinat

2265 5025 2458 5092 medio,
2487 5033 2536 5079 et
2575 5019 2778 5076 declina
2825 5017 2890 5074 ab
2921 5017 3152 5083 Amalec,
3181 5025 3230 5070 et
3253 5013 3358 5068 noli
3383 5019 3622 5082 apponere
3641 5009 3680 5054 te
3701 5003 3784 5050 tam

2333 5179 2362 5232 ll
2403 5179 2771 5256 Clwttavernnt
2801 5179 2898 5248 ﬁlii
2929 5175 3192 5256 Israel
3241 5173 3543 5256 Dominum:

2265 5265 2337 5310 est
2385 5229 2634 5324 earinth
2663 5229 3218 5324 clattlaveruntzliliii‘
3245 5239 3410 5324 lii-uel

2265 5301 2474 5399 sinite
2492 5301 3154 5399 "irin-is;vana,un
3177 5301 3342 5399 llejif-
3375 5301 3781 5399 ιηῠςίξέψιῖῗξῖξξζ

2265 5371 2478 5466 artis
2517 5371 3616 5466 tnui-Istra“iniussa;origanum
3659 5371 3786 5428 Mm"-

2267 5453 2484 5526 l'uucou.
2509 5453 2774 5528 Similiter
2801 5473 2858 5522 et
2885 5463 3022 5528 C(td.
3057 5453 3208 5517 Alex.
3247 5453 3384 5532 apud
3415 5453 3586 5512 Sabat.

2347 5533 2959 5612 stimebislegilusalt.
3051 5607 3054 5610 _
3417 5557 3420 5560 ’

2351 5611 2370 5652 τ
2419 5609 2574 5666 Vocis
2600 5605 2745 5664 metu:
2787 5607 2958 5664 \‘atic.
2991 5605 3274 5676 corrupte.

2349 5683 2374 5756 ts
2421 5681 2587 5756 fidit.
2623 5682 2802 5756 Latin;
2933 5749 2992 5756 _,
3049 5747 3068 5756 _
3151 5745 3182 5756 -.

2347 5751 2376 5792 ¹ι
2421 5753 2628 5820 Venire,
2659 5753 2746 5810 vel
2773 5749 3012 5808 inveniri.
3045 5747 3225 5808 Latin.

2355 5827 2370 5864 ι
2413 5825 2602 5882 Sabat.
2637 5823 2768 5896 legit
2790 5839 2912 5896 qua.
