3972 6352
492 275 603 336 799

1579 278 1902 338 LUCIFERI
1942 278 2251 338 EPISCOPI
2290 277 2712 338 CALARITANI

3638 285 3722 344 800

491 398 626 453 sedit
647 398 702 454 in
729 415 810 465 ea,
841 406 888 454 ct
911 399 1144 472 regnavit
1167 399 1221 453 in
1242 395 1505 468 Demasic,
1534 408 1582 456 et
1604 408 1751 454 erant
1776 410 1972 456 satante
1989 398 2089 456 Sa—
2116 400 2172 461 Α
2194 397 2379 453 mulier
2417 397 2699 468 fornicaria
2728 394 2895 468 (Ibid.
2929 393 3049 468 26).
3083 394 3151 451 Et
3187 395 3296 451 alio
3320 395 3470 470 loco(
3491 395 3614 455 Ibid.
3646 417 3724 469 xu,

495 491 689 548 lomoni
719 503 767 548 et
796 491 967 548 Israel
995 491 1234 547 omnibus
1274 492 1452 548 diebus
1483 491 1802 550 Salomonis.
1837 493 2098 551 Probavi-

499 602 620 643 mus
651 586 746 643 tibi
775 586 945 643 etiam
988 586 1346 644 Salomonem
1393 587 1601 659 aliquot
1629 590 1791 645 annis
1837 604 2099 662 regnasse

493 685 617 748 post
639 676 1020 738 idololatriam.
1046 686 1102 733 et
1131 679 1439 750 utiquejam
1470 693 1578 735 non
1607 679 1739 747 Deo,
1758 681 1854 736 sed
1879 680 2098 736 diabolo

495 770 771 827 serviente
798 779 846 840 ⁸,
881 769 1116 838 mundo,
1148 779 1204 827 et
1262 770 1546 827 diabolicis
1606 771 1915 830 hominibus
1946 783 2100 829 nota-

495 871 585 920 tur
616 862 886 929 bmsisse;
929 867 1005 920 ita
1044 875 1097 920 et
1142 874 1196 920 tu
1232 865 1448 923 haerens
1480 882 1540 923 es
1570 869 1956 940 consacrilegis
1987 868 2095 925 tuis

499 956 742 1023 Arianis,
772 958 863 1029 qui
886 957 1016 1014 licet
1042 957 1221 1014 adhuc
1244 959 1296 1014 in
1319 975 1549 1033 corpore
1578 961 1676 1027 sis,
1702 962 1829 1018 licet
1851 962 1907 1018 in
1931 977 2100 1033 regno

499 1051 575 1106 sis
605 1065 853 1118 manens,
903 1062 1084 1108 tamen
1115 1054 1239 1108 talis
1278 1069 1404 1110 esse
1433 1055 1695 1111 inveniris
1719 1057 1897 1127 qualis
1940 1057 2104 1115 fuerit

501 1146 786 1214 Salomon,
821 1157 1172 1220 posteaquam
1218 1147 1388 1205 Deum
1431 1149 1811 1221 dereliquerit,
1857 1161 1913 1208 et
1956 1151 2101 1209 idola

501 1239 672 1295 fuerit
698 1251 940 1296 secutus.
973 1240 1198 1298 Talibus
1227 1256 1329 1296 nos
1353 1240 1638 1298 adhaerere
1663 1243 1939 1306 volueras.
1969 1259 2103 1316 qua-

504 1331 647 1388 libus
690 1331 948 1388 Salomon
982 1332 1175 1390 fecerit
1204 1333 1484 1391 adhaerere
1533 1334 1829 1393 lsraelitas.
1865 1337 1968 1394 Ubi
2001 1337 2104 1394 fuit

502 1424 598 1480 ille
626 1439 782 1480 amor
813 1425 931 1491 Dei,
958 1427 1051 1498 qui
1084 1425 1252 1483 fuisse
1283 1437 1538 1483 narratur
1561 1443 1658 1500 per
1686 1439 1904 1486 sanctas
1930 1430 2105 1503 scrip-

505 1525 654 1573 turas
684 1518 824 1589 apud
868 1517 1242 1587 Salomonem,
1277 1529 1522 1592 tempore
1561 1521 1667 1578 isto
1694 1538 1802 1594 quo
1851 1523 1993 1578 idola
2023 1524 2106 1578 di-

503 1621 700 1683 gnatus
729 1620 816 1669 est
857 1614 1009 1686 sequi
1037 1655 1054 1681 ,
1084 1613 1469 1686 derelinquere
1508 1615 1722 1671 Deum?
1769 1615 1924 1672 Unde
1956 1615 2058 1672 hoc
2083 1616 2105 1670 ?

506 1705 611 1761 nisi
637 1706 761 1778 quia
783 1705 957 1762 factus
983 1707 1204 1762 omnino
1235 1707 1401 1764 fuerit
1421 1711 1586 1765 homo
1613 1709 1824 1766 alienus
1851 1713 1918 1765 ab
1948 1711 2107 1766 intel-

499 1797 647 1854 lectu
679 1798 888 1854 sobrio.
921 1797 1058 1855 Nolo
1098 1799 1194 1855 tibi
1229 1800 1478 1870 plaudas,
1511 1801 1656 1873 quod
1699 1816 1826 1857 cum
1857 1803 1932 1858 sis
1961 1803 2107 1859 blas-

508 1891 764 1960 phemus,
816 1901 874 1947 et
900 1890 1212 1949 destructor
1253 1892 1350 1950 Dei
1381 1893 1686 1966 religionis,
1716 1904 1900 1952 tamen
1930 1895 2109 1953 adhuc

511 1983 717 2038 habeas
745 1998 995 2054 regnum,
1049 1993 1104 2041 et
1133 1986 1212 2041 sis
1241 1987 1564 2055 superbiens
1611 1998 1734 2059 post
1761 1990 2106 2061 sacrilegium

509 2085 684 2145 tuum,
732 2093 855 2132 cum
907 2087 963 2134 et
1011 2076 1256 2134 Roboam
1299 2079 1472 2136 lilium
1523 2080 1839 2139 Salomonis
1870 2083 2108 2138 idolola-

511 2170 668 2224 triam
710 2169 1002 2228 iacientem
1032 2172 1234 2228 vixisse
1266 2173 1608 2230 inveniamus
1639 2175 1695 2230 in
1726 2190 1893 2247 regno
1919 2177 2110 2247 viginti

468 2291 470 2294 ν
511 2264 839 2322 annis.Dicit
857 2266 1003 2322 enim
1019 2282 1174 2323 sacra
1192 2269 1467 2340 scriptura
1487 2269 1557 2326 de
1581 2270 1755 2342 eo(|ll
1779 2271 2109 2348 Reg.xt,45):

511 2355 578 2411 Et
606 2355 635 2394 ιι
664 2373 760 2413 rex
789 2356 1042 2414 Salomon
1071 2358 1316 2414 dormivit
1357 2378 1475 2416 cum
1503 2362 1737 2433 patribus
1763 2364 1872 2420 suis
1903 2365 1958 2418 in
1988 2367 2113 2420 civi-

510 2462 615 2508 tate
649 2449 851 2518 David;
886 2462 934 2509 et
974 2453 1206 2526 regnavit
1235 2454 1378 2524 [ilius
1420 2459 1530 2527 ejus
1575 2454 1806 2511 Roboam
1841 2473 1938 2526 pro
1966 2474 2026 2512 eo
2058 2459 2112 2513 in

509 2543 821 2612 Jerusalem,
854 2556 904 2601 et
933 2557 1042 2602 erat
1069 2549 1325 2604 sexdecim
1355 2566 1614 2604 annorum
1638 2567 1756 2605 cum
1778 2561 2037 2621 regnaret,
2065 2562 2114 2607 et

510 2639 695 2713 viginti
709 2643 861 2696 annis
885 2644 1114 2716 regnavit
1143 2644 1194 2696 in
1217 2641 1528 2698 Jerusalem.
1560 2643 1630 2699 Et
1647 2643 1786 2699 infra
1807 2655 1828 2683 ο
1854 2661 1867 2698 :
1893 2643 1959 2698 Et
1986 2647 2108 2718 fecit

512 2734 800 2804 malignum
828 2744 946 2788 ante
974 2747 1303 2805 conspectum
1329 2735 1574 2804 Domini,
1600 2748 1649 2793 et
1675 2755 1777 2793 non
1799 2738 1923 2794 abiit
1951 2740 2005 2793 in
2033 2741 2116 2795 via

519 2825 688 2883 David
709 2829 873 2897 patris
889 2832 988 2884 sui.
1019 2829 1086 2887 Ut
1109 2832 1274 2902 igitur
1295 2843 1401 2886 tam
1423 2832 1711 2901 Salomon,
1736 2850 1799 2888 ex
1820 2850 1930 2905 quo
1955 2834 2116 2890 idolis

515 2933 693 2978 semet
723 2923 977 2995 dignatus
1005 2935 1089 2981 est
1120 2927 1455 2997 mancipare,
1491 2943 1652 2999 quam
1682 2927 1802 2999 ejus
1837 2929 1978 2984 [ilius
2005 2929 2117 2984 Ro-

519 3018 702 3084 boatn,
733 3020 826 3090 qui
853 3035 1072 3090 semper
1103 3020 1261 3076 idolis
1291 3021 1392 3077 fuit
1418 3023 1685 3092 serviens,
1718 3040 1841 3079 cum
1872 3040 1976 3080 non
2005 3041 2118 3080 am-

421 3115 426 3120 ’
521 3110 830 3168 bulaverint
874 3113 930 3169 in
981 3113 1153 3170 David
1203 3115 1512 3182 itineribus,
1561 3125 1740 3172 tamen
1789 3119 2033 3174 vixerint
2065 3121 2114 3175 in

2199 489 2302 561 20)
2335 507 2350 546 :
2383 489 2452 544 Et
2481 493 2677 562 factum
2707 499 2782 544 est
2813 498 2868 543 ut
2897 489 3097 544 audivit
3129 490 3292 545 omnis
3321 487 3500 557 Israel,
3526 495 3727 563 quoniam

2201 600 2429 639 reversus
2459 595 2533 639 est
2563 583 2848 640 Hieroboas
2875 601 2939 640 ea:
2965 583 3223 657 zEgypto,
3254 595 3302 639 et
3328 585 3578 654 miserunt,
3602 597 3641 642 et
3661 605 3730 643 ro-

2201 689 2445 734 caveruut
2470 695 2587 733 eum
2607 679 2660 734 in
2686 695 2972 753 synagoga,
3004 690 3051 734 et
3082 681 3502 751 regniﬁcaverunt
3531 692 3553 720 °
3579 700 3675 738 eum
3693 686 3734 740 in

2205 772 2390 828 Israel.
2423 773 2491 829 Et
2540 773 2678 830 infra
2711 773 2884 846 (Ibid.
2916 773 3006 830 26.
3036 776 3054 844 )
3081 792 3095 829 :
3147 773 3214 828 Et
3239 775 3370 830 dixit
3411 774 3663 832 Hieroboas
3693 780 3735 834 in

2203 867 2360 924 corde
2383 885 2476 923 suo
2499 885 2518 924 :
2551 867 2708 923 Nunc
2737 878 3016 924 revertetur
3044 885 3262 942 regnum
3291 867 3457 924 David
3478 914 3492 936 ,
3529 871 3570 925 si
3593 888 3736 928 asca-

2205 960 2340 1016 derit
2370 959 2592 1032 p0pulus
2620 960 2703 1016 hic
2747 961 3066 1031 sacri/icium
3094 959 3283 1029 oﬂ'crre
3309 961 3362 1015 in
3405 963 3544 1016 domo
3571 961 3738 1018 Domini

2204 1057 2256 1112 in
2288 1055 2648 1122 Hierusalem;
2689 1067 2738 1111 et
2763 1065 3081 1111 convertetur
3107 1073 3196 1111 cor
3225 1056 3407 1126 populi
3433 1055 3498 1111 ad
3522 1057 3739 1113 dominum

2204 1165 2356 1203 suum
2387 1147 2620 1203 Roboam
2647 1164 2813 1219 regem
2841 1145 2874 1202 J
2882 1148 3004 1203 uda.
3027 1146 3350 1219 Tuncigitur
3367 1145 3625 1202 Hieroboas
3641 1149 3741 1218 cogi

2207 1243 2353 1306 tavit,
2382 1251 2427 1296 et
2447 1242 2589 1295 abiit.
2621 1239 2687 1294 Et
2719 1241 2840 1314 fecit
2870 1241 3002 1296 duas
3031 1239 3222 1296 vitulas
3251 1256 3470 1296 aureas:
3491 1251 3534 1296 et
3561 1241 3672 1296 dixit
3693 1243 3743 1297 ad

2206 1335 2495 1408 papulum:
2546 1334 2781 1406 Sufficiat
2810 1334 2952 1390 vobis
2995 1335 3292 1389 ascendisse
3329 1334 3382 1389 in
3432 1332 3745 1389 Hierusalem:

2207 1424 2345 1482 Ecce
2379 1435 2495 1481 sunt
2541 1427 2613 1480 dii
2645 1430 2719 1481 tui
2765 1424 2938 1482 Israel
2981 1426 3070 1498 qui
3108 1427 3423 1480 reduxerunt
3465 1435 3508 1480 te
3550 1427 3607 1481 de
3644 1435 3748 1481 terra

2209 1517 2454 1591 Egypti.
2484 1519 2549 1573 Et
2577 1519 2749 1589 posuit
2779 1536 2942 1574 unam
2967 1521 3022 1574 in
3066 1517 3284 1586 Bel/rel,
3312 1530 3360 1574 et
3382 1536 3532 1574 unam
3557 1520 3675 1574 dedit
3709 1524 3749 1574 in

2211 1611 2368 1680 Dan;
2394 1622 2442 1667 et
2468 1612 2668 1684 factum
2695 1623 2771 1670 est
2818 1614 2914 1668 hoc
2947 1613 3156 1668 verbum
3184 1615 3236 1667 in
3263 1622 3544 1686 peccatum,
3581 1623 3622 1668 et
3638 1624 3749 1668 ante-

2212 1707 2417 1762 cedebat
2434 1709 2654 1780 populus
2681 1717 2800 1763 ante
2827 1709 3012 1778 faciem
3041 1708 3194 1762 unius
3218 1707 3395 1763 vitula:
3423 1704 3751 1778 usqueDan:st

2139 1809 2185 1868 B
2210 1800 2442 1872 fecerunt
2475 1800 2657 1855 domos
2687 1801 2740 1854 in
2766 1801 3050 1867 excelsum,
3075 1808 3122 1855 et
3145 1799 3268 1869 fecit
3293 1799 3576 1854 sacerdotes
3601 1808 3754 1866 partem

2211 1896 2440 1966 aliquam
2485 1895 2688 1968 pepuli,
2718 1897 2806 1965 qui
2835 1913 2936 1950 non
2967 1905 3113 1950 erant
3152 1910 3219 1950 ex
3258 1894 3383 1965 ﬁliis
3411 1893 3544 1949 Levi.
3585 1891 3644 1950 Et
3665 1894 3756 1964 fecit

2215 1987 2505 2044 Hieroboas
2549 1988 2688 2043 diem
2716 1993 2908 2060 festum
2938 1989 2991 2042 in
3019 2004 3196 2044 mense
3225 1997 3407 2042 octavo
3430 1987 3482 2041 in
3517 1986 3671 2054 quitus
3693 1986 3759 2040 de-

2213 2084 2346 2139 cima
2377 2083 2566 2138 mensis
2595 2082 2878 2137 secundum
2907 2081 3045 2137 diem
3082 2081 3270 2151 festum
3307 2079 3483 2146 Juda;
3508 2090 3554 2134 et
3577 2078 3761 2134 ascendit

2214 2178 2269 2232 in
2297 2179 2526 2233 sacrario
2555 2219 2569 2244 ,
2600 2177 2738 2245 quod
2768 2177 2887 2247 fecit
2917 2177 2971 2230 in
3007 2173 3222 2243 Betltel,
3272 2186 3328 2229 ut
3365 2174 3654 2244 sacriﬁcaret
3674 2181 3761 2228 ante

2215 2272 2403 2326 vitulas
2447 2287 2575 2341 quas
2607 2271 2750 2343 fecit,
2803 2280 2850 2325 et
2894 2269 3158 2323 constituit
3203 2269 3260 2322 in
3293 2265 3474 2322 Betltel
3527 2265 3761 2324 sacerdota

2216 2368 2533 2423 excelsorum
2577 2383 2704 2438 quos
2751 2365 2907 2436 fecit;
2934 2374 2983 2420 et
3008 2363 3240 2419 ascendit
3274 2363 3327 2418 in
3356 2363 3624 2418 sacrarium
3658 2359 3764 2430 quod

2217 2461 2338 2532 fecit
2366 2461 2420 2514 in
2449 2459 2626 2529 quinto
2671 2458 2872 2513 decimo
2920 2458 3006 2512 die
3035 2473 3206 2511 mense
3242 2465 3425 2511 octavo
3471 2457 3523 2509 in
3562 2455 3635 2508 die
3663 2453 3764 2517 {esto

2217 2571 2368 2626 quem
2404 2554 2554 2619 ﬁnxit
2575 2570 2606 2607 a
2629 2550 2784 2606 corde
2812 2567 2936 2618 suo;
2969 2562 3015 2604 et
3044 2550 3166 2621 fecit
3196 2549 3336 2604 diem
3355 2554 3538 2620 festum
3576 2546 3683 2618 ﬁliis
3703 2540 3765 2598 Is-

2217 2648 2344 2704 rael.
2380 2647 2399 2685 ί
2431 2646 2567 2702 Nolo
2599 2656 2624 2694 ε
2651 2659 2782 2716 ergo
2820 2645 3071 2716 glorieris
3096 2644 3242 2716 quod
3279 2659 3404 2699 cum
3445 2640 3764 2697 idololatriam

2218 2742 2298 2798 sis
2347 2755 2564 2813 gerens,
2614 2748 2796 2794 tamen
2824 2738 2978 2793 vivas
3030 2737 3182 2809 regni
3232 2736 3518 2809 possidens
3561 2735 3766 2806 gloriam,

2217 2835 2439 2908 quando
2458 2833 2645 2889 videas
2662 2831 2804 2887 hunc
2829 2831 3156 2888 llierobOam
3175 2829 3378 2885 vitulas
3395 2828 3580 2885 iecisse
3595 2838 3768 2886 aureas.

2220 2928 2477 3000 populum
2502 2925 2873 2981 Israelitarum
2892 2922 3230 2979 convertisse
3254 2921 3324 2978 ad
3357 2919 3708 2981 idololatriam,
3732 2923 3773 2970 et

2220 3034 2401 3080 tamen
2455 3038 2560 3077 non
2599 3022 2777 3076 solum
2817 3037 2924 3075 non
2949 3020 3133 3074 statim
3175 3028 3234 3075 ut
3259 3018 3564 3090 deliquerat
3581 3012 3773 3070 exstinc-

2224 3127 2373 3186 tum,
2419 3116 2516 3173 sed
2560 3124 2617 3171 et.
2653 3115 2746 3172 diu
2794 3115 2976 3170 vivere
3018 3115 3373 3184 permissum.
3419 3111 3664 3182 Numquid
3691 3122 3771 3164 non

520 3221 720 3277 regno,
752 3215 804 3262 et
839 3207 1056 3278 utrique
1102 3219 1394 3280 regnantes
1422 3210 1488 3265 ad
1531 3214 1655 3266 vita:
1691 3211 1939 3268 ultimum
1971 3213 2116 3268 diem
2149 3213 2194 3275 C
2228 3221 2478 3283 potuerat
2510 3210 2650 3264 Deus
2692 3208 2914 3264 eosdem
2945 3223 3102 3277 reges
3143 3206 3464 3262 idololatras
3511 3200 3771 3260 removere?

522 3302 896 3370 pervenerint,
927 3304 1202 3375 quomodo
1231 3314 1283 3361 te
1314 3305 1535 3361 miraris
1563 3305 1631 3360 ad
1661 3316 1847 3372 temet,
1877 3323 1976 3362 cur
1998 3317 2120 3378 post

516 3395 870 3452 commissum
895 3399 1166 3468 piaculum
1189 3400 1242 3454 in
1260 3415 1326 3455 eo
1357 3399 1566 3456 scelere
1588 3400 1791 3473 degens
1809 3418 1904 3458 rex
1925 3417 2122 3474 super-

519 3487 654 3553 bias,
697 3490 844 3560 quod
878 3507 1054 3562 neque
1095 3492 1190 3547 tibi
1223 3507 1450 3564 regnum
1481 3510 1656 3565 neque
1703 3497 1809 3550 vita
1843 3495 2122 3551 auferatur

517 3596 547 3637 a
573 3582 724 3639 Deo?
751 3584 970 3655 quando
988 3586 1178 3642 videas
1200 3587 1367 3642 etiam
1397 3589 1724 3646 Hieroboam
1753 3590 1965 3646 Domini
1991 3591 2122 3646 reli-

515 3674 734 3745 gionem
788 3675 1030 3733 funditus
1075 3689 1297 3736 vertere
1325 3689 1384 3736 ut
1431 3690 1486 3736 tu
1535 3681 1704 3738 fuisse
1748 3692 2039 3750 conatum,
2069 3694 2124 3740 et

520 3775 700 3822 tamen
729 3770 1093 3836 supervixerit
1121 3773 1282 3826 annis
1320 3788 1482 3843 quam
1515 3773 1785 3844 plurimis,
1817 3785 1876 3831 et
1902 3776 2122 3846 quidem

520 3857 574 3914 in
607 3875 675 3915 eo
701 3861 910 3917 scelere
934 3879 1158 3918 manens
1185 3865 1328 3920 sicut
1349 3867 1614 3939 scriptum
1654 3876 1739 3924 est
1785 3888 1799 3923 :
1865 3868 1932 3924 Et
1959 3867 1987 3907 ά
2015 3880 2124 3925 erat

520 3952 678 4007 homo
701 3970 767 4008 ex
793 3965 960 4010 monte
992 3955 1236 4030 Eplirtem
1258 3975 1434 4014 servus
1467 3960 1845 4028 Salomonis,et
1873 3979 2055 4017 nomen
2077 3962 2128 4017 ei

522 4057 632 4102 crat
652 4045 708 4102 II
713 4049 996 4118 ieroboam,
1024 4060 1072 4105 et
1102 4066 1286 4106 nomen
1309 4054 1488 4107 matris
1517 4056 1632 4126 ejus
1688 4063 1796 4109 erat
1842 4052 2081 4110 Sariram
2108 4096 2122 4120 ,

524 4213 533 4249 ἰ
598 4217 629 4283 ἦ
666 4207 1003 4283 Servientem,
1067 4211 1223 4266 unde.
1256 4210 1490 4267 Poncius
1519 4210 1658 4283 apud
1687 4211 1872 4267 Latin.
1906 4213 2002 4269 sed
2032 4213 2114 4268 lo-

521 4281 672 4336 cutio
690 4282 890 4355 clarior
918 4282 1155 4349 videtur,
1185 4283 1231 4338 si
1255 4283 1326 4339 ita
1357 4281 1630 4355 corrigas;
1661 4283 1869 4340 diabolo
1891 4286 2123 4340 servien-

530 4364 654 4418 tem,
681 4354 875 4408 mundo
902 4364 970 4418 et,
1003 4365 1109 4410 etc.

601 4422 626 4461 ι’
669 4424 793 4479 Haec
837 4434 1012 4498 extra,
1040 4426 1290 4483 ordinem
1323 4436 1600 4498 ponuntur
1637 4444 1666 4483 a
1709 4428 2021 4486 Sabatierio
2071 4430 2124 4484 in

529 4492 685 4573 Vere.
718 4499 842 4573 Ant.
883 4497 948 4550 ad
1003 4497 1062 4573 Ill
1110 4499 1242 4569 Reg.
1275 4492 1376 4573 uti,
1403 4516 1630 4568 quorum
1661 4516 1789 4573 pars
1819 4502 1968 4570 prior
1993 4515 2126 4555 con-

529 4567 670 4636 gruit
696 4567 1099 4643 quodammodo
1127 4567 1251 4643 cuin
1282 4571 1544 4643 Vulgata,
1576 4567 1716 4628 utin
1754 4567 2000 4643 margine
2033 4589 2130 4626 tm-

532 4645 730 4712 tantus.
773 4636 880 4712 Sed
909 4639 1180 4712 integrum
1232 4642 1333 4698 hoc
1383 4636 1754 4699 t'estimonium
1794 4659 1824 4698 a
1877 4636 2133 4699 Lucifero

531 4705 754 4787 allatum
781 4709 979 4780 legitur
1010 4705 1153 4787 apud
1177 4713 1435 4784 Septuag.
1457 4715 1524 4770 Ill
1545 4717 1675 4786 Reg.
1698 4731 1794 4782 xu,
1832 4724 1956 4787 post
1981 4716 2016 4785 ᾗ
2039 4715 2130 4781 24,

533 4777 1075 4856 quodcum'czetcri's
1089 4825 1105 4850 ,
1128 4777 1684 4856 quas-consequuntur
1699 4788 1766 4841 ad
1783 4777 1850 4856 'i'
1867 4788 1961 4843 25.
1977 4777 2134 4842 abest

533 4865 564 4904 a
598 4849 756 4922 Vulg.
799 4862 854 4906 et
882 4854 954 4907 ab
1001 4849 1204 4925 aliquot
1234 4855 1389 4926 Sept.
1430 4849 1836 4926 exemplaribus
1860 4899 1874 4923 ,
1927 4859 1979 4912 in
2009 4859 2134 4913 aliis

531 4937 666 4999 vero
700 4927 1348 4999 notantur,ceu_repetita,
1378 4929 1718 4999 transposita,
1737 4933 1976 4999 confusa.
2001 4930 2136 4984 male

534 4992 868 5056 cohtereiitia,
895 4997 1068 5067 inquit
1093 4992 1342 5052 Nobilius
1365 5000 1467 5052 hoc
1499 4992 1552 5054 in
1585 4992 1726 5056 loco.
1760 4992 1983 5056 lis'vero
2006 5016 2136 5056 usus

536 5077 622 5142 est
649 5078 698 5121 et
711 5067 816 5142 iam
828 5067 1233 5142 Theodoretus,
1253 5079 1446 5135 przvter
1459 5070 1791 5134 Luciferum.
1824 5074 1913 5142 qui
1943 5087 2134 5142 parum

537 5153 566 5191 a
583 5135 774 5214 Graeco
787 5138 1070 5214 dissentit;
1089 5140 1177 5214 ubi
1200 5157 1324 5214 pro:
1341 5143 1492 5214 iginti
1503 5146 1653 5199 annis
1665 5155 1750 5200 est
1766 5135 1965 5201 δώδεκὰ
1989 5147 2133 5198 ἐτῶν.

613 5221 634 5248 ο
680 5210 791 5286 Iloc
837 5212 1217 5286 testimonium
1260 5210 1416 5269 abeSt
1465 5232 1493 5270 τι
1541 5216 1798 5286 Vulgata;
1845 5216 2138 5286 respomlet

542 5290 721 5356 tamen
748 5285 799 5337 in
819 5283 1090 5352 aliquibus
1110 5284 1174 5338 Ill
1203 5283 1336 5356 Reg.
1364 5302 1474 5352 xiv,
1495 5287 1588 5342 22.
1615 5283 1670 5343 et
1701 5287 1743 5342 ll
1768 5288 1891 5341 Par.
1927 5283 2020 5351 xu,
2046 5287 2134 5342 H.

536 5352 807 5423 Integrqu
827 5357 969 5410 Vero
994 5398 1009 5421 ,
1043 5365 1101 5410 ut
1130 5352 1386 5421 dixiuius,
1418 5369 1548 5415 etut
1579 5368 1728 5414 notat
1758 5356 2092 5416 Sabatierius
2121 5401 2136 5425 ,

537 5428 734 5500 legitur
763 5428 816 5482 in
847 5427 1202 5498 Septuaginta
1229 5445 1348 5500 cap.
1383 5447 1479 5492 xu.
1515 5443 1637 5500 post
1657 5447 1800 5487 vers.
1831 5430 1922 5484 2i.

609 5496 636 5536 ά
679 5498 845 5572 Extra
887 5496 1133 5572 ordinem
1165 5517 1196 5558 a
1244 5496 1551 5558 Saliatierio
1593 5504 1812 5572 ponitur
1842 5501 1945 5557 hoc
1984 5505 2141 5556 testi-

544 5571 785 5646 monium
815 5573 868 5627 in
899 5570 1516 5646 Vers.Ant.Respondet
1544 5570 1764 5646 quidem
1795 5572 1953 5646 Vulg.
1980 5573 2139 5646 utiiiu

543 5644 788 5716 margine
821 5653 1070 5708 notatur,
1104 5647 1201 5700 sed
1231 5643 1376 5717 apud
1414 5643 1574 5716 Sept.
1600 5647 1682 5702 bis
1716 5643 1944 5715 legitur,
1980 5643 2136 5717 Vulg.

541 5729 854 5790 consonans
879 5731 1002 5786 cap.
1025 5733 1101 5790 xt,
1128 5717 1220 5773 26.
1251 5719 1348 5774 sed
1373 5734 1493 5790 cap.
1520 5735 1615 5774 xu.
1643 5718 1835 5772 iisdem
1856 5719 2058 5783 verbis,
2078 5733 2140 5774 ac

543 5787 599 5844 in
625 5787 877 5861 Lucifero
889 5805 911 5861 A:
931 5789 1074 5861 quod
1092 5804 1213 5843 cum
1235 5787 1504 5854 superiori
1533 5793 1675 5848 inter
1695 5790 1924 5861 repetita
1943 5798 1995 5845 et
2015 5803 2142 5861 ron-

544 5862 660 5913 nisa
687 5875 716 5912 a
748 5857 965 5914 Nobilio
988 5860 1260 5926 rejicitu’rs
1274 5863 1456 5917 Sarira
1485 5879 1582 5935 pro
1607 5857 1843 5916 Sariram
1865 5859 2134 5932 legilSab.

2225 3303 2322 3359 sed
2350 3312 2633 3358 ostensum
2665 3310 2930 3371 estquam
2959 3299 3078 3355 sitis
3105 3299 3304 3369 ingrati
3335 3299 3444 3354 Deo
3466 3313 3557 3353 vos
3581 3296 3772 3368 quicum

2225 3404 2438 3451 tantum
2471 3391 2815 3458 exaltemini,
2863 3402 3045 3448 tamen
3091 3392 3270 3463 ipsum
3308 3392 3400 3462 qui
3431 3405 3524 3446 vos
3572 3387 3772 3449 esaltat,

2226 3505 2334 3544 non
2378 3489 2554 3544 solum
2577 3485 2977 3544 obliviscamini
3009 3483 3059 3555 ιι,
3085 3485 3180 3541 sed
3214 3496 3268 3541 et
3289 3486 3469 3541 adhuc
3496 3481 3716 3540 eumdem
3735 3479 3775 3534 in

2228 3581 2408 3638 servis
2451 3580 2568 3652 ejus
2623 3577 3058 3650 persequamini,
3112 3577 3436 3650 religionem
3477 3576 3590 3647 ejus
3624 3574 3777 3629 tollere

2179 3663 2510 3750 'cupientes
2539 3691 2571 3731 e
2604 3675 2806 3730 medio.
2840 3673 2994 3741 Quod
3028 3672 3100 3727 ita
3131 3687 3255 3728 esse
3283 3688 3356 3728 ex
3388 3672 3540 3728 istius
3565 3668 3778 3740 regisco-

2225 3786 2428 3843 gnosce
2454 3768 2596 3824 facto
2628 3767 2936 3831 Hicrobozc,
2965 3767 3056 3838 qui
3083 3780 3206 3820 cum
3236 3764 3404 3820 fuerit
3431 3765 3567 3819 [ilius
3591 3760 3778 3820 ancilla,

2226 3881 2349 3935 cum
2379 3879 2438 3918 se
2464 3861 2805 3916 meminisset
2822 3869 2999 3915 ortum
3025 3858 3093 3914 de
3113 3859 3428 3924 meretrice,
3455 3872 3574 3912 cum
3596 3864 3777 3924 regnum

2227 3958 2505 4028 acceperit
2533 3955 2738 4012 domini
2766 3954 2848 4010 sui
2877 3953 3194 4010 Salomonis
3223 3953 3276 4009 in
3303 3951 3645 4022 opprobrium
3670 3946 3780 4014 ejus-

2229 4052 2354 4108 dem
2381 4048 2712 4114 Salomonis,
2761 4062 2857 4103 cur
2885 4046 3206 4117 deliuquens
3238 4054 3264 4081 κ
3291 4044 3466 4101 Deum
3495 4041 3558 4098 ad
3581 4040 3782 4096 idolase-

2305 4223 2326 4251 ε
2373 4212 2436 4266 Id
2479 4223 2584 4280 est,
2615 4228 2831 4285 regnare
2860 4214 3099 4285 Legerunt
3134 4211 3206 4285 in_
3237 4207 3447 4285 Israel,
3476 4221 3633 4279 regem
3663 4214 3782 4270 super

2232 4283 2402 4340 Israel
2429 4280 2831 4340 constituerunt.
2863 4280 2973 4352 Til.
3002 4293 3058 4337 et
3088 4282 3138 4336 la
3167 4280 3367 4336 Cerda.
3745 4340 3770 4352 η

2308 4357 2327 4394 τ
2373 4355 2536 4411 Addit
2570 4356 2756 4412 Sabat.
2790 4371 2822 4410 e
2863 4351 3120 4410 Lucifero
3167 4355 3445 4421 exscripta
3472 4393 3487 4414 ,
3515 4359 3561 4406 et
3599 4341 3784 4421 ascendit

2231 4431 2286 4487 in
2313 4429 2622 4487 sacrarium.
2652 4437 2710 4482 ut
2743 4426 3078 4493 sacriﬁcaret.
3105 4424 3211 4481 Sed
3244 4418 3516 4479 bare—infra
3540 4418 3786 4493 occurrunt

2155 4521 2210 4582 ι)
2239 4515 2360 4572 pag.
2395 4501 2465 4556 58
2499 4500 2632 4570 (Ituj.
2666 4499 2751 4554 ed.
2787 4487 3067 4569 εοιξὸυῦ),
3100 4497 3190 4552 ubi
3223 4496 3482 4552 nonnulla
3513 4493 3562 4549 in
3593 4491 3682 4546 hoc
3697 4487 3786 4556 ipso

2235 4583 2388 4632 textu
2421 4582 2720 4625 mutantur.

2308 4653 2333 4690 8
2375 4642 2516 4699 Nolo
2542 4659 2664 4716 ergo
2693 4643 2927 4716 glorieris
2966 4641 3103 4716 quod
3114 4657 3248 4716 cum
3278 4638 3622 4716 idololatrian:
3644 4631 3707 4716 si“
3723 4642 3788 4709 ρξ’

2234 4721 2376 4781 ren's,
2411 4705 2758 4788 tamenjvivbs
2779 4717 2922 4788 regni
2947 4705 3218 4788 possidens
3233 4713 3506 4788 gloriam;
3532 4705 3788 4788 quando“:

2237 4772 2375 4842 deas,
2393 4788 2529 4840 hunc
2576 4784 2629 4838 II
2634 4772 2890 4840 ieroboain
2917 4772 3106 4840 vitulus
3146 4772 3327 4850 fecisse
3353 4772 3556 4845 aureas,
3585 4772 3786 4846 populi!!!

2241 4858 2603 4931 Israelitaru-m
2628 4860 2935 4931 convertisse
2954 4858 3023 4910 ad
3050 4855 3404 4910 idololatrian:
3423 4862 3518 4931 ;‘et
3542 4857 3787 4931 tamen}?!

2237 4931 2405 4987 solum
2434 4928 2688 4999 statimut
2709 4929 2998 4999 deliquerat
3019 4925 3468 4999 exstinctum,sed
3494 4935 3538 4978 et
3564 4922 3646 4976 diu
3662 4922 3790 4999 vivere

2238 4986 2564 5075 permissum.
2591 4998 2670 5054 Tu
2700 4986 2923 5075 quid'sit
2952 4999 3244 5075 intelligis;
3278 4986 3425 5075 volui
3444 5003 3638 5075 autem,
3663 4986 3790 5075 illiti-

2239 5060 2518 5130 cutionem
2555 5060 2930 5140 expenderes;
2961 5079 3049 5126 est
3077 5060 3241 5125 enim
3260 5073 3463 5124 multus
3493 5069 3553 5140 in,
3573 5064 3650 5119 his
3672 5060 3791 5138 Ioc}!-

2241 5145 2500 5217 tionibus.
2531 5139 2662 5217 Nam
2687 5142 2870 5217 infra;
2912 5159 3028 5197 cum
3053 5144 3225 5212 itaque
3261 5141 3414 5217 fuerit
3442 5139 3635 5217 triginta
3672 5143 3791 5217 qutt-

2239 5233 2340 5287 qne
2360 5216 2509 5287 tinnis
2530 5208 2889 5287 idololatrinm
2906 5229 3109 5287 gerens.
3137 5208 3192 5267 et
3213 5208 3421 5287 statim,
3437 5208 3577 5287 Ν
3599 5208 3788 5287 inquiti.

2243 5278 2363 5342 ltinc
2391 5286 2479 5340 tibi
2505 5286 2746 5356 gloriari,
2774 5278 3030 5356 quod'cur
3057 5288 3167 5338 Iitec
3189 5285 3266 5356 sis
3287 5283 3500 5352 faciens.
3526 5278 3790 5356 Taceij

2241 5359 2456 5422 culavit,
2484 5347 2799 5426 tleprtedavii
2828 5399 2843 5418 ,
2869 5357 3208 5426 pepercitum,
3234 5347 3508 5415 tinnibunt,
3532 5349 3666 5405 mille
3688 5347 3789 5403 alia,

2242 5431 2442 5504 quibus
2474 5428 2666 5504 plenus
2685 5437 2790 5504 est.
2819 5427 3109 5504 Latiar-da.
3234 5498 3245 5504 .
3574 5491 3586 5504 .
3645 5492 3654 5500 ο

2315 5500 2343 5538 ³³
2383 5500 2438 5558 Id
2470 5511 2576 5565 cst,
2609 5499 2972 5554 obliviscimini
3005 5501 3184 5571 ipsius,
3228 5498 3544 5571 immemores
3570 5498 3710 5561 ipsius

2244 5576 2338 5639 tis,
2368 5590 2428 5627 ac
2453 5573 2567 5638 eius
2594 5576 2995 5626 mandatorum:
3022 5568 3078 5625 et
3105 5578 3290 5641 postea
3312 5568 3452 5623 idem
3467 5569 3792 5638 persequamini

2245 5663 2344 5719 pro
2375 5643 2763 5719 persequimini.
2797 5643 2902 5719 Til.

2324 5717 2339 5756 ί
2375 5706 2772 5777 Derelinouens.
2808 5714 3076 5771 Latinius.
3109 5712 3420 5779 Delinquens
3457 5711 3506 5764 in
3528 5706 3678 5764 Deum
3701 5712 3792 5754 meo

2244 5791 2373 5858 lius,
2403 5799 2463 5846 ut
2492 5788 2630 5846 infra
2658 5789 2714 5844 in
2743 5790 2915 5860 ipsum
2943 5783 3382 5857 delinquentibus.

3919 2572 3921 2618 ἲ

3921 2688 3923 2734 i

3923 2802 3925 2838 Ι

3925 2916 3927 2962 i

3927 3032 3929 3082 Ι
