  <div class='ocr_page' id='page_1' title='image "/cluster/home/n/w/nwhite01/storage/ocr_20150623/13/hvd.32044015471295/406.png"; bbox 0 0 3838 6342; ppageno 0'>
   <div class='ocr_carea' id='block_1_1' title="bbox 32 334 119 392">
    <p class='ocr_par' dir='ltr' id='par_1_1' title="bbox 32 334 119 392">
     <span class='ocr_line' id='line_1_1' title="bbox 32 334 119 392; baseline -0.046 0"><span class='ocrx_word' id='word_1_1' title='bbox 32 334 119 392; x_wconf 74' lang='grc' dir='ltr'><strong>ΒΜ</strong></span> 
     </span>
    </p>
   </div>
   <div class='ocr_carea' id='block_1_2' title="bbox 950 317 2341 385">
    <p class='ocr_par' dir='ltr' id='par_1_2' title="bbox 950 317 2341 385">
     <span class='ocr_line' id='line_1_2' title="bbox 950 317 2341 385; baseline -0.004 0"><span class='ocrx_word' id='word_1_2' title='bbox 950 322 1040 385; x_wconf 84' lang='lat' dir='ltr'><strong>DE</strong></span> <span class='ocrx_word' id='word_1_3' title='bbox 1078 318 1377 385; x_wconf 77' lang='lat' dir='ltr'><strong>REGIBUS</strong></span> <span class='ocrx_word' id='word_1_4' title='bbox 1413 317 1856 382; x_wconf 77' lang='lat' dir='ltr'><strong>APOSTATICIS</strong></span> <span class='ocrx_word' id='word_1_5' title='bbox 1895 319 2101 380; x_wconf 82' lang='lat' dir='ltr'><strong>LIBER</strong></span> <span class='ocrx_word' id='word_1_6' title='bbox 2138 323 2341 383; x_wconf 83' lang='lat' dir='ltr'><strong>UNUS.</strong></span> 
     </span>
    </p>
   </div>
   <div class='ocr_carea' id='block_1_3' title="bbox 3189 337 3295 396">
    <p class='ocr_par' dir='ltr' id='par_1_3' title="bbox 3189 337 3295 396">
     <span class='ocr_line' id='line_1_3' title="bbox 3189 337 3295 396; baseline -0.009 0"><span class='ocrx_word' id='word_1_7' title='bbox 3189 337 3295 396; x_wconf 71' lang='lat'><strong>80?.</strong></span> 
     </span>
    </p>
   </div>
   <div class='ocr_carea' id='block_1_4' title="bbox 31 440 3299 523">
    <p class='ocr_par' dir='ltr' id='par_1_4' title="bbox 31 440 3299 523">
     <span class='ocr_line' id='line_1_4' title="bbox 31 440 3299 523; baseline -0.005 -14"><span class='ocrx_word' id='word_1_8' title='bbox 31 445 351 509; x_wconf 81' lang='lat' dir='ltr'><strong>metvertcrit</strong></span> <span class='ocrx_word' id='word_1_9' title='bbox 371 486 385 511; x_wconf 95' lang='lat'><strong>,</strong></span> <span class='ocrx_word' id='word_1_10' title='bbox 410 459 559 512; x_wconf 91' lang='lat' dir='ltr'><strong>cum,</strong></span> <span class='ocrx_word' id='word_1_11' title='bbox 592 443 832 516; x_wconf 87' lang='lat' dir='ltr'><strong>inquam,</strong></span> <span class='ocrx_word' id='word_1_12' title='bbox 859 441 1081 499; x_wconf 75' lang='lat' dir='ltr'><strong>sciverit</strong></span> <span class='ocrx_word' id='word_1_13' title='bbox 1110 442 1213 498; x_wconf 89' lang='lat' dir='ltr'><strong>sibi</strong></span> <span class='ocrx_word' id='word_1_14' title='bbox 1244 457 1468 514; x_wconf 82' lang='lat' dir='ltr'><strong>regnum</strong></span> <span class='ocrx_word' id='word_1_15' title='bbox 1495 441 1595 497; x_wconf 90' lang='lat' dir='ltr'><strong>da-</strong></span> <span class='ocrx_word' id='word_1_16' title='bbox 1624 444 1675 504; x_wconf 79' lang='grc' dir='ltr'><strong>Α</strong></span> <span class='ocrx_word' id='word_1_17' title='bbox 1702 440 2027 496; x_wconf 89' lang='lat' dir='ltr'><strong>meminerat</strong></span> <span class='ocrx_word' id='word_1_18' title='bbox 2056 450 2238 497; x_wconf 86' lang='lat' dir='ltr'><strong>natum</strong></span> <span class='ocrx_word' id='word_1_19' title='bbox 2267 442 2336 499; x_wconf 90' lang='lat' dir='ltr'><strong>de</strong></span> <span class='ocrx_word' id='word_1_20' title='bbox 2366 458 2565 514; x_wconf 80' lang='lat' dir='ltr'><strong>genere</strong></span> <span class='ocrx_word' id='word_1_21' title='bbox 2592 445 2801 512; x_wconf 76' lang='lat' dir='ltr'><strong>servili,</strong></span> <span class='ocrx_word' id='word_1_22' title='bbox 2832 449 3115 519; x_wconf 73' lang='lat' dir='ltr'><strong>numquid,</strong></span> <span class='ocrx_word' id='word_1_23' title='bbox 3150 464 3299 523; x_wconf 71' lang='grc' dir='ltr'><strong>ροει-</strong></span> 
     </span>
    </p>
   </div>
   <div class='ocr_carea' id='block_1_5' title="bbox 33 534 1596 607">
    <p class='ocr_par' dir='ltr' id='par_1_5' title="bbox 33 534 1596 607">
     <span class='ocr_line' id='line_1_5' title="bbox 33 534 1596 607; baseline -0.007 -8"><span class='ocrx_word' id='word_1_24' title='bbox 33 555 131 598; x_wconf 90' lang='lat' dir='ltr'><strong>tum</strong></span> <span class='ocrx_word' id='word_1_25' title='bbox 154 556 182 595; x_wconf 90' lang='lat' dir='ltr'><strong>a</strong></span> <span class='ocrx_word' id='word_1_26' title='bbox 201 540 306 595; x_wconf 85' lang='lat' dir='ltr'><strong>Deo</strong></span> <span class='ocrx_word' id='word_1_27' title='bbox 321 536 618 593; x_wconf 86' lang='lat' dir='ltr'><strong>Hieroboas</strong></span> <span class='ocrx_word' id='word_1_28' title='bbox 644 546 931 607; x_wconf 76' lang='lat' dir='ltr'><strong>propterea</strong></span> <span class='ocrx_word' id='word_1_29' title='bbox 968 534 1112 607; x_wconf 89' lang='lat' dir='ltr'><strong>quod</strong></span> <span class='ocrx_word' id='word_1_30' title='bbox 1134 534 1391 591; x_wconf 87' lang='lat' dir='ltr'><strong>Salomon</strong></span> <span class='ocrx_word' id='word_1_31' title='bbox 1422 534 1596 590; x_wconf 90' lang='lat' dir='ltr'><strong>domi-</strong></span> 
     </span>
    </p>
   </div>
   <div class='ocr_carea' id='block_1_6' title="bbox 35 628 1595 706">
    <p class='ocr_par' dir='ltr' id='par_1_6' title="bbox 35 628 1595 706">
     <span class='ocr_line' id='line_1_6' title="bbox 35 628 1595 706; baseline -0.006 -12"><span class='ocrx_word' id='word_1_32' title='bbox 35 652 127 694; x_wconf 86' lang='lat' dir='ltr'><strong>nus</strong></span> <span class='ocrx_word' id='word_1_33' title='bbox 161 634 271 706; x_wconf 88' lang='lat' dir='ltr'><strong>ejus</strong></span> <span class='ocrx_word' id='word_1_34' title='bbox 296 631 438 687; x_wconf 85' lang='lat' dir='ltr'><strong>idola</strong></span> <span class='ocrx_word' id='word_1_35' title='bbox 464 630 655 688; x_wconf 82' lang='lat' dir='ltr'><strong>fuisset</strong></span> <span class='ocrx_word' id='word_1_36' title='bbox 682 638 923 696; x_wconf 83' lang='lat' dir='ltr'><strong>secutus,</strong></span> <span class='ocrx_word' id='word_1_37' title='bbox 955 639 1131 685; x_wconf 90' lang='lat' dir='ltr'><strong>tamen</strong></span> <span class='ocrx_word' id='word_1_38' title='bbox 1156 629 1273 685; x_wconf 74' lang='lat' dir='ltr'><strong>lucc</strong></span> <span class='ocrx_word' id='word_1_39' title='bbox 1290 629 1470 684; x_wconf 85' lang='lat' dir='ltr'><strong>omnia</strong></span> <span class='ocrx_word' id='word_1_40' title='bbox 1495 628 1595 685; x_wconf 91' lang='lat' dir='ltr'><strong>du-</strong></span> 
     </span>
    </p>
   </div>
   <div class='ocr_carea' id='block_1_7' title="bbox 30 722 1592 798">
    <p class='ocr_par' dir='ltr' id='par_1_7' title="bbox 30 722 1592 798">
     <span class='ocr_line' id='line_1_7' title="bbox 30 722 1592 798; baseline -0.005 -11"><span class='ocrx_word' id='word_1_41' title='bbox 30 744 146 788; x_wconf 88' lang='lat' dir='ltr'><strong>cens</strong></span> <span class='ocrx_word' id='word_1_42' title='bbox 173 742 265 798; x_wconf 89' lang='lat' dir='ltr'><strong>pro</strong></span> <span class='ocrx_word' id='word_1_43' title='bbox 293 724 462 781; x_wconf 83' lang='lat' dir='ltr'><strong>nihilo</strong></span> <span class='ocrx_word' id='word_1_44' title='bbox 501 725 754 796; x_wconf 77' lang='lat' dir='ltr'><strong>Cogitavit</strong></span> <span class='ocrx_word' id='word_1_45' title='bbox 801 723 942 779; x_wconf 85' lang='lat' dir='ltr'><strong>idola</strong></span> <span class='ocrx_word' id='word_1_46' title='bbox 975 722 1195 792; x_wconf 81' lang='lat' dir='ltr'><strong>facere,</strong></span> <span class='ocrx_word' id='word_1_47' title='bbox 1228 732 1283 779; x_wconf 94' lang='lat' dir='ltr'><strong>et</strong></span> <span class='ocrx_word' id='word_1_48' title='bbox 1309 723 1441 795; x_wconf 90' lang='lat' dir='ltr'><strong>ipsis</strong></span> <span class='ocrx_word' id='word_1_49' title='bbox 1468 738 1592 779; x_wconf 90' lang='lat' dir='ltr'><strong>cum</strong></span> 
     </span>
    </p>
   </div>
   <div class='ocr_carea' id='block_1_8' title="bbox 30 816 1594 891">
    <p class='ocr_par' dir='ltr' id='par_1_8' title="bbox 30 816 1594 891">
     <span class='ocr_line' id='line_1_8' title="bbox 30 816 1594 891; baseline -0.006 -9"><span class='ocrx_word' id='word_1_50' title='bbox 30 824 161 882; x_wconf 89' lang='lat' dir='ltr'><strong>omni</strong></span> <span class='ocrx_word' id='word_1_51' title='bbox 204 818 416 891; x_wconf 86' lang='lat' dir='ltr'><strong>populo,</strong></span> <span class='ocrx_word' id='word_1_52' title='bbox 446 820 537 889; x_wconf 88' lang='lat' dir='ltr'><strong>qui</strong></span> <span class='ocrx_word' id='word_1_53' title='bbox 585 817 698 875; x_wconf 87' lang='lat' dir='ltr'><strong>Deo</strong></span> <span class='ocrx_word' id='word_1_54' title='bbox 749 816 1068 884; x_wconf 79' lang='lat' dir='ltr'><strong>serviebat,</strong></span> <span class='ocrx_word' id='word_1_55' title='bbox 1100 831 1223 873; x_wconf 90' lang='lat' dir='ltr'><strong>esse</strong></span> <span class='ocrx_word' id='word_1_56' title='bbox 1254 817 1594 888; x_wconf 79' lang='lat' dir='ltr'><strong>mancipatus</strong></span> 
     </span>
    </p>
   </div>
   <div class='ocr_carea' id='block_1_9' title="bbox 28 912 1594 991">
    <p class='ocr_par' dir='ltr' id='par_1_9' title="bbox 28 912 1594 991">
     <span class='ocr_line' id='line_1_9' title="bbox 28 912 1594 991; baseline -0.003 -19"><span class='ocrx_word' id='word_1_57' title='bbox 28 932 171 991; x_wconf 88' lang='lat' dir='ltr'><strong>quam</strong></span> <span class='ocrx_word' id='word_1_58' title='bbox 189 915 295 971; x_wconf 84' lang='lat' dir='ltr'><strong>Deo</strong></span> <span class='ocrx_word' id='word_1_59' title='bbox 323 912 465 978; x_wconf 86' lang='lat' dir='ltr'><strong>vivo,</strong></span> <span class='ocrx_word' id='word_1_60' title='bbox 488 913 579 983; x_wconf 91' lang='lat' dir='ltr'><strong>qui</strong></span> <span class='ocrx_word' id='word_1_61' title='bbox 612 912 763 966; x_wconf 90' lang='lat' dir='ltr'><strong>illum</strong></span> <span class='ocrx_word' id='word_1_62' title='bbox 792 928 858 967; x_wconf 83' lang='lat' dir='ltr'><strong>ex</strong></span> <span class='ocrx_word' id='word_1_63' title='bbox 882 912 1125 967; x_wconf 88' lang='lat' dir='ltr'><strong>mulieris</strong></span> <span class='ocrx_word' id='word_1_64' title='bbox 1151 912 1459 967; x_wconf 85' lang='lat' dir='ltr'><strong>meretricis</strong></span> <span class='ocrx_word' id='word_1_65' title='bbox 1483 912 1594 967; x_wconf 85' lang='lat' dir='ltr'><strong>lilio</strong></span> 
     </span>
    </p>
   </div>
   <div class='ocr_carea' id='block_1_10' title="bbox 27 1004 1594 1078">
    <p class='ocr_par' dir='ltr' id='par_1_10' title="bbox 27 1004 1594 1078">
     <span class='ocr_line' id='line_1_10' title="bbox 27 1004 1594 1078; baseline -0.006 -10"><span class='ocrx_word' id='word_1_66' title='bbox 27 1013 212 1068; x_wconf 83' lang='lat' dir='ltr'><strong>fecerat</strong></span> <span class='ocrx_word' id='word_1_67' title='bbox 236 1023 454 1078; x_wconf 80' lang='lat' dir='ltr'><strong>regnum</strong></span> <span class='ocrx_word' id='word_1_68' title='bbox 480 1007 680 1063; x_wconf 87' lang='lat' dir='ltr'><strong>habere</strong></span> <span class='ocrx_word' id='word_1_69' title='bbox 702 1006 1008 1064; x_wconf 87' lang='lat' dir='ltr'><strong>Salomonis</strong></span> <span class='ocrx_word' id='word_1_70' title='bbox 1026 1005 1231 1061; x_wconf 87' lang='lat' dir='ltr'><strong>domini</strong></span> <span class='ocrx_word' id='word_1_71' title='bbox 1261 1004 1368 1060; x_wconf 92' lang='lat' dir='ltr'><strong>sui.</strong></span> <span class='ocrx_word' id='word_1_72' title='bbox 1392 1004 1470 1061; x_wconf 85' lang='lat' dir='ltr'><strong>Ne</strong></span> <span class='ocrx_word' id='word_1_73' title='bbox 1494 1005 1594 1061; x_wconf 90' lang='lat' dir='ltr'><strong>ita-</strong></span> 
     </span>
    </p>
   </div>
   <div class='ocr_carea' id='block_1_11' title="bbox 26 1100 1594 1179">
    <p class='ocr_par' dir='ltr' id='par_1_11' title="bbox 26 1100 1594 1179">
     <span class='ocr_line' id='line_1_11' title="bbox 26 1100 1594 1179; baseline -0.003 -17"><span class='ocrx_word' id='word_1_74' title='bbox 26 1122 120 1179; x_wconf 87' lang='lat' dir='ltr'><strong>que</strong></span> <span class='ocrx_word' id='word_1_75' title='bbox 132 1103 341 1160; x_wconf 80' lang='lat' dir='ltr'><strong>mireris</strong></span> <span class='ocrx_word' id='word_1_76' title='bbox 355 1103 498 1174; x_wconf 91' lang='lat' dir='ltr'><strong>quod</strong></span> <span class='ocrx_word' id='word_1_77' title='bbox 521 1101 679 1156; x_wconf 85' lang='lat' dir='ltr'><strong>vobis</strong></span> <span class='ocrx_word' id='word_1_78' title='bbox 696 1101 925 1172; x_wconf 74' lang='lat' dir='ltr'><strong>ingratis</strong></span> <span class='ocrx_word' id='word_1_79' title='bbox 956 1101 1009 1155; x_wconf 90' lang='lat' dir='ltr'><strong>in</strong></span> <span class='ocrx_word' id='word_1_80' title='bbox 1035 1101 1209 1169; x_wconf 89' lang='lat' dir='ltr'><strong>ipsum</strong></span> <span class='ocrx_word' id='word_1_81' title='bbox 1227 1100 1594 1173; x_wconf 87' lang='lat' dir='ltr'><strong>delinquenti-</strong></span> 
     </span>
    </p>
   </div>
   <div class='ocr_carea' id='block_1_12' title="bbox 26 1193 1592 1268">
    <p class='ocr_par' dir='ltr' id='par_1_12' title="bbox 26 1193 1592 1268">
     <span class='ocr_line' id='line_1_12' title="bbox 26 1193 1592 1268; baseline -0.004 -11"><span class='ocrx_word' id='word_1_82' title='bbox 26 1203 115 1257; x_wconf 86' lang='lat' dir='ltr'><strong>bus</strong></span> <span class='ocrx_word' id='word_1_83' title='bbox 130 1206 301 1268; x_wconf 86' lang='lat' dir='ltr'><strong>parcat</strong></span> <span class='ocrx_word' id='word_1_84' title='bbox 320 1213 336 1251; x_wconf 90' lang='lat'><strong>:</strong></span> <span class='ocrx_word' id='word_1_85' title='bbox 352 1196 446 1253; x_wconf 89' lang='lat' dir='ltr'><strong>sed</strong></span> <span class='ocrx_word' id='word_1_86' title='bbox 476 1196 605 1251; x_wconf 91' lang='lat' dir='ltr'><strong>illud</strong></span> <span class='ocrx_word' id='word_1_87' title='bbox 627 1194 816 1250; x_wconf 82' lang='lat' dir='ltr'><strong>hortor</strong></span> <span class='ocrx_word' id='word_1_88' title='bbox 830 1193 1039 1257; x_wconf 85' lang='lat' dir='ltr'><strong>videas,</strong></span> <span class='ocrx_word' id='word_1_89' title='bbox 1054 1196 1197 1265; x_wconf 91' lang='lat' dir='ltr'><strong>quod</strong></span> <span class='ocrx_word' id='word_1_90' title='bbox 1221 1193 1527 1264; x_wconf 87' lang='lat' dir='ltr'><strong>tardelicet,</strong></span> <span class='ocrx_word' id='word_1_91' title='bbox 1546 1195 1592 1251; x_wconf 89' lang='lat' dir='ltr'><strong>si</strong></span> 
     </span>
    </p>
   </div>
   <div class='ocr_carea' id='block_1_13' title="bbox 22 1288 1592 1361">
    <p class='ocr_par' dir='ltr' id='par_1_13' title="bbox 22 1288 1592 1361">
     <span class='ocr_line' id='line_1_13' title="bbox 22 1288 1592 1361; baseline -0.004 -10"><span class='ocrx_word' id='word_1_92' title='bbox 22 1297 69 1351; x_wconf 92' lang='lat' dir='ltr'><strong>in</strong></span> <span class='ocrx_word' id='word_1_93' title='bbox 91 1294 184 1349; x_wconf 88' lang='lat' dir='ltr'><strong>hac</strong></span> <span class='ocrx_word' id='word_1_94' title='bbox 204 1301 287 1348; x_wconf 78' lang='lat' dir='ltr'><strong>tua</strong></span> <span class='ocrx_word' id='word_1_95' title='bbox 311 1290 579 1346; x_wconf 86' lang='lat' dir='ltr'><strong>manseris</strong></span> <span class='ocrx_word' id='word_1_96' title='bbox 603 1289 867 1359; x_wconf 88' lang='lat' dir='ltr'><strong>nequitia,</strong></span> <span class='ocrx_word' id='word_1_97' title='bbox 899 1288 977 1343; x_wconf 90' lang='lat' dir='ltr'><strong>sis</strong></span> <span class='ocrx_word' id='word_1_98' title='bbox 1001 1298 1353 1359; x_wconf 85' lang='lat' dir='ltr'><strong>percepturus</strong></span> <span class='ocrx_word' id='word_1_99' title='bbox 1380 1304 1445 1345; x_wconf 88' lang='lat' dir='ltr'><strong>ea</strong></span> <span class='ocrx_word' id='word_1_100' title='bbox 1470 1305 1592 1361; x_wconf 70' lang='lat' dir='ltr'><strong>qua:</strong></span> 
     </span>
    </p>
   </div>
   <div class='ocr_carea' id='block_1_14' title="bbox 21 1382 1587 1456">
    <p class='ocr_par' dir='ltr' id='par_1_14' title="bbox 21 1382 1587 1456">
     <span class='ocr_line' id='line_1_14' title="bbox 21 1382 1587 1456; baseline -0.004 -10"><span class='ocrx_word' id='word_1_101' title='bbox 21 1404 193 1446; x_wconf 87' lang='lat' dir='ltr'><strong>omnes</strong></span> <span class='ocrx_word' id='word_1_102' title='bbox 221 1388 274 1442; x_wconf 92' lang='lat' dir='ltr'><strong>in</strong></span> <span class='ocrx_word' id='word_1_103' title='bbox 301 1384 589 1456; x_wconf 86' lang='lat' dir='ltr'><strong>sacrilegio</strong></span> <span class='ocrx_word' id='word_1_104' title='bbox 621 1393 987 1455; x_wconf 77' lang='lat' dir='ltr'><strong>perceperunt</strong></span> <span class='ocrx_word' id='word_1_105' title='bbox 1029 1382 1461 1453; x_wconf 67' lang='lat' dir='ltr'><strong>praedecessores</strong></span> <span class='ocrx_word' id='word_1_106' title='bbox 1491 1385 1587 1440; x_wconf 91' lang='lat' dir='ltr'><strong>tui.</strong></span> 
     </span>
    </p>
   </div>
   <div class='ocr_carea' id='block_1_15' title="bbox 18 1476 1587 1548">
    <p class='ocr_par' dir='ltr' id='par_1_15' title="bbox 18 1476 1587 1548">
     <span class='ocr_line' id='line_1_15' title="bbox 18 1476 1587 1548; baseline -0.006 -7"><span class='ocrx_word' id='word_1_107' title='bbox 18 1485 295 1541; x_wconf 81' lang='lat' dir='ltr'><strong>Hortamur</strong></span> <span class='ocrx_word' id='word_1_108' title='bbox 316 1488 375 1535; x_wconf 92' lang='lat' dir='ltr'><strong>ut</strong></span> <span class='ocrx_word' id='word_1_109' title='bbox 404 1488 574 1536; x_wconf 88' lang='lat' dir='ltr'><strong>temet</strong></span> <span class='ocrx_word' id='word_1_110' title='bbox 615 1479 782 1534; x_wconf 88' lang='lat' dir='ltr'><strong>tantis</strong></span> <span class='ocrx_word' id='word_1_111' title='bbox 807 1494 836 1532; x_wconf 89' lang='lat' dir='ltr'><strong>a</strong></span> <span class='ocrx_word' id='word_1_112' title='bbox 871 1476 1028 1532; x_wconf 84' lang='lat' dir='ltr'><strong>malis</strong></span> <span class='ocrx_word' id='word_1_113' title='bbox 1055 1477 1270 1548; x_wconf 89' lang='lat' dir='ltr'><strong>eripere</strong></span> <span class='ocrx_word' id='word_1_114' title='bbox 1311 1477 1587 1546; x_wconf 76' lang='lat' dir='ltr'><strong>digneris:</strong></span> 
     </span>
    </p>
   </div>
   <div class='ocr_carea' id='block_1_16' title="bbox 20 1570 1593 1642">
    <p class='ocr_par' dir='ltr' id='par_1_16' title="bbox 20 1570 1593 1642">
     <span class='ocr_line' id='line_1_16' title="bbox 20 1570 1593 1642; baseline -0.004 -9"><span class='ocrx_word' id='word_1_115' title='bbox 20 1585 69 1634; x_wconf 87' lang='lat' dir='ltr'><strong>et</strong></span> <span class='ocrx_word' id='word_1_116' title='bbox 93 1586 117 1612; x_wconf 79' lang='grc' dir='ltr'>ἰ</span> <span class='ocrx_word' id='word_1_117' title='bbox 143 1590 198 1630; x_wconf 87' lang='lat' dir='ltr'><strong>es</strong></span> <span class='ocrx_word' id='word_1_118' title='bbox 216 1573 420 1629; x_wconf 79' lang='lat' dir='ltr'><strong>habens</strong></span> <span class='ocrx_word' id='word_1_119' title='bbox 439 1571 681 1642; x_wconf 86' lang='lat' dir='ltr'><strong>insuper,</strong></span> <span class='ocrx_word' id='word_1_120' title='bbox 707 1586 815 1626; x_wconf 94' lang='lat' dir='ltr'><strong>non</strong></span> <span class='ocrx_word' id='word_1_121' title='bbox 846 1580 899 1624; x_wconf 93' lang='lat' dir='ltr'><strong>tu</strong></span> <span class='ocrx_word' id='word_1_122' title='bbox 924 1570 1134 1641; x_wconf 91' lang='lat' dir='ltr'><strong>primus</strong></span> <span class='ocrx_word' id='word_1_123' title='bbox 1159 1571 1307 1625; x_wconf 83' lang='lat' dir='ltr'><strong>lacis.</strong></span> <span class='ocrx_word' id='word_1_124' title='bbox 1334 1570 1593 1626; x_wconf 87' lang='lat' dir='ltr'><strong>Videmus</strong></span> 
     </span>
    </p>
   </div>
   <div class='ocr_carea' id='block_1_17' title="bbox 19 1664 1593 1727">
    <p class='ocr_par' dir='ltr' id='par_1_17' title="bbox 19 1664 1593 1727">
     <span class='ocr_line' id='line_1_17' title="bbox 19 1664 1593 1727; baseline -0.004 -2"><span class='ocrx_word' id='word_1_125' title='bbox 19 1670 167 1727; x_wconf 86' lang='lat' dir='ltr'><strong>etiam</strong></span> <span class='ocrx_word' id='word_1_126' title='bbox 197 1668 358 1723; x_wconf 88' lang='lat' dir='ltr'><strong>istum</strong></span> <span class='ocrx_word' id='word_1_127' title='bbox 388 1665 713 1721; x_wconf 76' lang='lat' dir='ltr'><strong>Hieroboam</strong></span> <span class='ocrx_word' id='word_1_128' title='bbox 742 1664 1225 1721; x_wconf 89' lang='lat' dir='ltr'><strong>commonitionem</strong></span> <span class='ocrx_word' id='word_1_129' title='bbox 1259 1664 1470 1719; x_wconf 87' lang='lat' dir='ltr'><strong>Domini</strong></span> <span class='ocrx_word' id='word_1_130' title='bbox 1493 1664 1593 1720; x_wconf 87' lang='lat' dir='ltr'><strong>du-</strong></span> 
     </span>
    </p>
   </div>
   <div class='ocr_carea' id='block_1_18' title="bbox 18 1758 1586 1833">
    <p class='ocr_par' dir='ltr' id='par_1_18' title="bbox 18 1758 1586 1833">
     <span class='ocr_line' id='line_1_18' title="bbox 18 1758 1586 1833; baseline -0.006 -12"><span class='ocrx_word' id='word_1_131' title='bbox 18 1764 150 1821; x_wconf 76' lang='lat' dir='ltr'><strong>xisse</strong></span> <span class='ocrx_word' id='word_1_132' title='bbox 177 1777 271 1832; x_wconf 90' lang='lat' dir='ltr'><strong>pro</strong></span> <span class='ocrx_word' id='word_1_133' title='bbox 291 1760 466 1815; x_wconf 85' lang='lat' dir='ltr'><strong>nihilo</strong></span> <span class='ocrx_word' id='word_1_134' title='bbox 491 1760 582 1833; x_wconf 91' lang='lat' dir='ltr'><strong>(lll</strong></span> <span class='ocrx_word' id='word_1_135' title='bbox 605 1759 913 1830; x_wconf 74' lang='lat' dir='ltr'><strong>Reg.xu,29)</strong></span> <span class='ocrx_word' id='word_1_136' title='bbox 936 1777 948 1813; x_wconf 92' lang='lat'><strong>:</strong></span> <span class='ocrx_word' id='word_1_137' title='bbox 974 1758 1042 1813; x_wconf 82' lang='lat' dir='ltr'><strong>Et</strong></span> <span class='ocrx_word' id='word_1_138' title='bbox 1067 1763 1260 1831; x_wconf 75' lang='lat' dir='ltr'><strong>factum</strong></span> <span class='ocrx_word' id='word_1_139' title='bbox 1284 1760 1586 1830; x_wconf 86' lang='lat' dir='ltr'><strong>est,inquit,</strong></span> 
     </span>
    </p>
   </div>
   <div class='ocr_carea' id='block_1_19' title="bbox 1700 538 3295 614">
    <p class='ocr_par' dir='ltr' id='par_1_19' title="bbox 1700 538 3295 614">
     <span class='ocr_line' id='line_1_19' title="bbox 1700 538 3295 614; baseline 0.009 -24"><span class='ocrx_word' id='word_1_140' title='bbox 1700 551 1929 607; x_wconf 88' lang='lat' dir='ltr'><strong>eaquam</strong></span> <span class='ocrx_word' id='word_1_141' title='bbox 1963 538 2184 608; x_wconf 87' lang='lat' dir='ltr'><strong>impleta</strong></span> <span class='ocrx_word' id='word_1_142' title='bbox 2216 548 2342 593; x_wconf 91' lang='lat' dir='ltr'><strong>sunt</strong></span> <span class='ocrx_word' id='word_1_143' title='bbox 2371 542 2553 597; x_wconf 81' lang='lat' dir='ltr'><strong>omnia</strong></span> <span class='ocrx_word' id='word_1_144' title='bbox 2582 558 2704 614; x_wconf 75' lang='lat' dir='ltr'><strong>qua:</strong></span> <span class='ocrx_word' id='word_1_145' title='bbox 2736 545 3066 614; x_wconf 86' lang='lat' dir='ltr'><strong>promiserat</strong></span> <span class='ocrx_word' id='word_1_146' title='bbox 3109 548 3295 605; x_wconf 87' lang='lat' dir='ltr'><strong>Domi-</strong></span> 
     </span>
    </p>
   </div>
   <div class='ocr_carea' id='block_1_20' title="bbox 1698 628 3299 705">
    <p class='ocr_par' dir='ltr' id='par_1_20' title="bbox 1698 628 3299 705">
     <span class='ocr_line' id='line_1_20' title="bbox 1698 628 3299 705; baseline 0.011 -23"><span class='ocrx_word' id='word_1_147' title='bbox 1698 642 1823 694; x_wconf 86' lang='lat' dir='ltr'><strong>nus,</strong></span> <span class='ocrx_word' id='word_1_148' title='bbox 1856 628 1966 695; x_wconf 91' lang='lat' dir='ltr'><strong>illi,</strong></span> <span class='ocrx_word' id='word_1_149' title='bbox 1995 630 2088 700; x_wconf 91' lang='lat' dir='ltr'><strong>qui</strong></span> <span class='ocrx_word' id='word_1_150' title='bbox 2115 629 2218 686; x_wconf 88' lang='lat' dir='ltr'><strong>sibi</strong></span> <span class='ocrx_word' id='word_1_151' title='bbox 2248 640 2397 688; x_wconf 90' lang='lat' dir='ltr'><strong>tanta</strong></span> <span class='ocrx_word' id='word_1_152' title='bbox 2447 636 2796 705; x_wconf 88' lang='lat' dir='ltr'><strong>promiserat,</strong></span> <span class='ocrx_word' id='word_1_153' title='bbox 2844 645 2929 693; x_wconf 91' lang='lat' dir='ltr'><strong>est</strong></span> <span class='ocrx_word' id='word_1_154' title='bbox 2955 639 3299 698; x_wconf 85' lang='lat' dir='ltr'><strong>obsecunda-</strong></span> 
     </span>
    </p>
   </div>
   <div class='ocr_carea' id='block_1_21' title="bbox 1698 723 3297 801">
    <p class='ocr_par' dir='ltr' id='par_1_21' title="bbox 1698 723 3297 801">
     <span class='ocr_line' id='line_1_21' title="bbox 1698 723 3297 801; baseline 0.009 -23"><span class='ocrx_word' id='word_1_155' title='bbox 1698 723 1828 779; x_wconf 84' lang='lat' dir='ltr'><strong>tus?</strong></span> <span class='ocrx_word' id='word_1_156' title='bbox 1867 731 1923 778; x_wconf 91' lang='lat' dir='ltr'><strong>et</strong></span> <span class='ocrx_word' id='word_1_157' title='bbox 1953 739 2058 778; x_wconf 91' lang='lat' dir='ltr'><strong>non</strong></span> <span class='ocrx_word' id='word_1_158' title='bbox 2115 726 2299 780; x_wconf 86' lang='lat' dir='ltr'><strong>statim</strong></span> <span class='ocrx_word' id='word_1_159' title='bbox 2352 735 2411 782; x_wconf 93' lang='lat' dir='ltr'><strong>ut</strong></span> <span class='ocrx_word' id='word_1_160' title='bbox 2453 730 2751 787; x_wconf 85' lang='lat' dir='ltr'><strong>exaltatum</strong></span> <span class='ocrx_word' id='word_1_161' title='bbox 2781 746 2843 788; x_wconf 89' lang='lat' dir='ltr'><strong>se</strong></span> <span class='ocrx_word' id='word_1_162' title='bbox 2890 733 3049 801; x_wconf 87' lang='lat' dir='ltr'><strong>vidit,</strong></span> <span class='ocrx_word' id='word_1_163' title='bbox 3104 745 3297 793; x_wconf 91' lang='lat' dir='ltr'><strong>contra</strong></span> 
     </span>
    </p>
   </div>
   <div class='ocr_carea' id='block_1_22' title="bbox 1696 816 3302 898">
    <p class='ocr_par' dir='ltr' id='par_1_22' title="bbox 1696 816 3302 898">
     <span class='ocr_line' id='line_1_22' title="bbox 1696 816 3302 898; baseline 0.009 -26"><span class='ocrx_word' id='word_1_164' title='bbox 1696 816 1875 885; x_wconf 90' lang='lat' dir='ltr'><strong>ipsum</strong></span> <span class='ocrx_word' id='word_1_165' title='bbox 1924 818 2234 889; x_wconf 88' lang='lat' dir='ltr'><strong>auspicatus</strong></span> <span class='ocrx_word' id='word_1_166' title='bbox 2269 821 2388 876; x_wconf 84' lang='lat' dir='ltr'><strong>est?</strong></span> <span class='ocrx_word' id='word_1_167' title='bbox 2414 826 2534 878; x_wconf 88' lang='lat' dir='ltr'><strong>non</strong></span> <span class='ocrx_word' id='word_1_168' title='bbox 2560 824 2743 880; x_wconf 85' lang='lat' dir='ltr'><strong>statim</strong></span> <span class='ocrx_word' id='word_1_169' title='bbox 2788 828 3065 898; x_wconf 87' lang='lat' dir='ltr'><strong>quomodo</strong></span> <span class='ocrx_word' id='word_1_170' title='bbox 3105 828 3302 887; x_wconf 82' lang='lat' dir='ltr'><strong>fuisset</strong></span> 
     </span>
    </p>
   </div>
   <div class='ocr_carea' id='block_1_23' title="bbox 1699 907 3300 992">
    <p class='ocr_par' dir='ltr' id='par_1_23' title="bbox 1699 907 3300 992">
     <span class='ocr_line' id='line_1_23' title="bbox 1699 907 3300 992; baseline 0.011 -30"><span class='ocrx_word' id='word_1_171' title='bbox 1699 907 1843 965; x_wconf 91' lang='lat' dir='ltr'><strong>Deus</strong></span> <span class='ocrx_word' id='word_1_172' title='bbox 1866 910 2163 967; x_wconf 88' lang='lat' dir='ltr'><strong>derelictus</strong></span> <span class='ocrx_word' id='word_1_173' title='bbox 2183 911 2252 966; x_wconf 91' lang='lat' dir='ltr'><strong>ab</strong></span> <span class='ocrx_word' id='word_1_174' title='bbox 2278 913 2532 972; x_wconf 91' lang='lat' dir='ltr'><strong>omnibus</strong></span> <span class='ocrx_word' id='word_1_175' title='bbox 2559 916 2863 973; x_wconf 85' lang='lat' dir='ltr'><strong>cultoribus</strong></span> <span class='ocrx_word' id='word_1_176' title='bbox 2889 920 3004 975; x_wconf 87' lang='lat' dir='ltr'><strong>suis</strong></span> <span class='ocrx_word' id='word_1_177' title='bbox 3028 936 3192 992; x_wconf 88' lang='lat' dir='ltr'><strong>opera</strong></span> <span class='ocrx_word' id='word_1_178' title='bbox 3214 932 3300 979; x_wconf 86' lang='lat' dir='ltr'><strong>est</strong></span> 
     </span>
    </p>
   </div>
   <div class='ocr_carea' id='block_1_24' title="bbox 1696 1000 3295 1087">
    <p class='ocr_par' dir='ltr' id='par_1_24' title="bbox 1696 1000 3295 1087">
     <span class='ocr_line' id='line_1_24' title="bbox 1696 1000 3295 1087; baseline 0.009 -30"><span class='ocrx_word' id='word_1_179' title='bbox 1696 1000 1821 1059; x_wconf 88' lang='lat' dir='ltr'><strong>data</strong></span> <span class='ocrx_word' id='word_1_180' title='bbox 1874 1019 1973 1073; x_wconf 87' lang='lat' dir='ltr'><strong>per</strong></span> <span class='ocrx_word' id='word_1_181' title='bbox 2018 1003 2385 1086; x_wconf 80' lang='lat' dir='ltr'><strong>Hieroboam?</strong></span> <span class='ocrx_word' id='word_1_182' title='bbox 2431 1005 2635 1063; x_wconf 90' lang='lat' dir='ltr'><strong>Dicitur</strong></span> <span class='ocrx_word' id='word_1_183' title='bbox 2682 1009 2776 1066; x_wconf 91' lang='lat' dir='ltr'><strong>tibi</strong></span> <span class='ocrx_word' id='word_1_184' title='bbox 2824 1026 2854 1067; x_wconf 90' lang='lat' dir='ltr'><strong>a</strong></span> <span class='ocrx_word' id='word_1_185' title='bbox 2905 1012 3099 1081; x_wconf 86' lang='lat' dir='ltr'><strong>nobis,</strong></span> <span class='ocrx_word' id='word_1_186' title='bbox 3144 1017 3295 1087; x_wconf 83' lang='lat' dir='ltr'><strong>quod</strong></span> 
     </span>
    </p>
   </div>
   <div class='ocr_carea' id='block_1_25' title="bbox 1696 1095 3293 1174">
    <p class='ocr_par' dir='ltr' id='par_1_25' title="bbox 1696 1095 3293 1174">
     <span class='ocr_line' id='line_1_25' title="bbox 1696 1095 3293 1174; baseline 0.01 -24"><span class='ocrx_word' id='word_1_187' title='bbox 1696 1095 1801 1151; x_wconf 89' lang='lat' dir='ltr'><strong>nisi</strong></span> <span class='ocrx_word' id='word_1_188' title='bbox 1832 1107 1885 1152; x_wconf 89' lang='lat' dir='ltr'><strong>te</strong></span> <span class='ocrx_word' id='word_1_189' title='bbox 1908 1097 2236 1164; x_wconf 81' lang='lat' dir='ltr'><strong>correxeris,</strong></span> <span class='ocrx_word' id='word_1_190' title='bbox 2288 1097 2391 1154; x_wconf 90' lang='lat' dir='ltr'><strong>nisi</strong></span> <span class='ocrx_word' id='word_1_191' title='bbox 2424 1099 2476 1153; x_wconf 92' lang='lat' dir='ltr'><strong>in</strong></span> <span class='ocrx_word' id='word_1_192' title='bbox 2508 1101 2611 1156; x_wconf 87' lang='lat' dir='ltr'><strong>viis</strong></span> <span class='ocrx_word' id='word_1_193' title='bbox 2637 1101 2751 1159; x_wconf 85' lang='lat' dir='ltr'><strong>Deo</strong></span> <span class='ocrx_word' id='word_1_194' title='bbox 2779 1103 2994 1174; x_wconf 89' lang='lat' dir='ltr'><strong>placitis</strong></span> <span class='ocrx_word' id='word_1_195' title='bbox 3035 1121 3159 1164; x_wconf 87' lang='lat' dir='ltr'><strong>esse</strong></span> <span class='ocrx_word' id='word_1_196' title='bbox 3187 1124 3293 1165; x_wconf 76' lang='lat' dir='ltr'><strong>ete-</strong></span> 
     </span>
    </p>
   </div>
   <div class='ocr_carea' id='block_1_26' title="bbox 1700 1190 3299 1266">
    <p class='ocr_par' dir='ltr' id='par_1_26' title="bbox 1700 1190 3299 1266">
     <span class='ocr_line' id='line_1_26' title="bbox 1700 1190 3299 1266; baseline 0.009 -22"><span class='ocrx_word' id='word_1_197' title='bbox 1700 1190 1866 1260; x_wconf 91' lang='lat' dir='ltr'><strong>peris,</strong></span> <span class='ocrx_word' id='word_1_198' title='bbox 1897 1190 1974 1246; x_wconf 90' lang='lat' dir='ltr'><strong>sis</strong></span> <span class='ocrx_word' id='word_1_199' title='bbox 2005 1206 2149 1245; x_wconf 90' lang='lat' dir='ltr'><strong>novo</strong></span> <span class='ocrx_word' id='word_1_200' title='bbox 2180 1192 2458 1262; x_wconf 89' lang='lat' dir='ltr'><strong>periturus</strong></span> <span class='ocrx_word' id='word_1_201' title='bbox 2485 1195 2771 1266; x_wconf 82' lang='lat' dir='ltr'><strong>exemplo;</strong></span> <span class='ocrx_word' id='word_1_202' title='bbox 2810 1207 2865 1253; x_wconf 90' lang='lat' dir='ltr'><strong>et</strong></span> <span class='ocrx_word' id='word_1_203' title='bbox 2894 1209 2949 1254; x_wconf 93' lang='lat' dir='ltr'><strong>tu</strong></span> <span class='ocrx_word' id='word_1_204' title='bbox 2980 1199 3038 1257; x_wconf 92' lang='lat' dir='ltr'><strong>in</strong></span> <span class='ocrx_word' id='word_1_205' title='bbox 3064 1210 3152 1256; x_wconf 89' lang='lat' dir='ltr'><strong>tua</strong></span> <span class='ocrx_word' id='word_1_206' title='bbox 3181 1217 3299 1258; x_wconf 60' lang='lat' dir='ltr'><strong>mav</strong></span> 
     </span>
    </p>
   </div>
   <div class='ocr_carea' id='block_1_27' title="bbox 1697 1282 3294 1366">
    <p class='ocr_par' dir='ltr' id='par_1_27' title="bbox 1697 1282 3294 1366">
     <span class='ocr_line' id='line_1_27' title="bbox 1697 1282 3294 1366; baseline 0.01 -31"><span class='ocrx_word' id='word_1_207' title='bbox 1697 1296 1834 1335; x_wconf 89' lang='lat' dir='ltr'><strong>nens</strong></span> <span class='ocrx_word' id='word_1_208' title='bbox 1866 1297 1928 1337; x_wconf 91' lang='lat' dir='ltr'><strong>es</strong></span> <span class='ocrx_word' id='word_1_209' title='bbox 1951 1282 2256 1354; x_wconf 90' lang='lat' dir='ltr'><strong>iniquitate,</strong></span> <span class='ocrx_word' id='word_1_210' title='bbox 2290 1284 2343 1339; x_wconf 91' lang='lat' dir='ltr'><strong>in</strong></span> <span class='ocrx_word' id='word_1_211' title='bbox 2381 1292 2477 1339; x_wconf 91' lang='lat' dir='ltr'><strong>tuo</strong></span> <span class='ocrx_word' id='word_1_212' title='bbox 2507 1301 2566 1341; x_wconf 88' lang='lat' dir='ltr'><strong>es</strong></span> <span class='ocrx_word' id='word_1_213' title='bbox 2592 1302 2956 1357; x_wconf 82' lang='lat' dir='ltr'><strong>perseverans</strong></span> <span class='ocrx_word' id='word_1_214' title='bbox 2985 1294 3294 1366; x_wconf 84' lang='lat' dir='ltr'><strong>sacrilegio.</strong></span> 
     </span>
    </p>
   </div>
   <div class='ocr_carea' id='block_1_28' title="bbox 1695 1371 3297 1456">
    <p class='ocr_par' dir='ltr' id='par_1_28' title="bbox 1695 1371 3297 1456">
     <span class='ocr_line' id='line_1_28' title="bbox 1695 1371 3297 1456; baseline 0.012 -29"><span class='ocrx_word' id='word_1_215' title='bbox 1695 1371 1813 1427; x_wconf 87' lang='lat' dir='ltr'><strong>Non</strong></span> <span class='ocrx_word' id='word_1_216' title='bbox 1845 1388 2044 1429; x_wconf 83' lang='lat' dir='ltr'><strong>novum</strong></span> <span class='ocrx_word' id='word_1_217' title='bbox 2092 1376 2361 1448; x_wconf 84' lang='lat' dir='ltr'><strong>siquidem</strong></span> <span class='ocrx_word' id='word_1_218' title='bbox 2406 1377 2495 1432; x_wconf 80' lang='lat' dir='ltr'><strong>iSti</strong></span> <span class='ocrx_word' id='word_1_219' title='bbox 2527 1379 2819 1438; x_wconf 71' lang='lat' dir='ltr'><strong>Hieroboze</strong></span> <span class='ocrx_word' id='word_1_220' title='bbox 2846 1387 2993 1456; x_wconf 89' lang='lat' dir='ltr'><strong>regi,</strong></span> <span class='ocrx_word' id='word_1_221' title='bbox 3023 1386 3125 1442; x_wconf 81' lang='lat' dir='ltr'><strong>etd</strong></span> <span class='ocrx_word' id='word_1_222' title='bbox 3149 1388 3297 1446; x_wconf 89' lang='lat' dir='ltr'><strong>Deus</strong></span> 
     </span>
    </p>
   </div>
   <div class='ocr_carea' id='block_1_29' title="bbox 1695 1468 3293 1553">
    <p class='ocr_par' dir='ltr' id='par_1_29' title="bbox 1695 1468 3293 1553">
     <span class='ocr_line' id='line_1_29' title="bbox 1695 1468 3293 1553; baseline 0.012 -31"><span class='ocrx_word' id='word_1_223' title='bbox 1695 1482 1795 1537; x_wconf 89' lang='lat' dir='ltr'><strong>per</strong></span> <span class='ocrx_word' id='word_1_224' title='bbox 1825 1468 2100 1526; x_wconf 86' lang='lat' dir='ltr'><strong>hominem</strong></span> <span class='ocrx_word' id='word_1_225' title='bbox 2133 1488 2294 1527; x_wconf 89' lang='lat' dir='ltr'><strong>suum</strong></span> <span class='ocrx_word' id='word_1_226' title='bbox 2326 1472 2416 1528; x_wconf 84' lang='lat' dir='ltr'><strong>illa</strong></span> <span class='ocrx_word' id='word_1_227' title='bbox 2446 1490 2567 1543; x_wconf 66' lang='lat' dir='ltr'><strong>qua:</strong></span> <span class='ocrx_word' id='word_1_228' title='bbox 2591 1475 2702 1546; x_wconf 86' lang='lat' dir='ltr'><strong>jam</strong></span> <span class='ocrx_word' id='word_1_229' title='bbox 2732 1478 2877 1534; x_wconf 88' lang='lat' dir='ltr'><strong>dicta</strong></span> <span class='ocrx_word' id='word_1_230' title='bbox 2903 1490 3033 1536; x_wconf 89' lang='lat' dir='ltr'><strong>sunt</strong></span> <span class='ocrx_word' id='word_1_231' title='bbox 3061 1484 3293 1553; x_wconf 80' lang='lat' dir='ltr'><strong>perferri</strong></span> 
     </span>
    </p>
   </div>
   <div class='ocr_carea' id='block_1_30' title="bbox 1694 1559 3296 1643">
    <p class='ocr_par' dir='ltr' id='par_1_30' title="bbox 1694 1559 3296 1643">
     <span class='ocr_line' id='line_1_30' title="bbox 1694 1559 3296 1643; baseline 0.012 -28"><span class='ocrx_word' id='word_1_232' title='bbox 1694 1559 1909 1629; x_wconf 82' lang='lat' dir='ltr'><strong>fecerit,</strong></span> <span class='ocrx_word' id='word_1_233' title='bbox 1956 1572 2011 1618; x_wconf 91' lang='lat' dir='ltr'><strong>et</strong></span> <span class='ocrx_word' id='word_1_234' title='bbox 2038 1579 2161 1620; x_wconf 92' lang='lat' dir='ltr'><strong>cum</strong></span> <span class='ocrx_word' id='word_1_235' title='bbox 2192 1565 2402 1637; x_wconf 76' lang='lat' dir='ltr'><strong>ingenti</strong></span> <span class='ocrx_word' id='word_1_236' title='bbox 2430 1567 2708 1625; x_wconf 82' lang='lat' dir='ltr'><strong>detinetur</strong></span> <span class='ocrx_word' id='word_1_237' title='bbox 2739 1571 2880 1628; x_wconf 81' lang='lat' dir='ltr'><strong>illius</strong></span> <span class='ocrx_word' id='word_1_238' title='bbox 2904 1575 3022 1643; x_wconf 81' lang='lat' dir='ltr'><strong>ejus</strong></span> <span class='ocrx_word' id='word_1_239' title='bbox 3064 1576 3296 1635; x_wconf 84' lang='lat' dir='ltr'><strong>infirmi-</strong></span> 
     </span>
    </p>
   </div>
   <div class='ocr_carea' id='block_1_31' title="bbox 1696 1657 3292 1738">
    <p class='ocr_par' dir='ltr' id='par_1_31' title="bbox 1696 1657 3292 1738">
     <span class='ocr_line' id='line_1_31' title="bbox 1696 1657 3292 1738; baseline 0.011 -29"><span class='ocrx_word' id='word_1_240' title='bbox 1696 1663 1828 1723; x_wconf 90' lang='lat' dir='ltr'><strong>tate,</strong></span> <span class='ocrx_word' id='word_1_241' title='bbox 1862 1657 2075 1713; x_wconf 90' lang='lat' dir='ltr'><strong>miserit</strong></span> <span class='ocrx_word' id='word_1_242' title='bbox 2102 1658 2168 1713; x_wconf 87' lang='lat' dir='ltr'><strong>ad</strong></span> <span class='ocrx_word' id='word_1_243' title='bbox 2195 1660 2290 1716; x_wconf 92' lang='lat' dir='ltr'><strong>Dei</strong></span> <span class='ocrx_word' id='word_1_244' title='bbox 2320 1661 2707 1732; x_wconf 82' lang='lat' dir='ltr'><strong>domesticum,</strong></span> <span class='ocrx_word' id='word_1_245' title='bbox 2736 1675 2792 1722; x_wconf 91' lang='lat' dir='ltr'><strong>et</strong></span> <span class='ocrx_word' id='word_1_246' title='bbox 2818 1668 3055 1725; x_wconf 87' lang='lat' dir='ltr'><strong>audierit</strong></span> <span class='ocrx_word' id='word_1_247' title='bbox 3082 1670 3292 1738; x_wconf 81' lang='lat' dir='ltr'><strong>futura;</strong></span> 
     </span>
    </p>
   </div>
   <div class='ocr_carea' id='block_1_32' title="bbox 1695 1755 3293 1835">
    <p class='ocr_par' dir='ltr' id='par_1_32' title="bbox 1695 1755 3293 1835">
     <span class='ocr_line' id='line_1_32' title="bbox 1695 1755 3293 1835; baseline 0.013 -34"><span class='ocrx_word' id='word_1_248' title='bbox 1695 1756 1751 1802; x_wconf 89' lang='lat' dir='ltr'><strong>et</strong></span> <span class='ocrx_word' id='word_1_249' title='bbox 1778 1759 1957 1804; x_wconf 88' lang='lat' dir='ltr'><strong>tamen</strong></span> <span class='ocrx_word' id='word_1_250' title='bbox 1999 1766 2123 1805; x_wconf 91' lang='lat' dir='ltr'><strong>cum</strong></span> <span class='ocrx_word' id='word_1_251' title='bbox 2152 1767 2215 1807; x_wconf 89' lang='lat' dir='ltr'><strong>ea</strong></span> <span class='ocrx_word' id='word_1_252' title='bbox 2258 1768 2380 1825; x_wconf 71' lang='lat' dir='ltr'><strong>qua:</strong></span> <span class='ocrx_word' id='word_1_253' title='bbox 2409 1755 2509 1811; x_wconf 84' lang='lat' dir='ltr'><strong>sibi</strong></span> <span class='ocrx_word' id='word_1_254' title='bbox 2548 1756 2769 1814; x_wconf 83' lang='lat' dir='ltr'><strong>fuerant</strong></span> <span class='ocrx_word' id='word_1_255' title='bbox 2796 1759 2960 1816; x_wconf 85' lang='lat' dir='ltr'><strong>etiam</strong></span> <span class='ocrx_word' id='word_1_256' title='bbox 2993 1764 3131 1818; x_wconf 90' lang='lat' dir='ltr'><strong>mala</strong></span> <span class='ocrx_word' id='word_1_257' title='bbox 3163 1780 3293 1835; x_wconf 85' lang='lat' dir='ltr'><strong>pro-</strong></span> 
     </span>
    </p>
   </div>
   <div class='ocr_carea' id='block_1_33' title="bbox 15 1842 3297 1929">
    <p class='ocr_par' dir='ltr' id='par_1_33' title="bbox 15 1842 3297 1929">
     <span class='ocr_line' id='line_1_33' title="bbox 15 1842 3297 1929; baseline 0.001 -16"><span class='ocrx_word' id='word_1_258' title='bbox 15 1860 63 1913; x_wconf 90' lang='lat' dir='ltr'><strong>in</strong></span> <span class='ocrx_word' id='word_1_259' title='bbox 84 1869 301 1923; x_wconf 85' lang='lat' dir='ltr'><strong>tempore</strong></span> <span class='ocrx_word' id='word_1_260' title='bbox 328 1855 423 1910; x_wconf 88' lang='lat' dir='ltr'><strong>illa</strong></span> <span class='ocrx_word' id='word_1_261' title='bbox 448 1896 464 1921; x_wconf 92' lang='lat'><strong>,</strong></span> <span class='ocrx_word' id='word_1_262' title='bbox 493 1864 538 1909; x_wconf 91' lang='lat' dir='ltr'><strong>et</strong></span> <span class='ocrx_word' id='word_1_263' title='bbox 574 1853 862 1909; x_wconf 81' lang='lat' dir='ltr'><strong>Hieroboas</strong></span> <span class='ocrx_word' id='word_1_264' title='bbox 893 1854 1019 1908; x_wconf 76' lang='lat' dir='ltr'><strong>exiit</strong></span> <span class='ocrx_word' id='word_1_265' title='bbox 1048 1852 1112 1907; x_wconf 87' lang='lat' dir='ltr'><strong>de</strong></span> <span class='ocrx_word' id='word_1_266' title='bbox 1148 1852 1513 1920; x_wconf 73' lang='lat' dir='ltr'><strong>Hierusalem,</strong></span> <span class='ocrx_word' id='word_1_267' title='bbox 1547 1862 1593 1905; x_wconf 91' lang='lat' dir='ltr'><strong>et</strong></span> <span class='ocrx_word' id='word_1_268' title='bbox 1620 1848 1669 1907; x_wconf 89' lang='lat' dir='ltr'><strong>B</strong></span> <span class='ocrx_word' id='word_1_269' title='bbox 1697 1842 1862 1897; x_wconf 63' lang='lat' dir='ltr'><strong>missa</strong></span> <span class='ocrx_word' id='word_1_270' title='bbox 1886 1843 2095 1899; x_wconf 69' lang='grc' dir='ltr'><strong>νίάετεῑ</strong></span> <span class='ocrx_word' id='word_1_271' title='bbox 2121 1845 2361 1914; x_wconf 63' lang='lat' dir='ltr'><strong>impleri.</strong></span> <span class='ocrx_word' id='word_1_272' title='bbox 2396 1847 2488 1904; x_wconf 68' lang='lat' dir='ltr'><strong>ille</strong></span> <span class='ocrx_word' id='word_1_273' title='bbox 2518 1853 2689 1923; x_wconf 79' lang='lat' dir='ltr'><strong>magis</strong></span> <span class='ocrx_word' id='word_1_274' title='bbox 2711 1863 2876 1924; x_wconf 81' lang='lat' dir='ltr'><strong>atque</strong></span> <span class='ocrx_word' id='word_1_275' title='bbox 2907 1857 3078 1929; x_wconf 80' lang='lat' dir='ltr'><strong>magis</strong></span> <span class='ocrx_word' id='word_1_276' title='bbox 3105 1868 3297 1917; x_wconf 89' lang='lat' dir='ltr'><strong>contra</strong></span> 
     </span>
    </p>
   </div>
   <div class='ocr_carea' id='block_1_34' title="bbox 16 1944 1592 2018">
    <p class='ocr_par' dir='ltr' id='par_1_34' title="bbox 16 1944 1592 2018">
     <span class='ocr_line' id='line_1_34' title="bbox 16 1944 1592 2018; baseline -0.002 -14"><span class='ocrx_word' id='word_1_277' title='bbox 16 1950 185 2005; x_wconf 77' lang='lat' dir='ltr'><strong>invenit</strong></span> <span class='ocrx_word' id='word_1_278' title='bbox 216 1964 330 2003; x_wconf 88' lang='lat' dir='ltr'><strong>eum</strong></span> <span class='ocrx_word' id='word_1_279' title='bbox 354 1947 544 2001; x_wconf 79' lang='lat' dir='ltr'><strong>Achias</strong></span> <span class='ocrx_word' id='word_1_280' title='bbox 565 1946 813 2003; x_wconf 84' lang='lat' dir='ltr'><strong>Silonites</strong></span> <span class='ocrx_word' id='word_1_281' title='bbox 840 1944 1112 2018; x_wconf 77' lang='lat' dir='ltr'><strong>prophetes</strong></span> <span class='ocrx_word' id='word_1_282' title='bbox 1133 1947 1185 2000; x_wconf 91' lang='lat' dir='ltr'><strong>in</strong></span> <span class='ocrx_word' id='word_1_283' title='bbox 1214 1947 1315 2011; x_wconf 81' lang='lat' dir='ltr'><strong>via,</strong></span> <span class='ocrx_word' id='word_1_284' title='bbox 1339 1957 1385 1999; x_wconf 92' lang='lat' dir='ltr'><strong>et</strong></span> <span class='ocrx_word' id='word_1_285' title='bbox 1404 1944 1592 2001; x_wconf 82' lang='lat' dir='ltr'><strong>Achias</strong></span> 
     </span>
    </p>
   </div>
   <div class='ocr_carea' id='block_1_35' title="bbox 16 2038 1590 2115">
    <p class='ocr_par' dir='ltr' id='par_1_35' title="bbox 16 2038 1590 2115">
     <span class='ocr_line' id='line_1_35' title="bbox 16 2038 1590 2115; baseline -0.003 -18"><span class='ocrx_word' id='word_1_286' title='bbox 16 2052 205 2115; x_wconf 88' lang='lat' dir='ltr'><strong>apertus</strong></span> <span class='ocrx_word' id='word_1_287' title='bbox 232 2049 341 2095; x_wconf 86' lang='lat' dir='ltr'><strong>erat</strong></span> <span class='ocrx_word' id='word_1_288' title='bbox 366 2040 667 2094; x_wconf 72' lang='lat' dir='ltr'><strong>vestimento</strong></span> <span class='ocrx_word' id='word_1_289' title='bbox 688 2056 820 2093; x_wconf 84' lang='lat' dir='ltr'><strong>novo</strong></span> <span class='ocrx_word' id='word_1_290' title='bbox 837 2082 850 2101; x_wconf 87' lang='lat'><strong>.</strong></span> <span class='ocrx_word' id='word_1_291' title='bbox 880 2048 930 2094; x_wconf 90' lang='lat' dir='ltr'><strong>et</strong></span> <span class='ocrx_word' id='word_1_292' title='bbox 958 2038 1109 2092; x_wconf 89' lang='lat' dir='ltr'><strong>ambo</strong></span> <span class='ocrx_word' id='word_1_293' title='bbox 1134 2048 1282 2093; x_wconf 86' lang='lat' dir='ltr'><strong>erant</strong></span> <span class='ocrx_word' id='word_1_294' title='bbox 1308 2039 1361 2093; x_wconf 86' lang='lat' dir='ltr'><strong>in</strong></span> <span class='ocrx_word' id='word_1_295' title='bbox 1387 2055 1590 2109; x_wconf 89' lang='lat' dir='ltr'><strong>campo.</strong></span> 
     </span>
    </p>
   </div>
   <div class='ocr_carea' id='block_1_36' title="bbox 14 2134 1596 2207">
    <p class='ocr_par' dir='ltr' id='par_1_36' title="bbox 14 2134 1596 2207">
     <span class='ocr_line' id='line_1_36' title="bbox 14 2134 1596 2207; baseline -0.001 -18"><span class='ocrx_word' id='word_1_296' title='bbox 14 2134 76 2189; x_wconf 84' lang='lat' dir='ltr'><strong>Et</strong></span> <span class='ocrx_word' id='word_1_297' title='bbox 102 2134 435 2207; x_wconf 84' lang='lat' dir='ltr'><strong>apprehendit</strong></span> <span class='ocrx_word' id='word_1_298' title='bbox 469 2135 660 2189; x_wconf 85' lang='lat' dir='ltr'><strong>Achias</strong></span> <span class='ocrx_word' id='word_1_299' title='bbox 680 2135 1037 2187; x_wconf 79' lang='lat' dir='ltr'><strong>vestimentum</strong></span> <span class='ocrx_word' id='word_1_300' title='bbox 1067 2149 1221 2187; x_wconf 85' lang='lat' dir='ltr'><strong>suum</strong></span> <span class='ocrx_word' id='word_1_301' title='bbox 1246 2150 1430 2188; x_wconf 76' lang='lat' dir='ltr'><strong>novum</strong></span> <span class='ocrx_word' id='word_1_302' title='bbox 1458 2137 1596 2197; x_wconf 85' lang='lat' dir='ltr'><strong>quod</strong></span> 
     </span>
    </p>
   </div>
   <div class='ocr_carea' id='block_1_37' title="bbox 14 2226 1593 2299">
    <p class='ocr_par' dir='ltr' id='par_1_37' title="bbox 14 2226 1593 2299">
     <span class='ocr_line' id='line_1_37' title="bbox 14 2226 1593 2299; baseline -0.003 -16"><span class='ocrx_word' id='word_1_303' title='bbox 14 2245 154 2299; x_wconf 88' lang='lat' dir='ltr'><strong>super</strong></span> <span class='ocrx_word' id='word_1_304' title='bbox 181 2243 233 2281; x_wconf 90' lang='lat' dir='ltr'><strong>se</strong></span> <span class='ocrx_word' id='word_1_305' title='bbox 258 2226 499 2292; x_wconf 80' lang='lat' dir='ltr'><strong>habebat,</strong></span> <span class='ocrx_word' id='word_1_306' title='bbox 533 2237 579 2280; x_wconf 90' lang='lat' dir='ltr'><strong>et</strong></span> <span class='ocrx_word' id='word_1_307' title='bbox 602 2226 802 2295; x_wconf 88' lang='lat' dir='ltr'><strong>dirupit</strong></span> <span class='ocrx_word' id='word_1_308' title='bbox 831 2226 969 2280; x_wconf 88' lang='lat' dir='ltr'><strong>illud</strong></span> <span class='ocrx_word' id='word_1_309' title='bbox 1009 2226 1282 2280; x_wconf 80' lang='lat' dir='ltr'><strong>duodecim</strong></span> <span class='ocrx_word' id='word_1_310' title='bbox 1323 2228 1593 2294; x_wconf 71' lang='lat' dir='ltr'><strong>scissuris;</strong></span> 
     </span>
    </p>
   </div>
   <div class='ocr_carea' id='block_1_38' title="bbox 14 2318 1593 2387">
    <p class='ocr_par' dir='ltr' id='par_1_38' title="bbox 14 2318 1593 2387">
     <span class='ocr_line' id='line_1_38' title="bbox 14 2318 1593 2387; baseline -0.003 -12"><span class='ocrx_word' id='word_1_311' title='bbox 14 2321 197 2375; x_wconf 70' lang='lat' dir='ltr'><strong>etdimit</strong></span> <span class='ocrx_word' id='word_1_312' title='bbox 237 2319 307 2373; x_wconf 88' lang='lat' dir='ltr'><strong>ad</strong></span> <span class='ocrx_word' id='word_1_313' title='bbox 338 2318 699 2373; x_wconf 78' lang='lat' dir='ltr'><strong>Hieroboam:</strong></span> <span class='ocrx_word' id='word_1_314' title='bbox 742 2318 932 2387; x_wconf 83' lang='lat' dir='ltr'><strong>Accipe</strong></span> <span class='ocrx_word' id='word_1_315' title='bbox 972 2318 1063 2371; x_wconf 90' lang='lat' dir='ltr'><strong>tibi</strong></span> <span class='ocrx_word' id='word_1_316' title='bbox 1090 2318 1261 2372; x_wconf 83' lang='lat' dir='ltr'><strong>decem</strong></span> <span class='ocrx_word' id='word_1_317' title='bbox 1308 2320 1593 2384; x_wconf 86' lang='lat' dir='ltr'><strong>scissuras,</strong></span> 
     </span>
    </p>
   </div>
   <div class='ocr_carea' id='block_1_39' title="bbox 14 2409 1594 2485">
    <p class='ocr_par' dir='ltr' id='par_1_39' title="bbox 14 2409 1594 2485">
     <span class='ocr_line' id='line_1_39' title="bbox 14 2409 1594 2485; baseline 0 -19"><span class='ocrx_word' id='word_1_318' title='bbox 14 2415 233 2485; x_wconf 86' lang='lat' dir='ltr'><strong>quoniam</strong></span> <span class='ocrx_word' id='word_1_319' title='bbox 258 2414 367 2467; x_wconf 76' lang='lat' dir='ltr'><strong>lucc</strong></span> <span class='ocrx_word' id='word_1_320' title='bbox 387 2413 515 2466; x_wconf 81' lang='lat' dir='ltr'><strong>dicit</strong></span> <span class='ocrx_word' id='word_1_321' title='bbox 540 2410 790 2465; x_wconf 85' lang='lat' dir='ltr'><strong>Dominus</strong></span> <span class='ocrx_word' id='word_1_322' title='bbox 820 2411 956 2466; x_wconf 89' lang='lat' dir='ltr'><strong>Deus</strong></span> <span class='ocrx_word' id='word_1_323' title='bbox 984 2409 1190 2465; x_wconf 89' lang='lat' dir='ltr'><strong>Israel:</strong></span> <span class='ocrx_word' id='word_1_324' title='bbox 1215 2409 1352 2466; x_wconf 83' lang='lat' dir='ltr'><strong>Ecce</strong></span> <span class='ocrx_word' id='word_1_325' title='bbox 1371 2428 1465 2485; x_wconf 90' lang='lat' dir='ltr'><strong>ego</strong></span> <span class='ocrx_word' id='word_1_326' title='bbox 1488 2411 1594 2466; x_wconf 86' lang='lat' dir='ltr'><strong>dis-</strong></span> 
     </span>
    </p>
   </div>
   <div class='ocr_carea' id='block_1_40' title="bbox 14 2502 1595 2575">
    <p class='ocr_par' dir='ltr' id='par_1_40' title="bbox 14 2502 1595 2575">
     <span class='ocr_line' id='line_1_40' title="bbox 14 2502 1595 2575; baseline -0.001 -16"><span class='ocrx_word' id='word_1_327' title='bbox 14 2522 179 2574; x_wconf 83' lang='lat' dir='ltr'><strong>rumpo</strong></span> <span class='ocrx_word' id='word_1_328' title='bbox 200 2521 416 2575; x_wconf 81' lang='lat' dir='ltr'><strong>regnum</strong></span> <span class='ocrx_word' id='word_1_329' title='bbox 439 2504 505 2558; x_wconf 86' lang='lat' dir='ltr'><strong>de</strong></span> <span class='ocrx_word' id='word_1_330' title='bbox 526 2520 682 2557; x_wconf 87' lang='lat' dir='ltr'><strong>manu</strong></span> <span class='ocrx_word' id='word_1_331' title='bbox 704 2502 1026 2567; x_wconf 84' lang='lat' dir='ltr'><strong>Salomonis,</strong></span> <span class='ocrx_word' id='word_1_332' title='bbox 1065 2512 1113 2557; x_wconf 89' lang='lat' dir='ltr'><strong>et</strong></span> <span class='ocrx_word' id='word_1_333' title='bbox 1139 2504 1272 2557; x_wconf 88' lang='lat' dir='ltr'><strong>dabo</strong></span> <span class='ocrx_word' id='word_1_334' title='bbox 1302 2502 1393 2556; x_wconf 86' lang='lat' dir='ltr'><strong>tibi</strong></span> <span class='ocrx_word' id='word_1_335' title='bbox 1420 2504 1595 2557; x_wconf 85' lang='lat' dir='ltr'><strong>decem</strong></span> 
     </span>
    </p>
   </div>
   <div class='ocr_carea' id='block_1_41' title="bbox 14 2596 1594 2669">
    <p class='ocr_par' dir='ltr' id='par_1_41' title="bbox 14 2596 1594 2669">
     <span class='ocr_line' id='line_1_41' title="bbox 14 2596 1594 2669; baseline -0.001 -17"><span class='ocrx_word' id='word_1_336' title='bbox 14 2610 194 2667; x_wconf 81' lang='lat' dir='ltr'><strong>sceptra</strong></span> <span class='ocrx_word' id='word_1_337' title='bbox 215 2612 235 2652; x_wconf 91' lang='lat'><strong>:</strong></span> <span class='ocrx_word' id='word_1_338' title='bbox 264 2607 310 2651; x_wconf 89' lang='lat' dir='ltr'><strong>et</strong></span> <span class='ocrx_word' id='word_1_339' title='bbox 336 2598 442 2652; x_wconf 89' lang='lat' dir='ltr'><strong>duo</strong></span> <span class='ocrx_word' id='word_1_340' title='bbox 460 2608 663 2669; x_wconf 65' lang='lat' dir='ltr'><strong>sceptra</strong></span> <span class='ocrx_word' id='word_1_341' title='bbox 690 2605 839 2650; x_wconf 88' lang='lat' dir='ltr'><strong>erunt</strong></span> <span class='ocrx_word' id='word_1_342' title='bbox 860 2596 938 2649; x_wconf 88' lang='lat' dir='ltr'><strong>illi</strong></span> <span class='ocrx_word' id='word_1_343' title='bbox 967 2605 1175 2667; x_wconf 86' lang='lat' dir='ltr'><strong>prapter</strong></span> <span class='ocrx_word' id='word_1_344' title='bbox 1200 2611 1402 2650; x_wconf 81' lang='lat' dir='ltr'><strong>servum</strong></span> <span class='ocrx_word' id='word_1_345' title='bbox 1427 2613 1594 2652; x_wconf 89' lang='lat' dir='ltr'><strong>meum</strong></span> 
     </span>
    </p>
   </div>
   <div class='ocr_carea' id='block_1_42' title="bbox 13 2690 1595 2762">
    <p class='ocr_par' dir='ltr' id='par_1_42' title="bbox 13 2690 1595 2762">
     <span class='ocr_line' id='line_1_42' title="bbox 13 2690 1595 2762; baseline -0.001 -16"><span class='ocrx_word' id='word_1_346' title='bbox 13 2690 185 2755; x_wconf 83' lang='lat' dir='ltr'><strong>Dauid,</strong></span> <span class='ocrx_word' id='word_1_347' title='bbox 215 2702 264 2746; x_wconf 89' lang='lat' dir='ltr'><strong>et</strong></span> <span class='ocrx_word' id='word_1_348' title='bbox 294 2704 509 2761; x_wconf 75' lang='lat' dir='ltr'><strong>propter</strong></span> <span class='ocrx_word' id='word_1_349' title='bbox 557 2690 884 2745; x_wconf 82' lang='lat' dir='ltr'><strong>Hierusalem</strong></span> <span class='ocrx_word' id='word_1_350' title='bbox 910 2691 1166 2744; x_wconf 82' lang='lat' dir='ltr'><strong>civitatem</strong></span> <span class='ocrx_word' id='word_1_351' title='bbox 1195 2706 1349 2760; x_wconf 90' lang='lat' dir='ltr'><strong>quam</strong></span> <span class='ocrx_word' id='word_1_352' title='bbox 1368 2691 1498 2762; x_wconf 84' lang='lat' dir='ltr'><strong>elegi</strong></span> <span class='ocrx_word' id='word_1_353' title='bbox 1532 2707 1595 2745; x_wconf 72' lang='lat' dir='ltr'><strong>ex</strong></span> 
     </span>
    </p>
   </div>
   <div class='ocr_carea' id='block_1_43' title="bbox 13 2781 1593 2854">
    <p class='ocr_par' dir='ltr' id='par_1_43' title="bbox 13 2781 1593 2854">
     <span class='ocr_line' id='line_1_43' title="bbox 13 2781 1593 2854; baseline 0 -15"><span class='ocrx_word' id='word_1_354' title='bbox 13 2784 225 2840; x_wconf 86' lang='lat' dir='ltr'><strong>omnibus</strong></span> <span class='ocrx_word' id='word_1_355' title='bbox 248 2784 485 2839; x_wconf 82' lang='lat' dir='ltr'><strong>tribubus</strong></span> <span class='ocrx_word' id='word_1_356' title='bbox 523 2781 712 2847; x_wconf 89' lang='lat' dir='ltr'><strong>Israel,</strong></span> <span class='ocrx_word' id='word_1_357' title='bbox 744 2798 838 2854; x_wconf 88' lang='lat' dir='ltr'><strong>pro</strong></span> <span class='ocrx_word' id='word_1_358' title='bbox 864 2781 1052 2848; x_wconf 82' lang='lat' dir='ltr'><strong>quibus</strong></span> <span class='ocrx_word' id='word_1_359' title='bbox 1078 2782 1348 2853; x_wconf 81' lang='lat' dir='ltr'><strong>dereliquit</strong></span> <span class='ocrx_word' id='word_1_360' title='bbox 1378 2799 1459 2837; x_wconf 88' lang='lat' dir='ltr'><strong>me</strong></span> <span class='ocrx_word' id='word_1_361' title='bbox 1488 2782 1593 2839; x_wconf 88' lang='lat' dir='ltr'><strong>Sa—</strong></span> 
     </span>
    </p>
   </div>
   <div class='ocr_carea' id='block_1_44' title="bbox 13 2874 1594 2948">
    <p class='ocr_par' dir='ltr' id='par_1_44' title="bbox 13 2874 1594 2948">
     <span class='ocr_line' id='line_1_44' title="bbox 13 2874 1594 2948; baseline 0 -18"><span class='ocrx_word' id='word_1_362' title='bbox 13 2878 187 2943; x_wconf 86' lang='lat' dir='ltr'><strong>lomon,</strong></span> <span class='ocrx_word' id='word_1_363' title='bbox 217 2888 264 2932; x_wconf 92' lang='lat' dir='ltr'><strong>et</strong></span> <span class='ocrx_word' id='word_1_364' title='bbox 288 2879 410 2948; x_wconf 81' lang='lat' dir='ltr'><strong>fecit</strong></span> <span class='ocrx_word' id='word_1_365' title='bbox 441 2876 646 2931; x_wconf 84' lang='lat' dir='ltr'><strong>Astarte</strong></span> <span class='ocrx_word' id='word_1_366' title='bbox 672 2875 814 2929; x_wconf 88' lang='lat' dir='ltr'><strong>idolo</strong></span> <span class='ocrx_word' id='word_1_367' title='bbox 838 2874 1105 2928; x_wconf 89' lang='lat' dir='ltr'><strong>immundo</strong></span> <span class='ocrx_word' id='word_1_368' title='bbox 1135 2874 1512 2945; x_wconf 82' lang='lat' dir='ltr'><strong>Sydoniorum,</strong></span> <span class='ocrx_word' id='word_1_369' title='bbox 1545 2886 1594 2930; x_wconf 93' lang='lat' dir='ltr'><strong>et</strong></span> 
     </span>
    </p>
   </div>
   <div class='ocr_carea' id='block_1_45' title="bbox 13 2968 1596 3042">
    <p class='ocr_par' dir='ltr' id='par_1_45' title="bbox 13 2968 1596 3042">
     <span class='ocr_line' id='line_1_45' title="bbox 13 2968 1596 3042; baseline -0.003 -15"><span class='ocrx_word' id='word_1_370' title='bbox 13 2971 154 3027; x_wconf 79' lang='lat' dir='ltr'><strong>Canta</strong></span> <span class='ocrx_word' id='word_1_371' title='bbox 172 2973 315 3027; x_wconf 89' lang='lat' dir='ltr'><strong>idolo</strong></span> <span class='ocrx_word' id='word_1_372' title='bbox 339 2971 524 3037; x_wconf 68' lang='grc' dir='ltr'><strong>Μυρὼ,</strong></span> <span class='ocrx_word' id='word_1_373' title='bbox 546 2980 595 3026; x_wconf 91' lang='lat' dir='ltr'><strong>et</strong></span> <span class='ocrx_word' id='word_1_374' title='bbox 614 2971 724 3041; x_wconf 88' lang='lat' dir='ltr'><strong>regi</strong></span> <span class='ocrx_word' id='word_1_375' title='bbox 742 2985 941 3033; x_wconf 86' lang='lat' dir='ltr'><strong>eorum,</strong></span> <span class='ocrx_word' id='word_1_376' title='bbox 969 2968 1207 3042; x_wconf 84' lang='lat' dir='ltr'><strong>religioni</strong></span> <span class='ocrx_word' id='word_1_377' title='bbox 1224 2969 1452 3039; x_wconf 78' lang='lat' dir='ltr'><strong>ﬁliorum</strong></span> <span class='ocrx_word' id='word_1_378' title='bbox 1470 2968 1596 3023; x_wconf 80' lang='lat' dir='ltr'><strong>Am-</strong></span> 
     </span>
    </p>
   </div>
   <div class='ocr_carea' id='block_1_46' title="bbox 13 3065 1594 3136">
    <p class='ocr_par' dir='ltr' id='par_1_46' title="bbox 13 3065 1594 3136">
     <span class='ocr_line' id='line_1_46' title="bbox 13 3065 1594 3136; baseline -0.003 -12"><span class='ocrx_word' id='word_1_379' title='bbox 13 3088 137 3136; x_wconf 85' lang='lat' dir='ltr'><strong>mon,</strong></span> <span class='ocrx_word' id='word_1_380' title='bbox 166 3080 212 3123; x_wconf 89' lang='lat' dir='ltr'><strong>et</strong></span> <span class='ocrx_word' id='word_1_381' title='bbox 243 3086 345 3124; x_wconf 85' lang='lat' dir='ltr'><strong>non</strong></span> <span class='ocrx_word' id='word_1_382' title='bbox 371 3068 502 3123; x_wconf 88' lang='lat' dir='ltr'><strong>abiit</strong></span> <span class='ocrx_word' id='word_1_383' title='bbox 532 3068 588 3120; x_wconf 89' lang='lat' dir='ltr'><strong>in</strong></span> <span class='ocrx_word' id='word_1_384' title='bbox 617 3067 726 3120; x_wconf 73' lang='lat' dir='ltr'><strong>uias</strong></span> <span class='ocrx_word' id='word_1_385' title='bbox 756 3081 896 3120; x_wconf 89' lang='lat' dir='ltr'><strong>meas</strong></span> <span class='ocrx_word' id='word_1_386' title='bbox 923 3075 976 3118; x_wconf 87' lang='lat' dir='ltr'><strong>ut</strong></span> <span class='ocrx_word' id='word_1_387' title='bbox 1007 3067 1194 3135; x_wconf 81' lang='lat' dir='ltr'><strong>faceret</strong></span> <span class='ocrx_word' id='word_1_388' title='bbox 1229 3065 1369 3135; x_wconf 89' lang='lat' dir='ltr'><strong>quod</strong></span> <span class='ocrx_word' id='word_1_389' title='bbox 1396 3075 1594 3119; x_wconf 83' lang='lat' dir='ltr'><strong>rectum</strong></span> 
     </span>
    </p>
   </div>
   <div class='ocr_carea' id='block_1_47' title="bbox 14 3158 1595 3231">
    <p class='ocr_par' dir='ltr' id='par_1_47' title="bbox 14 3158 1595 3231">
     <span class='ocr_line' id='line_1_47' title="bbox 14 3158 1595 3231; baseline -0.004 -11"><span class='ocrx_word' id='word_1_390' title='bbox 14 3175 71 3221; x_wconf 69' lang='lat' dir='ltr'><strong>est</strong></span> <span class='ocrx_word' id='word_1_391' title='bbox 95 3181 268 3220; x_wconf 88' lang='lat' dir='ltr'><strong>coram</strong></span> <span class='ocrx_word' id='word_1_392' title='bbox 312 3181 416 3229; x_wconf 89' lang='lat' dir='ltr'><strong>me,</strong></span> <span class='ocrx_word' id='word_1_393' title='bbox 448 3163 581 3218; x_wconf 87' lang='lat' dir='ltr'><strong>sicut</strong></span> <span class='ocrx_word' id='word_1_394' title='bbox 612 3161 732 3231; x_wconf 75' lang='lat' dir='ltr'><strong>fecit</strong></span> <span class='ocrx_word' id='word_1_395' title='bbox 766 3158 939 3214; x_wconf 79' lang='lat' dir='ltr'><strong>David</strong></span> <span class='ocrx_word' id='word_1_396' title='bbox 962 3171 1108 3231; x_wconf 87' lang='lat' dir='ltr'><strong>pater</strong></span> <span class='ocrx_word' id='word_1_397' title='bbox 1128 3160 1280 3230; x_wconf 89' lang='lat' dir='ltr'><strong>ejus:</strong></span> <span class='ocrx_word' id='word_1_398' title='bbox 1307 3169 1480 3214; x_wconf 88' lang='lat' dir='ltr'><strong>etnon</strong></span> <span class='ocrx_word' id='word_1_399' title='bbox 1506 3176 1595 3213; x_wconf 90' lang='lat' dir='ltr'><strong>ac-</strong></span> 
     </span>
    </p>
   </div>
   <div class='ocr_carea' id='block_1_48' title="bbox 1697 1934 3293 2028">
    <p class='ocr_par' dir='ltr' id='par_1_48' title="bbox 1697 1934 3293 2028">
     <span class='ocr_line' id='line_1_48' title="bbox 1697 1934 3293 2028; baseline 0.014 -38"><span class='ocrx_word' id='word_1_400' title='bbox 1697 1934 1865 1991; x_wconf 88' lang='lat' dir='ltr'><strong>Denm</strong></span> <span class='ocrx_word' id='word_1_401' title='bbox 1916 1936 2131 2004; x_wconf 88' lang='lat' dir='ltr'><strong>fecerit,</strong></span> <span class='ocrx_word' id='word_1_402' title='bbox 2187 1940 2284 1996; x_wconf 89' lang='lat' dir='ltr'><strong>Dei</strong></span> <span class='ocrx_word' id='word_1_403' title='bbox 2326 1942 2564 2000; x_wconf 89' lang='lat' dir='ltr'><strong>voluerit</strong></span> <span class='ocrx_word' id='word_1_404' title='bbox 2611 1946 2821 2013; x_wconf 87' lang='lat' dir='ltr'><strong>destrui</strong></span> <span class='ocrx_word' id='word_1_405' title='bbox 2868 1950 3091 2008; x_wconf 78' lang='lat' dir='ltr'><strong>domum</strong></span> <span class='ocrx_word' id='word_1_406' title='bbox 3125 1953 3293 2028; x_wconf 86' lang='lat' dir='ltr'><strong>(Ibid.</strong></span> 
     </span>
    </p>
   </div>
   <div class='ocr_carea' id='block_1_49' title="bbox 1698 2031 3301 2109">
    <p class='ocr_par' dir='ltr' id='par_1_49' title="bbox 1698 2031 3301 2109">
     <span class='ocr_line' id='line_1_49' title="bbox 1698 2031 3301 2109; baseline 0.014 -25"><span class='ocrx_word' id='word_1_407' title='bbox 1698 2046 1816 2095; x_wconf 80' lang='lat' dir='ltr'><strong>xw,</strong></span> <span class='ocrx_word' id='word_1_408' title='bbox 1851 2033 1926 2102; x_wconf 84' lang='grc'><strong>1).</strong></span> <span class='ocrx_word' id='word_1_409' title='bbox 1958 2031 2026 2087; x_wconf 83' lang='grc' dir='ltr'><strong>Ει</strong></span> <span class='ocrx_word' id='word_1_410' title='bbox 2058 2045 2081 2073; x_wconf 73' lang='grc' dir='ltr'>θ</span> <span class='ocrx_word' id='word_1_411' title='bbox 2117 2034 2311 2105; x_wconf 89' lang='lat' dir='ltr'><strong>homo,</strong></span> <span class='ocrx_word' id='word_1_412' title='bbox 2356 2038 2551 2109; x_wconf 90' lang='lat' dir='ltr'><strong>inquit,</strong></span> <span class='ocrx_word' id='word_1_413' title='bbox 2603 2052 2716 2098; x_wconf 88' lang='lat' dir='ltr'><strong>erat</strong></span> <span class='ocrx_word' id='word_1_414' title='bbox 2759 2046 2910 2100; x_wconf 76' lang='lat' dir='ltr'><strong>exilis</strong></span> <span class='ocrx_word' id='word_1_415' title='bbox 2942 2056 2993 2100; x_wconf 91' lang='lat' dir='ltr'><strong>et</strong></span> <span class='ocrx_word' id='word_1_416' title='bbox 3022 2065 3207 2105; x_wconf 83' lang='lat' dir='ltr'><strong>nomen</strong></span> <span class='ocrx_word' id='word_1_417' title='bbox 3254 2055 3301 2106; x_wconf 83' lang='lat' dir='ltr'><strong>et</strong></span> 
     </span>
    </p>
   </div>
   <div class='ocr_carea' id='block_1_50' title="bbox 1695 2125 3301 2205">
    <p class='ocr_par' dir='ltr' id='par_1_50' title="bbox 1695 2125 3301 2205">
     <span class='ocr_line' id='line_1_50' title="bbox 1695 2125 3301 2205; baseline 0.012 -26"><span class='ocrx_word' id='word_1_418' title='bbox 1695 2125 2019 2194; x_wconf 81' lang='lat' dir='ltr'><strong>Achiabeth;</strong></span> <span class='ocrx_word' id='word_1_419' title='bbox 2048 2129 2131 2183; x_wconf 86' lang='lat' dir='ltr'><strong>hic</strong></span> <span class='ocrx_word' id='word_1_420' title='bbox 2161 2140 2270 2184; x_wconf 87' lang='lat' dir='ltr'><strong>erat</strong></span> <span class='ocrx_word' id='word_1_421' title='bbox 2292 2135 2561 2205; x_wconf 77' lang='lat' dir='ltr'><strong>sexaginta</strong></span> <span class='ocrx_word' id='word_1_422' title='bbox 2581 2151 2862 2204; x_wconf 88' lang='lat' dir='ltr'><strong>annorum,</strong></span> <span class='ocrx_word' id='word_1_423' title='bbox 2891 2149 2936 2193; x_wconf 91' lang='lat' dir='ltr'><strong>et</strong></span> <span class='ocrx_word' id='word_1_424' title='bbox 2959 2140 3169 2196; x_wconf 85' lang='lat' dir='ltr'><strong>verbum</strong></span> <span class='ocrx_word' id='word_1_425' title='bbox 3193 2142 3301 2198; x_wconf 83' lang='lat' dir='ltr'><strong>Do-</strong></span> 
     </span>
    </p>
   </div>
   <div class='ocr_carea' id='block_1_51' title="bbox 1695 2220 3299 2290">
    <p class='ocr_par' dir='ltr' id='par_1_51' title="bbox 1695 2220 3299 2290">
     <span class='ocr_line' id='line_1_51' title="bbox 1695 2220 3299 2290; baseline 0.011 -18"><span class='ocrx_word' id='word_1_426' title='bbox 1695 2220 1824 2273; x_wconf 84' lang='lat' dir='ltr'><strong>mini</strong></span> <span class='ocrx_word' id='word_1_427' title='bbox 1861 2229 1971 2275; x_wconf 88' lang='lat' dir='ltr'><strong>erat</strong></span> <span class='ocrx_word' id='word_1_428' title='bbox 2005 2238 2120 2276; x_wconf 90' lang='lat' dir='ltr'><strong>cum</strong></span> <span class='ocrx_word' id='word_1_429' title='bbox 2160 2224 2275 2278; x_wconf 87' lang='lat' dir='ltr'><strong>illo.</strong></span> <span class='ocrx_word' id='word_1_430' title='bbox 2305 2222 2375 2279; x_wconf 88' lang='lat' dir='ltr'><strong>Et</strong></span> <span class='ocrx_word' id='word_1_431' title='bbox 2405 2223 2425 2263; x_wconf 70' lang='grc' dir='ltr'><strong>ί</strong></span> <span class='ocrx_word' id='word_1_432' title='bbox 2451 2226 2584 2281; x_wconf 73' lang='lat' dir='ltr'><strong>dixit</strong></span> <span class='ocrx_word' id='word_1_433' title='bbox 2632 2226 2948 2285; x_wconf 81' lang='lat' dir='ltr'><strong>Hieroboam</strong></span> <span class='ocrx_word' id='word_1_434' title='bbox 2988 2233 3056 2287; x_wconf 87' lang='lat' dir='ltr'><strong>ad</strong></span> <span class='ocrx_word' id='word_1_435' title='bbox 3084 2250 3299 2290; x_wconf 72' lang='lat' dir='ltr'><strong>uxorem</strong></span> 
     </span>
    </p>
   </div>
   <div class='ocr_carea' id='block_1_52' title="bbox 1695 2315 3300 2399">
    <p class='ocr_par' dir='ltr' id='par_1_52' title="bbox 1695 2315 3300 2399">
     <span class='ocr_line' id='line_1_52' title="bbox 1695 2315 3300 2399; baseline 0.01 -32"><span class='ocrx_word' id='word_1_436' title='bbox 1695 2329 1875 2379; x_wconf 88' lang='lat' dir='ltr'><strong>suam;</strong></span> <span class='ocrx_word' id='word_1_437' title='bbox 1918 2315 2092 2387; x_wconf 83' lang='lat' dir='ltr'><strong>Surge</strong></span> <span class='ocrx_word' id='word_1_438' title='bbox 2124 2325 2172 2370; x_wconf 87' lang='lat' dir='ltr'><strong>et</strong></span> <span class='ocrx_word' id='word_1_439' title='bbox 2198 2318 2376 2388; x_wconf 89' lang='lat' dir='ltr'><strong>accipe</strong></span> <span class='ocrx_word' id='word_1_440' title='bbox 2401 2319 2454 2371; x_wconf 90' lang='lat' dir='ltr'><strong>in</strong></span> <span class='ocrx_word' id='word_1_441' title='bbox 2481 2336 2639 2375; x_wconf 87' lang='lat' dir='ltr'><strong>manu</strong></span> <span class='ocrx_word' id='word_1_442' title='bbox 2663 2330 2752 2375; x_wconf 90' lang='lat' dir='ltr'><strong>tua</strong></span> <span class='ocrx_word' id='word_1_443' title='bbox 2775 2323 2973 2377; x_wconf 83' lang='lat' dir='ltr'><strong>homini</strong></span> <span class='ocrx_word' id='word_1_444' title='bbox 3001 2323 3098 2381; x_wconf 87' lang='lat' dir='ltr'><strong>Dei</strong></span> <span class='ocrx_word' id='word_1_445' title='bbox 3138 2343 3300 2399; x_wconf 74' lang='lat' dir='ltr'><strong>panes</strong></span> 
     </span>
    </p>
   </div>
   <div class='ocr_carea' id='block_1_53' title="bbox 1695 2407 3300 2484">
    <p class='ocr_par' dir='ltr' id='par_1_53' title="bbox 1695 2407 3300 2484">
     <span class='ocr_line' id='line_1_53' title="bbox 1695 2407 3300 2484; baseline 0.009 -24"><span class='ocrx_word' id='word_1_446' title='bbox 1695 2416 1742 2461; x_wconf 87' lang='lat' dir='ltr'><strong>et</strong></span> <span class='ocrx_word' id='word_1_447' title='bbox 1771 2407 2050 2478; x_wconf 84' lang='lat' dir='ltr'><strong>collyrides</strong></span> <span class='ocrx_word' id='word_1_448' title='bbox 2077 2409 2202 2479; x_wconf 80' lang='lat' dir='ltr'><strong>[iliis</strong></span> <span class='ocrx_word' id='word_1_449' title='bbox 2246 2414 2380 2484; x_wconf 84' lang='lat' dir='ltr'><strong>ejus,</strong></span> <span class='ocrx_word' id='word_1_450' title='bbox 2427 2422 2477 2467; x_wconf 91' lang='lat' dir='ltr'><strong>et</strong></span> <span class='ocrx_word' id='word_1_451' title='bbox 2505 2430 2629 2469; x_wconf 86' lang='lat' dir='ltr'><strong>uvas</strong></span> <span class='ocrx_word' id='word_1_452' title='bbox 2658 2424 2706 2469; x_wconf 87' lang='lat' dir='ltr'><strong>et</strong></span> <span class='ocrx_word' id='word_1_453' title='bbox 2735 2433 2823 2471; x_wconf 76' lang='lat' dir='ltr'><strong>uas</strong></span> <span class='ocrx_word' id='word_1_454' title='bbox 2854 2418 3041 2474; x_wconf 86' lang='lat' dir='ltr'><strong>mellis.</strong></span> <span class='ocrx_word' id='word_1_455' title='bbox 3072 2418 3141 2474; x_wconf 89' lang='lat' dir='ltr'><strong>Et</strong></span> <span class='ocrx_word' id='word_1_456' title='bbox 3182 2438 3300 2477; x_wconf 88' lang='lat' dir='ltr'><strong>sur-</strong></span> 
     </span>
    </p>
   </div>
   <div class='ocr_carea' id='block_1_54' title="bbox 1696 2503 3300 2585">
    <p class='ocr_par' dir='ltr' id='par_1_54' title="bbox 1696 2503 3300 2585">
     <span class='ocr_line' id='line_1_54' title="bbox 1696 2503 3300 2585; baseline 0.01 -31"><span class='ocrx_word' id='word_1_457' title='bbox 1696 2503 1827 2556; x_wconf 70' lang='lat' dir='ltr'><strong>rexit</strong></span> <span class='ocrx_word' id='word_1_458' title='bbox 1856 2503 2064 2571; x_wconf 88' lang='lat' dir='ltr'><strong>mulier,</strong></span> <span class='ocrx_word' id='word_1_459' title='bbox 2100 2512 2149 2557; x_wconf 90' lang='lat' dir='ltr'><strong>et</strong></span> <span class='ocrx_word' id='word_1_460' title='bbox 2175 2504 2296 2573; x_wconf 79' lang='lat' dir='ltr'><strong>fecit</strong></span> <span class='ocrx_word' id='word_1_461' title='bbox 2324 2508 2459 2561; x_wconf 87' lang='lat' dir='ltr'><strong>sicut</strong></span> <span class='ocrx_word' id='word_1_462' title='bbox 2481 2508 2615 2563; x_wconf 73' lang='lat' dir='ltr'><strong>dixit</strong></span> <span class='ocrx_word' id='word_1_463' title='bbox 2635 2515 2678 2563; x_wconf 87' lang='lat' dir='ltr'><strong>ei</strong></span> <span class='ocrx_word' id='word_1_464' title='bbox 2709 2510 2789 2564; x_wconf 81' lang='lat' dir='ltr'><strong>vir</strong></span> <span class='ocrx_word' id='word_1_465' title='bbox 2824 2514 2937 2585; x_wconf 87' lang='lat' dir='ltr'><strong>ejus</strong></span> <span class='ocrx_word' id='word_1_466' title='bbox 2960 2529 2979 2567; x_wconf 89' lang='lat'><strong>:</strong></span> <span class='ocrx_word' id='word_1_467' title='bbox 3006 2511 3076 2568; x_wconf 85' lang='lat' dir='ltr'><strong>Et</strong></span> <span class='ocrx_word' id='word_1_468' title='bbox 3104 2513 3300 2571; x_wconf 82' lang='lat' dir='ltr'><strong>Achiab</strong></span> 
     </span>
    </p>
   </div>
   <div class='ocr_carea' id='block_1_55' title="bbox 1694 2591 3301 2675">
    <p class='ocr_par' dir='ltr' id='par_1_55' title="bbox 1694 2591 3301 2675">
     <span class='ocr_line' id='line_1_55' title="bbox 1694 2591 3301 2675; baseline 0.012 -31"><span class='ocrx_word' id='word_1_469' title='bbox 1694 2591 1848 2647; x_wconf 86' lang='lat' dir='ltr'><strong>homo</strong></span> <span class='ocrx_word' id='word_1_470' title='bbox 1877 2604 1902 2641; x_wconf 79' lang='lat'><strong><em>8</em></strong></span> <span class='ocrx_word' id='word_1_471' title='bbox 1931 2611 2089 2650; x_wconf 76' lang='lat' dir='ltr'><strong>senex</strong></span> <span class='ocrx_word' id='word_1_472' title='bbox 2124 2604 2231 2650; x_wconf 91' lang='lat' dir='ltr'><strong>erat</strong></span> <span class='ocrx_word' id='word_1_473' title='bbox 2256 2598 2408 2652; x_wconf 86' lang='lat' dir='ltr'><strong>valde</strong></span> <span class='ocrx_word' id='word_1_474' title='bbox 2433 2609 2479 2653; x_wconf 91' lang='lat' dir='ltr'><strong>et</strong></span> <span class='ocrx_word' id='word_1_475' title='bbox 2502 2602 2643 2655; x_wconf 86' lang='lat' dir='ltr'><strong>oculi</strong></span> <span class='ocrx_word' id='word_1_476' title='bbox 2667 2604 2783 2675; x_wconf 83' lang='lat' dir='ltr'><strong>ejus</strong></span> <span class='ocrx_word' id='word_1_477' title='bbox 2823 2605 3246 2675; x_wconf 87' lang='lat' dir='ltr'><strong>caliginabantur</strong></span> <span class='ocrx_word' id='word_1_478' title='bbox 3271 2606 3301 2647; x_wconf 56' lang='grc' dir='ltr'><strong>Β</strong></span> 
     </span>
    </p>
   </div>
   <div class='ocr_carea' id='block_1_56' title="bbox 1693 2686 3303 2772">
    <p class='ocr_par' dir='ltr' id='par_1_56' title="bbox 1693 2686 3303 2772">
     <span class='ocr_line' id='line_1_56' title="bbox 1693 2686 3303 2772; baseline 0.012 -32"><span class='ocrx_word' id='word_1_479' title='bbox 1693 2686 1886 2742; x_wconf 78' lang='lat' dir='ltr'><strong>uidere.</strong></span> <span class='ocrx_word' id='word_1_480' title='bbox 1912 2686 1983 2741; x_wconf 89' lang='lat' dir='ltr'><strong>Et</strong></span> <span class='ocrx_word' id='word_1_481' title='bbox 2005 2690 2230 2743; x_wconf 76' lang='lat' dir='ltr'><strong>surrexit</strong></span> <span class='ocrx_word' id='word_1_482' title='bbox 2252 2691 2436 2745; x_wconf 85' lang='lat' dir='ltr'><strong>mulier</strong></span> <span class='ocrx_word' id='word_1_483' title='bbox 2451 2709 2514 2747; x_wconf 76' lang='lat' dir='ltr'><strong>ea:</strong></span> <span class='ocrx_word' id='word_1_484' title='bbox 2534 2692 2697 2749; x_wconf 77' lang='lat' dir='ltr'><strong>Batiu</strong></span> <span class='ocrx_word' id='word_1_485' title='bbox 2725 2698 2740 2731; x_wconf 77' lang='grc' dir='ltr'>ί</span> <span class='ocrx_word' id='word_1_486' title='bbox 2767 2707 2815 2753; x_wconf 92' lang='lat' dir='ltr'><strong>et</strong></span> <span class='ocrx_word' id='word_1_487' title='bbox 2840 2698 2989 2753; x_wconf 86' lang='lat' dir='ltr'><strong>abiit.</strong></span> <span class='ocrx_word' id='word_1_488' title='bbox 3012 2698 3081 2755; x_wconf 86' lang='lat' dir='ltr'><strong>Et</strong></span> <span class='ocrx_word' id='word_1_489' title='bbox 3102 2705 3303 2772; x_wconf 78' lang='lat' dir='ltr'><strong>factum</strong></span> 
     </span>
    </p>
   </div>
   <div class='ocr_carea' id='block_1_57' title="bbox 1700 2784 3299 2865">
    <p class='ocr_par' dir='ltr' id='par_1_57' title="bbox 1700 2784 3299 2865">
     <span class='ocr_line' id='line_1_57' title="bbox 1700 2784 3299 2865; baseline 0.013 -36"><span class='ocrx_word' id='word_1_490' title='bbox 1700 2790 1714 2829; x_wconf 75' lang='grc' dir='ltr'><strong><em>ι</em></strong></span> <span class='ocrx_word' id='word_1_491' title='bbox 1756 2789 1830 2834; x_wconf 88' lang='lat' dir='ltr'><strong>est</strong></span> <span class='ocrx_word' id='word_1_492' title='bbox 1847 2798 1965 2835; x_wconf 89' lang='lat' dir='ltr'><strong>cum</strong></span> <span class='ocrx_word' id='word_1_493' title='bbox 1994 2784 2237 2838; x_wconf 86' lang='lat' dir='ltr'><strong>intrasset</strong></span> <span class='ocrx_word' id='word_1_494' title='bbox 2258 2785 2376 2855; x_wconf 86' lang='lat' dir='ltr'><strong>ipsa</strong></span> <span class='ocrx_word' id='word_1_495' title='bbox 2393 2786 2447 2839; x_wconf 88' lang='lat' dir='ltr'><strong>in</strong></span> <span class='ocrx_word' id='word_1_496' title='bbox 2470 2787 2533 2839; x_wconf 88' lang='lat' dir='ltr'><strong>cit</strong></span> <span class='ocrx_word' id='word_1_497' title='bbox 2548 2788 2673 2842; x_wconf 88' lang='lat' dir='ltr'><strong>itate</strong></span> <span class='ocrx_word' id='word_1_498' title='bbox 2689 2792 2758 2843; x_wconf 90' lang='lat' dir='ltr'><strong>ad</strong></span> <span class='ocrx_word' id='word_1_499' title='bbox 2775 2790 2974 2845; x_wconf 81' lang='lat' dir='ltr'><strong>Achiab</strong></span> <span class='ocrx_word' id='word_1_500' title='bbox 2992 2792 3299 2865; x_wconf 88' lang='lat' dir='ltr'><strong>Selonitem,</strong></span> 
     </span>
    </p>
   </div>
   <div class='ocr_carea' id='block_1_58' title="bbox 1696 2873 3329 2948">
    <p class='ocr_par' dir='ltr' id='par_1_58' title="bbox 1696 2873 3329 2948">
     <span class='ocr_line' id='line_1_58' title="bbox 1696 2873 3329 2948; baseline 0.014 -23"><span class='ocrx_word' id='word_1_501' title='bbox 1696 2882 1743 2926; x_wconf 91' lang='lat' dir='ltr'><strong>et</strong></span> <span class='ocrx_word' id='word_1_502' title='bbox 1770 2873 1903 2928; x_wconf 73' lang='lat' dir='ltr'><strong>dixit</strong></span> <span class='ocrx_word' id='word_1_503' title='bbox 1927 2873 2125 2930; x_wconf 85' lang='lat' dir='ltr'><strong>Achiab</strong></span> <span class='ocrx_word' id='word_1_504' title='bbox 2155 2894 2320 2947; x_wconf 89' lang='lat' dir='ltr'><strong>puero</strong></span> <span class='ocrx_word' id='word_1_505' title='bbox 2359 2895 2454 2934; x_wconf 89' lang='lat' dir='ltr'><strong>suo</strong></span> <span class='ocrx_word' id='word_1_506' title='bbox 2475 2896 2495 2935; x_wconf 91' lang='lat'><strong>:</strong></span> <span class='ocrx_word' id='word_1_507' title='bbox 2531 2880 2636 2937; x_wconf 75' lang='lat' dir='ltr'><strong>Exi</strong></span> <span class='ocrx_word' id='word_1_508' title='bbox 2667 2885 2879 2940; x_wconf 88' lang='lat' dir='ltr'><strong>nuncin</strong></span> <span class='ocrx_word' id='word_1_509' title='bbox 2910 2886 3111 2943; x_wconf 80' lang='lat' dir='ltr'><strong>obviam</strong></span> <span class='ocrx_word' id='word_1_510' title='bbox 3139 2890 3329 2948; x_wconf 70' lang='lat' dir='ltr'><strong>Annis.</strong></span> 
     </span>
    </p>
   </div>
   <div class='ocr_carea' id='block_1_59' title="bbox 1696 2965 3304 3052">
    <p class='ocr_par' dir='ltr' id='par_1_59' title="bbox 1696 2965 3304 3052">
     <span class='ocr_line' id='line_1_59' title="bbox 1696 2965 3304 3052; baseline 0.012 -33"><span class='ocrx_word' id='word_1_511' title='bbox 1696 2968 1843 3021; x_wconf 72' lang='lat' dir='ltr'><strong>uxori</strong></span> <span class='ocrx_word' id='word_1_512' title='bbox 1868 2965 2209 3035; x_wconf 84' lang='lat' dir='ltr'><strong>Hieroboam,</strong></span> <span class='ocrx_word' id='word_1_513' title='bbox 2234 2983 2281 3024; x_wconf 90' lang='lat' dir='ltr'><strong>et</strong></span> <span class='ocrx_word' id='word_1_514' title='bbox 2303 2973 2443 3027; x_wconf 86' lang='lat' dir='ltr'><strong>dices</strong></span> <span class='ocrx_word' id='word_1_515' title='bbox 2472 2974 2554 3029; x_wconf 88' lang='lat' dir='ltr'><strong>ei:</strong></span> <span class='ocrx_word' id='word_1_516' title='bbox 2576 2973 2729 3031; x_wconf 87' lang='lat' dir='ltr'><strong>Intra</strong></span> <span class='ocrx_word' id='word_1_517' title='bbox 2760 2987 2809 3032; x_wconf 92' lang='lat' dir='ltr'><strong>et</strong></span> <span class='ocrx_word' id='word_1_518' title='bbox 2835 2979 2946 3033; x_wconf 87' lang='lat' dir='ltr'><strong>noli</strong></span> <span class='ocrx_word' id='word_1_519' title='bbox 2974 2991 3110 3037; x_wconf 87' lang='lat' dir='ltr'><strong>stare</strong></span> <span class='ocrx_word' id='word_1_520' title='bbox 3132 3023 3147 3047; x_wconf 93' lang='lat'><strong>,</strong></span> <span class='ocrx_word' id='word_1_521' title='bbox 3172 2999 3304 3052; x_wconf 89' lang='lat' dir='ltr'><strong>quo-</strong></span> 
     </span>
    </p>
   </div>
   <div class='ocr_carea' id='block_1_60' title="bbox 1697 3059 3297 3142">
    <p class='ocr_par' dir='ltr' id='par_1_60' title="bbox 1697 3059 3297 3142">
     <span class='ocr_line' id='line_1_60' title="bbox 1697 3059 3297 3142; baseline 0.012 -31"><span class='ocrx_word' id='word_1_522' title='bbox 1697 3059 1837 3113; x_wconf 86' lang='lat' dir='ltr'><strong>niam</strong></span> <span class='ocrx_word' id='word_1_523' title='bbox 1858 3060 1968 3114; x_wconf 70' lang='grc' dir='ltr'><strong>[ηπ</strong></span> <span class='ocrx_word' id='word_1_524' title='bbox 2005 3061 2129 3115; x_wconf 88' lang='lat' dir='ltr'><strong>dicit</strong></span> <span class='ocrx_word' id='word_1_525' title='bbox 2161 3062 2448 3120; x_wconf 83' lang='lat' dir='ltr'><strong>Dominus:</strong></span> <span class='ocrx_word' id='word_1_526' title='bbox 2480 3065 2631 3122; x_wconf 82' lang='lat' dir='ltr'><strong>Dura</strong></span> <span class='ocrx_word' id='word_1_527' title='bbox 2659 3085 2753 3142; x_wconf 89' lang='lat' dir='ltr'><strong>ego</strong></span> <span class='ocrx_word' id='word_1_528' title='bbox 2779 3071 2929 3126; x_wconf 90' lang='lat' dir='ltr'><strong>mitto</strong></span> <span class='ocrx_word' id='word_1_529' title='bbox 2951 3072 3005 3125; x_wconf 89' lang='lat' dir='ltr'><strong>in</strong></span> <span class='ocrx_word' id='word_1_530' title='bbox 3028 3082 3077 3128; x_wconf 91' lang='lat' dir='ltr'><strong>te</strong></span> <span class='ocrx_word' id='word_1_531' title='bbox 3095 3089 3115 3127; x_wconf 90' lang='lat'><strong>:</strong></span> <span class='ocrx_word' id='word_1_532' title='bbox 3145 3085 3192 3129; x_wconf 89' lang='lat' dir='ltr'><strong>et</strong></span> <span class='ocrx_word' id='word_1_533' title='bbox 3220 3075 3297 3130; x_wconf 62' lang='lat' dir='ltr'><strong>in4</strong></span> 
     </span>
    </p>
   </div>
   <div class='ocr_carea' id='block_1_61' title="bbox 1698 3153 3277 3228">
    <p class='ocr_par' dir='ltr' id='par_1_61' title="bbox 1698 3153 3277 3228">
     <span class='ocr_line' id='line_1_61' title="bbox 1698 3153 3277 3228; baseline 0.013 -23"><span class='ocrx_word' id='word_1_534' title='bbox 1698 3153 1848 3207; x_wconf 84' lang='lat' dir='ltr'><strong>trauit</strong></span> <span class='ocrx_word' id='word_1_535' title='bbox 1870 3154 2022 3208; x_wconf 84' lang='lat' dir='ltr'><strong>Anna</strong></span> <span class='ocrx_word' id='word_1_536' title='bbox 2042 3156 2112 3209; x_wconf 87' lang='lat' dir='ltr'><strong>ad</strong></span> <span class='ocrx_word' id='word_1_537' title='bbox 2140 3158 2400 3214; x_wconf 76' lang='lat' dir='ltr'><strong>hominem</strong></span> <span class='ocrx_word' id='word_1_538' title='bbox 2427 3158 2558 3228; x_wconf 86' lang='lat' dir='ltr'><strong>Dei;</strong></span> <span class='ocrx_word' id='word_1_539' title='bbox 2584 3174 2632 3217; x_wconf 92' lang='lat' dir='ltr'><strong>et</strong></span> <span class='ocrx_word' id='word_1_540' title='bbox 2662 3165 2795 3219; x_wconf 75' lang='lat' dir='ltr'><strong>dixit</strong></span> <span class='ocrx_word' id='word_1_541' title='bbox 2840 3169 2891 3221; x_wconf 87' lang='lat' dir='ltr'><strong>ei</strong></span> <span class='ocrx_word' id='word_1_542' title='bbox 2931 3167 3129 3223; x_wconf 81' lang='lat' dir='ltr'><strong>Acltiab</strong></span> <span class='ocrx_word' id='word_1_543' title='bbox 3158 3186 3179 3223; x_wconf 88' lang='lat'><strong>:</strong></span> <span class='ocrx_word' id='word_1_544' title='bbox 3229 3169 3277 3226; x_wconf 80' lang='grc' dir='ltr'><em>Π</em></span> 
     </span>
    </p>
   </div>
   <div class='ocr_carea' id='block_1_62' title="bbox 14 3237 3289 3332">
    <p class='ocr_par' dir='ltr' id='par_1_62' title="bbox 14 3237 3289 3332">
     <span class='ocr_line' id='line_1_62' title="bbox 14 3237 3289 3332; baseline 0.002 -19"><span class='ocrx_word' id='word_1_545' title='bbox 14 3260 184 3327; x_wconf 78' lang='lat' dir='ltr'><strong>:ipiom</strong></span> <span class='ocrx_word' id='word_1_546' title='bbox 207 3274 423 3332; x_wconf 78' lang='lat' dir='ltr'><strong>regnum</strong></span> <span class='ocrx_word' id='word_1_547' title='bbox 448 3266 610 3312; x_wconf 87' lang='lat' dir='ltr'><strong>totum</strong></span> <span class='ocrx_word' id='word_1_548' title='bbox 632 3255 698 3309; x_wconf 86' lang='lat' dir='ltr'><strong>de</strong></span> <span class='ocrx_word' id='word_1_549' title='bbox 724 3271 883 3308; x_wconf 88' lang='lat' dir='ltr'><strong>manu</strong></span> <span class='ocrx_word' id='word_1_550' title='bbox 910 3256 1022 3326; x_wconf 87' lang='lat' dir='ltr'><strong>ejus</strong></span> <span class='ocrx_word' id='word_1_551' title='bbox 1044 3254 1096 3307; x_wconf 88' lang='lat' dir='ltr'><strong>in</strong></span> <span class='ocrx_word' id='word_1_552' title='bbox 1133 3253 1315 3307; x_wconf 74' lang='lat' dir='ltr'><strong>diebus</strong></span> <span class='ocrx_word' id='word_1_553' title='bbox 1337 3254 1453 3307; x_wconf 79' lang='lat' dir='ltr'><strong>vita:</strong></span> <span class='ocrx_word' id='word_1_554' title='bbox 1479 3256 1593 3326; x_wconf 84' lang='lat' dir='ltr'><strong>ejus</strong></span> <span class='ocrx_word' id='word_1_555' title='bbox 1618 3237 1665 3300; x_wconf 85' lang='lat' dir='ltr'><strong>C</strong></span> <span class='ocrx_word' id='word_1_556' title='bbox 1697 3248 1823 3317; x_wconf 86' lang='lat' dir='ltr'><strong>quid</strong></span> <span class='ocrx_word' id='word_1_557' title='bbox 1848 3249 1871 3285; x_wconf 69' lang='grc' dir='ltr'><strong><em>κ</em></strong></span> <span class='ocrx_word' id='word_1_558' title='bbox 1897 3250 2024 3304; x_wconf 89' lang='lat' dir='ltr'><strong>mihi</strong></span> <span class='ocrx_word' id='word_1_559' title='bbox 2053 3254 2275 3307; x_wconf 82' lang='lat' dir='ltr'><strong>attulisti</strong></span> <span class='ocrx_word' id='word_1_560' title='bbox 2302 3271 2461 3324; x_wconf 86' lang='lat' dir='ltr'><strong>panes</strong></span> <span class='ocrx_word' id='word_1_561' title='bbox 2495 3266 2545 3310; x_wconf 90' lang='lat' dir='ltr'><strong>et</strong></span> <span class='ocrx_word' id='word_1_562' title='bbox 2570 3274 2719 3313; x_wconf 80' lang='lat' dir='ltr'><strong>uvam</strong></span> <span class='ocrx_word' id='word_1_563' title='bbox 2744 3269 2794 3313; x_wconf 92' lang='lat' dir='ltr'><strong>et</strong></span> <span class='ocrx_word' id='word_1_564' title='bbox 2824 3261 3101 3331; x_wconf 82' lang='lat' dir='ltr'><strong>collyrides</strong></span> <span class='ocrx_word' id='word_1_565' title='bbox 3125 3273 3174 3317; x_wconf 91' lang='lat' dir='ltr'><strong>et</strong></span> <span class='ocrx_word' id='word_1_566' title='bbox 3203 3280 3289 3319; x_wconf 78' lang='lat' dir='ltr'><strong>vat</strong></span> 
     </span>
    </p>
   </div>
   <div class='ocr_carea' id='block_1_63' title="bbox 13 3338 1592 3423">
    <p class='ocr_par' dir='ltr' id='par_1_63' title="bbox 13 3338 1592 3423">
     <span class='ocr_line' id='line_1_63' title="bbox 13 3338 1592 3423; baseline -0.006 -14"><span class='ocrx_word' id='word_1_567' title='bbox 13 3338 195 3423; x_wconf 58' lang='lat' dir='ltr'><strong>erepte?</strong></span> <span class='ocrx_word' id='word_1_568' title='bbox 216 3349 391 3404; x_wconf 78' lang='lat' dir='ltr'><strong>Dauid</strong></span> <span class='ocrx_word' id='word_1_569' title='bbox 410 3364 618 3404; x_wconf 78' lang='lat' dir='ltr'><strong>servum</strong></span> <span class='ocrx_word' id='word_1_570' title='bbox 638 3364 828 3410; x_wconf 89' lang='lat' dir='ltr'><strong>meum,</strong></span> <span class='ocrx_word' id='word_1_571' title='bbox 857 3362 1004 3416; x_wconf 86' lang='lat' dir='ltr'><strong>quem</strong></span> <span class='ocrx_word' id='word_1_572' title='bbox 1030 3346 1181 3417; x_wconf 84' lang='lat' dir='ltr'><strong>elegi,</strong></span> <span class='ocrx_word' id='word_1_573' title='bbox 1205 3347 1447 3417; x_wconf 89' lang='lat' dir='ltr'><strong>quoniam</strong></span> <span class='ocrx_word' id='word_1_574' title='bbox 1470 3362 1592 3399; x_wconf 85' lang='lat' dir='ltr'><strong>con-</strong></span> 
     </span>
    </p>
   </div>
   <div class='ocr_carea' id='block_1_64' title="bbox 14 3440 1591 3517">
    <p class='ocr_par' dir='ltr' id='par_1_64' title="bbox 14 3440 1591 3517">
     <span class='ocr_line' id='line_1_64' title="bbox 14 3440 1591 3517; baseline -0.003 -18"><span class='ocrx_word' id='word_1_575' title='bbox 14 3455 83 3500; x_wconf 85' lang='lat' dir='ltr'><strong>tra</strong></span> <span class='ocrx_word' id='word_1_576' title='bbox 124 3446 315 3517; x_wconf 75' lang='lat' dir='ltr'><strong>faciam</strong></span> <span class='ocrx_word' id='word_1_577' title='bbox 340 3445 427 3499; x_wconf 90' lang='lat' dir='ltr'><strong>illi</strong></span> <span class='ocrx_word' id='word_1_578' title='bbox 454 3460 546 3516; x_wconf 84' lang='lat' dir='ltr'><strong>per</strong></span> <span class='ocrx_word' id='word_1_579' title='bbox 576 3459 751 3499; x_wconf 81' lang='lat' dir='ltr'><strong>omnes</strong></span> <span class='ocrx_word' id='word_1_580' title='bbox 795 3442 1051 3496; x_wconf 72' lang='lat' dir='ltr'><strong>diesvita:</strong></span> <span class='ocrx_word' id='word_1_581' title='bbox 1077 3442 1227 3510; x_wconf 88' lang='lat' dir='ltr'><strong>ejus:</strong></span> <span class='ocrx_word' id='word_1_582' title='bbox 1255 3450 1303 3495; x_wconf 92' lang='lat' dir='ltr'><strong>et</strong></span> <span class='ocrx_word' id='word_1_583' title='bbox 1340 3440 1591 3511; x_wconf 84' lang='lat' dir='ltr'><strong>accipiant</strong></span> 
     </span>
    </p>
   </div>
   <div class='ocr_carea' id='block_1_65' title="bbox 13 3532 1589 3607">
    <p class='ocr_par' dir='ltr' id='par_1_65' title="bbox 13 3532 1589 3607">
     <span class='ocr_line' id='line_1_65' title="bbox 13 3532 1589 3607; baseline -0.003 -15"><span class='ocrx_word' id='word_1_584' title='bbox 13 3554 205 3607; x_wconf 63' lang='lat' dir='ltr'><strong>regnum</strong></span> <span class='ocrx_word' id='word_1_585' title='bbox 226 3539 291 3593; x_wconf 90' lang='lat' dir='ltr'><strong>de</strong></span> <span class='ocrx_word' id='word_1_586' title='bbox 320 3554 488 3591; x_wconf 86' lang='lat' dir='ltr'><strong>manu</strong></span> <span class='ocrx_word' id='word_1_587' title='bbox 516 3536 610 3604; x_wconf 71' lang='lat' dir='ltr'><strong>ﬁlii</strong></span> <span class='ocrx_word' id='word_1_588' title='bbox 634 3536 769 3604; x_wconf 83' lang='lat' dir='ltr'><strong>ejus,</strong></span> <span class='ocrx_word' id='word_1_589' title='bbox 797 3544 846 3589; x_wconf 92' lang='lat' dir='ltr'><strong>et</strong></span> <span class='ocrx_word' id='word_1_590' title='bbox 875 3533 1006 3588; x_wconf 90' lang='lat' dir='ltr'><strong>dabo</strong></span> <span class='ocrx_word' id='word_1_591' title='bbox 1041 3532 1131 3587; x_wconf 85' lang='lat' dir='ltr'><strong>tibi</strong></span> <span class='ocrx_word' id='word_1_592' title='bbox 1151 3543 1356 3606; x_wconf 88' lang='lat' dir='ltr'><strong>sceptra</strong></span> <span class='ocrx_word' id='word_1_593' title='bbox 1380 3535 1589 3599; x_wconf 86' lang='lat' dir='ltr'><strong>decem;</strong></span> 
     </span>
    </p>
   </div>
   <div class='ocr_carea' id='block_1_66' title="bbox 13 3626 1590 3703">
    <p class='ocr_par' dir='ltr' id='par_1_66' title="bbox 13 3626 1590 3703">
     <span class='ocr_line' id='line_1_66' title="bbox 13 3626 1590 3703; baseline -0.001 -20"><span class='ocrx_word' id='word_1_594' title='bbox 13 3631 100 3684; x_wconf 71' lang='lat' dir='ltr'><strong>lilio</strong></span> <span class='ocrx_word' id='word_1_595' title='bbox 129 3643 302 3687; x_wconf 87' lang='lat' dir='ltr'><strong>autem</strong></span> <span class='ocrx_word' id='word_1_596' title='bbox 327 3633 448 3703; x_wconf 87' lang='lat' dir='ltr'><strong>ejus</strong></span> <span class='ocrx_word' id='word_1_597' title='bbox 475 3627 607 3682; x_wconf 89' lang='lat' dir='ltr'><strong>dabo</strong></span> <span class='ocrx_word' id='word_1_598' title='bbox 650 3626 758 3682; x_wconf 88' lang='lat' dir='ltr'><strong>duo</strong></span> <span class='ocrx_word' id='word_1_599' title='bbox 789 3638 1013 3694; x_wconf 85' lang='lat' dir='ltr'><strong>sceptra,</strong></span> <span class='ocrx_word' id='word_1_600' title='bbox 1038 3636 1093 3681; x_wconf 90' lang='lat' dir='ltr'><strong>ut</strong></span> <span class='ocrx_word' id='word_1_601' title='bbox 1123 3627 1190 3681; x_wconf 86' lang='lat' dir='ltr'><strong>sit</strong></span> <span class='ocrx_word' id='word_1_602' title='bbox 1218 3627 1407 3697; x_wconf 88' lang='lat' dir='ltr'><strong>positio</strong></span> <span class='ocrx_word' id='word_1_603' title='bbox 1446 3642 1590 3681; x_wconf 85' lang='lat' dir='ltr'><strong>servo</strong></span> 
     </span>
    </p>
   </div>
   <div class='ocr_carea' id='block_1_67' title="bbox 14 3717 1590 3779">
    <p class='ocr_par' dir='ltr' id='par_1_67' title="bbox 14 3717 1590 3779">
     <span class='ocr_line' id='line_1_67' title="bbox 14 3717 1590 3779; baseline -0.004 -2"><span class='ocrx_word' id='word_1_604' title='bbox 14 3740 106 3779; x_wconf 86' lang='lat' dir='ltr'><strong>neo</strong></span> <span class='ocrx_word' id='word_1_605' title='bbox 133 3722 298 3779; x_wconf 82' lang='lat' dir='ltr'><strong>David</strong></span> <span class='ocrx_word' id='word_1_606' title='bbox 342 3720 587 3777; x_wconf 85' lang='lat' dir='ltr'><strong>omnibus</strong></span> <span class='ocrx_word' id='word_1_607' title='bbox 612 3720 793 3774; x_wconf 88' lang='lat' dir='ltr'><strong>diebus</strong></span> <span class='ocrx_word' id='word_1_608' title='bbox 833 3734 1009 3773; x_wconf 87' lang='lat' dir='ltr'><strong>coram</strong></span> <span class='ocrx_word' id='word_1_609' title='bbox 1058 3735 1137 3772; x_wconf 88' lang='lat' dir='ltr'><strong>me</strong></span> <span class='ocrx_word' id='word_1_610' title='bbox 1163 3719 1216 3772; x_wconf 89' lang='lat' dir='ltr'><strong>in</strong></span> <span class='ocrx_word' id='word_1_611' title='bbox 1265 3717 1590 3773; x_wconf 78' lang='lat' dir='ltr'><strong>Hierusalem</strong></span> 
     </span>
    </p>
   </div>
   <div class='ocr_carea' id='block_1_68' title="bbox 14 3809 1589 3887">
    <p class='ocr_par' dir='ltr' id='par_1_68' title="bbox 14 3809 1589 3887">
     <span class='ocr_line' id='line_1_68' title="bbox 14 3809 1589 3887; baseline -0.004 -16"><span class='ocrx_word' id='word_1_612' title='bbox 14 3817 190 3872; x_wconf 73' lang='lat' dir='ltr'><strong>rivitate</strong></span> <span class='ocrx_word' id='word_1_613' title='bbox 212 3833 368 3886; x_wconf 83' lang='lat' dir='ltr'><strong>quam</strong></span> <span class='ocrx_word' id='word_1_614' title='bbox 408 3814 543 3887; x_wconf 88' lang='lat' dir='ltr'><strong>elegi</strong></span> <span class='ocrx_word' id='word_1_615' title='bbox 573 3812 729 3878; x_wconf 87' lang='lat' dir='ltr'><strong>mihi,</strong></span> <span class='ocrx_word' id='word_1_616' title='bbox 774 3821 829 3865; x_wconf 91' lang='lat' dir='ltr'><strong>ut</strong></span> <span class='ocrx_word' id='word_1_617' title='bbox 861 3826 1103 3880; x_wconf 88' lang='lat' dir='ltr'><strong>ponerem</strong></span> <span class='ocrx_word' id='word_1_618' title='bbox 1132 3809 1160 3848; x_wconf 71' lang='grc' dir='ltr'>δ</span> <span class='ocrx_word' id='word_1_619' title='bbox 1193 3827 1375 3865; x_wconf 87' lang='lat' dir='ltr'><strong>nomen</strong></span> <span class='ocrx_word' id='word_1_620' title='bbox 1420 3827 1589 3866; x_wconf 88' lang='lat' dir='ltr'><strong>meum</strong></span> 
     </span>
    </p>
   </div>
   <div class='ocr_carea' id='block_1_69' title="bbox 17 3901 1591 3979">
    <p class='ocr_par' dir='ltr' id='par_1_69' title="bbox 17 3901 1591 3979">
     <span class='ocr_line' id='line_1_69' title="bbox 17 3901 1591 3979; baseline -0.003 -18"><span class='ocrx_word' id='word_1_621' title='bbox 17 3907 109 3963; x_wconf 88' lang='lat' dir='ltr'><strong>bi:</strong></span> <span class='ocrx_word' id='word_1_622' title='bbox 154 3919 201 3963; x_wconf 88' lang='lat' dir='ltr'><strong>et</strong></span> <span class='ocrx_word' id='word_1_623' title='bbox 229 3907 490 3979; x_wconf 81' lang='lat' dir='ltr'><strong>accipiant</strong></span> <span class='ocrx_word' id='word_1_624' title='bbox 517 3915 565 3959; x_wconf 93' lang='lat' dir='ltr'><strong>te</strong></span> <span class='ocrx_word' id='word_1_625' title='bbox 602 3912 650 3959; x_wconf 90' lang='lat' dir='ltr'><strong>et</strong></span> <span class='ocrx_word' id='word_1_626' title='bbox 694 3902 930 3974; x_wconf 87' lang='lat' dir='ltr'><strong>regnabis</strong></span> <span class='ocrx_word' id='word_1_627' title='bbox 953 3903 1008 3956; x_wconf 91' lang='lat' dir='ltr'><strong>in</strong></span> <span class='ocrx_word' id='word_1_628' title='bbox 1049 3901 1231 3973; x_wconf 88' lang='lat' dir='ltr'><strong>quibus</strong></span> <span class='ocrx_word' id='word_1_629' title='bbox 1273 3903 1591 3971; x_wconf 86' lang='lat' dir='ltr'><strong>concupiscit</strong></span> 
     </span>
    </p>
   </div>
   <div class='ocr_carea' id='block_1_70' title="bbox 14 3993 1593 4069">
    <p class='ocr_par' dir='ltr' id='par_1_70' title="bbox 14 3993 1593 4069">
     <span class='ocr_line' id='line_1_70' title="bbox 14 3993 1593 4069; baseline -0.002 -15"><span class='ocrx_word' id='word_1_630' title='bbox 14 4000 160 4055; x_wconf 86' lang='lat' dir='ltr'><strong>mima</strong></span> <span class='ocrx_word' id='word_1_631' title='bbox 183 4013 296 4069; x_wconf 89' lang='lat' dir='ltr'><strong>tua,</strong></span> <span class='ocrx_word' id='word_1_632' title='bbox 323 4008 371 4056; x_wconf 90' lang='lat' dir='ltr'><strong>et</strong></span> <span class='ocrx_word' id='word_1_633' title='bbox 403 4010 463 4053; x_wconf 87' lang='lat' dir='ltr'><strong>tu</strong></span> <span class='ocrx_word' id='word_1_634' title='bbox 489 3998 589 4053; x_wconf 88' lang='lat' dir='ltr'><strong>eris</strong></span> <span class='ocrx_word' id='word_1_635' title='bbox 606 4012 701 4053; x_wconf 72' lang='lat' dir='ltr'><strong>rex</strong></span> <span class='ocrx_word' id='word_1_636' title='bbox 720 3997 776 4050; x_wconf 89' lang='lat' dir='ltr'><strong>in</strong></span> <span class='ocrx_word' id='word_1_637' title='bbox 805 3994 993 4050; x_wconf 87' lang='lat' dir='ltr'><strong>Israel.</strong></span> <span class='ocrx_word' id='word_1_638' title='bbox 1016 3993 1086 4048; x_wconf 89' lang='lat' dir='ltr'><strong>Et</strong></span> <span class='ocrx_word' id='word_1_639' title='bbox 1106 3996 1203 4050; x_wconf 90' lang='lat' dir='ltr'><strong>erit</strong></span> <span class='ocrx_word' id='word_1_640' title='bbox 1230 3998 1271 4049; x_wconf 87' lang='lat' dir='ltr'><strong>si</strong></span> <span class='ocrx_word' id='word_1_641' title='bbox 1290 3996 1593 4051; x_wconf 86' lang='lat' dir='ltr'><strong>custodieris</strong></span> 
     </span>
    </p>
   </div>
   <div class='ocr_carea' id='block_1_71' title="bbox 14 4086 1590 4164">
    <p class='ocr_par' dir='ltr' id='par_1_71' title="bbox 14 4086 1590 4164">
     <span class='ocr_line' id='line_1_71' title="bbox 14 4086 1590 4164; baseline -0.001 -19"><span class='ocrx_word' id='word_1_642' title='bbox 14 4094 159 4147; x_wconf 86' lang='lat' dir='ltr'><strong>nnnia</strong></span> <span class='ocrx_word' id='word_1_643' title='bbox 181 4106 522 4164; x_wconf 66' lang='lat' dir='ltr'><strong>quiscumque</strong></span> <span class='ocrx_word' id='word_1_644' title='bbox 551 4104 841 4161; x_wconf 67' lang='lat' dir='ltr'><strong>praecepero</strong></span> <span class='ocrx_word' id='word_1_645' title='bbox 865 4086 977 4153; x_wconf 89' lang='lat' dir='ltr'><strong>tibi,</strong></span> <span class='ocrx_word' id='word_1_646' title='bbox 1008 4096 1053 4141; x_wconf 92' lang='lat' dir='ltr'><strong>et</strong></span> <span class='ocrx_word' id='word_1_647' title='bbox 1081 4088 1200 4142; x_wconf 86' lang='lat' dir='ltr'><strong>ieris</strong></span> <span class='ocrx_word' id='word_1_648' title='bbox 1219 4089 1273 4142; x_wconf 91' lang='lat' dir='ltr'><strong>in</strong></span> <span class='ocrx_word' id='word_1_649' title='bbox 1293 4088 1403 4142; x_wconf 80' lang='lat' dir='ltr'><strong>vias</strong></span> <span class='ocrx_word' id='word_1_650' title='bbox 1427 4104 1590 4157; x_wconf 89' lang='lat' dir='ltr'><strong>meas,</strong></span> 
     </span>
    </p>
   </div>
   <div class='ocr_carea' id='block_1_72' title="bbox 14 4184 1595 4259">
    <p class='ocr_par' dir='ltr' id='par_1_72' title="bbox 14 4184 1595 4259">
     <span class='ocr_line' id='line_1_72' title="bbox 14 4184 1595 4259; baseline -0.001 -20"><span class='ocrx_word' id='word_1_651' title='bbox 14 4196 42 4241; x_wconf 70' lang='lat' dir='ltr'><strong>rt</strong></span> <span class='ocrx_word' id='word_1_652' title='bbox 70 4188 248 4257; x_wconf 83' lang='lat' dir='ltr'><strong>feceris</strong></span> <span class='ocrx_word' id='word_1_653' title='bbox 284 4186 429 4259; x_wconf 87' lang='lat' dir='ltr'><strong>quod</strong></span> <span class='ocrx_word' id='word_1_654' title='bbox 468 4195 666 4239; x_wconf 87' lang='lat' dir='ltr'><strong>rectum</strong></span> <span class='ocrx_word' id='word_1_655' title='bbox 694 4192 768 4238; x_wconf 83' lang='lat' dir='ltr'><strong>est</strong></span> <span class='ocrx_word' id='word_1_656' title='bbox 798 4184 853 4237; x_wconf 86' lang='lat' dir='ltr'><strong>in</strong></span> <span class='ocrx_word' id='word_1_657' title='bbox 883 4191 1159 4251; x_wconf 86' lang='lat' dir='ltr'><strong>conspectu</strong></span> <span class='ocrx_word' id='word_1_658' title='bbox 1188 4198 1330 4249; x_wconf 88' lang='lat' dir='ltr'><strong>meo,</strong></span> <span class='ocrx_word' id='word_1_659' title='bbox 1356 4192 1402 4237; x_wconf 92' lang='lat' dir='ltr'><strong>et</strong></span> <span class='ocrx_word' id='word_1_660' title='bbox 1422 4193 1595 4239; x_wconf 88' lang='lat' dir='ltr'><strong>custo-</strong></span> 
     </span>
    </p>
   </div>
   <div class='ocr_carea' id='block_1_73' title="bbox 14 4277 1597 4355">
    <p class='ocr_par' dir='ltr' id='par_1_73' title="bbox 14 4277 1597 4355">
     <span class='ocr_line' id='line_1_73' title="bbox 14 4277 1597 4355; baseline -0.001 -21"><span class='ocrx_word' id='word_1_661' title='bbox 14 4282 146 4338; x_wconf 86' lang='lat' dir='ltr'><strong>lieris</strong></span> <span class='ocrx_word' id='word_1_662' title='bbox 168 4291 437 4355; x_wconf 68' lang='lat' dir='ltr'><strong>praecepta</strong></span> <span class='ocrx_word' id='word_1_663' title='bbox 466 4296 579 4334; x_wconf 83' lang='lat' dir='ltr'><strong>utea</strong></span> <span class='ocrx_word' id='word_1_664' title='bbox 606 4290 651 4334; x_wconf 91' lang='lat' dir='ltr'><strong>et</strong></span> <span class='ocrx_word' id='word_1_665' title='bbox 680 4277 928 4333; x_wconf 80' lang='lat' dir='ltr'><strong>mandata</strong></span> <span class='ocrx_word' id='word_1_666' title='bbox 951 4294 1082 4339; x_wconf 85' lang='lat' dir='ltr'><strong>utea,</strong></span> <span class='ocrx_word' id='word_1_667' title='bbox 1114 4278 1249 4332; x_wconf 87' lang='lat' dir='ltr'><strong>sicut</strong></span> <span class='ocrx_word' id='word_1_668' title='bbox 1275 4277 1396 4347; x_wconf 76' lang='lat' dir='ltr'><strong>fecit</strong></span> <span class='ocrx_word' id='word_1_669' title='bbox 1428 4277 1597 4333; x_wconf 85' lang='lat' dir='ltr'><strong>David</strong></span> 
     </span>
    </p>
   </div>
   <div class='ocr_carea' id='block_1_74' title="bbox 14 4370 1593 4442">
    <p class='ocr_par' dir='ltr' id='par_1_74' title="bbox 14 4370 1593 4442">
     <span class='ocr_line' id='line_1_74' title="bbox 14 4370 1593 4442; baseline -0.003 -11"><span class='ocrx_word' id='word_1_670' title='bbox 14 4393 160 4433; x_wconf 68' lang='lat' dir='ltr'><strong>erras</strong></span> <span class='ocrx_word' id='word_1_671' title='bbox 190 4393 373 4433; x_wconf 90' lang='lat' dir='ltr'><strong>meus:</strong></span> <span class='ocrx_word' id='word_1_672' title='bbox 397 4392 487 4432; x_wconf 89' lang='lat' dir='ltr'><strong>ero</strong></span> <span class='ocrx_word' id='word_1_673' title='bbox 518 4386 540 4414; x_wconf 77' lang='grc' dir='ltr'><strong>ο</strong></span> <span class='ocrx_word' id='word_1_674' title='bbox 569 4385 755 4438; x_wconf 87' lang='lat' dir='ltr'><strong>tecum,</strong></span> <span class='ocrx_word' id='word_1_675' title='bbox 787 4382 834 4427; x_wconf 91' lang='lat' dir='ltr'><strong>et</strong></span> <span class='ocrx_word' id='word_1_676' title='bbox 867 4370 1137 4441; x_wconf 74' lang='lat' dir='ltr'><strong>sedi/icabo</strong></span> <span class='ocrx_word' id='word_1_677' title='bbox 1170 4372 1262 4427; x_wconf 87' lang='lat' dir='ltr'><strong>tibi</strong></span> <span class='ocrx_word' id='word_1_678' title='bbox 1289 4372 1500 4427; x_wconf 88' lang='lat' dir='ltr'><strong>domum</strong></span> <span class='ocrx_word' id='word_1_679' title='bbox 1525 4374 1593 4442; x_wconf 79' lang='lat' dir='ltr'><strong>ﬁ-</strong></span> 
     </span>
    </p>
   </div>
   <div class='ocr_carea' id='block_1_75' title="bbox 13 4465 1595 4541">
    <p class='ocr_par' dir='ltr' id='par_1_75' title="bbox 13 4465 1595 4541">
     <span class='ocr_line' id='line_1_75' title="bbox 13 4465 1595 4541; baseline 0.001 -17"><span class='ocrx_word' id='word_1_680' title='bbox 13 4472 173 4539; x_wconf 84' lang='lat' dir='ltr'><strong>lelem,</strong></span> <span class='ocrx_word' id='word_1_681' title='bbox 201 4473 341 4529; x_wconf 87' lang='lat' dir='ltr'><strong>sicut</strong></span> <span class='ocrx_word' id='word_1_682' title='bbox 357 4470 618 4541; x_wconf 72' lang='lat' dir='ltr'><strong>wdiﬁcavi</strong></span> <span class='ocrx_word' id='word_1_683' title='bbox 645 4467 834 4523; x_wconf 80' lang='lat' dir='ltr'><strong>Dauid.</strong></span> <span class='ocrx_word' id='word_1_684' title='bbox 864 4466 1001 4522; x_wconf 88' lang='lat' dir='ltr'><strong>Cum</strong></span> <span class='ocrx_word' id='word_1_685' title='bbox 1023 4465 1258 4523; x_wconf 89' lang='lat' dir='ltr'><strong>audierit</strong></span> <span class='ocrx_word' id='word_1_686' title='bbox 1282 4465 1400 4523; x_wconf 65' lang='lat' dir='ltr'><strong>haec</strong></span> <span class='ocrx_word' id='word_1_687' title='bbox 1425 4482 1456 4522; x_wconf 92' lang='lat' dir='ltr'><strong>a</strong></span> <span class='ocrx_word' id='word_1_688' title='bbox 1480 4468 1595 4525; x_wconf 92' lang='lat' dir='ltr'><strong>Deo</strong></span> 
     </span>
    </p>
   </div>
   <div class='ocr_carea' id='block_1_76' title="bbox 14 4557 1597 4636">
    <p class='ocr_par' dir='ltr' id='par_1_76' title="bbox 14 4557 1597 4636">
     <span class='ocr_line' id='line_1_76' title="bbox 14 4557 1597 4636; baseline 0 -18"><span class='ocrx_word' id='word_1_689' title='bbox 14 4578 151 4622; x_wconf 69' lang='lat' dir='ltr'><strong>nomo</strong></span> <span class='ocrx_word' id='word_1_690' title='bbox 181 4573 343 4622; x_wconf 87' lang='lat' dir='ltr'><strong>ortus</strong></span> <span class='ocrx_word' id='word_1_691' title='bbox 391 4564 485 4636; x_wconf 89' lang='lat' dir='ltr'><strong>qui</strong></span> <span class='ocrx_word' id='word_1_692' title='bbox 532 4561 698 4619; x_wconf 87' lang='lat' dir='ltr'><strong>fuerit</strong></span> <span class='ocrx_word' id='word_1_693' title='bbox 726 4576 797 4617; x_wconf 78' lang='lat' dir='ltr'><strong>ex</strong></span> <span class='ocrx_word' id='word_1_694' title='bbox 845 4559 1171 4626; x_wconf 87' lang='lat' dir='ltr'><strong>meretrice,</strong></span> <span class='ocrx_word' id='word_1_695' title='bbox 1222 4557 1388 4616; x_wconf 84' lang='lat' dir='ltr'><strong>homo</strong></span> <span class='ocrx_word' id='word_1_696' title='bbox 1417 4561 1509 4632; x_wconf 91' lang='lat' dir='ltr'><strong>qui</strong></span> <span class='ocrx_word' id='word_1_697' title='bbox 1536 4577 1597 4619; x_wconf 90' lang='lat' dir='ltr'><strong>se</strong></span> 
     </span>
    </p>
   </div>
   <div class='ocr_carea' id='block_1_77' title="bbox 1697 3344 3302 3421">
    <p class='ocr_par' dir='ltr' id='par_1_77' title="bbox 1697 3344 3302 3421">
     <span class='ocr_line' id='line_1_77' title="bbox 1697 3344 3302 3421; baseline 0.01 -24"><span class='ocrx_word' id='word_1_698' title='bbox 1697 3344 1903 3399; x_wconf 80' lang='lat' dir='ltr'><strong>mellis?</strong></span> <span class='ocrx_word' id='word_1_699' title='bbox 1931 3344 2063 3401; x_wconf 75' lang='lat' dir='ltr'><strong>lleec</strong></span> <span class='ocrx_word' id='word_1_700' title='bbox 2083 3347 2205 3401; x_wconf 87' lang='lat' dir='ltr'><strong>dicit</strong></span> <span class='ocrx_word' id='word_1_701' title='bbox 2233 3345 2527 3404; x_wconf 90' lang='lat' dir='ltr'><strong>Dominus:</strong></span> <span class='ocrx_word' id='word_1_702' title='bbox 2557 3348 2694 3407; x_wconf 89' lang='lat' dir='ltr'><strong>Ecce</strong></span> <span class='ocrx_word' id='word_1_703' title='bbox 2718 3361 2771 3407; x_wconf 92' lang='lat' dir='ltr'><strong>tu</strong></span> <span class='ocrx_word' id='word_1_704' title='bbox 2801 3352 2900 3407; x_wconf 89' lang='lat' dir='ltr'><strong>ibis</strong></span> <span class='ocrx_word' id='word_1_705' title='bbox 2918 3371 2949 3408; x_wconf 93' lang='lat' dir='ltr'><strong>a</strong></span> <span class='ocrx_word' id='word_1_706' title='bbox 2972 3370 3075 3421; x_wconf 89' lang='lat' dir='ltr'><strong>me,</strong></span> <span class='ocrx_word' id='word_1_707' title='bbox 3118 3366 3167 3411; x_wconf 89' lang='lat' dir='ltr'><strong>et</strong></span> <span class='ocrx_word' id='word_1_708' title='bbox 3187 3373 3302 3413; x_wconf 75' lang='lat' dir='ltr'><strong>ecce</strong></span> 
     </span>
    </p>
   </div>
   <div class='ocr_carea' id='block_1_78' title="bbox 1699 3438 3301 3520">
    <p class='ocr_par' dir='ltr' id='par_1_78' title="bbox 1699 3438 3301 3520">
     <span class='ocr_line' id='line_1_78' title="bbox 1699 3438 3301 3520; baseline 0.01 -30"><span class='ocrx_word' id='word_1_709' title='bbox 1699 3453 1818 3491; x_wconf 86' lang='lat' dir='ltr'><strong>cum</strong></span> <span class='ocrx_word' id='word_1_710' title='bbox 1849 3438 2127 3495; x_wconf 87' lang='lat' dir='ltr'><strong>intraveris</strong></span> <span class='ocrx_word' id='word_1_711' title='bbox 2168 3452 2372 3510; x_wconf 87' lang='lat' dir='ltr'><strong>portam</strong></span> <span class='ocrx_word' id='word_1_712' title='bbox 2400 3443 2622 3499; x_wconf 78' lang='lat' dir='ltr'><strong>ciuitatis</strong></span> <span class='ocrx_word' id='word_1_713' title='bbox 2651 3445 2835 3511; x_wconf 80' lang='lat' dir='ltr'><strong>Arira,</strong></span> <span class='ocrx_word' id='word_1_714' title='bbox 2872 3445 2887 3484; x_wconf 84' lang='grc' dir='ltr'>ι</span> <span class='ocrx_word' id='word_1_715' title='bbox 2918 3457 2968 3502; x_wconf 89' lang='lat' dir='ltr'><strong>et</strong></span> <span class='ocrx_word' id='word_1_716' title='bbox 2993 3449 3181 3520; x_wconf 73' lang='lat' dir='ltr'><strong>puellae</strong></span> <span class='ocrx_word' id='word_1_717' title='bbox 3201 3458 3301 3506; x_wconf 75' lang='lat' dir='ltr'><strong>tua:</strong></span> 
     </span>
    </p>
   </div>
   <div class='ocr_carea' id='block_1_79' title="bbox 1701 3531 3298 3601">
    <p class='ocr_par' dir='ltr' id='par_1_79' title="bbox 1701 3531 3298 3601">
     <span class='ocr_line' id='line_1_79' title="bbox 1701 3531 3298 3601; baseline 0.011 -17"><span class='ocrx_word' id='word_1_718' title='bbox 1701 3531 1871 3586; x_wconf 81' lang='lat' dir='ltr'><strong>exient</strong></span> <span class='ocrx_word' id='word_1_719' title='bbox 1915 3534 1970 3587; x_wconf 89' lang='lat' dir='ltr'><strong>in</strong></span> <span class='ocrx_word' id='word_1_720' title='bbox 2021 3533 2252 3601; x_wconf 84' lang='lat' dir='ltr'><strong>obviam,</strong></span> <span class='ocrx_word' id='word_1_721' title='bbox 2295 3548 2342 3590; x_wconf 90' lang='lat' dir='ltr'><strong>et</strong></span> <span class='ocrx_word' id='word_1_722' title='bbox 2386 3536 2555 3592; x_wconf 78' lang='lat' dir='ltr'><strong>dicent</strong></span> <span class='ocrx_word' id='word_1_723' title='bbox 2586 3539 2678 3594; x_wconf 89' lang='lat' dir='ltr'><strong>tibi</strong></span> <span class='ocrx_word' id='word_1_724' title='bbox 2691 3555 2709 3594; x_wconf 90' lang='lat'><strong>:</strong></span> <span class='ocrx_word' id='word_1_725' title='bbox 2751 3538 2897 3596; x_wconf 88' lang='lat' dir='ltr'><strong>Puer</strong></span> <span class='ocrx_word' id='word_1_726' title='bbox 2937 3553 3172 3599; x_wconf 88' lang='lat' dir='ltr'><strong>mortuus</strong></span> <span class='ocrx_word' id='word_1_727' title='bbox 3201 3555 3298 3601; x_wconf 87' lang='lat' dir='ltr'><strong>est.</strong></span> 
     </span>
    </p>
   </div>
   <div class='ocr_carea' id='block_1_80' title="bbox 1662 3625 3301 3709">
    <p class='ocr_par' dir='ltr' id='par_1_80' title="bbox 1662 3625 3301 3709">
     <span class='ocr_line' id='line_1_80' title="bbox 1662 3625 3301 3709; baseline 0.01 -31"><span class='ocrx_word' id='word_1_728' title='bbox 1662 3684 1683 3695; x_wconf 58' lang='grc'><em>,</em></span> <span class='ocrx_word' id='word_1_729' title='bbox 1705 3625 1963 3691; x_wconf 83' lang='lat' dir='ltr'><strong>Quoniam</strong></span> <span class='ocrx_word' id='word_1_730' title='bbox 1995 3628 2106 3683; x_wconf 68' lang='lat' dir='ltr'><strong>hcce</strong></span> <span class='ocrx_word' id='word_1_731' title='bbox 2128 3628 2251 3683; x_wconf 91' lang='lat' dir='ltr'><strong>dicit</strong></span> <span class='ocrx_word' id='word_1_732' title='bbox 2283 3628 2575 3687; x_wconf 88' lang='lat' dir='ltr'><strong>Dominus:</strong></span> <span class='ocrx_word' id='word_1_733' title='bbox 2597 3631 2732 3689; x_wconf 84' lang='lat' dir='ltr'><strong>Ecce</strong></span> <span class='ocrx_word' id='word_1_734' title='bbox 2750 3650 2842 3705; x_wconf 85' lang='lat' dir='ltr'><strong>ego</strong></span> <span class='ocrx_word' id='word_1_735' title='bbox 2870 3635 3115 3706; x_wconf 84' lang='lat' dir='ltr'><strong>disperde</strong></span> <span class='ocrx_word' id='word_1_736' title='bbox 3142 3638 3301 3709; x_wconf 83' lang='lat' dir='ltr'><strong>huius</strong></span> 
     </span>
    </p>
   </div>
   <div class='ocr_carea' id='block_1_81' title="bbox 1701 3715 3300 3795">
    <p class='ocr_par' dir='ltr' id='par_1_81' title="bbox 1701 3715 3300 3795">
     <span class='ocr_line' id='line_1_81' title="bbox 1701 3715 3300 3795; baseline 0.009 -24"><span class='ocrx_word' id='word_1_737' title='bbox 1701 3715 2019 3774; x_wconf 81' lang='lat' dir='ltr'><strong>Hieroboam</strong></span> <span class='ocrx_word' id='word_1_738' title='bbox 2066 3722 2373 3793; x_wconf 86' lang='lat' dir='ltr'><strong>mingentem</strong></span> <span class='ocrx_word' id='word_1_739' title='bbox 2409 3724 2478 3777; x_wconf 90' lang='lat' dir='ltr'><strong>ad</strong></span> <span class='ocrx_word' id='word_1_740' title='bbox 2516 3726 2803 3795; x_wconf 84' lang='lat' dir='ltr'><strong>parietem:</strong></span> <span class='ocrx_word' id='word_1_741' title='bbox 2839 3738 2890 3783; x_wconf 88' lang='lat' dir='ltr'><strong>et</strong></span> <span class='ocrx_word' id='word_1_742' title='bbox 2918 3738 3071 3784; x_wconf 87' lang='lat' dir='ltr'><strong>erunt</strong></span> <span class='ocrx_word' id='word_1_743' title='bbox 3109 3732 3300 3786; x_wconf 88' lang='lat' dir='ltr'><strong>mortui</strong></span> 
     </span>
    </p>
   </div>
   <div class='ocr_carea' id='block_1_82' title="bbox 1697 3810 3302 3892">
    <p class='ocr_par' dir='ltr' id='par_1_82' title="bbox 1697 3810 3302 3892">
     <span class='ocr_line' id='line_1_82' title="bbox 1697 3810 3302 3892; baseline 0.01 -28"><span class='ocrx_word' id='word_1_744' title='bbox 1697 3811 1813 3882; x_wconf 89' lang='lat' dir='ltr'><strong>ejus</strong></span> <span class='ocrx_word' id='word_1_745' title='bbox 1846 3810 2159 3869; x_wconf 83' lang='lat' dir='ltr'><strong>Hieroboam</strong></span> <span class='ocrx_word' id='word_1_746' title='bbox 2186 3815 2239 3869; x_wconf 91' lang='lat' dir='ltr'><strong>in</strong></span> <span class='ocrx_word' id='word_1_747' title='bbox 2270 3817 2549 3885; x_wconf 85' lang='lat' dir='ltr'><strong>civitatem,</strong></span> <span class='ocrx_word' id='word_1_748' title='bbox 2580 3828 2627 3873; x_wconf 89' lang='lat' dir='ltr'><strong>et</strong></span> <span class='ocrx_word' id='word_1_749' title='bbox 2654 3820 2917 3876; x_wconf 89' lang='lat' dir='ltr'><strong>comedent</strong></span> <span class='ocrx_word' id='word_1_750' title='bbox 2944 3838 3029 3878; x_wconf 89' lang='lat' dir='ltr'><strong>eos</strong></span> <span class='ocrx_word' id='word_1_751' title='bbox 3056 3840 3229 3892; x_wconf 89' lang='lat' dir='ltr'><strong>canes,</strong></span> <span class='ocrx_word' id='word_1_752' title='bbox 3252 3835 3302 3881; x_wconf 92' lang='lat' dir='ltr'><strong>et</strong></span> 
     </span>
    </p>
   </div>
   <div class='ocr_carea' id='block_1_83' title="bbox 1700 3906 3299 3981">
    <p class='ocr_par' dir='ltr' id='par_1_83' title="bbox 1700 3906 3299 3981">
     <span class='ocr_line' id='line_1_83' title="bbox 1700 3906 3299 3981; baseline 0.012 -26"><span class='ocrx_word' id='word_1_753' title='bbox 1700 3906 1892 3959; x_wconf 89' lang='lat' dir='ltr'><strong>mortui</strong></span> <span class='ocrx_word' id='word_1_754' title='bbox 1918 3918 2069 3961; x_wconf 86' lang='lat' dir='ltr'><strong>erunt</strong></span> <span class='ocrx_word' id='word_1_755' title='bbox 2096 3908 2145 3962; x_wconf 90' lang='lat' dir='ltr'><strong>ei</strong></span> <span class='ocrx_word' id='word_1_756' title='bbox 2173 3909 2230 3963; x_wconf 87' lang='lat' dir='ltr'><strong>in</strong></span> <span class='ocrx_word' id='word_1_757' title='bbox 2257 3926 2405 3981; x_wconf 87' lang='lat' dir='ltr'><strong>agro,</strong></span> <span class='ocrx_word' id='word_1_758' title='bbox 2439 3920 2487 3965; x_wconf 92' lang='lat' dir='ltr'><strong>et</strong></span> <span class='ocrx_word' id='word_1_759' title='bbox 2514 3916 2777 3969; x_wconf 87' lang='lat' dir='ltr'><strong>comedent</strong></span> <span class='ocrx_word' id='word_1_760' title='bbox 2802 3931 2890 3971; x_wconf 76' lang='lat' dir='ltr'><strong>eos</strong></span> <span class='ocrx_word' id='word_1_761' title='bbox 2908 3916 3138 3974; x_wconf 73' lang='lat' dir='ltr'><strong>volucres</strong></span> <span class='ocrx_word' id='word_1_762' title='bbox 3164 3918 3299 3974; x_wconf 72' lang='lat' dir='ltr'><strong>caeli.</strong></span> 
     </span>
    </p>
   </div>
   <div class='ocr_carea' id='block_1_84' title="bbox 1697 3995 3301 4078">
    <p class='ocr_par' dir='ltr' id='par_1_84' title="bbox 1697 3995 3301 4078">
     <span class='ocr_line' id='line_1_84' title="bbox 1697 3995 3301 4078; baseline 0.009 -27"><span class='ocrx_word' id='word_1_763' title='bbox 1697 3995 1814 4052; x_wconf 83' lang='lat' dir='ltr'><strong>Non</strong></span> <span class='ocrx_word' id='word_1_764' title='bbox 1843 4007 1946 4066; x_wconf 91' lang='lat' dir='ltr'><strong>est,</strong></span> <span class='ocrx_word' id='word_1_765' title='bbox 1982 3999 2227 4071; x_wconf 89' lang='lat' dir='ltr'><strong>inquam,</strong></span> <span class='ocrx_word' id='word_1_766' title='bbox 2262 4018 2486 4073; x_wconf 88' lang='lat' dir='ltr'><strong>novum,</strong></span> <span class='ocrx_word' id='word_1_767' title='bbox 2518 4003 2565 4059; x_wconf 91' lang='lat' dir='ltr'><strong>si</strong></span> <span class='ocrx_word' id='word_1_768' title='bbox 2598 4016 2651 4060; x_wconf 93' lang='lat' dir='ltr'><strong>tu</strong></span> <span class='ocrx_word' id='word_1_769' title='bbox 2678 4006 2733 4062; x_wconf 90' lang='lat' dir='ltr'><strong>in</strong></span> <span class='ocrx_word' id='word_1_770' title='bbox 2765 4005 2867 4063; x_wconf 88' lang='lat' dir='ltr'><strong>hac</strong></span> <span class='ocrx_word' id='word_1_771' title='bbox 2900 4009 3203 4078; x_wconf 88' lang='lat' dir='ltr'><strong>pertinacia</strong></span> <span class='ocrx_word' id='word_1_772' title='bbox 3223 4010 3301 4066; x_wconf 85' lang='lat' dir='ltr'><strong>sis</strong></span> 
     </span>
    </p>
   </div>
   <div class='ocr_carea' id='block_1_85' title="bbox 1700 4099 3301 4168">
    <p class='ocr_par' dir='ltr' id='par_1_85' title="bbox 1700 4099 3301 4168">
     <span class='ocr_line' id='line_1_85' title="bbox 1700 4099 3301 4168; baseline 0.006 -19"><span class='ocrx_word' id='word_1_773' title='bbox 1700 4102 1973 4163; x_wconf 89' lang='lat' dir='ltr'><strong>perstans,</strong></span> <span class='ocrx_word' id='word_1_774' title='bbox 2007 4109 2128 4151; x_wconf 92' lang='lat' dir='ltr'><strong>cum</strong></span> <span class='ocrx_word' id='word_1_775' title='bbox 2157 4111 2457 4168; x_wconf 87' lang='lat' dir='ltr'><strong>cognoscas</strong></span> <span class='ocrx_word' id='word_1_776' title='bbox 2480 4099 2640 4154; x_wconf 88' lang='lat' dir='ltr'><strong>istum</strong></span> <span class='ocrx_word' id='word_1_777' title='bbox 2662 4099 2988 4156; x_wconf 83' lang='lat' dir='ltr'><strong>Hieroboam</strong></span> <span class='ocrx_word' id='word_1_778' title='bbox 3014 4101 3097 4157; x_wconf 87' lang='lat' dir='ltr'><strong>his</strong></span> <span class='ocrx_word' id='word_1_779' title='bbox 3124 4102 3301 4158; x_wconf 84' lang='lat' dir='ltr'><strong>omni-</strong></span> 
     </span>
    </p>
   </div>
   <div class='ocr_carea' id='block_1_86' title="bbox 1702 4188 3303 4252">
    <p class='ocr_par' dir='ltr' id='par_1_86' title="bbox 1702 4188 3303 4252">
     <span class='ocr_line' id='line_1_86' title="bbox 1702 4188 3303 4252; baseline 0.005 -8"><span class='ocrx_word' id='word_1_780' title='bbox 1702 4188 1805 4245; x_wconf 90' lang='lat' dir='ltr'><strong>bus</strong></span> <span class='ocrx_word' id='word_1_781' title='bbox 1828 4207 1937 4246; x_wconf 92' lang='lat' dir='ltr'><strong>non</strong></span> <span class='ocrx_word' id='word_1_782' title='bbox 1974 4190 2300 4248; x_wconf 87' lang='lat' dir='ltr'><strong>deterritum</strong></span> <span class='ocrx_word' id='word_1_783' title='bbox 2332 4194 2532 4249; x_wconf 87' lang='lat' dir='ltr'><strong>rebus:</strong></span> <span class='ocrx_word' id='word_1_784' title='bbox 2572 4195 2757 4250; x_wconf 86' lang='lat' dir='ltr'><strong>statim</strong></span> <span class='ocrx_word' id='word_1_785' title='bbox 2798 4195 3001 4251; x_wconf 86' lang='lat' dir='ltr'><strong>etenim</strong></span> <span class='ocrx_word' id='word_1_786' title='bbox 3030 4204 3091 4251; x_wconf 90' lang='lat' dir='ltr'><strong>ut</strong></span> <span class='ocrx_word' id='word_1_787' title='bbox 3125 4195 3303 4252; x_wconf 89' lang='lat' dir='ltr'><strong>fuerat</strong></span> 
     </span>
    </p>
   </div>
   <div class='ocr_carea' id='block_1_87' title="bbox 1703 4284 3305 4361">
    <p class='ocr_par' dir='ltr' id='par_1_87' title="bbox 1703 4284 3305 4361">
     <span class='ocr_line' id='line_1_87' title="bbox 1703 4284 3305 4361; baseline 0.004 -20"><span class='ocrx_word' id='word_1_788' title='bbox 1703 4284 1907 4342; x_wconf 91' lang='lat' dir='ltr'><strong>dictum</strong></span> <span class='ocrx_word' id='word_1_789' title='bbox 1940 4287 2010 4343; x_wconf 86' lang='lat' dir='ltr'><strong>ab</strong></span> <span class='ocrx_word' id='word_1_790' title='bbox 2041 4288 2265 4345; x_wconf 89' lang='lat' dir='ltr'><strong>homine</strong></span> <span class='ocrx_word' id='word_1_791' title='bbox 2294 4288 2416 4355; x_wconf 91' lang='lat' dir='ltr'><strong>Dei,</strong></span> <span class='ocrx_word' id='word_1_792' title='bbox 2456 4297 2518 4344; x_wconf 89' lang='lat' dir='ltr'><strong>ut</strong></span> <span class='ocrx_word' id='word_1_793' title='bbox 2554 4289 2797 4361; x_wconf 87' lang='lat' dir='ltr'><strong>ingressa</strong></span> <span class='ocrx_word' id='word_1_794' title='bbox 2835 4301 2918 4345; x_wconf 90' lang='lat' dir='ltr'><strong>est</strong></span> <span class='ocrx_word' id='word_1_795' title='bbox 2949 4290 3147 4347; x_wconf 86' lang='lat' dir='ltr'><strong>mulier</strong></span> <span class='ocrx_word' id='word_1_796' title='bbox 3169 4292 3305 4348; x_wconf 86' lang='lat' dir='ltr'><strong>civi-</strong></span> 
     </span>
    </p>
   </div>
   <div class='ocr_carea' id='block_1_88' title="bbox 1704 4382 3303 4452">
    <p class='ocr_par' dir='ltr' id='par_1_88' title="bbox 1704 4382 3303 4452">
     <span class='ocr_line' id='line_1_88' title="bbox 1704 4382 3303 4452; baseline 0.005 -17"><span class='ocrx_word' id='word_1_797' title='bbox 1704 4389 1887 4447; x_wconf 89' lang='lat' dir='ltr'><strong>tatem,</strong></span> <span class='ocrx_word' id='word_1_798' title='bbox 1915 4382 2061 4439; x_wconf 75' lang='lat' dir='ltr'><strong>filius</strong></span> <span class='ocrx_word' id='word_1_799' title='bbox 2086 4398 2277 4439; x_wconf 89' lang='lat' dir='ltr'><strong>eorum</strong></span> <span class='ocrx_word' id='word_1_800' title='bbox 2302 4396 2549 4440; x_wconf 80' lang='lat' dir='ltr'><strong>mortuus</strong></span> <span class='ocrx_word' id='word_1_801' title='bbox 2577 4392 2693 4452; x_wconf 91' lang='lat' dir='ltr'><strong>est;</strong></span> <span class='ocrx_word' id='word_1_802' title='bbox 2720 4394 2773 4440; x_wconf 90' lang='lat' dir='ltr'><strong>et</strong></span> <span class='ocrx_word' id='word_1_803' title='bbox 2798 4392 2981 4441; x_wconf 86' lang='lat' dir='ltr'><strong>tamen</strong></span> <span class='ocrx_word' id='word_1_804' title='bbox 3018 4401 3125 4442; x_wconf 92' lang='lat' dir='ltr'><strong>non</strong></span> <span class='ocrx_word' id='word_1_805' title='bbox 3171 4402 3303 4442; x_wconf 81' lang='lat' dir='ltr'><strong>cou-</strong></span> 
     </span>
    </p>
   </div>
   <div class='ocr_carea' id='block_1_89' title="bbox 1699 4476 3299 4553">
    <p class='ocr_par' dir='ltr' id='par_1_89' title="bbox 1699 4476 3299 4553">
     <span class='ocr_line' id='line_1_89' title="bbox 1699 4476 3299 4553; baseline 0.006 -24"><span class='ocrx_word' id='word_1_806' title='bbox 1699 4476 1882 4545; x_wconf 84' lang='lat' dir='ltr'><strong>spexit</strong></span> <span class='ocrx_word' id='word_1_807' title='bbox 1912 4476 2214 4533; x_wconf 83' lang='lat' dir='ltr'><strong>Hieroboas</strong></span> <span class='ocrx_word' id='word_1_808' title='bbox 2243 4478 2373 4549; x_wconf 91' lang='lat' dir='ltr'><strong>quid</strong></span> <span class='ocrx_word' id='word_1_809' title='bbox 2413 4478 2465 4535; x_wconf 92' lang='lat' dir='ltr'><strong>ei</strong></span> <span class='ocrx_word' id='word_1_810' title='bbox 2498 4478 2661 4545; x_wconf 89' lang='lat' dir='ltr'><strong>Deus,</strong></span> <span class='ocrx_word' id='word_1_811' title='bbox 2693 4490 2982 4550; x_wconf 87' lang='lat' dir='ltr'><strong>propterea</strong></span> <span class='ocrx_word' id='word_1_812' title='bbox 3008 4481 3153 4553; x_wconf 91' lang='lat' dir='ltr'><strong>quod</strong></span> <span class='ocrx_word' id='word_1_813' title='bbox 3175 4498 3299 4541; x_wconf 89' lang='lat' dir='ltr'><strong>eum</strong></span> 
     </span>
    </p>
   </div>
   <div class='ocr_carea' id='block_1_90' title="bbox 1704 4567 3300 4644">
    <p class='ocr_par' dir='ltr' id='par_1_90' title="bbox 1704 4567 3300 4644">
     <span class='ocr_line' id='line_1_90' title="bbox 1704 4567 3300 4644; baseline 0.006 -21"><span class='ocrx_word' id='word_1_814' title='bbox 1704 4567 2125 4640; x_wconf 89' lang='lat' dir='ltr'><strong>dereliquisset,</strong></span> <span class='ocrx_word' id='word_1_815' title='bbox 2179 4578 2236 4626; x_wconf 92' lang='lat' dir='ltr'><strong>et</strong></span> <span class='ocrx_word' id='word_1_816' title='bbox 2279 4570 2538 4642; x_wconf 87' lang='lat' dir='ltr'><strong>populum</strong></span> <span class='ocrx_word' id='word_1_817' title='bbox 2585 4585 2774 4627; x_wconf 88' lang='lat' dir='ltr'><strong>secum</strong></span> <span class='ocrx_word' id='word_1_818' title='bbox 2819 4572 3000 4643; x_wconf 89' lang='lat' dir='ltr'><strong>perire</strong></span> <span class='ocrx_word' id='word_1_819' title='bbox 3043 4573 3300 4644; x_wconf 83' lang='lat' dir='ltr'><strong>fecisset,</strong></span> 
     </span>
    </p>
   </div>
   <div class='ocr_carea' id='block_1_91' title="bbox 65 4744 3298 4834">
    <p class='ocr_par' dir='ltr' id='par_1_91' title="bbox 65 4744 3298 4834">
     <span class='ocr_line' id='line_1_91' title="bbox 65 4744 3298 4834; baseline -0.002 -28"><span class='ocrx_word' id='word_1_820' title='bbox 65 4777 89 4806; x_wconf 74' lang='grc' dir='ltr'>α</span> <span class='ocrx_word' id='word_1_821' title='bbox 130 4768 314 4825; x_wconf 88' lang='lat' dir='ltr'><strong>Locus</strong></span> <span class='ocrx_word' id='word_1_822' title='bbox 342 4764 620 4821; x_wconf 88' lang='lat' dir='ltr'><strong>obscurus</strong></span> <span class='ocrx_word' id='word_1_823' title='bbox 639 4809 654 4831; x_wconf 94' lang='lat'><strong>,</strong></span> <span class='ocrx_word' id='word_1_824' title='bbox 700 4776 859 4834; x_wconf 89' lang='lat' dir='ltr'><strong>quem</strong></span> <span class='ocrx_word' id='word_1_825' title='bbox 889 4760 969 4834; x_wconf 82' lang='lat' dir='ltr'><strong>sic</strong></span> <span class='ocrx_word' id='word_1_826' title='bbox 1015 4758 1379 4834; x_wconf 86' lang='lat' dir='ltr'><strong>interpretor:</strong></span> <span class='ocrx_word' id='word_1_827' title='bbox 1409 4757 1611 4815; x_wconf 87' lang='lat' dir='ltr'><strong>Horta-</strong></span> <span class='ocrx_word' id='word_1_828' title='bbox 1635 4749 1691 4812; x_wconf 90' lang='lat' dir='ltr'><strong>D</strong></span> <span class='ocrx_word' id='word_1_829' title='bbox 1715 4744 1838 4834; x_wconf 59' lang='lat' dir='ltr'><strong>Yfﬁ.</strong></span> <span class='ocrx_word' id='word_1_830' title='bbox 1866 4748 2029 4834; x_wconf 74' lang='lat' dir='ltr'><strong>habet</strong></span> <span class='ocrx_word' id='word_1_831' title='bbox 2057 4766 2122 4833; x_wconf 74' lang='lat' dir='ltr'><strong>ea;</strong></span> <span class='ocrx_word' id='word_1_832' title='bbox 2146 4749 2255 4805; x_wconf 89' lang='lat' dir='ltr'><strong>ilon</strong></span> <span class='ocrx_word' id='word_1_833' title='bbox 2280 4758 2575 4834; x_wconf 73' lang='lat' dir='ltr'><strong>corrupte:</strong></span> <span class='ocrx_word' id='word_1_834' title='bbox 2608 4752 2752 4834; x_wconf 77' lang='lat' dir='ltr'><strong>quod</strong></span> <span class='ocrx_word' id='word_1_835' title='bbox 2774 4769 2904 4834; x_wconf 72' lang='lat' dir='ltr'><strong>cum</strong></span> <span class='ocrx_word' id='word_1_836' title='bbox 2935 4756 3109 4815; x_wconf 67' lang='lat' dir='ltr'><strong>Titius</strong></span> <span class='ocrx_word' id='word_1_837' title='bbox 3134 4760 3298 4816; x_wconf 50' lang='lat' dir='ltr'><strong>etiam</strong></span> 
     </span>
    </p>
   </div>
   <div class='ocr_carea' id='block_1_92' title="bbox 14 4831 1593 4911">
    <p class='ocr_par' dir='ltr' id='par_1_92' title="bbox 14 4831 1593 4911">
     <span class='ocr_line' id='line_1_92' title="bbox 14 4831 1593 4911; baseline -0.005 -18"><span class='ocrx_word' id='word_1_838' title='bbox 14 4857 104 4895; x_wconf 87' lang='lat' dir='ltr'><strong>nur</strong></span> <span class='ocrx_word' id='word_1_839' title='bbox 128 4882 142 4905; x_wconf 92' lang='lat'><strong>,</strong></span> <span class='ocrx_word' id='word_1_840' title='bbox 174 4850 230 4894; x_wconf 89' lang='lat' dir='ltr'><strong>ut</strong></span> <span class='ocrx_word' id='word_1_841' title='bbox 258 4855 286 4893; x_wconf 91' lang='lat' dir='ltr'><strong>e</strong></span> <span class='ocrx_word' id='word_1_842' title='bbox 314 4838 483 4911; x_wconf 12' lang='lat' dir='ltr'><strong>tantis,</strong></span> <span class='ocrx_word' id='word_1_843' title='bbox 504 4845 551 4911; x_wconf 83' lang='lat' dir='ltr'><strong>te</strong></span> <span class='ocrx_word' id='word_1_844' title='bbox 580 4831 768 4911; x_wconf 83' lang='lat' dir='ltr'><strong>eripias</strong></span> <span class='ocrx_word' id='word_1_845' title='bbox 786 4831 944 4911; x_wconf 74' lang='lat' dir='ltr'><strong>malis</strong></span> <span class='ocrx_word' id='word_1_846' title='bbox 968 4874 983 4896; x_wconf 96' lang='lat'><strong>,</strong></span> <span class='ocrx_word' id='word_1_847' title='bbox 1016 4832 1446 4911; x_wconf 76' lang='lat' dir='ltr'><strong>priesertint_cum</strong></span> <span class='ocrx_word' id='word_1_848' title='bbox 1485 4834 1593 4911; x_wconf 80' lang='lat' dir='ltr'><strong>pri-</strong></span> 
     </span>
    </p>
   </div>
   <div class='ocr_carea' id='block_1_93' title="bbox 14 4901 1598 4979">
    <p class='ocr_par' dir='ltr' id='par_1_93' title="bbox 14 4901 1598 4979">
     <span class='ocr_line' id='line_1_93' title="bbox 14 4901 1598 4979; baseline -0.003 -16"><span class='ocrx_word' id='word_1_849' title='bbox 14 4930 105 4967; x_wconf 89' lang='lat' dir='ltr'><strong>nns</strong></span> <span class='ocrx_word' id='word_1_850' title='bbox 132 4901 243 4967; x_wconf 76' lang='lat' dir='ltr'><strong>non</strong></span> <span class='ocrx_word' id='word_1_851' title='bbox 268 4912 365 4974; x_wconf 87' lang='lat' dir='ltr'><strong>sis,</strong></span> <span class='ocrx_word' id='word_1_852' title='bbox 397 4910 486 4979; x_wconf 87' lang='lat' dir='ltr'><strong>qui</strong></span> <span class='ocrx_word' id='word_1_853' title='bbox 529 4901 667 4963; x_wconf 67' lang='lat' dir='ltr'><strong>Ita&#39;c&#39;</strong></span> <span class='ocrx_word' id='word_1_854' title='bbox 691 4906 888 4962; x_wconf 88' lang='lat' dir='ltr'><strong>scelera</strong></span> <span class='ocrx_word' id='word_1_855' title='bbox 919 4911 1200 4979; x_wconf 83' lang='lat' dir='ltr'><strong>perpetres,</strong></span> <span class='ocrx_word' id='word_1_856' title='bbox 1232 4901 1338 4979; x_wconf 37' lang='lat' dir='ltr'><strong>sed.</strong></span> <span class='ocrx_word' id='word_1_857' title='bbox 1364 4904 1598 4979; x_wconf 56' lang='lat' dir='ltr'><strong>exempla</strong></span> 
     </span>
    </p>
   </div>
   <div class='ocr_carea' id='block_1_94' title="bbox 14 4972 1597 5054">
    <p class='ocr_par' dir='ltr' id='par_1_94' title="bbox 14 4972 1597 5054">
     <span class='ocr_line' id='line_1_94' title="bbox 14 4972 1597 5054; baseline -0.004 -17"><span class='ocrx_word' id='word_1_858' title='bbox 14 4985 79 5038; x_wconf 87' lang='lat' dir='ltr'><strong>ibi</strong></span> <span class='ocrx_word' id='word_1_859' title='bbox 107 4985 210 5039; x_wconf 85' lang='lat' dir='ltr'><strong>sint</strong></span> <span class='ocrx_word' id='word_1_860' title='bbox 241 4972 538 5054; x_wconf 61' lang='lat' dir='ltr'><strong>proposita,</strong></span> <span class='ocrx_word' id='word_1_861' title='bbox 562 4997 593 5034; x_wconf 93' lang='lat' dir='ltr'><strong>a</strong></span> <span class='ocrx_word' id='word_1_862' title='bbox 620 4980 803 5054; x_wconf 84' lang='lat' dir='ltr'><strong>quibus</strong></span> <span class='ocrx_word' id='word_1_863' title='bbox 828 4972 1047 5054; x_wconf 71' lang='lat' dir='ltr'><strong>maxime</strong></span> <span class='ocrx_word' id='word_1_864' title='bbox 1072 4989 1287 5030; x_wconf 79' lang='lat' dir='ltr'><strong>caveas:</strong></span> <span class='ocrx_word' id='word_1_865' title='bbox 1317 4972 1471 5029; x_wconf 87' lang='lat' dir='ltr'><strong>habes</strong></span> <span class='ocrx_word' id='word_1_866' title='bbox 1499 4972 1597 5031; x_wconf 85' lang='lat' dir='ltr'><strong>hoc</strong></span> 
     </span>
    </p>
   </div>
   <div class='ocr_carea' id='block_1_95' title="bbox 14 5047 1125 5126">
    <p class='ocr_par' dir='ltr' id='par_1_95' title="bbox 14 5047 1125 5126">
     <span class='ocr_line' id='line_1_95' title="bbox 14 5047 1125 5126; baseline -0.006 -19"><span class='ocrx_word' id='word_1_867' title='bbox 14 5047 256 5112; x_wconf 54' lang='lat' dir='ltr'><strong>presterea&#39;.</strong></span> <span class='ocrx_word' id='word_1_868' title='bbox 286 5047 435 5126; x_wconf 66' lang='lat' dir='ltr'><strong>quod</strong></span> <span class='ocrx_word' id='word_1_869' title='bbox 461 5047 660 5126; x_wconf 76' lang='lat' dir='ltr'><strong>primus</strong></span> <span class='ocrx_word' id='word_1_870' title='bbox 687 5052 789 5106; x_wconf 86' lang='lat' dir='ltr'><strong>ista</strong></span> <span class='ocrx_word' id='word_1_871' title='bbox 810 5066 911 5104; x_wconf 90' lang='lat' dir='ltr'><strong>non</strong></span> <span class='ocrx_word' id='word_1_872' title='bbox 941 5047 1125 5121; x_wconf 79' lang='lat' dir='ltr'><strong>facias.</strong></span> 
     </span>
    </p>
   </div>
   <div class='ocr_carea' id='block_1_96' title="bbox 60 5122 703 5193">
    <p class='ocr_par' dir='ltr' id='par_1_96' title="bbox 60 5122 703 5193">
     <span class='ocr_line' id='line_1_96' title="bbox 60 5122 703 5193; baseline -0.005 -12"><span class='ocrx_word' id='word_1_873' title='bbox 60 5127 87 5164; x_wconf 67' lang='grc' dir='ltr'>δ</span> <span class='ocrx_word' id='word_1_874' title='bbox 131 5122 342 5181; x_wconf 77' lang='lat' dir='ltr'><strong>Ponant</strong></span> <span class='ocrx_word' id='word_1_875' title='bbox 368 5122 501 5193; x_wconf 83' lang='lat' dir='ltr'><strong>legit</strong></span> <span class='ocrx_word' id='word_1_876' title='bbox 518 5124 703 5179; x_wconf 74' lang='lat' dir='ltr'><strong>Saliat.</strong></span> 
     </span>
    </p>
   </div>
   <div class='ocr_carea' id='block_1_97' title="bbox 60 5192 1159 5255">
    <p class='ocr_par' dir='ltr' id='par_1_97' title="bbox 60 5192 1159 5255">
     <span class='ocr_line' id='line_1_97' title="bbox 60 5192 1159 5255; baseline -0.008 -2"><span class='ocrx_word' id='word_1_877' title='bbox 60 5212 81 5238; x_wconf 78' lang='grc' dir='ltr'><strong>ο</strong></span> <span class='ocrx_word' id='word_1_878' title='bbox 124 5198 194 5253; x_wconf 89' lang='lat' dir='ltr'><strong>Et</strong></span> <span class='ocrx_word' id='word_1_879' title='bbox 221 5213 311 5252; x_wconf 89' lang='lat' dir='ltr'><strong>ero</strong></span> <span class='ocrx_word' id='word_1_880' title='bbox 334 5192 532 5255; x_wconf 86' lang='lat' dir='ltr'><strong>tecum.</strong></span> <span class='ocrx_word' id='word_1_881' title='bbox 564 5196 734 5251; x_wconf 79' lang='lat' dir='ltr'><strong>Vatic.</strong></span> <span class='ocrx_word' id='word_1_882' title='bbox 763 5194 837 5249; x_wconf 91' lang='lat' dir='ltr'><strong>uti</strong></span> <span class='ocrx_word' id='word_1_883' title='bbox 866 5194 918 5249; x_wconf 91' lang='lat' dir='ltr'><strong>in</strong></span> <span class='ocrx_word' id='word_1_884' title='bbox 948 5192 1159 5250; x_wconf 73' lang='lat' dir='ltr'><strong>Graeco.</strong></span> 
     </span>
    </p>
   </div>
   <div class='ocr_carea' id='block_1_98' title="bbox 55 5262 1309 5346">
    <p class='ocr_par' dir='ltr' id='par_1_98' title="bbox 55 5262 1309 5346">
     <span class='ocr_line' id='line_1_98' title="bbox 55 5262 1309 5346; baseline -0.006 -22"><span class='ocrx_word' id='word_1_885' title='bbox 55 5268 82 5307; x_wconf 76' lang='grc' dir='ltr'><strong>ί¹</strong></span> <span class='ocrx_word' id='word_1_886' title='bbox 125 5270 293 5324; x_wconf 83' lang='lat' dir='ltr'><strong>Forte</strong></span> <span class='ocrx_word' id='word_1_887' title='bbox 323 5266 752 5346; x_wconf 61' lang='lat' dir='ltr'><strong>subjiciendum,</strong></span> <span class='ocrx_word' id='word_1_888' title='bbox 783 5265 920 5346; x_wconf 77' lang='lat' dir='ltr'><strong>quod</strong></span> <span class='ocrx_word' id='word_1_889' title='bbox 942 5262 1309 5346; x_wconf 38' lang='lat' dir='ltr'><strong>e.t&#39;Deus,_elc.</strong></span> 
     </span>
    </p>
   </div>
   <div class='ocr_carea' id='block_1_99' title="bbox 59 5331 1590 5397">
    <p class='ocr_par' dir='ltr' id='par_1_99' title="bbox 59 5331 1590 5397">
     <span class='ocr_line' id='line_1_99' title="bbox 59 5331 1590 5397; baseline -0.005 0"><span class='ocrx_word' id='word_1_890' title='bbox 59 5351 83 5379; x_wconf 74' lang='grc' dir='ltr'>ε</span> <span class='ocrx_word' id='word_1_891' title='bbox 122 5341 378 5397; x_wconf 84' lang='lat' dir='ltr'><strong>Contulit</strong></span> <span class='ocrx_word' id='word_1_892' title='bbox 406 5339 536 5394; x_wconf 83' lang='lat' dir='ltr'><strong>Sab.</strong></span> <span class='ocrx_word' id='word_1_893' title='bbox 568 5338 671 5395; x_wconf 84' lang='lat' dir='ltr'><strong>hoc</strong></span> <span class='ocrx_word' id='word_1_894' title='bbox 703 5331 1074 5393; x_wconf 81' lang='lat' dir='ltr'><strong>testiinonium</strong></span> <span class='ocrx_word' id='word_1_895' title='bbox 1103 5334 1156 5388; x_wconf 93' lang='lat' dir='ltr'><strong>in</strong></span> <span class='ocrx_word' id='word_1_896' title='bbox 1180 5331 1336 5389; x_wconf 78' lang='lat' dir='ltr'><strong>Vers.</strong></span> <span class='ocrx_word' id='word_1_897' title='bbox 1370 5335 1501 5391; x_wconf 81' lang='lat' dir='ltr'><strong>Ant.</strong></span> <span class='ocrx_word' id='word_1_898' title='bbox 1525 5352 1590 5390; x_wconf 84' lang='lat' dir='ltr'><strong>ex</strong></span> 
     </span>
    </p>
   </div>
   <div class='ocr_carea' id='block_1_100' title="bbox 14 5407 1592 5480">
    <p class='ocr_par' dir='ltr' id='par_1_100' title="bbox 14 5407 1592 5480">
     <span class='ocr_line' id='line_1_100' title="bbox 14 5407 1592 5480; baseline -0.004 -13"><span class='ocrx_word' id='word_1_899' title='bbox 14 5412 184 5480; x_wconf 80' lang='lat' dir='ltr'><strong>.ueif.,</strong></span> <span class='ocrx_word' id='word_1_900' title='bbox 218 5424 277 5466; x_wconf 88' lang='lat' dir='ltr'><strong>ut</strong></span> <span class='ocrx_word' id='word_1_901' title='bbox 306 5412 481 5468; x_wconf 89' lang='lat' dir='ltr'><strong>etiam</strong></span> <span class='ocrx_word' id='word_1_902' title='bbox 524 5411 627 5466; x_wconf 89' lang='lat' dir='ltr'><strong>hoc</strong></span> <span class='ocrx_word' id='word_1_903' title='bbox 664 5412 715 5463; x_wconf 90' lang='lat' dir='ltr'><strong>in</strong></span> <span class='ocrx_word' id='word_1_904' title='bbox 743 5409 921 5477; x_wconf 85' lang='lat' dir='ltr'><strong>capite</strong></span> <span class='ocrx_word' id='word_1_905' title='bbox 953 5408 1187 5480; x_wconf 66' lang='lat' dir='ltr'><strong>positum</strong></span> <span class='ocrx_word' id='word_1_906' title='bbox 1235 5409 1507 5480; x_wconf 79' lang='lat' dir='ltr'><strong>reperitur</strong></span> <span class='ocrx_word' id='word_1_907' title='bbox 1533 5407 1592 5480; x_wconf 83' lang='lat' dir='ltr'><strong>in</strong></span> 
     </span>
    </p>
   </div>
   <div class='ocr_carea' id='block_1_101' title="bbox 15 5475 1595 5552">
    <p class='ocr_par' dir='ltr' id='par_1_101' title="bbox 15 5475 1595 5552">
     <span class='ocr_line' id='line_1_101' title="bbox 15 5475 1595 5552; baseline -0.005 -13"><span class='ocrx_word' id='word_1_908' title='bbox 15 5475 253 5552; x_wconf 76' lang='lat' dir='ltr'><strong>lexaplis</strong></span> <span class='ocrx_word' id='word_1_909' title='bbox 287 5494 347 5540; x_wconf 84' lang='lat' dir='ltr'><strong>et</strong></span> <span class='ocrx_word' id='word_1_910' title='bbox 390 5481 446 5537; x_wconf 86' lang='lat' dir='ltr'><strong>in</strong></span> <span class='ocrx_word' id='word_1_911' title='bbox 474 5481 611 5537; x_wconf 83' lang='lat' dir='ltr'><strong>Cod.</strong></span> <span class='ocrx_word' id='word_1_912' title='bbox 644 5481 777 5550; x_wconf 82' lang='lat' dir='ltr'><strong>Reg.</strong></span> <span class='ocrx_word' id='word_1_913' title='bbox 812 5475 966 5550; x_wconf 72' lang='lat' dir='ltr'><strong>apud</strong></span> <span class='ocrx_word' id='word_1_914' title='bbox 988 5475 1595 5552; x_wconf 51' lang='lat' dir='ltr'><strong>qutfuncgniuulmli-</strong></span> 
     </span>
    </p>
   </div>
   <div class='ocr_carea' id='block_1_102' title="bbox 13 5548 1589 5633">
    <p class='ocr_par' dir='ltr' id='par_1_102' title="bbox 13 5548 1589 5633">
     <span class='ocr_line' id='line_1_102' title="bbox 13 5548 1589 5633; baseline -0.004 -23"><span class='ocrx_word' id='word_1_915' title='bbox 13 5548 253 5625; x_wconf 57' lang='lat' dir='ltr'><strong>[nauium</strong></span> <span class='ocrx_word' id='word_1_916' title='bbox 293 5569 435 5610; x_wconf 83' lang='lat' dir='ltr'><strong>vero</strong></span> <span class='ocrx_word' id='word_1_917' title='bbox 480 5548 1027 5633; x_wconf 50' lang='lat' dir='ltr'><strong>immutatiImCApud</strong></span> <span class='ocrx_word' id='word_1_918' title='bbox 1052 5548 1204 5617; x_wconf 86' lang='lat' dir='ltr'><strong>Sept.</strong></span> <span class='ocrx_word' id='word_1_919' title='bbox 1238 5548 1589 5633; x_wconf 40' lang='lat' dir='ltr'><strong>&#39;Edit..Rom.</strong></span> 
     </span>
    </p>
   </div>
   <div class='ocr_carea' id='block_1_103' title="bbox 15 5620 1589 5703">
    <p class='ocr_par' dir='ltr' id='par_1_103' title="bbox 15 5620 1589 5703">
     <span class='ocr_line' id='line_1_103' title="bbox 15 5620 1589 5703; baseline -0.004 -22"><span class='ocrx_word' id='word_1_920' title='bbox 15 5620 260 5684; x_wconf 75' lang='lat' dir='ltr'><strong>nscrtuin</strong></span> <span class='ocrx_word' id='word_1_921' title='bbox 295 5635 412 5703; x_wconf 36' lang='lat' dir='ltr'><strong>estn</strong></span> <span class='ocrx_word' id='word_1_922' title='bbox 432 5639 572 5693; x_wconf 91' lang='lat' dir='ltr'><strong>pene</strong></span> <span class='ocrx_word' id='word_1_923' title='bbox 606 5624 673 5703; x_wconf 89' lang='lat' dir='ltr'><strong>a_d</strong></span> <span class='ocrx_word' id='word_1_924' title='bbox 704 5623 928 5677; x_wconf 85' lang='lat' dir='ltr'><strong>verbum</strong></span> <span class='ocrx_word' id='word_1_925' title='bbox 954 5637 1075 5703; x_wconf 67' lang='lat' dir='ltr'><strong>cap.</strong></span> <span class='ocrx_word' id='word_1_926' title='bbox 1111 5635 1205 5674; x_wconf 83' lang='lat' dir='ltr'><strong>xu.</strong></span> <span class='ocrx_word' id='word_1_927' title='bbox 1238 5620 1485 5703; x_wconf 64' lang='lat' dir='ltr'><strong>Latinius</strong></span> <span class='ocrx_word' id='word_1_928' title='bbox 1516 5622 1589 5675; x_wconf 89' lang='lat' dir='ltr'><strong>ita</strong></span> 
     </span>
    </p>
   </div>
   <div class='ocr_carea' id='block_1_104' title="bbox 14 5690 1601 5770">
    <p class='ocr_par' dir='ltr' id='par_1_104' title="bbox 14 5690 1601 5770">
     <span class='ocr_line' id='line_1_104' title="bbox 14 5690 1601 5770; baseline -0.004 -18"><span class='ocrx_word' id='word_1_929' title='bbox 14 5703 212 5770; x_wconf 75' lang='lat' dir='ltr'><strong>:orrignt</strong></span> <span class='ocrx_word' id='word_1_930' title='bbox 241 5690 490 5770; x_wconf 73' lang='lat' dir='ltr'><strong>Luciferi</strong></span> <span class='ocrx_word' id='word_1_931' title='bbox 516 5697 831 5770; x_wconf 78' lang='lat' dir='ltr'><strong>dictionem,</strong></span> <span class='ocrx_word' id='word_1_932' title='bbox 889 5703 937 5747; x_wconf 89' lang='lat' dir='ltr'><strong>et</strong></span> <span class='ocrx_word' id='word_1_933' title='bbox 968 5694 1120 5770; x_wconf 85' lang='lat' dir='ltr'><strong>homo</strong></span> <span class='ocrx_word' id='word_1_934' title='bbox 1149 5702 1257 5745; x_wconf 89' lang='lat' dir='ltr'><strong>erat</strong></span> <span class='ocrx_word' id='word_1_935' title='bbox 1310 5693 1364 5745; x_wconf 89' lang='lat' dir='ltr'><strong>in</strong></span> <span class='ocrx_word' id='word_1_936' title='bbox 1393 5690 1601 5770; x_wconf 83' lang='lat' dir='ltr'><strong>Silo_et</strong></span> 
     </span>
    </p>
   </div>
   <div class='ocr_carea' id='block_1_105' title="bbox 13 5762 1599 5845">
    <p class='ocr_par' dir='ltr' id='par_1_105' title="bbox 13 5762 1599 5845">
     <span class='ocr_line' id='line_1_105' title="bbox 13 5762 1599 5845; baseline -0.006 -22"><span class='ocrx_word' id='word_1_937' title='bbox 13 5762 176 5825; x_wconf 66' lang='lat' dir='ltr'><strong>tamen</strong></span> <span class='ocrx_word' id='word_1_938' title='bbox 223 5770 269 5823; x_wconf 87' lang='lat' dir='ltr'><strong>ei</strong></span> <span class='ocrx_word' id='word_1_939' title='bbox 301 5767 532 5845; x_wconf 48' lang='lat' dir='ltr'><strong>Achiab:</strong></span> <span class='ocrx_word' id='word_1_940' title='bbox 554 5776 601 5820; x_wconf 87' lang='lat' dir='ltr'><strong>et</strong></span> <span class='ocrx_word' id='word_1_941' title='bbox 627 5764 711 5819; x_wconf 90' lang='lat' dir='ltr'><strong>hic</strong></span> <span class='ocrx_word' id='word_1_942' title='bbox 750 5776 863 5845; x_wconf 65' lang='lat' dir='ltr'><strong>ergt</strong></span> <span class='ocrx_word' id='word_1_943' title='bbox 888 5768 1154 5845; x_wconf 71' lang='lat' dir='ltr'><strong>sexaginta</strong></span> <span class='ocrx_word' id='word_1_944' title='bbox 1201 5779 1473 5845; x_wconf 64' lang='lat' dir='ltr'><strong>nunerum.</strong></span> <span class='ocrx_word' id='word_1_945' title='bbox 1509 5762 1599 5845; x_wconf 53' lang='lat' dir='ltr'><strong>ita</strong></span> 
     </span>
    </p>
   </div>
   <div class='ocr_carea' id='block_1_106' title="bbox 14 5831 1601 5910">
    <p class='ocr_par' dir='ltr' id='par_1_106' title="bbox 14 5831 1601 5910">
     <span class='ocr_line' id='line_1_106' title="bbox 14 5831 1601 5910; baseline -0.006 -14"><span class='ocrx_word' id='word_1_946' title='bbox 14 5842 166 5896; x_wconf 60' lang='lat' dir='ltr'><strong>&#39;ct‘ttte</strong></span> <span class='ocrx_word' id='word_1_947' title='bbox 196 5841 482 5910; x_wconf 74' lang='lat' dir='ltr'><strong>Sepl._xcti</strong></span> <span class='ocrx_word' id='word_1_948' title='bbox 501 5836 766 5910; x_wconf 58' lang='grc' dir='ltr'><strong>ἄνθρωπος</strong></span> <span class='ocrx_word' id='word_1_949' title='bbox 795 5835 854 5896; x_wconf 75' lang='grc' dir='ltr'><strong>ἧν</strong></span> <span class='ocrx_word' id='word_1_950' title='bbox 881 5838 930 5890; x_wconf 81' lang='grc' dir='ltr'><strong>ἐν</strong></span> <span class='ocrx_word' id='word_1_951' title='bbox 954 5835 1151 5910; x_wconf 67' lang='grc' dir='ltr'><strong>Σηλώμ,</strong></span> <span class='ocrx_word' id='word_1_952' title='bbox 1288 5831 1444 5910; x_wconf 48' lang='grc' dir='ltr'>ὄνομα</span> <span class='ocrx_word' id='word_1_953' title='bbox 1463 5835 1601 5907; x_wconf 79' lang='grc' dir='ltr'><strong>αὐτῷ</strong></span> 
     </span>
    </p>
   </div>
   <div class='ocr_carea' id='block_1_107' title="bbox 13 5904 1604 5988">
    <p class='ocr_par' dir='ltr' id='par_1_107' title="bbox 13 5904 1604 5988">
     <span class='ocr_line' id='line_1_107' title="bbox 13 5904 1604 5988; baseline -0.008 -16"><span class='ocrx_word' id='word_1_954' title='bbox 13 5915 181 5988; x_wconf 57' lang='lat' dir='ltr'><strong>uid,</strong></span> <span class='ocrx_word' id='word_1_955' title='bbox 207 5904 298 5970; x_wconf 71' lang='lat' dir='ltr'><strong>uati</strong></span> <span class='ocrx_word' id='word_1_956' title='bbox 327 5905 489 5973; x_wconf 77' lang='grc' dir='ltr'><strong>οὗτος</strong></span> <span class='ocrx_word' id='word_1_957' title='bbox 517 5907 574 5969; x_wconf 74' lang='grc' dir='ltr'><strong>ἦν</strong></span> <span class='ocrx_word' id='word_1_958' title='bbox 593 5904 711 5972; x_wconf 72' lang='grc' dir='ltr'><strong>ὐἱὸς</strong></span> <span class='ocrx_word' id='word_1_959' title='bbox 747 5910 986 5976; x_wconf 73' lang='grc' dir='ltr'><strong>ἑξήκοντα</strong></span> <span class='ocrx_word' id='word_1_960' title='bbox 1026 5904 1168 5964; x_wconf 77' lang='grc' dir='ltr'><strong>ἐτῶν.</strong></span> <span class='ocrx_word' id='word_1_961' title='bbox 1210 5904 1398 5963; x_wconf 73' lang='lat' dir='ltr'><strong>Codex</strong></span> <span class='ocrx_word' id='word_1_962' title='bbox 1418 5904 1604 5964; x_wconf 64' lang='lat' dir='ltr'><strong>noster</strong></span> 
     </span>
    </p>
   </div>
   <div class='ocr_carea' id='block_1_108' title="bbox 1712 4818 3301 4897">
    <p class='ocr_par' dir='ltr' id='par_1_108' title="bbox 1712 4818 3301 4897">
     <span class='ocr_line' id='line_1_108' title="bbox 1712 4818 3301 4897; baseline 0.01 -26"><span class='ocrx_word' id='word_1_963' title='bbox 1712 4818 2036 4897; x_wconf 73' lang='lat' dir='ltr'><strong>advertisset</strong></span> <span class='ocrx_word' id='word_1_964' title='bbox 2064 4821 2117 4897; x_wconf 82' lang='lat' dir='ltr'><strong>in</strong></span> <span class='ocrx_word' id='word_1_965' title='bbox 2144 4838 2246 4877; x_wconf 86' lang='lat' dir='ltr'><strong>suo</strong></span> <span class='ocrx_word' id='word_1_966' title='bbox 2266 4818 2477 4889; x_wconf 81' lang='lat' dir='ltr'><strong>codice,</strong></span> <span class='ocrx_word' id='word_1_967' title='bbox 2501 4826 2881 4897; x_wconf 82' lang='lat' dir='ltr'><strong>corrigendum</strong></span> <span class='ocrx_word' id='word_1_968' title='bbox 2901 4842 3049 4886; x_wconf 90' lang='lat' dir='ltr'><strong>recte</strong></span> <span class='ocrx_word' id='word_1_969' title='bbox 3065 4834 3301 4897; x_wconf 89' lang='lat' dir='ltr'><strong>censuit,</strong></span> 
     </span>
    </p>
   </div>
   <div class='ocr_carea' id='block_1_109' title="bbox 1706 4893 3299 4969">
    <p class='ocr_par' dir='ltr' id='par_1_109' title="bbox 1706 4893 3299 4969">
     <span class='ocr_line' id='line_1_109' title="bbox 1706 4893 3299 4969; baseline 0.01 -26"><span class='ocrx_word' id='word_1_970' title='bbox 1706 4902 1897 4969; x_wconf 69' lang='lat' dir='ltr'><strong>cratem</strong></span> <span class='ocrx_word' id='word_1_971' title='bbox 1920 4893 2058 4969; x_wconf 75' lang='lat' dir='ltr'><strong>Silo.</strong></span> <span class='ocrx_word' id='word_1_972' title='bbox 2092 4893 2149 4949; x_wconf 88' lang='lat' dir='ltr'><strong>In</strong></span> <span class='ocrx_word' id='word_1_973' title='bbox 2188 4903 2341 4951; x_wconf 78' lang='lat' dir='ltr'><strong>textu</strong></span> <span class='ocrx_word' id='word_1_974' title='bbox 2366 4903 2563 4969; x_wconf 74' lang='lat' dir='ltr'><strong>tamen</strong></span> <span class='ocrx_word' id='word_1_975' title='bbox 2588 4893 2934 4957; x_wconf 77' lang='lat' dir='ltr'><strong>Luciferiano</strong></span> <span class='ocrx_word' id='word_1_976' title='bbox 2960 4903 3260 4959; x_wconf 89' lang='lat' dir='ltr'><strong>retinemus</strong></span> <span class='ocrx_word' id='word_1_977' title='bbox 3285 4893 3299 4969; x_wconf 58' lang='grc' dir='ltr'>ζ</span> 
     </span>
    </p>
   </div>
   <div class='ocr_carea' id='block_1_110' title="bbox 1706 4963 2727 5036">
    <p class='ocr_par' dir='ltr' id='par_1_110' title="bbox 1706 4963 2727 5036">
     <span class='ocr_line' id='line_1_110' title="bbox 1706 4963 2727 5036; baseline 0.008 -20"><span class='ocrx_word' id='word_1_978' title='bbox 1706 4963 1884 5036; x_wconf 69' lang='lat' dir='ltr'><strong>exilis,</strong></span> <span class='ocrx_word' id='word_1_979' title='bbox 1902 4964 2045 5033; x_wconf 83' lang='lat' dir='ltr'><strong>quod</strong></span> <span class='ocrx_word' id='word_1_980' title='bbox 2074 4969 2237 5021; x_wconf 88' lang='lat' dir='ltr'><strong>etiam</strong></span> <span class='ocrx_word' id='word_1_981' title='bbox 2264 4964 2514 5036; x_wconf 72' lang='lat' dir='ltr'><strong>praestitit</strong></span> <span class='ocrx_word' id='word_1_982' title='bbox 2541 4966 2727 5025; x_wconf 86' lang='lat' dir='ltr'><strong>Sabat.</strong></span> 
     </span>
    </p>
   </div>
   <div class='ocr_carea' id='block_1_111' title="bbox 1782 5033 3297 5110">
    <p class='ocr_par' dir='ltr' id='par_1_111' title="bbox 1782 5033 3297 5110">
     <span class='ocr_line' id='line_1_111' title="bbox 1782 5033 3297 5110; baseline 0.007 -20"><span class='ocrx_word' id='word_1_983' title='bbox 1782 5033 1801 5072; x_wconf 70' lang='grc' dir='ltr'>ί</span> <span class='ocrx_word' id='word_1_984' title='bbox 1842 5034 1971 5090; x_wconf 65' lang='lat' dir='ltr'><strong>Haec</strong></span> <span class='ocrx_word' id='word_1_985' title='bbox 1998 5033 2276 5110; x_wconf 75' lang='lat' dir='ltr'><strong>usquead</strong></span> <span class='ocrx_word' id='word_1_986' title='bbox 2306 5054 2369 5095; x_wconf 81' lang='lat' dir='ltr'><strong>ea</strong></span> <span class='ocrx_word' id='word_1_987' title='bbox 2392 5040 2579 5105; x_wconf 81' lang='lat' dir='ltr'><strong>verba,</strong></span> <span class='ocrx_word' id='word_1_988' title='bbox 2616 5050 2665 5096; x_wconf 91' lang='lat' dir='ltr'><strong>et</strong></span> <span class='ocrx_word' id='word_1_989' title='bbox 2690 5043 2906 5110; x_wconf 74' lang='lat' dir='ltr'><strong>Achiab,</strong></span> <span class='ocrx_word' id='word_1_990' title='bbox 2950 5044 3148 5109; x_wconf 87' lang='lat' dir='ltr'><strong>partim</strong></span> <span class='ocrx_word' id='word_1_991' title='bbox 3174 5058 3297 5101; x_wconf 90' lang='lat' dir='ltr'><strong>cum</strong></span> 
     </span>
    </p>
   </div>
   <div class='ocr_carea' id='block_1_112' title="bbox 1702 5104 3296 5185">
    <p class='ocr_par' dir='ltr' id='par_1_112' title="bbox 1702 5104 3296 5185">
     <span class='ocr_line' id='line_1_112' title="bbox 1702 5104 3296 5185; baseline 0.006 -24"><span class='ocrx_word' id='word_1_992' title='bbox 1702 5104 1957 5178; x_wconf 83' lang='lat' dir='ltr'><strong>Septuag.</strong></span> <span class='ocrx_word' id='word_1_993' title='bbox 1995 5107 2221 5179; x_wconf 79' lang='lat' dir='ltr'><strong>llexapl.</strong></span> <span class='ocrx_word' id='word_1_994' title='bbox 2257 5112 2451 5180; x_wconf 85' lang='lat' dir='ltr'><strong>partim</strong></span> <span class='ocrx_word' id='word_1_995' title='bbox 2488 5104 2613 5167; x_wconf 86' lang='lat' dir='ltr'><strong>cum</strong></span> <span class='ocrx_word' id='word_1_996' title='bbox 2654 5104 2913 5185; x_wconf 39' lang='lat' dir='ltr'><strong>Septuag&#39;.</strong></span> <span class='ocrx_word' id='word_1_997' title='bbox 2944 5104 3105 5172; x_wconf 75' lang='lat' dir='ltr'><strong>Rom.</strong></span> <span class='ocrx_word' id='word_1_998' title='bbox 3151 5116 3296 5172; x_wconf 86' lang='lat' dir='ltr'><strong>Edit.</strong></span> 
     </span>
    </p>
   </div>
   <div class='ocr_carea' id='block_1_113' title="bbox 1702 5184 2060 5235">
    <p class='ocr_par' dir='ltr' id='par_1_113' title="bbox 1702 5184 2060 5235">
     <span class='ocr_line' id='line_1_113' title="bbox 1702 5184 2060 5235; baseline 0.008 -3"><span class='ocrx_word' id='word_1_999' title='bbox 1702 5184 2060 5235; x_wconf 84' lang='lat' dir='ltr'><strong>conveniunt.</strong></span> 
     </span>
    </p>
   </div>
   <div class='ocr_carea' id='block_1_114' title="bbox 1741 5250 3301 5333">
    <p class='ocr_par' dir='ltr' id='par_1_114' title="bbox 1741 5250 3301 5333">
     <span class='ocr_line' id='line_1_114' title="bbox 1741 5250 3301 5333; baseline 0.012 -36"><span class='ocrx_word' id='word_1_1000' title='bbox 1741 5260 1800 5333; x_wconf 39' lang='grc' dir='ltr'><strong>,ις</strong></span> <span class='ocrx_word' id='word_1_1001' title='bbox 1840 5251 1996 5333; x_wconf 81' lang='lat' dir='ltr'><strong>_Sep_t.</strong></span> <span class='ocrx_word' id='word_1_1002' title='bbox 2031 5252 2085 5307; x_wconf 91' lang='lat' dir='ltr'><strong>in</strong></span> <span class='ocrx_word' id='word_1_1003' title='bbox 2117 5250 2350 5325; x_wconf 81' lang='lat' dir='ltr'><strong>Hexapl.</strong></span> <span class='ocrx_word' id='word_1_1004' title='bbox 2380 5254 2570 5312; x_wconf 88' lang='lat' dir='ltr'><strong>eadem</strong></span> <span class='ocrx_word' id='word_1_1005' title='bbox 2598 5254 2805 5313; x_wconf 86' lang='lat' dir='ltr'><strong>habent</strong></span> <span class='ocrx_word' id='word_1_1006' title='bbox 2840 5266 2951 5314; x_wconf 86' lang='lat' dir='ltr'><strong>tum</strong></span> <span class='ocrx_word' id='word_1_1007' title='bbox 2993 5260 3027 5329; x_wconf 69' lang='grc' dir='ltr'><strong><em>Ῡ</em></strong></span> <span class='ocrx_word' id='word_1_1008' title='bbox 3053 5298 3068 5313; x_wconf 93' lang='grc'><strong>.</strong></span> <span class='ocrx_word' id='word_1_1009' title='bbox 3100 5260 3156 5326; x_wconf 78' lang='grc'><strong>1,</strong></span> <span class='ocrx_word' id='word_1_1010' title='bbox 3187 5267 3301 5316; x_wconf 90' lang='lat' dir='ltr'><strong>tum</strong></span> 
     </span>
    </p>
   </div>
   <div class='ocr_carea' id='block_1_115' title="bbox 1700 5319 3299 5478">
    <p class='ocr_par' dir='ltr' id='par_1_115' title="bbox 1700 5319 3299 5478">
     <span class='ocr_line' id='line_1_115' title="bbox 1700 5319 3299 5478; baseline -0.007 -25"><span class='ocrx_word' id='word_1_1011' title='bbox 1833 5324 1909 5451; x_wconf 45' lang='lat' dir='ltr'><strong>id.</strong></span> <span class='ocrx_word' id='word_1_1012' title='bbox 1926 5322 2033 5464; x_wconf 52' lang='lat' dir='ltr'><strong>sit,</strong></span> <span class='ocrx_word' id='word_1_1013' title='bbox 2063 5397 2289 5470; x_wconf 89' lang='lat' dir='ltr'><strong>caligine</strong></span> <span class='ocrx_word' id='word_1_1014' title='bbox 2308 5398 2578 5453; x_wconf 76' lang='lat' dir='ltr'><strong>oculorum</strong></span> <span class='ocrx_word' id='word_1_1015' title='bbox 2601 5399 2974 5470; x_wconf 73' lang='lat' dir='ltr'><strong>impediebatur</strong></span> <span class='ocrx_word' id='word_1_1016' title='bbox 2994 5368 3058 5457; x_wconf 57' lang='grc' dir='ltr'><em>ᾖε</em></span> <span class='ocrx_word' id='word_1_1017' title='bbox 3084 5403 3299 5460; x_wconf 52' lang='lat' dir='ltr'><strong>&quot;idem.</strong></span> 
     </span>
    </p>
   </div>
   <div class='ocr_carea' id='block_1_116' title="bbox 1700 5466 3118 5610">
    <p class='ocr_par' dir='ltr' id='par_1_116' title="bbox 1700 5466 3118 5610">
     <span class='ocr_line' id='line_1_116' title="bbox 1700 5466 3118 5610; baseline 0.003 -15"><span class='ocrx_word' id='word_1_1018' title='bbox 1700 5466 1805 5577; x_wconf 51' lang='lat' dir='ltr'><strong>Tui.</strong></span> <span class='ocrx_word' id='word_1_1019' title='bbox 1841 5538 2049 5595; x_wconf 89' lang='lat' dir='ltr'><strong>Sarira.</strong></span> <span class='ocrx_word' id='word_1_1020' title='bbox 2082 5540 2346 5607; x_wconf 89' lang='lat' dir='ltr'><strong>Latinius,</strong></span> <span class='ocrx_word' id='word_1_1021' title='bbox 2386 5541 2461 5596; x_wconf 89' lang='lat' dir='ltr'><strong>uti</strong></span> <span class='ocrx_word' id='word_1_1022' title='bbox 2485 5541 2744 5610; x_wconf 83' lang='lat' dir='ltr'><strong>Septuag.</strong></span> <span class='ocrx_word' id='word_1_1023' title='bbox 2778 5542 2936 5597; x_wconf 82' lang='lat' dir='ltr'><strong>Rom.</strong></span> <span class='ocrx_word' id='word_1_1024' title='bbox 2974 5543 3118 5601; x_wconf 84' lang='lat' dir='ltr'><strong>Edit.</strong></span> 
     </span>
    </p>
   </div>
   <div class='ocr_carea' id='block_1_117' title="bbox 1775 5611 3296 5694">
    <p class='ocr_par' dir='ltr' id='par_1_117' title="bbox 1775 5611 3296 5694">
     <span class='ocr_line' id='line_1_117' title="bbox 1775 5611 3296 5694; baseline 0.009 -33"><span class='ocrx_word' id='word_1_1025' title='bbox 1775 5611 1787 5661; x_wconf 87' lang='lat' dir='ltr'><strong>i</strong></span> <span class='ocrx_word' id='word_1_1026' title='bbox 1832 5612 1969 5694; x_wconf 62' lang='lat' dir='ltr'><strong>Quae</strong></span> <span class='ocrx_word' id='word_1_1027' title='bbox 2016 5611 2103 5667; x_wconf 86' lang='lat' dir='ltr'><strong>hic</strong></span> <span class='ocrx_word' id='word_1_1028' title='bbox 2148 5625 2552 5694; x_wconf 64' lang='lat' dir='ltr'><strong>consequuntur</strong></span> <span class='ocrx_word' id='word_1_1029' title='bbox 2582 5626 2711 5694; x_wconf 46' lang='lat' dir='ltr'><strong>.cum</strong></span> <span class='ocrx_word' id='word_1_1030' title='bbox 2738 5613 2914 5694; x_wconf 66' lang='lat' dir='ltr'><strong>Rom.</strong></span> <span class='ocrx_word' id='word_1_1031' title='bbox 2948 5615 3101 5687; x_wconf 88' lang='lat' dir='ltr'><strong>Sept.</strong></span> <span class='ocrx_word' id='word_1_1032' title='bbox 3152 5617 3296 5674; x_wconf 87' lang='lat' dir='ltr'><strong>Edit.</strong></span> 
     </span>
    </p>
   </div>
   <div class='ocr_carea' id='block_1_118' title="bbox 1699 5683 2807 5752">
    <p class='ocr_par' dir='ltr' id='par_1_118' title="bbox 1699 5683 2807 5752">
     <span class='ocr_line' id='line_1_118' title="bbox 1699 5683 2807 5752; baseline 0 -15"><span class='ocrx_word' id='word_1_1033' title='bbox 1699 5683 1921 5737; x_wconf 72' lang='lat' dir='ltr'><strong>omnium</strong></span> <span class='ocrx_word' id='word_1_1034' title='bbox 1945 5685 2274 5739; x_wconf 86' lang='lat' dir='ltr'><strong>conveniunt</strong></span> <span class='ocrx_word' id='word_1_1035' title='bbox 2303 5699 2425 5752; x_wconf 79' lang='lat' dir='ltr'><strong>cap.</strong></span> <span class='ocrx_word' id='word_1_1036' title='bbox 2449 5699 2549 5747; x_wconf 83' lang='lat' dir='ltr'><strong>xu,</strong></span> <span class='ocrx_word' id='word_1_1037' title='bbox 2580 5683 2807 5737; x_wconf 85' lang='lat' dir='ltr'><strong>inserta.</strong></span> 
     </span>
    </p>
   </div>
   <div class='ocr_carea' id='block_1_119' title="bbox 1771 5752 3290 5827">
    <p class='ocr_par' dir='ltr' id='par_1_119' title="bbox 1771 5752 3290 5827">
     <span class='ocr_line' id='line_1_119' title="bbox 1771 5752 3290 5827; baseline 0.008 -20"><span class='ocrx_word' id='word_1_1038' title='bbox 1771 5752 1798 5791; x_wconf 71' lang='grc' dir='ltr'><strong>ιε</strong></span> <span class='ocrx_word' id='word_1_1039' title='bbox 1842 5754 1912 5809; x_wconf 88' lang='lat' dir='ltr'><strong>Ut</strong></span> <span class='ocrx_word' id='word_1_1040' title='bbox 1935 5755 2072 5823; x_wconf 86' lang='lat' dir='ltr'><strong>quod</strong></span> <span class='ocrx_word' id='word_1_1041' title='bbox 2097 5755 2260 5810; x_wconf 86' lang='lat' dir='ltr'><strong>habet</strong></span> <span class='ocrx_word' id='word_1_1042' title='bbox 2284 5754 2468 5809; x_wconf 85' lang='lat' dir='ltr'><strong>Sabat.</strong></span> <span class='ocrx_word' id='word_1_1043' title='bbox 2493 5753 2584 5824; x_wconf 88' lang='lat' dir='ltr'><strong>qui</strong></span> <span class='ocrx_word' id='word_1_1044' title='bbox 2605 5752 2745 5809; x_wconf 74' lang='lat' dir='ltr'><strong>intra</strong></span> <span class='ocrx_word' id='word_1_1045' title='bbox 2766 5756 2991 5827; x_wconf 89' lang='lat' dir='ltr'><strong>omittit,</strong></span> <span class='ocrx_word' id='word_1_1046' title='bbox 3025 5758 3135 5817; x_wconf 68' lang='lat' dir='ltr'><strong>hac</strong></span> <span class='ocrx_word' id='word_1_1047' title='bbox 3162 5762 3290 5819; x_wconf 89' lang='lat' dir='ltr'><strong>dicit</strong></span> 
     </span>
    </p>
   </div>
   <div class='ocr_carea' id='block_1_120' title="bbox 1703 5824 2648 5968">
    <p class='ocr_par' dir='ltr' id='par_1_120' title="bbox 1703 5824 2648 5968">
     <span class='ocr_line' id='line_1_120' title="bbox 1703 5824 1979 5881; baseline -0.004 0"><span class='ocrx_word' id='word_1_1048' title='bbox 1703 5824 1979 5881; x_wconf 81' lang='lat' dir='ltr'><strong>Dominus.</strong></span> 
     </span>
     <span class='ocr_line' id='line_1_121' title="bbox 1781 5893 2648 5968; baseline -0.003 -16"><span class='ocrx_word' id='word_1_1049' title='bbox 1781 5897 1799 5936; x_wconf 79' lang='lat'>1</span> <span class='ocrx_word' id='word_1_1050' title='bbox 1844 5896 2051 5952; x_wconf 86' lang='lat' dir='ltr'><strong>Sarira.</strong></span> <span class='ocrx_word' id='word_1_1051' title='bbox 2075 5896 2252 5953; x_wconf 84' lang='lat' dir='ltr'><strong>Latin.</strong></span> <span class='ocrx_word' id='word_1_1052' title='bbox 2283 5908 2406 5951; x_wconf 86' lang='lat' dir='ltr'><strong>cum</strong></span> <span class='ocrx_word' id='word_1_1053' title='bbox 2440 5893 2594 5968; x_wconf 84' lang='lat' dir='ltr'><strong>Sept.</strong></span> <span class='ocrx_word' id='word_1_1054' title='bbox 2644 5932 2648 5936; x_wconf 58' lang='grc' dir='ltr'><em>ι</em></span> 
     </span>
    </p>
   </div>
  </div>
