3972 6352
496 316 604 376 8οἸ
1590 317 1911 379 LUCIFERI
1954 319 2261 380 EPISCOPI
2300 320 2728 382 CALABITANI
3698 326 3790 390 808

493 452 656 510 quam
679 435 813 491 nihil
844 448 904 492 se
922 433 1125 491 habere
1144 432 1443 504 Israelitas,
1469 443 1531 491 ut
1550 451 1716 493 unum
1742 452 1802 492 se
1826 438 2099 494 hominem
2129 439 2182 500 Α
2210 440 2542 509 paracletum
2578 440 2838 511 Spiritum
2871 441 3189 499 fabricatum
3221 457 3343 501 esse
3369 460 3436 501 ex
3458 443 3655 511 nihilo,
3681 447 3794 503 des-

490 543 715 586 omnem
748 528 1150 584 multitudinem
1186 526 1559 585 Israelitarum
1613 539 1639 567 ιι
1683 541 2093 601 superaturum.

491 622 647 681 Hunc
668 623 1027 694 alienigenam
1078 623 1205 679 iecit
1248 622 1385 678 nihil
1425 634 1553 680 ante
1580 625 1748 681 Israel
1798 626 1963 682 Deus.
1996 625 2095 682 Cui

487 716 620 775 vicit
670 718 815 774 Deus
842 717 1000 789 regi?
1048 732 1247 789 nempe
1289 716 1501 785 Achab,
1535 720 1585 775 ei
1602 722 1691 790 qui
1722 734 1843 774 eum
1893 718 2094 774 dereli-

487 820 705 885 querat,
728 812 822 884 qui
849 811 998 867 Baali
1029 818 1084 867 et
1109 811 1365 868 omnibus
1387 811 1673 867 dalmoniis
1700 811 1907 867 servire
1930 810 2096 867 Israel

486 908 714 972 fecerat,
768 907 892 979 quia
925 905 952 946 ι’
987 917 1273 978 prepterea
1323 908 1615 964 auxiliatus
1645 916 1752 976 est,
1782 921 1980 978 nempe
2039 915 2096 961 ut

485 1000 741 1058 crederet
770 999 894 1072 quia
924 999 995 1057 sit
1022 1001 1164 1056 Deus
1189 1002 1339 1057 solus
1370 1001 1490 1069 iste,
1521 1002 1675 1073 cujus
1716 1009 1835 1056 erat
1854 998 2088 1071 populus

486 1094 677 1163 Israel,
706 1102 762 1151 et
791 1109 899 1150 non
927 1093 1064 1149 alius
1109 1104 1307 1165 praeter
1330 1095 1504 1164 ipsum
1530 1093 1646 1164 qui
1679 1093 1729 1149 ei
1778 1093 2007 1156 vicerat,
2039 1101 2098 1147 ut

484 1190 700 1247 videret
728 1189 920 1246 Achab
935 1189 1062 1260 quia
1078 1188 1270 1245 luisset
1291 1204 1529 1261 aequum,
1556 1188 1770 1244 tandem
1794 1187 2095 1258 corrigeret

483 1301 703 1344 errores
742 1299 897 1350 suos,
940 1299 1067 1339 mox
1096 1296 1155 1338 ut
1206 1282 1479 1338 aediﬁcare
1522 1279 1872 1337 adversarius
1928 1279 2099 1351 coepit

482 1382 823 1439 obsidionem
858 1380 925 1435 ad
949 1380 1230 1436 civitatem
1259 1378 1649 1434 lsraelitarum.
1678 1377 1745 1433 Et
1767 1394 1903 1444 ecce,
1924 1377 2094 1449 inquit

482 1476 749 1546 scriptura
766 1487 943 1540 sacra,
966 1475 1237 1543 prophetes
1255 1488 1385 1527 unus
1404 1473 1616 1527 accessit
1631 1474 1700 1526 ad
1717 1489 1884 1544 regem
1898 1470 2089 1537 Israel,

479 1579 528 1625 et
558 1569 720 1624 dixit:
745 1566 873 1622 Haec
895 1567 1022 1620 dicit
1049 1563 1326 1620 Dominus.
1350 1564 1411 1621 Si
1430 1565 1624 1620 audisti
1647 1582 1832 1621 sonum
1850 1581 2089 1636 magnuttt

477 1661 671 1717 istum?
688 1660 822 1716 Ecce
836 1677 928 1733 ego
940 1659 1095 1714 hodie
1110 1659 1311 1713 tradam
1332 1674 1448 1713 eum
1461 1659 1513 1713 in
1533 1676 1716 1713 manus
1734 1669 1868 1724 tuas,
1893 1670 1938 1712 et
1962 1658 2092 1713 scies

476 1754 727 1826 quoniam
753 1770 846 1824 ego
873 1769 991 1807 sum
1030 1750 1307 1806 Dominus.
1351 1749 1418 1805 Et
1454 1751 1585 1806 dixit
1614 1767 1735 1807 rex:
1776 1750 2004 1821 Ittquo?
2043 1761 2091 1805 et

2205 529 2443 587 cendere
2498 548 2564 588 ex
2609 532 2781 588 nihilo
2824 533 3121 591 defendere
3169 537 3415 606 tentasti,
3443 538 3590 610 quod
3623 542 3797 597 unicus

2202 623 2300 679 Dci
2338 625 2509 682 Filius
2539 626 2706 683 fuerit
2735 628 2953 699 quando
2980 646 3086 686 non
3120 632 3302 698 fuerit;
3333 633 3693 703 apostolicam
3721 643 3795 689 at-

2203 732 2309 787 que
2328 721 2699 791 evangelicam
2733 722 3078 779 traditionem
3105 741 3213 796 quo
3234 727 3509 797 potuisses
3539 727 3729 783 tollere
3766 744 3794 785 e

2204 811 2408 880 medio,
2440 831 2660 885 operam
2716 818 2845 872 totis
2873 819 2980 873 tuis
3023 818 3217 875 dedisti
3248 821 3473 889 viribus,
3509 823 3788 894 episcopos

2204 901 2224 939 ί
2260 905 2353 960 Dei
2383 906 2594 977 judicio
2620 909 2901 966 ordinatos
2924 919 3015 965 tua
3060 914 3306 969 amoveri
3357 913 3539 969 fecisti
3571 918 3791 973 auctori-

2203 1005 2332 1065 tate,
2356 998 2790 1059 haereticoslocis
2808 1004 3123 1061 earumdem
3146 1006 3565 1063 constituendos
3580 1008 3787 1078 duxisti,

2198 1091 2287 1160 qui
2321 1092 2533 1162 possint
2565 1103 2713 1151 tuam
2747 1096 3044 1167 pratdicare
3102 1098 3380 1165 hmresim;
3437 1116 3605 1156 manu
3643 1110 3667 1149 8
3698 1103 3786 1156 mi-

2196 1183 2341 1241 litari
2360 1187 2609 1258 pugnasti
2633 1200 2824 1246 contra
2846 1191 3133 1248 ecclesiam
3160 1195 3215 1248 in
3236 1194 3596 1260 Alexandria,
3617 1212 3794 1267 quam-

2199 1276 2464 1346 plurimas
2492 1281 2872 1352 episcoporum
2922 1283 3179 1355 relegasti
3226 1286 3280 1341 in
3324 1285 3558 1353 exsiliis,
3588 1288 3643 1343 in
3690 1304 3790 1345 me-

2198 1368 2366 1437 tallis,
2389 1372 2672 1442 conjecisti
2696 1374 2749 1429 in
2772 1389 3074 1442 carcerem,
3093 1389 3303 1433 certum
3328 1379 3492 1435 etiam
3514 1398 3791 1439 numerum

2196 1462 2529 1521 interfecisti
2558 1482 2625 1523 ex
2655 1469 2909 1525 omnibus
2967 1470 3064 1528 Dei
3109 1471 3433 1529 cultoribus.
3493 1472 3630 1530 Cum
3685 1476 3790 1533 lucc

2195 1559 2395 1629 egeris,
2429 1570 2608 1617 tamen
2640 1562 2781 1618 dicis
2811 1580 2824 1617 :
2859 1562 2981 1619 Nisi
3019 1565 3143 1620 bene
3171 1584 3329 1621 essent
3389 1569 3611 1641 faciens,
3652 1581 3695 1625 et
3718 1572 3789 1626 in-

2194 1659 2334 1721 tegre
2383 1668 2543 1706 essem
2572 1654 2806 1722 credens,
2850 1673 3132 1727 numquam
3174 1659 3347 1713 adhuc
3403 1678 3485 1716 me
3514 1662 3658 1719 Deus
3684 1682 3789 1740 reg-

2193 1759 2318 1798 nare
2345 1747 2694 1815 permitteret?
2726 1756 2995 1821 tamquam
3038 1753 3236 1809 iccirco
3269 1764 3324 1811 et
3350 1754 3496 1810 circa
3523 1758 3711 1813 Achab
3733 1774 3787 1815 ac

480 1847 615 1902 dixit
631 1847 938 1918 prophetes:
957 1843 1021 1899 In
1049 1845 1222 1917 pueris
1241 1845 1540 1916 principum
1559 1846 1849 1918 regionum.
1867 1842 1935 1897 Et
1958 1844 2067 1899 dixi

2197 1846 2429 1892 cancros
2459 1838 2849 1896 coidololatras
2873 1852 2994 1899 tuos
3023 1846 3183 1899 luerit
3214 1846 3360 1902 Deus
3389 1850 3625 1918 patiens,
3672 1854 3785 1923 quia

477 1956 612 1996 rex:
642 1940 774 2006 Quis
825 1940 1105 1994 committet
1130 1940 1397 2010 pugnam?
1419 1948 1468 1992 et
1496 1936 1632 1991 dixit
1652 1936 1924 2009 prapltetes
1960 1954 1978 1991 :
2009 1935 2089 1992 Tu

480 2036 573 2109 (IIl
608 2036 951 2109 Reg.xx,l5).
979 2033 1047 2091 Et
1074 2035 1210 2089 infra
1238 2049 1252 2086 :
1286 2030 1354 2087 Et
1380 2033 1619 2087 exierunt
1640 2032 1787 2103 pueri
1813 2033 1876 2087 de
1907 2032 2088 2087 civita-

478 2142 526 2187 te
567 2110 862 2204 principum
890 2132 1177 2203 regionum,
1210 2138 1261 2184 et
1305 2129 1561 2183 exercitus
1589 2130 1678 2195 qui
1721 2137 1833 2198 post
1866 2128 2003 2194 illos,
2040 2136 2087 2181 et

475 2225 727 2296 percussit
750 2224 1095 2295 unusquisque
1122 2238 1273 2294 quem
1291 2222 1484 2276 invenit
1501 2238 1648 2277 secus
1668 2239 1742 2289 se,
1768 2230 1816 2276 et
1844 2223 2087 2292 fugerant

475 2319 623 2392 Syri,
656 2329 703 2374 et
733 2329 1029 2391 persecutus
1079 2328 1153 2373 est
1205 2316 1377 2373 Israel
1419 2315 1527 2389 (Ib.
1549 2332 1641 2382 xx,
1668 2314 2087 2387 I9).Quomodo

471 2413 632 2484 dicis,
676 2413 960 2471 Constanti
1003 2431 1016 2466 ς
1051 2413 1113 2470 Si
1167 2430 1272 2468 non
1324 2413 1448 2467 bene
1475 2412 1721 2466 servirem
1750 2410 1881 2478 Deo,
1909 2411 1953 2464 si
1982 2426 2085 2464 non

472 2522 607 2566 recte
633 2511 842 2564 credens
888 2509 1121 2580 fuissem,
1158 2524 1443 2578 numquam
1466 2523 1684 2579 regnum
1729 2506 2085 2562 Romanorum

469 2603 902 2658 inmeavidissem
938 2610 1187 2672 potestate
1208 2600 1550 2665 collocatum,
1580 2608 1671 2652 aut
1717 2599 1791 2653 sic
1827 2598 1917 2651 diu
1955 2598 2085 2667 fuis-

467 2712 576 2752 sem
592 2696 762 2751 vivens
776 2697 829 2750 in
857 2711 1016 2767 regno
1039 2695 1063 2748 ?
1088 2692 1307 2764 quando
1336 2692 1522 2748 videas
1552 2690 1740 2747 Achab
1771 2691 1881 2761 regi
1912 2688 2082 2745 Israel

467 2803 621 2845 more
651 2786 936 2860 gentilium
964 2786 1193 2850 viventi,
1224 2794 1281 2841 et
1313 2784 1571 2855 populum
1603 2783 1721 2849 Dei,
1751 2782 1911 2838 sicuti
1942 2791 1998 2837 et
2026 2790 2082 2837 tu

469 2882 702 2950 avertis,
725 2880 958 2936 vertenti
999 2895 1029 2934 a
1059 2880 1193 2945 Deo,
1225 2877 1432 2933 dictum
1481 2877 1553 2933 ab
1581 2892 1672 2944 eo,
1708 2876 1760 2931 in
1793 2890 1953 2945 quem
1987 2873 2084 2929 de-

466 2976 773 3047 Iinqucbat,
805 2974 961 3046 cujus
984 2982 1258 3045 praecepta
1287 2970 1520 3029 ducebat
1546 2986 1649 3041 pro
1678 2968 1879 3025 nihilo:
1907 2966 2082 3023 Trade

467 3087 584 3126 eum
628 3071 681 3124 in
731 3084 918 3122 manus
948 3077 1083 3131 tuas,
1109 3074 1165 3120 ut
1194 3065 1331 3120 scias
1358 3065 1598 3137 quoniam
1653 3080 1747 3137 ego
1774 3080 1887 3119 sunt
1916 3061 2078 3117 Deus.

463 3164 536 3223 Ut
566 3164 728 3237 igitur
752 3163 905 3219 illum
934 3162 1137 3233 eripuit
1166 3177 1194 3216 a
1227 3160 1339 3215 lilio
1359 3159 1571 3216 Jaderis
1592 3158 1764 3231 Syria:
1795 3158 1962 3230 regis,
1991 3155 2071 3214 sic

2198 1928 2399 1985 fuerint
2428 1941 2629 1987 rectam
2662 1943 2906 1992 tenentes
2933 1936 3098 1993 viant.
3131 1938 3209 1994 Tu
3236 1957 3367 2012 ergo
3400 1945 3529 2014 quia
3557 1946 3630 1999 sit
3674 1963 3784 2017 pce-

2197 2022 2336 2078 catis
2365 2024 2473 2079 tuis
2518 2027 2729 2097 patiens
2760 2044 2857 2099 pro
2887 2046 2986 2085 sua
3038 2031 3357 2105 infatigabili
3403 2037 3608 2107 pietate
3634 2040 3782 2095 sicuti

2195 2114 2358 2173 fuerit
2389 2127 2442 2173 et
2474 2119 2662 2176 Achab
2706 2123 2840 2193 regi,
2874 2124 3158 2181 arbitraris
3186 2142 3293 2182 non
3342 2138 3398 2185 te
3450 2130 3778 2202 delinquere,

2196 2211 2291 2267 scd
2318 2228 2418 2284 pro
2440 2214 2653 2269 meritis
2680 2216 2788 2271 tuis
2818 2216 2911 2273 tibi
2936 2219 3117 2289 parci:
3145 2235 3306 2291 quem
3336 2223 3526 2279 Achab
3546 2225 3706 2282 etiam
3731 2227 3779 2283 in

2196 2304 2299 2361 hoc
2328 2306 2580 2375 imitaris,
2614 2309 2756 2379 quod
2809 2312 2953 2366 enim
3005 2314 3081 2367 sis
3134 2330 3232 2370 eos
3278 2315 3514 2389 diligens
3560 2320 3653 2391 qui
3699 2321 3779 2377 tibi

2195 2398 2337 2455 mala
2361 2400 2647 2469 suadeant,
2676 2418 2772 2459 eos
2800 2419 2929 2459 vero
2957 2406 3198 2476 perdens
3217 2412 3308 2479 qui
3338 2410 3435 2466 tibi
3467 2413 3665 2467 salutis
3686 2421 3781 2468 tute

2190 2505 2358 2547 causa
2410 2508 2531 2561 qua:
2577 2504 2704 2549 sunt
2747 2510 2873 2551 vera
2922 2496 3124 2553 dicant.
3175 2499 3247 2556 Ut
3292 2502 3438 2557 enim
3488 2504 3559 2559 ad
3608 2506 3787 2561 Achab

2192 2584 2661 2657 quadringentiilli
2689 2588 3201 2661 pseudoprophetw,
3224 2594 3369 2664 quod
3400 2606 3629 2666 possent
3648 2598 3785 2653 illum

2191 2681 2371 2735 omnia
2403 2679 2578 2737 felicia
2608 2685 2867 2754 consequi
2902 2685 3284 2757 loquebantur,
3314 2702 3507 2746 contra
3539 2708 3674 2748 vero
3699 2692 3785 2749 Dei

2189 2772 2409 2830 dicebat
2439 2775 2700 2846 propheta
2734 2776 3009 2847 Michaeas,
3030 2781 3173 2850 quad
3202 2792 3386 2839 essent
3415 2784 3568 2840 illum
3600 2799 3787 2843 cuncta

2188 2879 2549 2925 consecutura
2579 2871 2743 2939 mala,
2772 2879 2829 2927 et
2856 2872 2951 2929 ille
2987 2876 3161 2946 magis
3198 2876 3464 2949 diligebat
3490 2894 3590 2936 eos
3635 2897 3788 2951 pseu-

2188 2962 2559 3035 doprophetas
2579 2979 2741 3036 quam
2774 2982 2963 3022 verum
2995 2967 3211 3025 Domini
3239 2971 3593 3042 prophetam,
3630 2975 3703 3029 ita
3736 2984 3789 3029 ut

2186 3058 2211 3094 ἰ
2256 3067 2309 3113 ιιι
2379 3073 2529 3114 amas
2582 3058 2941 3116 coltacreticos
3018 3070 3143 3117 tuos
3195 3063 3454 3133 Arianos,
3539 3067 3783 3137 ipsorum

2183 3153 2344 3210 dictis
2393 3154 2762 3225 obtemperas,
2815 3171 2914 3212 nos
2957 3172 3148 3214 omnes
3203 3159 3414 3216 Domini
3463 3164 3785 3221 sacerdotes

462 3258 631 3315 etiam
664 3266 719 3313 te
758 3255 828 3313 ab
867 3255 1122 3311 omnibus
1177 3253 1447 3325 perimere
1488 3252 1834 3324 cupientibus
1878 3251 2076 3322 eripuit
2104 3249 2150 3312 C
2180 3250 2506 3316 exsecraris;
2557 3251 2732 3321 primo
2759 3252 3027 3320 omnium,
3055 3269 3152 3309 cur
3201 3253 3296 3310 Dei
3337 3254 3539 3312 Filium
3597 3273 3779 3314 verum

458 3363 625 3423 atque
647 3351 832 3422 eripit,
852 3349 921 3405 ad
954 3349 1057 3404 hoc
1084 3348 1273 3417 utique
1303 3355 1361 3401 ut
1384 3346 1559 3418 possis
1590 3360 1924 3417 cognoscere
1943 3345 2071 3417 quia

458 3450 579 3522 ipse
604 3450 677 3504 sit
705 3448 850 3503 Deus
897 3445 1334 3518 patriarcharum
1383 3458 1447 3499 ac
1491 3452 1815 3516 martyrum,
1865 3441 1933 3497 ad
1966 3440 2073 3498 hoc

456 3552 519 3600 ut
555 3542 831 3615 conjicere
858 3539 1037 3612 possis
1064 3554 1173 3594 non
1207 3552 1307 3609 pro
1334 3536 1544 3593 meritis
1566 3535 1693 3591 lidei
1719 3545 1823 3590 tum
1854 3549 1917 3590 ac
1941 3535 2068 3590 vita:

454 3636 552 3691 tibi
583 3634 873 3690 victoriam
916 3631 1201 3697 tributam,
1234 3628 1451 3701 quando
1479 3628 1555 3683 sis
1580 3627 1770 3683 Achab
1791 3626 1846 3682 in
1888 3626 2067 3683 omni-

453 3729 560 3786 bus
603 3727 718 3801 regi
761 3724 980 3791 similis,
1008 3724 1106 3780 sed
1147 3724 1226 3778 sic
1267 3721 1363 3777 tibi
1402 3731 1593 3776 contra
1624 3722 1811 3776 merita
1839 3729 1927 3776 tua
1969 3737 2065 3777 ex-

453 3820 682 3878 hibitam
710 3815 1150 3874 misericordiam
1180 3814 1249 3870 ab
1274 3830 1360 3881 eo,
1415 3829 1579 3886 quem
1607 3812 1970 3885 dereliquisti,
2005 3823 2063 3869 ut

449 3914 619 3971 fuerit
646 3910 838 3969 Achab
864 3906 1134 3967 exhibita.
1172 3907 1231 3964 Si
1258 3905 1405 3963 enim
1435 3906 1642 3961 dixeris
1675 3916 1962 3977 propterea
2006 3913 2059 3961 te

449 4007 673 4064 vincere
724 4002 1071 4060 adversarios
1110 4009 1254 4068 tuos,
1315 3999 1440 4071 quia
1480 3999 1622 4055 bene
1674 3998 1751 4054 sis
1802 3998 2052 4066 credens,

446 4103 626 4175 potuit
662 4108 720 4157 et
748 4097 939 4156 Achab
964 4097 1168 4153 dixisse
1200 4094 1474 4151 idolorum
1500 4094 1700 4163 cultor,
1734 4104 1791 4151 et
1822 4096 2056 4166 prOphe-

444 4206 621 4253 tarum
648 4201 970 4250 sanctorum
1002 4189 1385 4260 interemptor.
1409 4185 1493 4243 Ad
1517 4187 1622 4242 hoc
1650 4202 1782 4259 ergo
1801 4197 1852 4244 te
1874 4203 2051 4244 reser-

442 4301 627 4348 vatum
659 4298 719 4345 ut
787 4301 1006 4345 errores
1060 4285 1369 4354 corrigeres
1431 4294 1452 4322 ο
1510 4290 1653 4349 tuos,
1703 4298 1813 4337 non
1862 4281 2051 4338 vides?

438 4385 590 4442 Illico
623 4393 682 4440 nt
707 4380 986 4453 occupasti
1020 4376 1047 4417 (1
1068 4378 1303 4446 Italiam,
1357 4376 1646 4434 ecclesiam
1671 4378 1789 4449 ejus
1828 4377 2046 4434 tentasti

438 4474 898 4544 vertere;dixisti
925 4475 1097 4530 Deum
1126 4472 1345 4529 Patrem
1373 4487 1483 4527 non
1502 4486 1625 4528 esse
1652 4487 1842 4526 verum
1878 4472 2042 4527 Deum

438 4571 682 4634 Patrem,
710 4569 931 4625 unicum
973 4568 1093 4639 ejus
1123 4579 1329 4637 negans
1364 4564 1588 4632 Filium,
1628 4564 1908 4620 afﬁrmans
1935 4581 2042 4621 non

2185 3342 2278 3397 Dei
2311 3342 2507 3398 Filium
2540 3346 2928 3402 conliteamur:
2960 3348 3202 3403 secundo
3224 3365 3321 3404 cur
3370 3366 3480 3406 non
3525 3351 3623 3409 tibi
3649 3353 3777 3409 adu-

2179 3436 2377 3505 lemur,
2427 3453 2525 3493 cur
2582 3447 2635 3495 te
2681 3440 2733 3495 in
2783 3440 3021 3511 periculo
3061 3458 3184 3498 esse
3233 3458 3652 3516 asseveramus,
3724 3456 3775 3503 et

2174 3532 2418 3589 dicamus
2449 3534 2553 3590 nisi
2612 3544 2664 3591 te
2712 3537 3051 3594 converteris
3081 3537 3149 3593 ad
3182 3538 3374 3605 Deum,
3419 3540 3567 3611 quod
3620 3541 3697 3597 sis
3722 3543 3769 3597 in

2174 3637 2439 3684 aeternam
2466 3644 2681 3699 poenam
2710 3639 2994 3686 venturus.
3031 3632 3096 3685 Et
3119 3641 3177 3686 ut
3205 3631 3437 3688 credere
3473 3635 3657 3703 possis
3680 3635 3765 3690 Dei

2169 3737 2388 3794 semper
2412 3723 2537 3779 odio
2575 3723 2789 3782 habitos
2822 3726 3072 3782 homines
3113 3727 3180 3783 ab
3210 3726 3761 3801 hominibusaposta-

2169 3816 2311 3884 ticis,
2366 3826 2579 3873 amatos
2609 3834 2740 3873 vero
2770 3819 3024 3875 inimicos
3069 3819 3160 3875 Dci
3193 3820 3501 3893 religionis,
3542 3822 3650 3879 hoc
3683 3834 3761 3879 est

2166 3910 2365 3967 diaboli
2405 3914 2668 3981 cultores,
2716 3916 2907 3986 accipe
2950 3931 3085 3987 quos
3131 3918 3400 3973 amaverit
3448 3917 3661 3982 Achab,
3711 3928 3761 3975 et

2162 4023 2324 4078 quem
2358 4006 2484 4063 odio
2511 4007 2781 4064 habuerit.
2811 4007 2881 4062 Et
2909 4008 3043 4064 dixit
3069 4008 3327 4080 Josaphat
3374 4027 3467 4066 rex
3504 4010 3653 4066 Juda
3694 4012 3758 4066 ad

2161 4117 2331 4172 regem
2355 4099 2559 4157 Israel:
2598 4099 2927 4175 Interrogate
2955 4119 3089 4157 nunc
3134 4102 3289 4158 hodie
3342 4101 3653 4159 Dominum.
3694 4106 3756 4159 Et

2159 4194 2458 4247 convocavit
2487 4209 2578 4248 rex
2608 4191 2779 4248 Israel
2798 4211 2972 4250 omnes
2993 4196 3297 4268 prophetas,
3330 4197 3477 4267 quasi
3504 4200 3755 4267 quadrin.

2154 4298 2334 4359 gentos
2353 4289 2515 4357 viros,
2546 4298 2594 4342 et
2618 4288 2749 4343 dixit
2774 4289 2880 4344 illis
2907 4306 3000 4344 rex
3017 4289 3193 4344 Achab
3212 4307 3231 4344 :
3261 4288 3325 4345 Si
3354 4289 3509 4344 iboin
3540 4291 3753 4346 Remum

2152 4381 2221 4434 ad
2257 4380 2481 4436 Galaath
2528 4384 2583 4436 in
2625 4398 2877 4453 pugnant,
2927 4392 3017 4436 aut
3058 4382 3309 4437 cessabo?
3363 4392 3413 4437 et
3469 4383 3750 4439 dixerant:

2150 4474 2381 4529 Ascende
2441 4473 2464 4545 (
2496 4472 2575 4528 Ib.
2602 4490 2732 4541 χχιι,
2756 4476 2789 4529 5
2818 4475 2859 4545 ).
2892 4473 2959 4529 Ει
2998 4474 3168 4530 infra:
3225 4473 3293 4528 Et
3324 4474 3457 4529 dixit
3491 4474 3747 4547 Josaphat

2149 4568 2218 4621 ad
2242 4584 2411 4640 regem
2443 4565 2651 4623 Israel:
2683 4566 2807 4623 Non
2851 4577 2926 4622 est
2967 4567 3050 4622 Itic
3099 4568 3371 4639 prapltetes
3412 4568 3650 4635 Domini,
3704 4582 3745 4624 et

435 4681 565 4724 esse
592 4664 744 4720 illum
786 4676 975 4717 verum
1018 4659 1238 4725 Filium;
1264 4659 1546 4715 astruxisti
1576 4659 2044 4716 eetiamsanctum
2071 4654 2126 4715 D
2152 4660 2586 4732 interrogabimus
2606 4657 2926 4715 Dominum?
2953 4659 3021 4715 Et
3050 4661 3181 4715 dixit
3230 4661 3405 4716 Achab
3431 4678 3525 4718 rex
3580 4663 3742 4719 Israel

507 4817 534 4846 ³
575 4806 742 4863 Forte
766 4801 1076 4858 addendum
1106 4799 1356 4863 crederet,
1386 4808 1479 4853 aut
1502 4798 1716 4853 diceret.

432 4920 437 4946 ι
503 4880 532 4919 ι)
574 4880 743 4935 Forte
772 4874 1067 4946 legendum
1094 4872 1208 4943 qui,
1240 4870 1296 4927 id
1326 4878 1412 4927 est
1437 4868 1602 4925 Deus.

430 4936 437 4948 ’
507 4962 530 4991 °
573 4936 883 5021 συντίθετίὶ
918 4945 1091 5021 γεΨέξ

500 5021 527 5062 ά
569 5012 974 5079 Αιιιιοέεἰιὶεει
994 5013 1124 5081 554,
1170 5012 1529 5069 cumeGallia
1574 5013 2033 5072 inltaliamvenit.

427 5095 746 5156 etCOncilio
795 5086 1189 5156 Meditilanettsi
1239 5083 1486 5140 interluit
1533 5102 1680 5141 anno
1720 5085 1847 5143 555.
1905 5086 2034 5142 Cum

427 5155 556 5226 esset
581 5161 894 5223 Mediolani,
920 5158 1099 5229 inquit
1128 5155 1463 5211 Athanasius
1485 5156 1539 5211 in
1564 5158 1729 5226 epist.
1756 5161 1822 5213 ad
1846 5159 2031 5226 Solit.,

320 5264 323 5267 λ
425 5241 601 5297 omnia
625 5254 688 5294 ex
735 5228 1096 5291 haereticorum
1121 5228 1341 5282 consilio
1369 5231 1768 5301 etsuggestione
1795 5230 2029 5299 faciebat,

425 5313 506 5370 vel
527 5312 703 5383 potius
734 5309 789 5363 hi
814 5305 917 5383 ipsi
947 5301 1311 5383 agebantpjuaz
1333 5298 1553 5383 vellent,
1576 5298 2032 5383 potesta.tem_co_n-

422 5394 505 5439 tra
527 5372 704 5437 omnes
729 5372 905 5434 nacti:
949 5372 1063 5430 tum
1122 5372 1297 5427 fusius
1350 5379 1560 5437 narrat,
1605 5381 1741 5438 quot
1770 5373 1823 5427 in
1878 5373 2028 5428 Italia

420 5456 597 5512 turbae
626 5453 833 5507 fuerint
862 5449 1119 5515 excitata
1149 5443 1480 5515 Constantii
1499 5442 1759 5509 adventu,
1796 5460 2028 5513 praes"-

419 5529 520 5583 tim
570 5534 630 5580 ut
673 5522 941 5579 indicium
992 5512 1310 5575 Concilium
1359 5515 1414 5570 in
1467 5512 1848 5571 hereticorum
1897 5531 2022 5571 sen-

423 5599 626 5657 tentias
653 5595 895 5651 cederet.
914 5664 921 5665 ί
1012 5657 1043 5665 ί,

492 5680 516 5707 °
556 5668 713 5725 Licet
740 5658 1151 5721 Macedonianis
1179 5658 1802 5716 Pneumatomachornm
1855 5673 2017 5714 voca-

2144 4799 2494 4863 senticbant,
2563 4802 2768 4869 quem',
2816 4812 3083 4869 atqueac
3140 4797 3336 4853 Filium
3367 4841 3383 4867 ,
3434 4812 3734 4858 creaturam

2143 4887 2369 4938 vocare,
2428 4868 2661 4941 ideoque
2687 4884 2754 4926 ex
2787 4868 2961 4925 nihilo
2986 4868 3188 4924 factum
3240 4886 3347 4924 non
3382 4871 3732 4930 dubitarunt:

2181 4944 2373 4999 roiude
2426 4942 2631 4998 Ariano
2684 4942 3004 5009 Imperatori
3053 4941 3197 5014 hanc
3251 4943 3413 4996 etiam
3448 4948 3732 5014 esprobrat

2181 4960 2373 4999 romae
2426 4960 2631 4998 artano
2684 4960 3004 5009 tmperatort
3055 4960 3197 4996 ttanc
3251 4960 3413 4996 euatn
3448 4960 3726 5014 esprobral

2142 4960 2368 5083 [ιι-αἰτεῖ
2395 5014 2448 5070 in
2473 5014 2803 5069 Trinitatem
2836 5013 3264 5085 blasphemiam,
3306 5014 3376 5069 de
3405 5031 3513 5085 qua
3542 5017 3726 5075 ducet-

2139 5087 2328 5141 tabant
2356 5086 2651 5156 aliquando
2682 5087 2869 5141 Ariani
2900 5101 3025 5141 cum
3057 5085 3431 5152 Setniarianis,
3477 5098 3534 5144 et
3560 5089 3728 5146 Mace-

2137 5159 2411 5223 donianis,
2442 5159 2533 5229 qui
2580 5158 2761 5227 paullo
2798 5157 3151 5228 pudentiores
3197 5157 3460 5227 Spiritum
3486 5173 3721 5218 sanctum

2135 5239 2191 5284 et
2214 5248 2240 5283 a
2272 5231 2660 5285 cumtnnnione
2688 5230 2909 5297 quidem
2961 5229 3284 5291 divinitatis,
3314 5239 3369 5286 et
3399 5248 3426 5283 a
3462 5241 3721 5288 creatura:

2137 5302 2345 5369 pariter
2386 5301 2610 5357 notione
2651 5301 3036 5357 excludebant.
3077 5300 3196 5356 Vid.
3226 5300 3414 5358 Petav.
3448 5303 3547 5360 lib.
3582 5307 3633 5361 I.
3659 5306 3718 5360 de

2136 5372 2333 5445 'I‘rinit.
2365 5389 2485 5445 cap.
2522 5376 2609 5431 M.

2211 5444 2228 5482 ί
2274 5445 2349 5501 Ea
2381 5444 2577 5511 innuit,
2609 5461 2733 5516 quae
2760 5446 3166 5502 Mediolanense
3196 5447 3502 5503 Concilium
3532 5463 3715 5504 consc-

2131 5527 2253 5573 cuta
2283 5526 2429 5585 sunt,
2462 5533 2694 5588 qumque
2728 5520 3059 5573 Athanasius
3091 5521 3143 5573 in
3174 5520 3338 5587 epist.
3366 5519 3433 5575 ad
3467 5521 3623 5575 Solit.
3662 5529 3711 5575 et

2131 5588 2184 5661 in
2221 5592 2377 5660 Apol.
2422 5591 2489 5645 ad
2513 5588 2800 5646 Constant.
2832 5590 2952 5645 fuse
2975 5590 3341 5661 persequitur.
3377 5592 3509 5648 Vide
3552 5596 3705 5648 etiam

2126 5660 2299 5717 Hilar.
2329 5663 2382 5717 in
2414 5663 2511 5717 lib.
2540 5679 2632 5717 un.
2665 5671 2855 5718 contra
2886 5660 3290 5719 Constantium.

2197 5742 2223 5809 ξε
2261 5733 2399 5789 Vide
2430 5734 2531 5788 hac
2553 5750 2721 5803 super
2747 5750 2807 5791 re
2852 5739 3165 5791 notationes
3207 5737 3261 5791 in
3295 5735 3388 5793 lib.
3417 5735 3471 5790 2.
3504 5750 3595 5809 pro
3639 5732 3699 5791 S.

2121 5804 2321 5859 Athan.

2196 5874 2223 5912 h
2263 5874 2403 5932 Puto
2434 5874 2723 5948 legendum
2753 5888 2824 5934 et.

416 5740 603 5797 bulum
629 5754 744 5810 prae
765 5736 980 5810 caeteris
995 5733 1164 5789 fuerit
1194 5733 1542 5810 attributum,
1567 5730 1874 5810 quippequi
1893 5731 2019 5800 δρί-

411 5811 552 5866 ritus
591 5803 767 5865 sancti
806 5808 1150 5863 divinitatem
1201 5803 1540 5873 negaverint,
1588 5803 1779 5858 Ariani
1831 5813 2012 5858 tamen

414 5883 614 5955 multo,
636 5896 802 5954 quam
832 5878 940 5946 illi,
973 5876 1350 5947 impudentius
1377 5875 1433 5931 in
1458 5874 1734 5947 Spiritum
1759 5884 2009 5933 sanctum
