3972 6352
169 278 273 336 809

1098 271 1187 338 DE
1229 278 1528 341 REGIBUS
1570 278 2019 343 APOSTATICIS
2057 284 2259 343 LIBER
2300 284 2508 371 UNUS.

3364 291 3469 353 810

164 394 230 450 ad
258 392 523 466 Iosophat
562 409 773 468 regem:
806 395 953 452 Unus
977 405 1052 452 est
1078 413 1168 466 per
1212 414 1365 469 quem
1391 400 1761 472 interrogemus
1789 404 1837 467 Α
1869 401 2120 458 Ezechize
2150 404 2293 475 regis
2325 419 2508 475 regem
2556 402 2709 460 Iudae
2754 405 3005 463 sedecim
3041 422 3308 465 annorum
3351 426 3473 468 sus-

162 489 466 549 Dominum.
489 491 580 546 sed
590 507 683 563 ego
701 491 787 548 odi
800 492 968 556 illum,
988 494 1230 564 quoniam
1246 511 1345 548 non
1370 495 1593 564 loquitur
1613 496 1674 549 de
1688 511 1767 550 me

162 582 295 638 bona
317 582 481 652 (Ibid.
504 582 593 655 7).
634 583 766 641 Item
799 594 849 653 ³,
884 570 1232 658 posteaquam
1256 585 1478 642 dixisset
1503 588 1765 659 propheta

162 675 378 733 Domini
410 678 478 732 ad
532 679 680 733 illum
725 677 980 735 Michmas
1028 695 1096 736 ue
1134 680 1477 747 ascenderet,
1507 682 1762 751 quoniam

159 773 204 828 si
233 772 597 840 ascendisset,
620 788 727 829 non
759 784 906 830 esset
927 789 1279 831 reversurus:
1305 773 1455 831 Dixit
1478 791 1571 831 rex
1594 773 1766 830 Israel

158 867 226 920 ad
242 866 502 938 Iosophat
525 882 699 939 regem
730 864 912 921 Iuda:
939 866 1129 923 Nonne
1155 868 1264 922 dixi
1303 867 1373 921 ad
1401 877 1472 933 te,
1517 869 1764 940 quoniam

162 961 440 1031 prapltelat
506 960 635 1015 mihi
680 962 767 1015 hic
839 978 943 1017 non
1018 963 1187 1029 bona,
1239 960 1329 1016 sed
1389 963 1555 1035 magis
1628 963 1767 1018 mala

162 1052 332 1125 (Ibid.
363 1053 490 1125 l8)?
518 1053 854 1110 Videbantur
892 1056 1031 1111 mala
1064 1065 1119 1111 et
1143 1054 1368 1111 exrordi
1396 1056 1447 1111 ei
1469 1070 1625 1126 quem
1652 1055 1765 1126 jam

157 1148 454 1233 obsederat
481 1149 751 1216 diabolus,
791 1150 932 1206 mala
962 1166 1024 1206 ea
1054 1166 1175 1223 quae
1234 1165 1264 1206 a
1309 1151 1404 1207 Dei
1440 1150 1766 1207 dicebantur

156 1256 341 1308 servo,
372 1255 425 1300 et
472 1244 564 1300 illa
599 1246 740 1300 bona
778 1245 1166 1316 judicabanlur
1204 1261 1322 1318 qua:
1353 1263 1380 1300 a
1414 1246 1593 1302 servis
1620 1248 1764 1303 dicc-

155 1336 358 1394 bantur
379 1338 601 1395 diaboli.
617 1339 729 1396 Nec
748 1340 1053 1396 mirandum
1074 1328 1254 1413 itaQue
1300 1341 1347 1397 si
1369 1341 1494 1398 illos
1511 1343 1767 1400 audiebat

154 1433 371 1500 Achab,
397 1449 533 1505 quos
565 1442 621 1489 ut
664 1434 878 1490 audiret
931 1436 1160 1491 faciebat
1207 1435 1458 1490 diabolus
1498 1436 1764 1507 mancipia

152 1527 416 1585 videlicet
445 1544 564 1595 sua,
607 1538 665 1586 et
708 1530 753 1585 si
806 1530 928 1586 illos
958 1529 1149 1586 audire
1181 1530 1379 1597 nollet,
1432 1546 1568 1601 quos
1618 1531 1765 1588 Deus

154 1636 286 1679 suos
315 1637 441 1680 esse
469 1638 660 1680 servos
680 1632 738 1679 et
767 1623 882 1692 ipsa
907 1624 1192 1680 tolerantia
1226 1623 1541 1695 passionum
1566 1633 1620 1680 et
1647 1625 1764 1695 ipsa

153 1715 465 1771 constantia
518 1716 941 1772 asseverationis
986 1715 1367 1771 manifestahat
1423 1717 1561 1772 illis:
1605 1732 1760 1788 pseu-

1869 499 2081 568 cepisse
2127 516 2373 570 regnum,
2424 510 2478 557 et
2527 501 2922 574 quinquaginta
2975 501 2995 542 τ
3057 516 3267 576 septem
3313 511 3473 565 annis

1868 605 2149 661 regnasse;
2184 594 2251 647 de
2279 607 2387 663 quo
2409 608 2532 662 qua:
2561 596 2669 649 sint
2690 595 2893 666 scripta
2923 612 3051 651 cum
3079 599 3341 667 audieris,
3388 602 3471 657 in-

1868 684 2057 739 venies
2070 684 2313 755 profecto
2334 684 2578 756 ejusdem
2601 697 2651 743 te
2672 688 3002 745 imitatorem
3020 705 3165 757 esse,
3188 702 3242 748 et
3259 709 3366 748 non
3391 694 3474 749 in-

1868 774 2041 846 cipies
2071 777 2254 831 mirari
2278 778 2422 847 quod
2452 778 2803 836 malefaciens
2821 796 2947 836 cum
2977 784 3075 847 sis.
3101 786 3469 843 tamenadhuc

1870 880 2127 939 parcatur
2149 869 2265 937 tibi,
2285 885 2517 928 cernens
2548 873 2872 941 Manassem,
2902 876 3134 946 cujustu
3169 880 3222 934 in
3239 880 3475 937 crudeli-

1870 971 1983 1019 tate
2012 972 2067 1019 et
2093 965 2383 1035 sacrilegio
2413 982 2523 1021 non
2547 967 2727 1023 minor
2762 983 2842 1037 es,
2870 971 3018 1041 quod
3048 980 3193 1027 tanta
3220 984 3471 1045 agentem

1868 1072 2095 1129 regnum
2124 1060 2360 1114 tenuerit
2393 1060 2785 1133 quinquaginta
2816 1071 3026 1134 septem
3053 1068 3231 1123 annis.
3253 1068 3323 1123 Et
3345 1071 3470 1125 dor-

1868 1152 2033 1220 mivit,
2062 1152 2234 1223 inquit
2258 1155 2529 1224 scriptura
2561 1154 2649 1227 (IV
2676 1154 2907 1228 Reg.xx,
2930 1158 3049 1229 21).
3082 1159 3335 1217 Ezechias
3356 1180 3473 1218 cum

1870 1245 2103 1314 patribus
2148 1247 2276 1313 suis,
2326 1256 2374 1301 et
2404 1249 2637 1318 sepultus
2665 1260 2738 1303 est
2793 1252 2845 1304 in
2884 1251 3085 1306 civitate
3161 1253 3332 1309 David
3361 1300 3374 1326 ,
3427 1268 3475 1311 et

1868 1340 2099 1411 regnavit
2143 1337 2411 1395 Manasses
2444 1342 2581 1410 ﬁlius
2629 1342 2742 1412 ejus
2794 1360 2887 1413 pro
2913 1361 2996 1399 eo.
3030 1344 3161 1400 Cum
3210 1360 3340 1404 esset
3382 1368 3474 1406 rex

1867 1428 2088 1484 sedecim
2116 1448 2369 1487 annorum
2399 1432 2672 1490 Monaeses
2700 1452 2818 1490 cum
2844 1450 3104 1510 regnaret,
3129 1451 3178 1494 et
3220 1440 3475 1513 quinqua-

1868 1523 2009 1593 ginta
2039 1532 2233 1593 septem
2261 1526 2412 1581 annis
2461 1528 2692 1600 regnavit
2722 1529 2774 1582 in
2814 1528 3167 1599 Hierusalem,
3202 1544 3248 1587 et
3290 1552 3475 1591 nomen

1870 1627 1981 1672 erat
2002 1619 2182 1672 matris
2214 1622 2327 1692 ejus
2358 1619 2572 1675 Ebsibas
2606 1639 2624 1675 :
2675 1631 2722 1675 et
2765 1624 2887 1694 fecit
2916 1627 3055 1695 quod
3081 1629 3373 1699 malignum
3403 1642 3475 1686 est

1870 1722 1989 1767 ante
2041 1723 2374 1784 conspectum
2431 1713 2642 1769 Domini
2711 1718 2993 1772 secundum
3062 1721 3473 1778 abominationes

153 1809 520 1881 dopropheta:
546 1810 703 1865 dilati
731 1810 1092 1881 honoratique
1131 1811 1340 1867 dimissi
1372 1819 1503 1866 sunt
1549 1826 1580 1866 a
1608 1826 1757 1883 rege,
1790 1812 1838 1873 B
1864 1808 2090 1879 gentium
2120 1850 2134 1872 ,
2166 1824 2293 1877 quas
2314 1809 2465 1883 ejecit
2492 1807 2748 1863 Dominus
2775 1828 2806 1864 a
2838 1812 2972 1881 facie
3003 1812 3235 1881 ﬁliorum
3269 1813 3474 1869 Israel:

152 1902 413 1959 Micbaaas
444 1919 574 1959 vero
616 1903 878 1974 propheta
925 1904 1143 1960 Domini
1183 1904 1489 1961 recluditur
1534 1904 1587 1960 in
1640 1921 1763 1961 car-

152 2012 367 2063 cerem,
400 2007 457 2054 et
502 1997 730 2053 dicitur:
790 1996 1121 2054 Manducetb
1155 2015 1338 2068 panem
1379 1998 1577 2054 doloris
1604 2002 1764 2055 donec

152 2097 368 2151 redeam
395 2094 557 2165 (Ibid.
585 2095 656 2150 27
690 2093 741 2167 ):
774 2104 827 2151 et
856 2104 1032 2151 tamen
1055 2094 1210 2166 juxta
1255 2095 1400 2150 servi
1436 2094 1533 2150 Dei
1559 2093 1760 2150 dictum

154 2189 661 2247 revcrsusmiuime
690 2188 885 2245 est.Ita
901 2189 1085 2260 etipse
1111 2188 1570 2259 agis,Conslanti;
1587 2188 1764 2258 diligis

153 2298 261 2340 eos
289 2284 379 2354 qui
411 2282 632 2338 trahunt
661 2292 1026 2339 lemetsecum
1076 2282 1142 2336 ad
1172 2290 1401 2338 mortem
1424 2292 1760 2352 perpetuam,

151 2377 256 2448 qui
287 2375 355 2432 ad
382 2392 598 2433 omnem
626 2374 905 2432 interitum
939 2385 1083 2431 tuam
1115 2374 1600 2441 ducuntanimam;
1628 2374 1753 2429 odio

152 2469 371 2526 habere
390 2469 631 2542 dignaris
656 2478 852 2525 contra
872 2484 990 2535 eos,
1013 2470 1103 2540 qui
1153 2478 1204 2524 te
1236 2476 1366 2524 sunt
1384 2476 1638 2539 Optantes
1669 2467 1765 2523 Dei

151 2565 282 2622 ficri
312 2565 567 2621 amicum.
616 2564 694 2622 Ne
726 2564 821 2620 tibi
864 2564 1120 2637 glorieris
1146 2564 1290 2635 quod
1322 2580 1446 2621 cum
1493 2572 1639 2619 tanta
1688 2562 1767 2618 sis

150 2658 394 2725 faciens,
457 2670 636 2715 tamen
690 2659 846 2730 regni
891 2658 1065 2730 gloria
1117 2659 1351 2729 pollens,
1401 2658 1540 2714 hanc
1590 2656 1768 2714 adhuc

151 2753 449 2824 possideas
502 2752 748 2824 fragilem
796 2753 992 2818 vitam;
1043 2753 1261 2822 quando
1331 2763 1387 2809 et
1438 2753 1767 2810 Hieroboam

152 2847 342 2905 Filius
377 2846 526 2914 Ioas,
559 2846 703 2918 quod
732 2845 1042 2917 regnaverit
1069 2846 1120 2901 in
1144 2845 1307 2902 Israel
1329 2846 1684 2917 quadraginta
1715 2858 1770 2902 et

151 2958 333 2999 unum
381 2942 538 2997 annis
577 2941 631 2997 in
664 2941 933 3008 Samaria,
981 2948 1204 2996 narrant
1231 2954 1400 2996 sacrae
1450 2939 1667 3007 litterae,
1712 2948 1769 2995 et

150 3036 385 3110 quidem
414 3036 677 3093 derelicto
700 3036 811 3093 Deo
838 3035 1082 3092 serviens
1110 3034 1296 3103 idolis,
1326 3042 1385 3090 et
1413 3033 1634 3106 quidem
1659 3049 1767 3089 non

151 3130 433 3188 recedens
455 3128 525 3185 de
555 3128 741 3185 Achab
761 3128 904 3198 regis
925 3126 1093 3183 Israel
1122 3124 1369 3187 malitiis,
1392 3133 1556 3196 atque
1580 3124 1768 3179 Hiero-

1869 1909 1917 1955 et
1942 1900 2217 1970 wdiﬁcavit
2237 1902 2465 1966 excelsa,
2506 1918 2621 1972 qna:
2660 1901 2985 1958 destruxerat
3027 1904 3279 1962 Ezechias
3327 1920 3476 1980 pater

1867 1994 2053 2065 ipsius,
2086 2003 2133 2047 et
2155 1994 2430 2064 aediﬁcavit
2450 1995 2739 2049 sacrarium
2770 1994 2925 2063 Baal,
2948 2009 2995 2051 et
3022 2001 3140 2069 fecit
3172 2001 3316 2055 lucos
3339 2003 3469 2056 sicut

1868 2087 1988 2157 fecit
2041 2085 2216 2141 Achab
2253 2105 2346 2142 rex
2375 2086 2564 2156 Israel,
2589 2098 2637 2143 et
2690 2092 2925 2146 adoravit
2972 2109 3173 2148 omnem
3230 2096 3471 2150 militiam

1868 2181 2004 2247 cwli,
2033 2191 2080 2235 et
2100 2182 2302 2236 servivit
2324 2181 2450 2238 illis.
2486 2183 2551 2237 Et
2573 2185 2853 2255 aediﬁcavit
2876 2188 3161 2242 sacrarium
3193 2190 3245 2245 in
3270 2191 3471 2247 duabus

1867 2271 2066 2327 (edibus
2094 2274 2276 2328 domus
2309 2272 2545 2340 Domini,
2576 2287 2621 2330 et
2651 2276 2855 2331 induxit
2879 2279 3016 2346 ﬁlios
3044 2297 3164 2334 suos
3192 2282 3246 2335 in
3274 2283 3467 2354 ignem,

1868 2374 1915 2421 et
1935 2368 2310 2440 augurabatur,
2336 2375 2383 2421 et
2411 2368 2531 2439 fecit
2554 2371 2828 2441 pythones,
2867 2379 2912 2425 et
2938 2370 3143 2426 divinos
3171 2375 3379 2441 multos,
3420 2386 3475 2429 ut

1869 2462 2063 2530 faceret
2089 2460 2228 2531 quod
2252 2461 2537 2532 malignum
2574 2474 2649 2517 est
2702 2465 2757 2517 in
2782 2466 2945 2520 oculis
2994 2471 3187 2522 anima:
3234 2485 3360 2534 suae,
3412 2480 3474 2524 ut

1870 2556 2198 2610 exacerbaret
2225 2555 2507 2611 Dominum
2536 2556 2728 2612 Deum.
2759 2557 2844 2612 Et'
2873 2564 2996 2632 fecit
3020 2562 3287 2632 sculptilia
3330 2564 3471 2619 luco-

1869 2663 1987 2701 rum
2007 2664 2120 2717 qute
2147 2649 2267 2717 fecit
2292 2649 2346 2703 in
2373 2649 2530 2703 domo
2550 2666 2707 2720 quam
2740 2652 2871 2706 dixit
2905 2651 3159 2709 Dominus
3190 2656 3258 2708 ad
3305 2654 3478 2711 David

1871 2748 1920 2795 et
1940 2741 2009 2794 ad
2034 2740 2371 2796 Salomonem
2410 2743 2580 2813 [ilium
2610 2746 2747 2813 eius:
2780 2743 2845 2799 In
2877 2746 3032 2801 domo
3053 2748 3156 2803 ista
3186 2760 3232 2803 et
3261 2751 3314 2805 in
3347 2750 3477 2807 Ilie-

1870 2834 2118 2904 rusalem,
2144 2854 2295 2907 quam
2316 2838 2445 2910 elegi
2466 2854 2529 2892 ex
2556 2838 2792 2894 omnibus
2812 2839 3046 2896 tribubus
3070 2840 3262 2909 Israel,
3288 2862 3479 2915 ponere

1872 2946 2056 2986 nomen
2086 2947 2257 2984 meum
2280 2932 2333 2985 in
2369 2943 2640 2999 ceternum,
2682 2943 2729 2988 et
2776 2951 2878 2989 non
2908 2953 3169 3005 apponam
3200 2938 3384 3008 pedem
3424 2941 3477 2994 in

1873 3020 2044 3077 Israel
2053 3040 2251 3079 movere
2268 3041 2299 3077 a
2320 3034 2456 3079 terra
2472 3042 2625 3096 quant
2640 3025 2780 3081 dedi.
2808 3026 2916 3082 Sed
2931 3029 2977 3082 si
3003 3029 3263 3085 audierint
3285 3048 3364 3087 me
3390 3050 3482 3101 per

1874 3117 2050 3171 omnia
2070 3133 2187 3188 qua
2212 3118 2457 3171 mandavi
2483 3119 2577 3183 eis,
2604 3128 2652 3173 et
2670 3120 2952 3174 secundum
2971 3122 3136 3193 legem
3155 3140 3311 3193 quam
3333 3142 3478 3179 man-

153 3224 327 3280 boam
358 3222 666 3278 sacriﬁciis.
703 3219 864 3287 Male,
918 3220 1124 3289 inquis,
1150 3219 1195 3273 si
1232 3219 1490 3291 fecissem,
1526 3221 1643 3291 jam
1688 3232 1768 3271 me
1794 3218 1839 3281 C
1873 3211 2013 3265 davit
2050 3210 2122 3265 eis
2152 3227 2281 3283 puer
2305 3228 2448 3265 meus
2479 3210 2708 3283 Moyses.
2762 3213 2830 3267 Et
2860 3232 2965 3269 non
3003 3216 3287 3272 audierunt
3327 3229 3373 3273 α.
3411 3219 3479 3275 Ει

154 3315 308 3371 Dens
338 3316 610 3370 amovisset
657 3315 719 3369 de
756 3330 945 3386 regno:
978 3312 1133 3384 quasi
1167 3328 1277 3367 non
1304 3310 1481 3366 Filius
1530 3311 1769 3367 Amasiae

153 3419 457 3482 propterea
487 3407 629 3481 quod
656 3423 764 3463 non
791 3408 1080 3464 recesserit
1111 3421 1141 3462 a
1168 3405 1544 3476 supervacuis,
1575 3405 1771 3477 imple-

152 3512 252 3559 tus
303 3503 451 3571 lepra
504 3500 723 3572 quidem
774 3500 960 3567 fuerit,
1012 3498 1107 3555 sed
1166 3508 1348 3554 tamen
1379 3493 1767 3569 quinquaginta

152 3596 271 3653 duo
322 3594 481 3649 annis
508 3594 817 3664 regnaverit
862 3592 915 3647 in
950 3591 1314 3648 Hierusalem.
1354 3589 1463 3646 Sed
1511 3600 1567 3645 tu
1617 3590 1671 3645 iu
1702 3605 1769 3646 eo

72 3760 77 3763 ν
153 3692 346 3762 potior
371 3686 519 3744 Ozias
548 3687 686 3759 regi,
720 3687 845 3758 quia
882 3695 938 3742 tu
969 3700 1078 3741 non
1115 3685 1485 3757 elephantiam
1537 3684 1767 3753 habeas,

159 3797 287 3855 qua:
318 3796 442 3836 cum
474 3788 639 3835 temet
667 3794 859 3834 omnes
893 3792 1219 3834 consumere
1248 3778 1421 3849 possit
1467 3788 1641 3844 artus,
1669 3778 1765 3834 sed

159 3877 319 3933 illam
347 3891 468 3946 quia
500 3875 737 3931 animam
786 3875 972 3931 valeat
1017 3874 1235 3946 penitus
1286 3875 1581 3931 maculare.
1636 3875 1767 3932 Dole

160 3971 263 4027 tibi
298 3968 581 4025 nobiscum
610 3978 665 4024 et
711 3969 868 4024 mitte
925 3968 1192 4040 lacrymas
1248 3983 1350 4039 pro
1392 3978 1463 4033 te;
1512 3969 1767 4039 conSpice

162 4062 447 4136 quomodo
472 4062 703 4118 maculet
720 4076 944 4132 corpus,
1001 4063 1117 4116 haec
1138 4060 1359 4117 videtur
1385 4072 1407 4101 ο
1432 4061 1761 4133 elephantis,

156 4155 441 4230 quomodo
468 4166 753 4213 consumat
804 4154 1048 4212 membra
1106 4155 1271 4224 Ieprre
1296 4155 1481 4210 virus:
1525 4156 1767 4228 intellige

156 4250 308 4321 quod
339 4248 422 4305 sic
450 4249 653 4305 Ariana
699 4248 927 4304 haresis
976 4247 1288 4317 elephantia
1318 4258 1505 4304 vestra
1549 4250 1764 4305 interna

154 4342 250 4399 illa
284 4342 473 4398 omnia
500 4352 588 4397 tua
609 4340 867 4409 maculet;
900 4339 1153 4407 adverte,
1184 4341 1329 4411 quod
1353 4341 1497 4396 enim
1527 4342 1608 4397 sic
1649 4341 1766 4398 elli-

155 4438 271 4494 ciat
302 4434 581 4491 hominem
613 4444 762 4489 tuum
815 4432 1134 4489 interiorem
1186 4434 1346 4489 sicuti
1378 4442 1434 4488 et
1476 4432 1615 4497 haec.
1644 4450 1765 4505 quae

156 4527 647 4601 comprehenderit
673 4528 954 4598 hos,quos
977 4526 1164 4582 videas
1194 4526 1564 4595 elephantiam
1616 4524 1641 4564 ι¹
1684 4528 1766 4582 in-

1872 3304 2119 3369 quoniam
2146 3296 2647 3375 valideaspernatus
2674 3316 2745 3360 est
2777 3307 2827 3359 Μ
2836 3326 3070 3375 anasses,
3101 3319 3151 3365 et
3170 3312 3375 3373 seduxit
3393 3329 3479 3369 eos

1872 3396 2145 3451 Manasses
2175 3407 2231 3451 ut
2259 3398 2488 3468 facerent
2509 3400 2648 3468 quod
2684 3400 2969 3471 malignum
2998 3411 3073 3456 est
3121 3420 3277 3475 super
3302 3421 3481 3461 omnes

1871 3502 2048 3564 gentes
2077 3508 2205 3560 quas
2241 3490 2454 3545 abstulit
2485 3489 2742 3546 Dominus
2792 3510 2823 3546 α
2852 3493 2989 3563 facie
3016 3491 3226 3550 Israel:
3253 3508 3301 3550 et
3331 3499 3479 3552 locu-

1871 3593 1953 3637 lus
1978 3593 2051 3638 est
2083 3582 2335 3638 Dominus
2356 3582 2410 3637 in
2434 3600 2589 3637 manu
2638 3601 2916 3656 puerorum
2940 3603 3155 3641 suorum
3192 3592 3478 3661 prapltcla-

1870 3696 1985 3734 rum
2012 3696 2127 3750 qute
2139 3681 2259 3751 fecit
2288 3678 2559 3735 Manasses
2585 3697 2678 3735 rex
2698 3678 2845 3735 Juda
2868 3681 3169 3749 simulacra,
3193 3686 3479 3739 secundum

1873 3775 2047 3828 omnia
2066 3789 2180 3843 qua:
2201 3774 2325 3845 fecit
2352 3773 2686 3828 Amorrhteus
2712 3774 2801 3839 qui
2829 3783 2938 3829 erat
2968 3785 3089 3830 ante
3118 3778 3308 3848 faciem
3337 3780 3473 3850 ejus,

1870 3878 1919 3925 et
1944 3886 2159 3942 peccare
2190 3869 2308 3938 fecit
2338 3867 2483 3922 Iuda
2518 3869 2574 3921 in
2614 3868 2769 3924 idolis
2783 3870 2930 3923 suis:
2970 3881 3180 3942 prapter
3225 3872 3321 3926 hoc
3368 3873 3480 3927 lucc

1870 3964 1995 4018 dicit
2028 3963 2280 4018 Dominus
2304 3961 2441 4016 Deus
2466 3959 2675 4017 Israel:
2709 3960 2848 4017 Ecce
2877 3980 2968 4038 ego
2998 3965 3203 4020 adduco
3251 3968 3391 4021 mala
3420 3968 3475 4020 in

1874 4058 2203 4113 Hierusalem
2230 4068 2276 4112 et
2299 4059 2353 4112 in
2368 4057 2401 4111 ,Ι
2410 4058 2513 4111 uda
2531 4074 2550 4111 :
2573 4073 2748 4112 omnes
2770 4060 2859 4125 qui
2880 4059 3140 4114 audierint
3163 4063 3294 4129 htec,
3329 4064 3478 4116 tinni-

1870 4150 1994 4205 bunt
2044 4147 2075 4186 ιι
2114 4167 2266 4204 aures
2297 4166 2475 4204 eorum
2510 4160 2771 4219 utrmque:
2798 4159 2845 4204 et
2876 4151 3148 4205 extendam
3182 4152 3235 4205 in
3282 4151 3476 4207 Hieru-

1870 4248 2031 4301 salem
2060 4260 2353 4299 mensuram
2381 4243 2637 4299 Samaria?
2664 4252 2714 4297 et
2759 4244 2961 4311 pondus
2991 4244 3173 4297 domus
3199 4243 3398 4311 Achab,
3424 4255 3470 4298 rl

1871 4340 2071 4394 deleam
2126 4336 2141 4375 ί
2199 4337 2533 4393 Hierusalem
2575 4338 3011 4407 quemadmodum
3051 4338 3251 4393 deletur
3274 4340 3469 4395 buxum

1870 4435 1934 4489 de
1955 4443 2099 4504 poste
2119 4422 2235 4487 ante
2263 4433 2449 4502 faciem
2476 4433 2619 4502 ejus:
2644 4440 2692 4486 et
2723 4432 2855 4485 dabo
2886 4449 2970 4487 eos
3000 4432 3056 4487 in
3083 4449 3266 4489 manus
3297 4435 3475 4489 inimi-

1870 4542 2049 4581 corum
2073 4525 2257 4593 ipsius,
2288 4533 2335 4578 et
2360 4535 2507 4578 erunt
2534 4524 2587 4577 in
2614 4524 2955 4595 direptionem
2979 4534 3027 4580 et
3070 4526 3475 4585 combustionem

156 4625 338 4683 fusos.
372 4624 451 4681 Nc
481 4624 685 4680 dixeris
712 4641 726 4679 :
752 4620 873 4677 Nisi
901 4620 1025 4676 bene
1047 4637 1274 4693 agerem,
1308 4636 1590 4691 numquam
1622 4631 1761 4677 tanto
1790 4619 2102 4697 D'omnibus
2129 4618 2350 4672 inimicis
2379 4634 2577 4684 eorum,
2608 4617 2857 4686 quoniam
2883 4620 3103 4689 projecti
3130 4630 3251 4675 sunt
3272 4621 3338 4676 de
3358 4634 3473 4693 post

159 4729 394 4790 tempore
422 4719 748 4787 imperarem,
800 4731 1079 4787 numquam
1127 4715 1299 4769 adhuc
1344 4717 1507 4769 vivere
1550 4716 1766 4787 fuissem

157 4815 470 4887 permissus.
524 4810 757 4881 Quando
802 4819 859 4867 et
909 4820 933 4849 ε
993 4810 1296 4867 Manassem
1342 4824 1539 4867 cernas
1593 4811 1765 4867 ﬁlium

240 5012 267 5041 λ
309 5001 445 5070 Quae
474 4998 561 5054 hic
591 5005 1005 5068 consequuntur
1044 5009 1220 5070 usque
1242 4996 1310 5049 ad
1338 5010 1399 5070 ea
1429 4994 1605 5070 verba
1624 4993 1772 5055 Dixit

158 5092 281 5141 rex,
321 5066 431 5128 Etc.
461 5071 713 5126 videntur
742 5066 930 5126 Sabat.
961 5082 1109 5141 vers.
1143 5068 1211 5122 17
1242 5066 1645 5141 quodammodo
1686 5082 1775 5141 re-

161 5138 465 5218 spondere,
509 5151 565 5196 et
611 5144 663 5198 in
694 5142 944 5218 ordinem
1002 5139 1163 5218 hujus
1191 5153 1313 5208 cap.
1364 5138 1768 5218 posserelerri.

163 5209 283 5276 Sed
311 5214 481 5271 verba
512 5224 638 5269 sunt
694 5213 955 5277 Lucil'eri,
1003 5211 1205 5281 quibus
1246 5225 1309 5264 ea
1362 5209 1769 5279 complectitur,

161 5304 345 5362 quaea
371 5303 424 5341 v.
462 5286 530 5342 15
567 5285 633 5342 ad
666 5301 720 5340 v.
756 5285 821 5338 I7
876 5282 946 5339 de
973 5282 1199 5339 Mtclnea
1244 5281 1515 5352 propheta
1562 5281 1768 5337 ibidem

161 5362 445 5418 leauntur.

185 5376 513 5487 εἷωὲἓέὲὶο
542 5443 642 5485 cur
666 5428 783 5484 haec
808 5441 838 5481 a
861 5426 1045 5483 Sabat.
1073 5425 1300 5491 omissa,
1327 5440 1447 5495 quae
1478 5425 1546 5481 ad
1577 5425 1766 5496 Antiq.

161 5504 329 5560 Vere.
382 5511 651 5570 spectant,
708 5510 766 5556 et
797 5514 988 5569 parum
1020 5515 1047 5551 a
1076 5497 1269 5570 Graeco
1316 5496 1575 5553 diﬂ‘erunt
1625 5497 1769 5564 apud

163 5565 436 5645 Septuag.
486 5565 720 5629 εἶπονζ...
754 5565 939 5628 iudicia
979 5571 1128 5627 αὐτὸν
1157 5565 1312 5643 ἄρτον
1336 5570 1643 5642 θλίψεως....
1674 5570 1772 5632 ἕως

162 5654 269 5706 τοῦ
300 5645 609 5724 ἑπιστρέπμι
635 5665 720 5724 με,
754 5657 860 5699 ctc.

256 5730 278 5759 ε
321 5718 480 5773 ιευτιε
511 5718 761 5773 videlicet.

251 5787 280 5826 ά
319 5788 656 5861 Elephantia.
684 5787 865 5861 Latin.

255 5869 279 5899 ε
322 5856 477 5931 Vide,
508 5876 635 5933 quae
663 5862 715 5915 in
748 5860 894 5916 hunc
938 5858 1116 5915 locum
1145 5857 1214 5916 de
1248 5856 1498 5917 Manasse
1544 5856 1776 5930 inquiri-

623 5954 903 6016 Ps'raoc.
951 5950 1127 6017 XIII.

1874 4732 1974 4781 me,
1996 4726 2043 4770 et
2066 4723 2212 4769 erant
2259 4714 2322 4767 de
2352 4722 2463 4782 post
2492 4728 2571 4767 me
2602 4710 2615 4763 i
2660 4754 2675 4778 ,
2718 4720 2767 4768 et
2795 4723 2941 4767 erant
2969 4715 3335 4771 exacerbantes
3370 4734 3476 4786 me,

1875 4826 1937 4865 ex
1960 4825 2062 4879 qua
2107 4809 2190 4865 die
2232 4808 2469 4864 exierunt
2520 4816 2689 4877 patres
2724 4823 2920 4889 eorum
2950 4808 3018 4864 de
3066 4819 3204 4865 terra
3250 4808 3481 4883 ngypti

1876 5008 1999 5048 mus
2025 4992 2078 5046 in
2114 4992 2270 5047 Praei.

1952 5063 1972 5102 ί
2014 5062 2249 5132 Corrigit
2278 5060 2854 5132 Latin.quinquaglnta
2896 5060 3141 5131 quinque,
3195 5070 3305 5116 tum
3358 5063 3475 5133 hic,

1876 5146 1989 5192 tum
2022 5135 2278 5201 inferius,
2299 5134 2374 5189 uti
2399 5135 2451 5187 in
2476 5133 2631 5202 Vulg.
2664 5141 2719 5187 et
2740 5134 2999 5202 Septuag.
3034 5133 3255 5188 ltetinet
3283 5134 3472 5193 Sabat.

1877 5222 2167 5264 numerum
2211 5220 2478 5262 annorum
2518 5205 2894 5277 quinquaginta
2925 5213 3139 5277 septem;
3168 5206 3271 5277 sed
3324 5224 3479 5264 men-

1876 5280 2007 5335 dum
2038 5278 2334 5348 irrepsisse
2376 5276 2633 5349 Suspicor
2652 5274 2834 5349 V'vel'in
2863 5274 3179 5349 c«rdi_«:g._.‘vel
3205 5277 3259 5330 in
3288 5279 3473 5349 editis,

1874 5366 2016 5476 cumr
2033 5346 2177 5404 hunc
2208 5364 2494 5406 numerum
2527 5347 2661 5402 nulli
2688 5348 2951 5402 hactenus
2971 5346 3271 5405 Bibliorum
3298 5346 3472 5408 Codd.

1876 5438 1983 5476 um
2014 5431 2197 5476 erant.

1916 5431 2197 5478 rat'erant.

1876 5438 2197 5494 praterant.

1949 5504 1975 5543 ε
2016 5493 2287 5549 Audierint
2315 5501 2470 5548 antea
2518 5490 2803 5547 mendose.

1948 5563 1977 5602 ιι
2016 5566 2123 5622 Pro
2152 5569 2389 5632 tinnient,
2436 5565 2659 5620 sonitum
2700 5562 2921 5618 sentient
2946 5576 3099 5617 aures
3126 5578 3326 5620 eorum.
3366 5565 3476 5624 Til.

1873 5646 1932 5697 et
1960 5637 2033 5693 La
2066 5639 2265 5694 Cerda.

1956 5709 1973 5749 ί
2018 5708 2211 5766 Delebo
2241 5708 2374 5780 legit
2398 5708 2584 5765 Sabat.

1955 5782 1970 5834 i
2047 5776 2323 5855 Etet-ani
2366 5781 2428 5834 de
2450 5789 2563 5853 post
2628 5794 2709 5855 me
2758 5776 2965 5834 omittit
3021 5777 3186 5848 idem,
3245 5779 3485 5855 legitque

1879 5854 2305 5912 deexacerbantes
2327 5868 2425 5924 pro
2450 5850 2833 5909 exacerbantes.

2962 5946 3041 6008 26
