  <div class='ocr_page' id='page_1' title='image "/cluster/home/n/w/nwhite01/storage/ocr_20150623/13/hvd.32044015471295/413.png"; bbox 0 0 3972 6352; ppageno 0'>
   <div class='ocr_carea' id='block_1_1' title="bbox 550 352 657 425">
    <p class='ocr_par' dir='ltr' id='par_1_1' title="bbox 550 352 657 425">
     <span class='ocr_line' id='line_1_1' title="bbox 550 352 657 425; baseline -0.009 0"><span class='ocrx_word' id='word_1_1' title='bbox 550 352 657 425; x_wconf 78' lang='lat' dir='ltr'><strong><em>sis</em></strong></span> 
     </span>
    </p>
   </div>
   <div class='ocr_carea' id='block_1_2' title="bbox 1632 296 2841 414">
    <p class='ocr_par' dir='ltr' id='par_1_2' title="bbox 1632 296 2841 414">
     <span class='ocr_line' id='line_1_2' title="bbox 1632 296 2841 414; baseline -0.007 -3"><span class='ocrx_word' id='word_1_2' title='bbox 1632 350 1953 414; x_wconf 76' lang='lat' dir='ltr'><strong><em>LUCIFERI</em></strong></span> <span class='ocrx_word' id='word_1_3' title='bbox 1996 346 2307 409; x_wconf 83' lang='lat' dir='ltr'><strong><em>EPISCOPI</em></strong></span> <span class='ocrx_word' id='word_1_4' title='bbox 2344 344 2768 406; x_wconf 81' lang='lat' dir='ltr'><strong><em>CALARITANI</em></strong></span> <span class='ocrx_word' id='word_1_5' title='bbox 2838 296 2841 299; x_wconf 7' lang='grc' dir='ltr'>ῆ</span> 
     </span>
    </p>
   </div>
   <div class='ocr_carea' id='block_1_3' title="bbox 3710 346 3791 405">
    <p class='ocr_par' dir='ltr' id='par_1_3' title="bbox 3710 346 3791 405">
     <span class='ocr_line' id='line_1_3' title="bbox 3710 346 3791 405; baseline 0 0"><span class='ocrx_word' id='word_1_6' title='bbox 3710 346 3791 405; x_wconf 73' lang='grc'><strong><em>816</em></strong></span> 
     </span>
    </p>
   </div>
   <div class='ocr_carea' id='block_1_4' title="bbox 546 458 3798 553">
    <p class='ocr_par' dir='ltr' id='par_1_4' title="bbox 546 458 3798 553">
     <span class='ocr_line' id='line_1_4' title="bbox 546 458 3798 553; baseline -0.006 -18"><span class='ocrx_word' id='word_1_7' title='bbox 546 497 704 553; x_wconf 85' lang='lat' dir='ltr'><strong><em>quam</em></strong></span> <span class='ocrx_word' id='word_1_8' title='bbox 725 476 1040 541; x_wconf 63' lang='lat' dir='ltr'><strong><em>abortavit&#39;,</em></strong></span> <span class='ocrx_word' id='word_1_9' title='bbox 1062 488 1265 546; x_wconf 79' lang='lat' dir='ltr'><strong><em>semper</em></strong></span> <span class='ocrx_word' id='word_1_10' title='bbox 1287 472 1401 528; x_wconf 89' lang='lat' dir='ltr'><strong><em>tulit</em></strong></span> <span class='ocrx_word' id='word_1_11' title='bbox 1424 478 1649 525; x_wconf 85' lang='lat' dir='ltr'><strong><em>ventrem</em></strong></span> <span class='ocrx_word' id='word_1_12' title='bbox 1669 486 1823 526; x_wconf 89' lang='lat' dir='ltr'><strong><em>suum</em></strong></span> <span class='ocrx_word' id='word_1_13' title='bbox 1843 487 1861 536; x_wconf 90' lang='lat'><strong><em>;</em></strong></span> <span class='ocrx_word' id='word_1_14' title='bbox 1882 467 2158 540; x_wconf 76' lang='lat' dir='ltr'><strong><em>ipsibvero</em></strong></span> <span class='ocrx_word' id='word_1_15' title='bbox 2185 479 2240 538; x_wconf 73' lang='grc' dir='ltr'>Α</span> <span class='ocrx_word' id='word_1_16' title='bbox 2264 467 2397 520; x_wconf 82' lang='lat' dir='ltr'><strong><em>viam</em></strong></span> <span class='ocrx_word' id='word_1_17' title='bbox 2416 464 2664 540; x_wconf 69' lang='lat' dir='ltr'><strong><em>justitia.</em></strong></span> <span class='ocrx_word' id='word_1_18' title='bbox 2694 460 3053 517; x_wconf 72' lang='lat' dir='ltr'><strong><em>Maledicatur</em></strong></span> <span class='ocrx_word' id='word_1_19' title='bbox 3102 474 3226 531; x_wconf 88' lang='lat' dir='ltr'><strong><em>pars</em></strong></span> <span class='ocrx_word' id='word_1_20' title='bbox 3256 458 3460 515; x_wconf 87' lang='lat' dir='ltr'><strong><em>illorum</em></strong></span> <span class='ocrx_word' id='word_1_21' title='bbox 3484 458 3673 516; x_wconf 90' lang='lat' dir='ltr'><strong><em>interris</em></strong></span> <span class='ocrx_word' id='word_1_22' title='bbox 3695 462 3798 530; x_wconf 79' lang='lat' dir='ltr'><strong><em>Qua</em></strong></span> 
     </span>
    </p>
   </div>
   <div class='ocr_carea' id='block_1_5' title="bbox 547 566 2150 649">
    <p class='ocr_par' dir='ltr' id='par_1_5' title="bbox 547 566 2150 649">
     <span class='ocr_line' id='line_1_5' title="bbox 547 566 2150 649; baseline -0.01 -16"><span class='ocrx_word' id='word_1_23' title='bbox 547 583 845 649; x_wconf 77' lang='lat' dir='ltr'><strong><em>permanent</em></strong></span> <span class='ocrx_word' id='word_1_24' title='bbox 866 582 1129 639; x_wconf 89' lang='lat' dir='ltr'><strong><em>tamquam</em></strong></span> <span class='ocrx_word' id='word_1_25' title='bbox 1152 585 1268 625; x_wconf 78' lang='lat' dir='ltr'><strong><em>ores</em></strong></span> <span class='ocrx_word' id='word_1_26' title='bbox 1288 568 1340 622; x_wconf 89' lang='lat' dir='ltr'><strong><em>in</em></strong></span> <span class='ocrx_word' id='word_1_27' title='bbox 1364 577 1635 639; x_wconf 88' lang='lat' dir='ltr'><strong><em>perpetuo,</em></strong></span> <span class='ocrx_word' id='word_1_28' title='bbox 1658 575 1705 621; x_wconf 90' lang='lat' dir='ltr'><strong><em>et</em></strong></span> <span class='ocrx_word' id='word_1_29' title='bbox 1726 566 1824 635; x_wconf 84' lang='lat' dir='ltr'><strong><em>ﬁlii</em></strong></span> <span class='ocrx_word' id='word_1_30' title='bbox 1842 581 2040 628; x_wconf 87' lang='lat' dir='ltr'><strong><em>eorum,</em></strong></span> <span class='ocrx_word' id='word_1_31' title='bbox 2063 580 2150 618; x_wconf 86' lang='lat' dir='ltr'><strong><em>ac-</em></strong></span> 
     </span>
    </p>
   </div>
   <div class='ocr_carea' id='block_1_6' title="bbox 546 657 2151 738">
    <p class='ocr_par' dir='ltr' id='par_1_6' title="bbox 546 657 2151 738">
     <span class='ocr_line' id='line_1_6' title="bbox 546 657 2151 738; baseline -0.006 -15"><span class='ocrx_word' id='word_1_32' title='bbox 546 677 693 737; x_wconf 91' lang='lat' dir='ltr'><strong><em>cepto</em></strong></span> <span class='ocrx_word' id='word_1_33' title='bbox 716 681 909 738; x_wconf 88' lang='lat' dir='ltr'><strong><em>organo</em></strong></span> <span class='ocrx_word' id='word_1_34' title='bbox 933 676 979 732; x_wconf 78' lang='grc' dir='ltr'><strong><em>ο,</em></strong></span> <span class='ocrx_word' id='word_1_35' title='bbox 1002 664 1190 719; x_wconf 89' lang='lat' dir='ltr'><strong><em>ludunt</em></strong></span> <span class='ocrx_word' id='word_1_36' title='bbox 1206 678 1322 717; x_wconf 90' lang='lat' dir='ltr'><strong><em>cum</em></strong></span> <span class='ocrx_word' id='word_1_37' title='bbox 1344 660 1734 724; x_wconf 76' lang='lat' dir='ltr'><strong><em>delectamento,</em></strong></span> <span class='ocrx_word' id='word_1_38' title='bbox 1758 669 1810 712; x_wconf 91' lang='lat' dir='ltr'><strong><em>ut</em></strong></span> <span class='ocrx_word' id='word_1_39' title='bbox 1828 661 1983 712; x_wconf 89' lang='lat' dir='ltr'><strong><em>vitam</em></strong></span> <span class='ocrx_word' id='word_1_40' title='bbox 1998 657 2151 730; x_wconf 88' lang='lat' dir='ltr'><strong><em>dege-</em></strong></span> 
     </span>
    </p>
   </div>
   <div class='ocr_carea' id='block_1_7' title="bbox 542 751 2144 826">
    <p class='ocr_par' dir='ltr' id='par_1_7' title="bbox 542 751 2144 826">
     <span class='ocr_line' id='line_1_7' title="bbox 542 751 2144 826; baseline -0.006 -12"><span class='ocrx_word' id='word_1_41' title='bbox 542 770 657 817; x_wconf 84' lang='lat' dir='ltr'><strong><em>rent</em></strong></span> <span class='ocrx_word' id='word_1_42' title='bbox 692 760 746 813; x_wconf 88' lang='lat' dir='ltr'><strong><em>in</em></strong></span> <span class='ocrx_word' id='word_1_43' title='bbox 789 758 958 826; x_wconf 87' lang='lat' dir='ltr'><strong><em>bonis,</em></strong></span> <span class='ocrx_word' id='word_1_44' title='bbox 993 773 1112 811; x_wconf 90' lang='lat' dir='ltr'><strong><em>cum</em></strong></span> <span class='ocrx_word' id='word_1_45' title='bbox 1158 756 1297 811; x_wconf 91' lang='lat' dir='ltr'><strong><em>dicat</em></strong></span> <span class='ocrx_word' id='word_1_46' title='bbox 1345 751 1639 819; x_wconf 93' lang='lat' dir='ltr'><strong><em>Dominus;</em></strong></span> <span class='ocrx_word' id='word_1_47' title='bbox 1692 751 1934 808; x_wconf 85' lang='lat' dir='ltr'><strong><em>Recedite</em></strong></span> <span class='ocrx_word' id='word_1_48' title='bbox 1972 767 2004 804; x_wconf 92' lang='lat' dir='ltr'><strong><em>a</em></strong></span> <span class='ocrx_word' id='word_1_49' title='bbox 2043 766 2144 817; x_wconf 91' lang='lat' dir='ltr'><strong><em>me,</em></strong></span> 
     </span>
    </p>
   </div>
   <div class='ocr_carea' id='block_1_8' title="bbox 540 844 2149 924">
    <p class='ocr_par' dir='ltr' id='par_1_8' title="bbox 540 844 2149 924">
     <span class='ocr_line' id='line_1_8' title="bbox 540 844 2149 924; baseline -0.009 -13"><span class='ocrx_word' id='word_1_50' title='bbox 540 855 730 924; x_wconf 90' lang='lat' dir='ltr'><strong><em>iniqui,</em></strong></span> <span class='ocrx_word' id='word_1_51' title='bbox 757 853 867 909; x_wconf 89' lang='lat' dir='ltr'><strong><em>vias</em></strong></span> <span class='ocrx_word' id='word_1_52' title='bbox 887 852 1099 907; x_wconf 88' lang='lat' dir='ltr'><strong><em>illorum</em></strong></span> <span class='ocrx_word' id='word_1_53' title='bbox 1120 850 1244 906; x_wconf 83' lang='lat' dir='ltr'><strong><em>nolo</em></strong></span> <span class='ocrx_word' id='word_1_54' title='bbox 1266 866 1450 905; x_wconf 91' lang='lat' dir='ltr'><strong><em>nosse:</em></strong></span> <span class='ocrx_word' id='word_1_55' title='bbox 1470 848 1715 919; x_wconf 90' lang='lat' dir='ltr'><strong><em>quoniam</em></strong></span> <span class='ocrx_word' id='word_1_56' title='bbox 1737 847 1945 901; x_wconf 89' lang='lat' dir='ltr'><strong><em>lucerna</em></strong></span> <span class='ocrx_word' id='word_1_57' title='bbox 1964 844 2149 916; x_wconf 88' lang='lat' dir='ltr'><strong><em>impio-</em></strong></span> 
     </span>
    </p>
   </div>
   <div class='ocr_carea' id='block_1_9' title="bbox 540 941 2149 1020">
    <p class='ocr_par' dir='ltr' id='par_1_9' title="bbox 540 941 2149 1020">
     <span class='ocr_line' id='line_1_9' title="bbox 540 941 2149 1020; baseline -0.008 -16"><span class='ocrx_word' id='word_1_58' title='bbox 540 965 660 1004; x_wconf 84' lang='lat' dir='ltr'><strong><em>rum</em></strong></span> <span class='ocrx_word' id='word_1_59' title='bbox 682 948 1059 1020; x_wconf 72' lang='lat' dir='ltr'><strong><em>exstinguetur,</em></strong></span> <span class='ocrx_word' id='word_1_60' title='bbox 1082 955 1130 1001; x_wconf 90' lang='lat' dir='ltr'><strong><em>et</em></strong></span> <span class='ocrx_word' id='word_1_61' title='bbox 1151 947 1339 1017; x_wconf 77' lang='lat' dir='ltr'><strong><em>gemitu</em></strong></span> <span class='ocrx_word' id='word_1_62' title='bbox 1362 942 1606 999; x_wconf 82' lang='lat' dir='ltr'><strong><em>dolebant</em></strong></span> <span class='ocrx_word' id='word_1_63' title='bbox 1633 942 1687 996; x_wconf 88' lang='lat' dir='ltr'><strong><em>in</em></strong></span> <span class='ocrx_word' id='word_1_64' title='bbox 1710 941 1813 994; x_wconf 77' lang='lat' dir='ltr'><strong><em>vita</em></strong></span> <span class='ocrx_word' id='word_1_65' title='bbox 1838 956 1933 994; x_wconf 83' lang='lat' dir='ltr'><strong><em>sua</em></strong></span> <span class='ocrx_word' id='word_1_66' title='bbox 1957 954 1975 993; x_wconf 94' lang='lat'><em>:</em></span> <span class='ocrx_word' id='word_1_67' title='bbox 1997 945 2149 994; x_wconf 86' lang='lat' dir='ltr'><strong><em>erunt</em></strong></span> 
     </span>
    </p>
   </div>
   <div class='ocr_carea' id='block_1_10' title="bbox 540 1030 2146 1111">
    <p class='ocr_par' dir='ltr' id='par_1_10' title="bbox 540 1030 2146 1111">
     <span class='ocr_line' id='line_1_10' title="bbox 540 1030 2146 1111; baseline -0.007 -15"><span class='ocrx_word' id='word_1_68' title='bbox 540 1050 804 1111; x_wconf 85' lang='lat' dir='ltr'><strong><em>tamquam</em></strong></span> <span class='ocrx_word' id='word_1_69' title='bbox 826 1041 979 1111; x_wconf 87' lang='lat' dir='ltr'><strong><em>palea</em></strong></span> <span class='ocrx_word' id='word_1_70' title='bbox 997 1056 1113 1109; x_wconf 75' lang='lat' dir='ltr'><strong><em>qua:</em></strong></span> <span class='ocrx_word' id='word_1_71' title='bbox 1136 1055 1169 1093; x_wconf 91' lang='lat' dir='ltr'><strong><em>a</em></strong></span> <span class='ocrx_word' id='word_1_72' title='bbox 1187 1047 1336 1093; x_wconf 89' lang='lat' dir='ltr'><strong><em>vento</em></strong></span> <span class='ocrx_word' id='word_1_73' title='bbox 1361 1038 1587 1108; x_wconf 86' lang='lat' dir='ltr'><strong><em>rapitur,</em></strong></span> <span class='ocrx_word' id='word_1_74' title='bbox 1618 1044 1708 1090; x_wconf 90' lang='lat' dir='ltr'><strong><em>aut</em></strong></span> <span class='ocrx_word' id='word_1_75' title='bbox 1734 1044 1996 1104; x_wconf 87' lang='lat' dir='ltr'><strong><em>tamquam</em></strong></span> <span class='ocrx_word' id='word_1_76' title='bbox 2022 1030 2146 1101; x_wconf 84' lang='lat' dir='ltr'><strong><em>pul-</em></strong></span> 
     </span>
    </p>
   </div>
   <div class='ocr_carea' id='block_1_11' title="bbox 540 1124 2149 1206">
    <p class='ocr_par' dir='ltr' id='par_1_11' title="bbox 540 1124 2149 1206">
     <span class='ocr_line' id='line_1_11' title="bbox 540 1124 2149 1206; baseline -0.007 -15"><span class='ocrx_word' id='word_1_77' title='bbox 540 1137 637 1204; x_wconf 89' lang='lat' dir='ltr'><strong><em>vis,</em></strong></span> <span class='ocrx_word' id='word_1_78' title='bbox 680 1135 767 1203; x_wconf 87' lang='lat' dir='ltr'><strong><em>qui</em></strong></span> <span class='ocrx_word' id='word_1_79' title='bbox 813 1152 846 1189; x_wconf 85' lang='lat' dir='ltr'><strong><em>tt</em></strong></span> <span class='ocrx_word' id='word_1_80' title='bbox 886 1136 1184 1206; x_wconf 80' lang='lat' dir='ltr'><strong><em>tempestate</em></strong></span> <span class='ocrx_word' id='word_1_81' title='bbox 1222 1132 1473 1199; x_wconf 86' lang='lat' dir='ltr'><strong><em>volvitur;</em></strong></span> <span class='ocrx_word' id='word_1_82' title='bbox 1517 1131 1724 1185; x_wconf 82' lang='lat' dir='ltr'><strong><em>videant</em></strong></span> <span class='ocrx_word' id='word_1_83' title='bbox 1753 1125 1779 1166; x_wconf 73' lang='grc' dir='ltr'>ά</span> <span class='ocrx_word' id='word_1_84' title='bbox 1807 1137 1981 1182; x_wconf 88' lang='lat' dir='ltr'><strong><em>autem</em></strong></span> <span class='ocrx_word' id='word_1_85' title='bbox 2010 1124 2149 1181; x_wconf 89' lang='lat' dir='ltr'><strong><em>oculi</em></strong></span> 
     </span>
    </p>
   </div>
   <div class='ocr_carea' id='block_1_12' title="bbox 538 1222 2143 1298">
    <p class='ocr_par' dir='ltr' id='par_1_12' title="bbox 538 1222 2143 1298">
     <span class='ocr_line' id='line_1_12' title="bbox 538 1222 2143 1298; baseline -0.008 -11"><span class='ocrx_word' id='word_1_86' title='bbox 538 1232 753 1289; x_wconf 83' lang='lat' dir='ltr'><strong><em>illorum</em></strong></span> <span class='ocrx_word' id='word_1_87' title='bbox 766 1240 984 1285; x_wconf 90' lang='lat' dir='ltr'><strong><em>mortem</em></strong></span> <span class='ocrx_word' id='word_1_88' title='bbox 1008 1227 1134 1298; x_wconf 86' lang='lat' dir='ltr'><strong><em>(Job</em></strong></span> <span class='ocrx_word' id='word_1_89' title='bbox 1150 1244 1262 1294; x_wconf 75' lang='lat' dir='ltr'><strong><em>XXI,</em></strong></span> <span class='ocrx_word' id='word_1_90' title='bbox 1280 1226 1360 1298; x_wconf 86' lang='lat'><strong><em>6).</em></strong></span> <span class='ocrx_word' id='word_1_91' title='bbox 1380 1225 1517 1281; x_wconf 89' lang='lat' dir='ltr'><strong><em>Cum</em></strong></span> <span class='ocrx_word' id='word_1_92' title='bbox 1537 1224 1653 1281; x_wconf 73' lang='lat' dir='ltr'><strong><em>haec</em></strong></span> <span class='ocrx_word' id='word_1_93' title='bbox 1665 1223 1833 1281; x_wconf 86' lang='lat' dir='ltr'><strong><em>sciam</em></strong></span> <span class='ocrx_word' id='word_1_94' title='bbox 1854 1222 2143 1277; x_wconf 88' lang='lat' dir='ltr'><strong><em>Dominum</em></strong></span> 
     </span>
    </p>
   </div>
   <div class='ocr_carea' id='block_1_13' title="bbox 537 1322 2145 1391">
    <p class='ocr_par' dir='ltr' id='par_1_13' title="bbox 537 1322 2145 1391">
     <span class='ocr_line' id='line_1_13' title="bbox 537 1322 2145 1391; baseline -0.008 -9"><span class='ocrx_word' id='word_1_95' title='bbox 537 1325 608 1382; x_wconf 91' lang='lat' dir='ltr'><strong><em>de</em></strong></span> <span class='ocrx_word' id='word_1_96' title='bbox 638 1326 751 1381; x_wconf 84' lang='lat' dir='ltr'><strong><em>illis</em></strong></span> <span class='ocrx_word' id='word_1_97' title='bbox 782 1325 1013 1390; x_wconf 76' lang='lat' dir='ltr'><strong><em>dixisse,</em></strong></span> <span class='ocrx_word' id='word_1_98' title='bbox 1047 1322 1246 1379; x_wconf 84' lang='lat' dir='ltr'><strong><em>Scitote</em></strong></span> <span class='ocrx_word' id='word_1_99' title='bbox 1269 1331 1292 1359; x_wconf 76' lang='grc' dir='ltr'>ο</span> <span class='ocrx_word' id='word_1_100' title='bbox 1315 1322 1439 1391; x_wconf 87' lang='lat' dir='ltr'><strong><em>quia</em></strong></span> <span class='ocrx_word' id='word_1_101' title='bbox 1463 1336 1610 1375; x_wconf 89' lang='lat' dir='ltr'><strong><em>nemo</em></strong></span> <span class='ocrx_word' id='word_1_102' title='bbox 1635 1328 1858 1374; x_wconf 82' lang='lat' dir='ltr'><strong><em>vestrum</em></strong></span> <span class='ocrx_word' id='word_1_103' title='bbox 1879 1325 2044 1389; x_wconf 89' lang='lat' dir='ltr'><strong><em>potest</em></strong></span> <span class='ocrx_word' id='word_1_104' title='bbox 2064 1330 2145 1369; x_wconf 89' lang='lat' dir='ltr'><strong><em>me</em></strong></span> 
     </span>
    </p>
   </div>
   <div class='ocr_carea' id='block_1_14' title="bbox 538 1408 2145 1490">
    <p class='ocr_par' dir='ltr' id='par_1_14' title="bbox 538 1408 2145 1490">
     <span class='ocr_line' id='line_1_14' title="bbox 538 1408 2145 1490; baseline -0.006 -16"><span class='ocrx_word' id='word_1_105' title='bbox 538 1433 865 1490; x_wconf 86' lang='lat' dir='ltr'><strong><em>compescere</em></strong></span> <span class='ocrx_word' id='word_1_106' title='bbox 881 1426 937 1471; x_wconf 91' lang='lat' dir='ltr'><strong><em>ut</em></strong></span> <span class='ocrx_word' id='word_1_107' title='bbox 955 1425 1173 1482; x_wconf 89' lang='lat' dir='ltr'><strong><em>taceam,</em></strong></span> <span class='ocrx_word' id='word_1_108' title='bbox 1188 1429 1285 1471; x_wconf 89' lang='lat' dir='ltr'><strong><em>cur</em></strong></span> <span class='ocrx_word' id='word_1_109' title='bbox 1297 1414 1414 1470; x_wconf 62' lang='lat' dir='ltr'><strong><em>haec</em></strong></span> <span class='ocrx_word' id='word_1_110' title='bbox 1435 1413 1861 1485; x_wconf 83' lang='lat' dir='ltr'><strong><em>gloriosissimus</em></strong></span> <span class='ocrx_word' id='word_1_111' title='bbox 1872 1411 2003 1466; x_wconf 89' lang='lat' dir='ltr'><strong><em>dicit</em></strong></span> <span class='ocrx_word' id='word_1_112' title='bbox 2017 1408 2145 1465; x_wconf 86' lang='lat' dir='ltr'><strong><em>Job?</em></strong></span> 
     </span>
    </p>
   </div>
   <div class='ocr_carea' id='block_1_15' title="bbox 538 1502 2147 1581">
    <p class='ocr_par' dir='ltr' id='par_1_15' title="bbox 538 1502 2147 1581">
     <span class='ocr_line' id='line_1_15' title="bbox 538 1502 2147 1581; baseline -0.006 -15"><span class='ocrx_word' id='word_1_113' title='bbox 538 1511 646 1567; x_wconf 85' lang='lat' dir='ltr'><strong><em>nisi</em></strong></span> <span class='ocrx_word' id='word_1_114' title='bbox 666 1510 789 1581; x_wconf 83' lang='lat' dir='ltr'><strong><em>quia</em></strong></span> <span class='ocrx_word' id='word_1_115' title='bbox 814 1510 1154 1579; x_wconf 90' lang='lat' dir='ltr'><strong><em>sciretquam</em></strong></span> <span class='ocrx_word' id='word_1_116' title='bbox 1178 1506 1448 1578; x_wconf 84' lang='lat' dir='ltr'><strong><em>plurimos</em></strong></span> <span class='ocrx_word' id='word_1_117' title='bbox 1476 1504 1692 1577; x_wconf 85' lang='lat' dir='ltr'><strong><em>quidem</em></strong></span> <span class='ocrx_word' id='word_1_118' title='bbox 1712 1502 1854 1558; x_wconf 87' lang='lat' dir='ltr'><strong><em>male</em></strong></span> <span class='ocrx_word' id='word_1_119' title='bbox 1876 1516 2064 1574; x_wconf 73' lang='lat' dir='ltr'><strong><em>agere,</em></strong></span> <span class='ocrx_word' id='word_1_120' title='bbox 2089 1508 2147 1557; x_wconf 88' lang='lat' dir='ltr'><strong><em>et</em></strong></span> 
     </span>
    </p>
   </div>
   <div class='ocr_carea' id='block_1_16' title="bbox 533 1596 2138 1667">
    <p class='ocr_par' dir='ltr' id='par_1_16' title="bbox 533 1596 2138 1667">
     <span class='ocr_line' id='line_1_16' title="bbox 533 1596 2138 1667; baseline -0.005 -8"><span class='ocrx_word' id='word_1_121' title='bbox 533 1612 719 1659; x_wconf 82' lang='lat' dir='ltr'><strong><em>tamen</em></strong></span> <span class='ocrx_word' id='word_1_122' title='bbox 741 1602 907 1659; x_wconf 85' lang='lat' dir='ltr'><strong><em>certis</em></strong></span> <span class='ocrx_word' id='word_1_123' title='bbox 924 1599 943 1639; x_wconf 73' lang='grc' dir='ltr'>ί</span> <span class='ocrx_word' id='word_1_124' title='bbox 961 1617 1067 1657; x_wconf 90' lang='lat' dir='ltr'><strong><em>non</em></strong></span> <span class='ocrx_word' id='word_1_125' title='bbox 1084 1598 1265 1656; x_wconf 91' lang='lat' dir='ltr'><strong><em>statim</em></strong></span> <span class='ocrx_word' id='word_1_126' title='bbox 1280 1599 1458 1667; x_wconf 85' lang='lat' dir='ltr'><strong><em>reddi,</em></strong></span> <span class='ocrx_word' id='word_1_127' title='bbox 1478 1599 1572 1655; x_wconf 89' lang='lat' dir='ltr'><strong><em>sed</em></strong></span> <span class='ocrx_word' id='word_1_128' title='bbox 1595 1598 1800 1653; x_wconf 86' lang='lat' dir='ltr'><strong><em>servari</em></strong></span> <span class='ocrx_word' id='word_1_129' title='bbox 1814 1612 1909 1653; x_wconf 91' lang='lat' dir='ltr'><strong><em>eos</em></strong></span> <span class='ocrx_word' id='word_1_130' title='bbox 1927 1597 1992 1652; x_wconf 87' lang='lat' dir='ltr'><strong><em>ad</em></strong></span> <span class='ocrx_word' id='word_1_131' title='bbox 2015 1596 2138 1662; x_wconf 91' lang='lat' dir='ltr'><strong><em>hoc,</em></strong></span> 
     </span>
    </p>
   </div>
   <div class='ocr_carea' id='block_1_17' title="bbox 531 1688 2143 1765">
    <p class='ocr_par' dir='ltr' id='par_1_17' title="bbox 531 1688 2143 1765">
     <span class='ocr_line' id='line_1_17' title="bbox 531 1688 2143 1765; baseline -0.006 -13"><span class='ocrx_word' id='word_1_132' title='bbox 531 1705 698 1752; x_wconf 89' lang='lat' dir='ltr'><strong><em>utaut</em></strong></span> <span class='ocrx_word' id='word_1_133' title='bbox 713 1711 774 1752; x_wconf 89' lang='lat' dir='ltr'><strong><em>se</em></strong></span> <span class='ocrx_word' id='word_1_134' title='bbox 787 1694 1171 1765; x_wconf 88' lang='lat' dir='ltr'><strong><em>corrigantaut</em></strong></span> <span class='ocrx_word' id='word_1_135' title='bbox 1192 1702 1343 1749; x_wconf 84' lang='lat' dir='ltr'><strong><em>certe</em></strong></span> <span class='ocrx_word' id='word_1_136' title='bbox 1368 1702 1485 1762; x_wconf 89' lang='lat' dir='ltr'><strong><em>post</em></strong></span> <span class='ocrx_word' id='word_1_137' title='bbox 1510 1691 1720 1746; x_wconf 90' lang='lat' dir='ltr'><strong><em>obitum</em></strong></span> <span class='ocrx_word' id='word_1_138' title='bbox 1743 1691 1982 1746; x_wconf 87' lang='lat' dir='ltr'><strong><em>sentiant</em></strong></span> <span class='ocrx_word' id='word_1_139' title='bbox 2002 1688 2143 1744; x_wconf 85' lang='lat' dir='ltr'><strong><em>deli-</em></strong></span> 
     </span>
    </p>
   </div>
   <div class='ocr_carea' id='block_1_18' title="bbox 531 1784 2142 1859">
    <p class='ocr_par' dir='ltr' id='par_1_18' title="bbox 531 1784 2142 1859">
     <span class='ocr_line' id='line_1_18' title="bbox 531 1784 2142 1859; baseline -0.005 -14"><span class='ocrx_word' id='word_1_140' title='bbox 531 1798 750 1845; x_wconf 88' lang='lat' dir='ltr'><strong><em>ctorum</em></strong></span> <span class='ocrx_word' id='word_1_141' title='bbox 776 1804 1002 1844; x_wconf 90' lang='lat' dir='ltr'><strong><em>suorum</em></strong></span> <span class='ocrx_word' id='word_1_142' title='bbox 1027 1802 1240 1859; x_wconf 68' lang='lat' dir='ltr'><strong><em>pinnas,</em></strong></span> <span class='ocrx_word' id='word_1_143' title='bbox 1264 1786 1504 1843; x_wconf 85' lang='lat' dir='ltr'><strong><em>sentiant</em></strong></span> <span class='ocrx_word' id='word_1_144' title='bbox 1526 1785 1652 1857; x_wconf 87' lang='lat' dir='ltr'><strong><em>quid</em></strong></span> <span class='ocrx_word' id='word_1_145' title='bbox 1676 1784 1837 1839; x_wconf 80' lang='lat' dir='ltr'><strong><em>fuerit</em></strong></span> <span class='ocrx_word' id='word_1_146' title='bbox 1857 1799 1965 1839; x_wconf 90' lang='lat' dir='ltr'><strong><em>non</em></strong></span> <span class='ocrx_word' id='word_1_147' title='bbox 1991 1795 2142 1854; x_wconf 75' lang='lat' dir='ltr'><strong><em>qua:-</em></strong></span> 
     </span>
    </p>
   </div>
   <div class='ocr_carea' id='block_1_19' title="bbox 2262 554 3799 633">
    <p class='ocr_par' dir='ltr' id='par_1_19' title="bbox 2262 554 3799 633">
     <span class='ocr_line' id='line_1_19' title="bbox 2262 554 3799 633; baseline -0.003 -19"><span class='ocrx_word' id='word_1_148' title='bbox 2262 559 2443 633; x_wconf 89' lang='lat' dir='ltr'><strong><em>(lbid.</em></strong></span> <span class='ocrx_word' id='word_1_149' title='bbox 2476 558 2576 631; x_wconf 75' lang='grc'><strong><em>18)</em></strong></span> <span class='ocrx_word' id='word_1_150' title='bbox 2607 558 2623 609; x_wconf 78' lang='lat' dir='ltr'><strong><em>i</em></strong></span> <span class='ocrx_word' id='word_1_151' title='bbox 2657 568 2732 614; x_wconf 92' lang='lat' dir='ltr'><strong><em>est</em></strong></span> <span class='ocrx_word' id='word_1_152' title='bbox 2758 556 2893 611; x_wconf 89' lang='lat' dir='ltr'><strong><em>enim</em></strong></span> <span class='ocrx_word' id='word_1_153' title='bbox 2918 571 3033 627; x_wconf 85' lang='lat' dir='ltr'><strong><em>spes</em></strong></span> <span class='ocrx_word' id='word_1_154' title='bbox 3058 554 3231 627; x_wconf 88' lang='lat' dir='ltr'><strong><em>impiis</em></strong></span> <span class='ocrx_word' id='word_1_155' title='bbox 3262 555 3657 621; x_wconf 80' lang='lat' dir='ltr'><strong><em>Itominibus,aut</em></strong></span> <span class='ocrx_word' id='word_1_156' title='bbox 3679 572 3799 625; x_wconf 82' lang='lat' dir='ltr'><strong><em>quem</em></strong></span> 
     </span>
    </p>
   </div>
   <div class='ocr_carea' id='block_1_20' title="bbox 2253 646 3797 726">
    <p class='ocr_par' dir='ltr' id='par_1_20' title="bbox 2253 646 3797 726">
     <span class='ocr_line' id='line_1_20' title="bbox 2253 646 3797 726; baseline -0.004 -17"><span class='ocrx_word' id='word_1_157' title='bbox 2253 656 2454 709; x_wconf 86' lang='lat' dir='ltr'><strong><em>aditum</em></strong></span> <span class='ocrx_word' id='word_1_158' title='bbox 2494 661 2707 726; x_wconf 89' lang='lat' dir='ltr'><strong><em>possunt</em></strong></span> <span class='ocrx_word' id='word_1_159' title='bbox 2732 652 2937 719; x_wconf 65' lang='lat' dir='ltr'><strong><em>~habere</em></strong></span> <span class='ocrx_word' id='word_1_160' title='bbox 2982 649 3123 721; x_wconf 90' lang='lat' dir='ltr'><strong><em>apud</em></strong></span> <span class='ocrx_word' id='word_1_161' title='bbox 3153 648 3463 703; x_wconf 81' lang='lat' dir='ltr'><strong><em>Damnum?</em></strong></span> <span class='ocrx_word' id='word_1_162' title='bbox 3520 648 3617 705; x_wconf 85' lang='lat' dir='ltr'><strong><em>Sed</em></strong></span> <span class='ocrx_word' id='word_1_163' title='bbox 3653 646 3797 721; x_wconf 86' lang='lat' dir='ltr'><strong><em>(Ibid.</em></strong></span> 
     </span>
    </p>
   </div>
   <div class='ocr_carea' id='block_1_21' title="bbox 2252 740 3802 819">
    <p class='ocr_par' dir='ltr' id='par_1_21' title="bbox 2252 740 3802 819">
     <span class='ocr_line' id='line_1_21' title="bbox 2252 740 3802 819; baseline -0.007 -15"><span class='ocrx_word' id='word_1_164' title='bbox 2252 764 2434 814; x_wconf 80' lang='lat' dir='ltr'><strong><em>xxvn,</em></strong></span> <span class='ocrx_word' id='word_1_165' title='bbox 2461 747 2542 819; x_wconf 89' lang='lat'><strong><em>8).</em></strong></span> <span class='ocrx_word' id='word_1_166' title='bbox 2586 759 2634 800; x_wconf 93' lang='lat' dir='ltr'><strong><em>et</em></strong></span> <span class='ocrx_word' id='word_1_167' title='bbox 2676 743 2702 782; x_wconf 67' lang='grc' dir='ltr'><strong><em>εί</em></strong></span> <span class='ocrx_word' id='word_1_168' title='bbox 2760 745 2805 799; x_wconf 94' lang='lat' dir='ltr'><strong><em>si</em></strong></span> <span class='ocrx_word' id='word_1_169' title='bbox 2862 741 2879 780; x_wconf 81' lang='lat'>1</span> <span class='ocrx_word' id='word_1_170' title='bbox 2933 742 3422 810; x_wconf 76' lang='lat' dir='ltr'><strong><em>corroboraverint,</em></strong></span> <span class='ocrx_word' id='word_1_171' title='bbox 3472 740 3537 794; x_wconf 90' lang='lat' dir='ltr'><strong><em>ad</em></strong></span> <span class='ocrx_word' id='word_1_172' title='bbox 3593 741 3802 811; x_wconf 68' lang='lat' dir='ltr'><strong><em>egentium</em></strong></span> 
     </span>
    </p>
   </div>
   <div class='ocr_carea' id='block_1_22' title="bbox 2253 833 3801 910">
    <p class='ocr_par' dir='ltr' id='par_1_22' title="bbox 2253 833 3801 910">
     <span class='ocr_line' id='line_1_22' title="bbox 2253 833 3801 910; baseline -0.005 -15"><span class='ocrx_word' id='word_1_173' title='bbox 2253 842 2476 905; x_wconf 85' lang='lat' dir='ltr'><strong><em>venient,</em></strong></span> <span class='ocrx_word' id='word_1_174' title='bbox 2500 849 2548 895; x_wconf 89' lang='lat' dir='ltr'><strong><em>et</em></strong></span> <span class='ocrx_word' id='word_1_175' title='bbox 2569 838 2658 910; x_wconf 88' lang='lat' dir='ltr'><strong><em>qui</em></strong></span> <span class='ocrx_word' id='word_1_176' title='bbox 2679 836 3020 893; x_wconf 86' lang='lat' dir='ltr'><strong><em>remanserint</em></strong></span> <span class='ocrx_word' id='word_1_177' title='bbox 3041 852 3109 892; x_wconf 80' lang='lat' dir='ltr'><strong><em>ea:</em></strong></span> <span class='ocrx_word' id='word_1_178' title='bbox 3129 835 3259 902; x_wconf 87' lang='lat' dir='ltr'><strong><em>illis,</em></strong></span> <span class='ocrx_word' id='word_1_179' title='bbox 3288 833 3426 889; x_wconf 86' lang='lat' dir='ltr'><strong><em>mala</em></strong></span> <span class='ocrx_word' id='word_1_180' title='bbox 3452 843 3603 888; x_wconf 85' lang='lat' dir='ltr'><strong><em>morte</em></strong></span> <span class='ocrx_word' id='word_1_181' title='bbox 3617 833 3801 887; x_wconf 86' lang='lat' dir='ltr'><strong><em>morien-</em></strong></span> 
     </span>
    </p>
   </div>
   <div class='ocr_carea' id='block_1_23' title="bbox 2252 925 3799 1000">
    <p class='ocr_par' dir='ltr' id='par_1_23' title="bbox 2252 925 3799 1000">
     <span class='ocr_line' id='line_1_23' title="bbox 2252 925 3799 1000; baseline -0.006 -13"><span class='ocrx_word' id='word_1_182' title='bbox 2252 944 2357 1000; x_wconf 87' lang='lat' dir='ltr'><strong><em>tur,</em></strong></span> <span class='ocrx_word' id='word_1_183' title='bbox 2378 944 2427 989; x_wconf 91' lang='lat' dir='ltr'><strong><em>et</em></strong></span> <span class='ocrx_word' id='word_1_184' title='bbox 2446 932 2612 987; x_wconf 89' lang='lat' dir='ltr'><strong><em>viduis</em></strong></span> <span class='ocrx_word' id='word_1_185' title='bbox 2631 931 2844 986; x_wconf 89' lang='lat' dir='ltr'><strong><em>illorunt</em></strong></span> <span class='ocrx_word' id='word_1_186' title='bbox 2868 944 3014 984; x_wconf 87' lang='lat' dir='ltr'><strong><em>nemo</em></strong></span> <span class='ocrx_word' id='word_1_187' title='bbox 3038 928 3378 991; x_wconf 82' lang='lat' dir='ltr'><strong><em>miserebitur,</em></strong></span> <span class='ocrx_word' id='word_1_188' title='bbox 3402 936 3449 981; x_wconf 94' lang='lat' dir='ltr'><strong><em>et</em></strong></span> <span class='ocrx_word' id='word_1_189' title='bbox 3469 925 3512 981; x_wconf 92' lang='lat' dir='ltr'><strong><em>si</em></strong></span> <span class='ocrx_word' id='word_1_190' title='bbox 3529 925 3799 988; x_wconf 68' lang='lat' dir='ltr'><strong><em>collexerint,</em></strong></span> 
     </span>
    </p>
   </div>
   <div class='ocr_carea' id='block_1_24' title="bbox 2250 1020 3800 1099">
    <p class='ocr_par' dir='ltr' id='par_1_24' title="bbox 2250 1020 3800 1099">
     <span class='ocr_line' id='line_1_24' title="bbox 2250 1020 3800 1099; baseline -0.006 -15"><span class='ocrx_word' id='word_1_191' title='bbox 2250 1045 2436 1085; x_wconf 85' lang='lat' dir='ltr'><strong><em>aurum</em></strong></span> <span class='ocrx_word' id='word_1_192' title='bbox 2464 1039 2555 1083; x_wconf 90' lang='lat' dir='ltr'><strong><em>aut</em></strong></span> <span class='ocrx_word' id='word_1_193' title='bbox 2580 1036 2851 1099; x_wconf 88' lang='lat' dir='ltr'><strong><em>argentum</em></strong></span> <span class='ocrx_word' id='word_1_194' title='bbox 2884 1036 3145 1095; x_wconf 88' lang='lat' dir='ltr'><strong><em>tamquam</em></strong></span> <span class='ocrx_word' id='word_1_195' title='bbox 3177 1024 3366 1090; x_wconf 86' lang='lat' dir='ltr'><strong><em>lutum,</em></strong></span> <span class='ocrx_word' id='word_1_196' title='bbox 3396 1020 3505 1078; x_wconf 78' lang='lat' dir='ltr'><strong><em>lucc</em></strong></span> <span class='ocrx_word' id='word_1_197' title='bbox 3528 1021 3682 1077; x_wconf 83' lang='lat' dir='ltr'><strong><em>omnia</em></strong></span> <span class='ocrx_word' id='word_1_198' title='bbox 3697 1022 3800 1093; x_wconf 83' lang='lat' dir='ltr'><strong><em>justi</em></strong></span> 
     </span>
    </p>
   </div>
   <div class='ocr_carea' id='block_1_25' title="bbox 2249 1116 3801 1197">
    <p class='ocr_par' dir='ltr' id='par_1_25' title="bbox 2249 1116 3801 1197">
     <span class='ocr_line' id='line_1_25' title="bbox 2249 1116 3801 1197; baseline -0.005 -18"><span class='ocrx_word' id='word_1_199' title='bbox 2249 1124 2581 1197; x_wconf 83' lang='lat' dir='ltr'><strong><em>possidebunt</em></strong></span> <span class='ocrx_word' id='word_1_200' title='bbox 2595 1121 2699 1197; x_wconf 89' lang='lat' dir='ltr'><strong><em>(Ib.</em></strong></span> <span class='ocrx_word' id='word_1_201' title='bbox 2723 1122 2838 1195; x_wconf 78' lang='grc'><strong><em>14).</em></strong></span> <span class='ocrx_word' id='word_1_202' title='bbox 2855 1121 2934 1178; x_wconf 83' lang='lat' dir='ltr'><strong><em>Ne</em></strong></span> <span class='ocrx_word' id='word_1_203' title='bbox 2953 1122 3134 1193; x_wconf 84' lang='lat' dir='ltr'><strong><em>itaque</em></strong></span> <span class='ocrx_word' id='word_1_204' title='bbox 3150 1120 3264 1190; x_wconf 90' lang='lat' dir='ltr'><strong><em>jam</em></strong></span> <span class='ocrx_word' id='word_1_205' title='bbox 3282 1117 3522 1191; x_wconf 81' lang='lat' dir='ltr'><strong><em>digneris</em></strong></span> <span class='ocrx_word' id='word_1_206' title='bbox 3534 1116 3712 1188; x_wconf 86' lang='lat' dir='ltr'><strong><em>injuste</em></strong></span> <span class='ocrx_word' id='word_1_207' title='bbox 3727 1116 3801 1172; x_wconf 86' lang='lat' dir='ltr'><strong><em>tibi</em></strong></span> 
     </span>
    </p>
   </div>
   <div class='ocr_carea' id='block_1_26' title="bbox 2250 1210 3801 1287">
    <p class='ocr_par' dir='ltr' id='par_1_26' title="bbox 2250 1210 3801 1287">
     <span class='ocr_line' id='line_1_26' title="bbox 2250 1210 3801 1287; baseline -0.005 -15"><span class='ocrx_word' id='word_1_208' title='bbox 2250 1216 2509 1284; x_wconf 89' lang='lat' dir='ltr'><strong><em>blandiri,</em></strong></span> <span class='ocrx_word' id='word_1_209' title='bbox 2525 1216 2850 1287; x_wconf 88' lang='lat' dir='ltr'><strong><em>imperator,</em></strong></span> <span class='ocrx_word' id='word_1_210' title='bbox 2871 1216 2995 1286; x_wconf 88' lang='lat' dir='ltr'><strong><em>quia</em></strong></span> <span class='ocrx_word' id='word_1_211' title='bbox 3016 1229 3137 1271; x_wconf 89' lang='lat' dir='ltr'><strong><em>cum</em></strong></span> <span class='ocrx_word' id='word_1_212' title='bbox 3158 1212 3234 1269; x_wconf 90' lang='lat' dir='ltr'><strong><em>sis</em></strong></span> <span class='ocrx_word' id='word_1_213' title='bbox 3253 1212 3394 1280; x_wconf 89' lang='lat' dir='ltr'><strong><em>talis,</em></strong></span> <span class='ocrx_word' id='word_1_214' title='bbox 3416 1210 3620 1282; x_wconf 86' lang='lat' dir='ltr'><strong><em>qualem</em></strong></span> <span class='ocrx_word' id='word_1_215' title='bbox 3636 1224 3801 1265; x_wconf 77' lang='lat' dir='ltr'><strong><em>assere</em></strong></span> 
     </span>
    </p>
   </div>
   <div class='ocr_carea' id='block_1_27' title="bbox 2249 1304 3799 1380">
    <p class='ocr_par' dir='ltr' id='par_1_27' title="bbox 2249 1304 3799 1380">
     <span class='ocr_line' id='line_1_27' title="bbox 2249 1304 3799 1380; baseline -0.007 -11"><span class='ocrx_word' id='word_1_216' title='bbox 2249 1313 2514 1380; x_wconf 89' lang='lat' dir='ltr'><strong><em>ravimus,</em></strong></span> <span class='ocrx_word' id='word_1_217' title='bbox 2547 1320 2605 1369; x_wconf 89' lang='lat' dir='ltr'><strong><em>et</em></strong></span> <span class='ocrx_word' id='word_1_218' title='bbox 2633 1311 2942 1378; x_wconf 85' lang='lat' dir='ltr'><strong><em>arbitreris,</em></strong></span> <span class='ocrx_word' id='word_1_219' title='bbox 2980 1319 3033 1366; x_wconf 89' lang='lat' dir='ltr'><strong><em>te</em></strong></span> <span class='ocrx_word' id='word_1_220' title='bbox 3074 1306 3401 1365; x_wconf 84' lang='lat' dir='ltr'><strong><em>homicidam</em></strong></span> <span class='ocrx_word' id='word_1_221' title='bbox 3437 1320 3501 1362; x_wconf 90' lang='lat' dir='ltr'><strong><em>ac</em></strong></span> <span class='ocrx_word' id='word_1_222' title='bbox 3530 1304 3799 1376; x_wconf 85' lang='lat' dir='ltr'><strong><em>sacrilegum</em></strong></span> 
     </span>
    </p>
   </div>
   <div class='ocr_carea' id='block_1_28' title="bbox 2249 1396 3798 1477">
    <p class='ocr_par' dir='ltr' id='par_1_28' title="bbox 2249 1396 3798 1477">
     <span class='ocr_line' id='line_1_28' title="bbox 2249 1396 3798 1477; baseline -0.008 -16"><span class='ocrx_word' id='word_1_223' title='bbox 2249 1413 2539 1477; x_wconf 81' lang='lat' dir='ltr'><strong><em>propterea</em></strong></span> <span class='ocrx_word' id='word_1_224' title='bbox 2566 1403 2876 1459; x_wconf 90' lang='lat' dir='ltr'><strong><em>diutissime</em></strong></span> <span class='ocrx_word' id='word_1_225' title='bbox 2901 1401 3104 1472; x_wconf 78' lang='lat' dir='ltr'><strong><em>degere</em></strong></span> <span class='ocrx_word' id='word_1_226' title='bbox 3134 1402 3190 1456; x_wconf 87' lang='lat' dir='ltr'><strong><em>in</em></strong></span> <span class='ocrx_word' id='word_1_227' title='bbox 3220 1399 3323 1456; x_wconf 90' lang='lat' dir='ltr'><strong><em>hac</em></strong></span> <span class='ocrx_word' id='word_1_228' title='bbox 3351 1399 3461 1455; x_wconf 91' lang='lat' dir='ltr'><strong><em>vita</em></strong></span> <span class='ocrx_word' id='word_1_229' title='bbox 3486 1438 3502 1465; x_wconf 89' lang='lat'><strong><em>,</em></strong></span> <span class='ocrx_word' id='word_1_230' title='bbox 3530 1396 3661 1469; x_wconf 81' lang='lat' dir='ltr'><strong><em>quod</em></strong></span> <span class='ocrx_word' id='word_1_231' title='bbox 3687 1398 3798 1452; x_wconf 89' lang='lat' dir='ltr'><strong><em>enim</em></strong></span> 
     </span>
    </p>
   </div>
   <div class='ocr_carea' id='block_1_29' title="bbox 2249 1493 3797 1571">
    <p class='ocr_par' dir='ltr' id='par_1_29' title="bbox 2249 1493 3797 1571">
     <span class='ocr_line' id='line_1_29' title="bbox 2249 1493 3797 1571; baseline -0.005 -18"><span class='ocrx_word' id='word_1_232' title='bbox 2249 1508 2341 1555; x_wconf 87' lang='lat' dir='ltr'><strong><em>tua</em></strong></span> <span class='ocrx_word' id='word_1_233' title='bbox 2386 1514 2559 1571; x_wconf 88' lang='lat' dir='ltr'><strong><em>opera</em></strong></span> <span class='ocrx_word' id='word_1_234' title='bbox 2604 1499 2713 1553; x_wconf 90' lang='lat' dir='ltr'><strong><em>sint</em></strong></span> <span class='ocrx_word' id='word_1_235' title='bbox 2754 1497 2868 1553; x_wconf 86' lang='lat' dir='ltr'><strong><em>Deo</em></strong></span> <span class='ocrx_word' id='word_1_236' title='bbox 2893 1504 3120 1566; x_wconf 86' lang='lat' dir='ltr'><strong><em>accepta</em></strong></span> <span class='ocrx_word' id='word_1_237' title='bbox 3154 1512 3167 1550; x_wconf 89' lang='lat'><strong>:</strong></span> <span class='ocrx_word' id='word_1_238' title='bbox 3201 1493 3337 1551; x_wconf 83' lang='lat' dir='ltr'><strong><em>talia</em></strong></span> <span class='ocrx_word' id='word_1_239' title='bbox 3373 1501 3496 1549; x_wconf 91' lang='lat' dir='ltr'><strong><em>sunt</em></strong></span> <span class='ocrx_word' id='word_1_240' title='bbox 3531 1507 3679 1564; x_wconf 84' lang='lat' dir='ltr'><strong><em>opera</em></strong></span> <span class='ocrx_word' id='word_1_241' title='bbox 3711 1501 3797 1557; x_wconf 84' lang='lat' dir='ltr'><strong><em>tua,</em></strong></span> 
     </span>
    </p>
   </div>
   <div class='ocr_carea' id='block_1_30' title="bbox 2246 1584 3799 1666">
    <p class='ocr_par' dir='ltr' id='par_1_30' title="bbox 2246 1584 3799 1666">
     <span class='ocr_line' id='line_1_30' title="bbox 2246 1584 3799 1666; baseline -0.006 -17"><span class='ocrx_word' id='word_1_242' title='bbox 2246 1594 2429 1666; x_wconf 86' lang='lat' dir='ltr'><strong><em>qualia</em></strong></span> <span class='ocrx_word' id='word_1_243' title='bbox 2450 1602 2505 1651; x_wconf 90' lang='lat' dir='ltr'><strong><em>et</em></strong></span> <span class='ocrx_word' id='word_1_244' title='bbox 2527 1593 2771 1659; x_wconf 90' lang='lat' dir='ltr'><strong><em>illorum,</em></strong></span> <span class='ocrx_word' id='word_1_245' title='bbox 2796 1590 2850 1646; x_wconf 86' lang='lat' dir='ltr'><strong><em>in</em></strong></span> <span class='ocrx_word' id='word_1_246' title='bbox 2872 1606 3012 1663; x_wconf 86' lang='lat' dir='ltr'><strong><em>quos</em></strong></span> <span class='ocrx_word' id='word_1_247' title='bbox 3034 1591 3310 1645; x_wconf 89' lang='lat' dir='ltr'><strong><em>invehitur</em></strong></span> <span class='ocrx_word' id='word_1_248' title='bbox 3326 1603 3424 1645; x_wconf 90' lang='lat' dir='ltr'><strong><em>ore</em></strong></span> <span class='ocrx_word' id='word_1_249' title='bbox 3441 1586 3591 1643; x_wconf 64' lang='lat' dir='ltr'><strong><em>Isaiae</em></strong></span> <span class='ocrx_word' id='word_1_250' title='bbox 3610 1584 3799 1655; x_wconf 86' lang='lat' dir='ltr'><strong><em>Spiritus</em></strong></span> 
     </span>
    </p>
   </div>
   <div class='ocr_carea' id='block_1_31' title="bbox 2246 1682 3799 1756">
    <p class='ocr_par' dir='ltr' id='par_1_31' title="bbox 2246 1682 3799 1756">
     <span class='ocr_line' id='line_1_31' title="bbox 2246 1682 3799 1756; baseline -0.01 -7"><span class='ocrx_word' id='word_1_251' title='bbox 2246 1699 2469 1749; x_wconf 88' lang='lat' dir='ltr'><strong><em>sanctus</em></strong></span> <span class='ocrx_word' id='word_1_252' title='bbox 2496 1688 2692 1746; x_wconf 90' lang='lat' dir='ltr'><strong><em>dicens</em></strong></span> <span class='ocrx_word' id='word_1_253' title='bbox 2718 1705 2732 1743; x_wconf 90' lang='lat'><strong>:</strong></span> <span class='ocrx_word' id='word_1_254' title='bbox 2763 1686 2855 1745; x_wconf 88' lang='lat' dir='ltr'><strong><em>Sic</em></strong></span> <span class='ocrx_word' id='word_1_255' title='bbox 2876 1688 3003 1742; x_wconf 88' lang='lat' dir='ltr'><strong><em>dicit</em></strong></span> <span class='ocrx_word' id='word_1_256' title='bbox 3030 1685 3284 1741; x_wconf 85' lang='lat' dir='ltr'><strong><em>Dominus</em></strong></span> <span class='ocrx_word' id='word_1_257' title='bbox 3304 1683 3397 1756; x_wconf 86' lang='lat' dir='ltr'><strong><em>qui</em></strong></span> <span class='ocrx_word' id='word_1_258' title='bbox 3418 1682 3636 1738; x_wconf 80' lang='lat' dir='ltr'><strong><em>liberavit</em></strong></span> <span class='ocrx_word' id='word_1_259' title='bbox 3654 1689 3694 1735; x_wconf 90' lang='lat' dir='ltr'><strong><em>te</em></strong></span> <span class='ocrx_word' id='word_1_260' title='bbox 3709 1696 3799 1734; x_wconf 79' lang='lat' dir='ltr'><strong><em>san-</em></strong></span> 
     </span>
    </p>
   </div>
   <div class='ocr_carea' id='block_1_32' title="bbox 2246 1776 3799 1856">
    <p class='ocr_par' dir='ltr' id='par_1_32' title="bbox 2246 1776 3799 1856">
     <span class='ocr_line' id='line_1_32' title="bbox 2246 1776 3799 1856; baseline -0.008 -15"><span class='ocrx_word' id='word_1_261' title='bbox 2246 1798 2357 1841; x_wconf 87' lang='lat' dir='ltr'><strong><em>ctus</em></strong></span> <span class='ocrx_word' id='word_1_262' title='bbox 2386 1783 2557 1841; x_wconf 89' lang='lat' dir='ltr'><strong><em>Israel</em></strong></span> <span class='ocrx_word' id='word_1_263' title='bbox 2586 1800 2604 1839; x_wconf 90' lang='lat'><strong><em>:</em></strong></span> <span class='ocrx_word' id='word_1_264' title='bbox 2634 1782 2744 1856; x_wconf 84' lang='lat' dir='ltr'><strong><em>Ego</em></strong></span> <span class='ocrx_word' id='word_1_265' title='bbox 2771 1798 2887 1838; x_wconf 90' lang='lat' dir='ltr'><strong><em>sum</em></strong></span> <span class='ocrx_word' id='word_1_266' title='bbox 2928 1779 3091 1845; x_wconf 87' lang='lat' dir='ltr'><strong><em>Deus,</em></strong></span> <span class='ocrx_word' id='word_1_267' title='bbox 3123 1779 3326 1835; x_wconf 87' lang='lat' dir='ltr'><strong><em>ostendi</em></strong></span> <span class='ocrx_word' id='word_1_268' title='bbox 3367 1777 3457 1833; x_wconf 89' lang='lat' dir='ltr'><strong><em>tibi</em></strong></span> <span class='ocrx_word' id='word_1_269' title='bbox 3493 1776 3618 1831; x_wconf 85' lang='lat' dir='ltr'><strong><em>viam</em></strong></span> <span class='ocrx_word' id='word_1_270' title='bbox 3651 1776 3696 1829; x_wconf 91' lang='lat' dir='ltr'><strong><em>in</em></strong></span> <span class='ocrx_word' id='word_1_271' title='bbox 3723 1790 3799 1844; x_wconf 72' lang='lat' dir='ltr'><strong><em>qua</em></strong></span> 
     </span>
    </p>
   </div>
   <div class='ocr_carea' id='block_1_33' title="bbox 528 1869 3799 1951">
    <p class='ocr_par' dir='ltr' id='par_1_33' title="bbox 528 1869 3799 1951">
     <span class='ocr_line' id='line_1_33' title="bbox 528 1869 3799 1951; baseline -0.004 -13"><span class='ocrx_word' id='word_1_272' title='bbox 528 1882 727 1941; x_wconf 86' lang='lat' dir='ltr'><strong><em>sivisse</em></strong></span> <span class='ocrx_word' id='word_1_273' title='bbox 756 1882 1071 1948; x_wconf 85' lang='lat' dir='ltr'><strong><em>Dominum,</em></strong></span> <span class='ocrx_word' id='word_1_274' title='bbox 1098 1895 1208 1936; x_wconf 91' lang='lat' dir='ltr'><strong><em>non</em></strong></span> <span class='ocrx_word' id='word_1_275' title='bbox 1233 1878 1281 1935; x_wconf 89' lang='lat' dir='ltr'><strong><em>ei</em></strong></span> <span class='ocrx_word' id='word_1_276' title='bbox 1303 1879 1561 1943; x_wconf 85' lang='lat' dir='ltr'><strong><em>servisse,</em></strong></span> <span class='ocrx_word' id='word_1_277' title='bbox 1585 1876 1714 1932; x_wconf 91' lang='lat' dir='ltr'><strong><em>dum</em></strong></span> <span class='ocrx_word' id='word_1_278' title='bbox 1737 1875 1968 1931; x_wconf 78' lang='lat' dir='ltr'><strong><em>facultas</em></strong></span> <span class='ocrx_word' id='word_1_279' title='bbox 1994 1884 2137 1944; x_wconf 84' lang='lat' dir='ltr'><strong><em>erat,</em></strong></span> <span class='ocrx_word' id='word_1_280' title='bbox 2171 1889 2220 1951; x_wconf 77' lang='grc' dir='ltr'><strong><em>Β</em></strong></span> <span class='ocrx_word' id='word_1_281' title='bbox 2245 1881 2509 1946; x_wconf 86' lang='lat' dir='ltr'><strong><em>ambules;</em></strong></span> <span class='ocrx_word' id='word_1_282' title='bbox 2542 1889 2588 1934; x_wconf 90' lang='lat' dir='ltr'><strong><em>et</em></strong></span> <span class='ocrx_word' id='word_1_283' title='bbox 2613 1880 2658 1934; x_wconf 92' lang='lat' dir='ltr'><strong><em>si</em></strong></span> <span class='ocrx_word' id='word_1_284' title='bbox 2690 1878 2925 1934; x_wconf 90' lang='lat' dir='ltr'><strong><em>audisses</em></strong></span> <span class='ocrx_word' id='word_1_285' title='bbox 2946 1876 3194 1931; x_wconf 88' lang='lat' dir='ltr'><strong><em>mandata</em></strong></span> <span class='ocrx_word' id='word_1_286' title='bbox 3218 1890 3356 1941; x_wconf 89' lang='lat' dir='ltr'><strong><em>mea,</em></strong></span> <span class='ocrx_word' id='word_1_287' title='bbox 3381 1876 3518 1945; x_wconf 72' lang='lat' dir='ltr'><strong><em>facta</em></strong></span> <span class='ocrx_word' id='word_1_288' title='bbox 3544 1872 3702 1942; x_wconf 81' lang='lat' dir='ltr'><strong><em>{uisset</em></strong></span> <span class='ocrx_word' id='word_1_289' title='bbox 3725 1869 3799 1939; x_wconf 71' lang='grc' dir='ltr'><strong><em>ιιι.</em></strong></span> 
     </span>
    </p>
   </div>
   <div class='ocr_carea' id='block_1_34' title="bbox 527 1969 2139 2041">
    <p class='ocr_par' dir='ltr' id='par_1_34' title="bbox 527 1969 2139 2041">
     <span class='ocr_line' id='line_1_34' title="bbox 527 1969 2139 2041; baseline -0.002 -11"><span class='ocrx_word' id='word_1_290' title='bbox 527 1973 811 2030; x_wconf 83' lang='lat' dir='ltr'><strong><em>credendo</em></strong></span> <span class='ocrx_word' id='word_1_291' title='bbox 839 1974 893 2029; x_wconf 89' lang='lat' dir='ltr'><strong><em>in</em></strong></span> <span class='ocrx_word' id='word_1_292' title='bbox 921 1989 1047 2030; x_wconf 91' lang='lat' dir='ltr'><strong><em>eum</em></strong></span> <span class='ocrx_word' id='word_1_293' title='bbox 1079 1973 1289 2040; x_wconf 89' lang='lat' dir='ltr'><strong><em>solum,</em></strong></span> <span class='ocrx_word' id='word_1_294' title='bbox 1328 1970 1754 2041; x_wconf 73' lang='lat' dir='ltr'><strong><em>tumulandoque</em></strong></span> <span class='ocrx_word' id='word_1_295' title='bbox 1781 1969 1831 2025; x_wconf 89' lang='lat' dir='ltr'><strong><em>ei</em></strong></span> <span class='ocrx_word' id='word_1_296' title='bbox 1858 1985 1981 2026; x_wconf 91' lang='lat' dir='ltr'><strong><em>eum</em></strong></span> <span class='ocrx_word' id='word_1_297' title='bbox 2013 1985 2139 2041; x_wconf 86' lang='lat' dir='ltr'><strong><em>pro-</em></strong></span> 
     </span>
    </p>
   </div>
   <div class='ocr_carea' id='block_1_35' title="bbox 525 2062 2134 2129">
    <p class='ocr_par' dir='ltr' id='par_1_35' title="bbox 525 2062 2134 2129">
     <span class='ocr_line' id='line_1_35' title="bbox 525 2062 2134 2129; baseline -0.004 -7"><span class='ocrx_word' id='word_1_298' title='bbox 525 2069 755 2122; x_wconf 86' lang='lat' dir='ltr'><strong><em>mereri.</em></strong></span> <span class='ocrx_word' id='word_1_299' title='bbox 782 2065 900 2121; x_wconf 82' lang='lat' dir='ltr'><strong><em>Jam</em></strong></span> <span class='ocrx_word' id='word_1_300' title='bbox 930 2064 1098 2122; x_wconf 88' lang='lat' dir='ltr'><strong><em>crede</em></strong></span> <span class='ocrx_word' id='word_1_301' title='bbox 1127 2075 1152 2113; x_wconf 73' lang='grc' dir='ltr'>ε</span> <span class='ocrx_word' id='word_1_302' title='bbox 1181 2066 1475 2121; x_wconf 86' lang='lat' dir='ltr'><strong><em>convictus</em></strong></span> <span class='ocrx_word' id='word_1_303' title='bbox 1504 2063 1640 2119; x_wconf 89' lang='lat' dir='ltr'><strong><em>tanti</em></strong></span> <span class='ocrx_word' id='word_1_304' title='bbox 1663 2063 1765 2118; x_wconf 88' lang='lat' dir='ltr'><strong><em>viri</em></strong></span> <span class='ocrx_word' id='word_1_305' title='bbox 1795 2062 2134 2129; x_wconf 89' lang='lat' dir='ltr'><strong><em>testimonio,</em></strong></span> 
     </span>
    </p>
   </div>
   <div class='ocr_carea' id='block_1_36' title="bbox 525 2155 2139 2231">
    <p class='ocr_par' dir='ltr' id='par_1_36' title="bbox 525 2155 2139 2231">
     <span class='ocr_line' id='line_1_36' title="bbox 525 2155 2139 2231; baseline -0.005 -12"><span class='ocrx_word' id='word_1_306' title='bbox 525 2161 748 2218; x_wconf 87' lang='lat' dir='ltr'><strong><em>desinas</em></strong></span> <span class='ocrx_word' id='word_1_307' title='bbox 770 2161 959 2217; x_wconf 88' lang='lat' dir='ltr'><strong><em>dicere</em></strong></span> <span class='ocrx_word' id='word_1_308' title='bbox 979 2172 1030 2217; x_wconf 89' lang='lat' dir='ltr'><strong><em>te</em></strong></span> <span class='ocrx_word' id='word_1_309' title='bbox 1049 2160 1196 2231; x_wconf 86' lang='lat' dir='ltr'><strong><em>juste</em></strong></span> <span class='ocrx_word' id='word_1_310' title='bbox 1220 2158 1439 2223; x_wconf 81' lang='lat' dir='ltr'><strong><em>fecisse,</em></strong></span> <span class='ocrx_word' id='word_1_311' title='bbox 1459 2157 1605 2228; x_wconf 90' lang='lat' dir='ltr'><strong><em>quod</em></strong></span> <span class='ocrx_word' id='word_1_312' title='bbox 1627 2158 1903 2213; x_wconf 82' lang='lat' dir='ltr'><strong><em>amoveris</em></strong></span> <span class='ocrx_word' id='word_1_313' title='bbox 1920 2155 2139 2212; x_wconf 88' lang='lat' dir='ltr'><strong><em>Domini</em></strong></span> 
     </span>
    </p>
   </div>
   <div class='ocr_carea' id='block_1_37' title="bbox 526 2249 2136 2317">
    <p class='ocr_par' dir='ltr' id='par_1_37' title="bbox 526 2249 2136 2317">
     <span class='ocr_line' id='line_1_37' title="bbox 526 2249 2136 2317; baseline -0.002 -8"><span class='ocrx_word' id='word_1_314' title='bbox 526 2252 868 2317; x_wconf 78' lang='lat' dir='ltr'><strong><em>sacerdmes,</em></strong></span> <span class='ocrx_word' id='word_1_315' title='bbox 899 2263 954 2308; x_wconf 90' lang='lat' dir='ltr'><strong><em>et</em></strong></span> <span class='ocrx_word' id='word_1_316' title='bbox 981 2253 1326 2309; x_wconf 80' lang='lat' dir='ltr'><strong><em>ordinaveris</em></strong></span> <span class='ocrx_word' id='word_1_317' title='bbox 1352 2252 1517 2307; x_wconf 89' lang='lat' dir='ltr'><strong><em>etiam</em></strong></span> <span class='ocrx_word' id='word_1_318' title='bbox 1548 2251 1764 2305; x_wconf 71' lang='lat' dir='ltr'><strong><em>Arianae</em></strong></span> <span class='ocrx_word' id='word_1_319' title='bbox 1794 2249 1921 2306; x_wconf 85' lang='lat' dir='ltr'><strong><em>ﬁdei</em></strong></span> <span class='ocrx_word' id='word_1_320' title='bbox 1956 2249 2136 2305; x_wconf 80' lang='lat' dir='ltr'><strong><em>horni-</em></strong></span> 
     </span>
    </p>
   </div>
   <div class='ocr_carea' id='block_1_38' title="bbox 526 2343 2135 2417">
    <p class='ocr_par' dir='ltr' id='par_1_38' title="bbox 526 2343 2135 2417">
     <span class='ocr_line' id='line_1_38' title="bbox 526 2343 2135 2417; baseline -0.002 -16"><span class='ocrx_word' id='word_1_321' title='bbox 526 2361 650 2416; x_wconf 87' lang='lat' dir='ltr'><strong><em>nes,</em></strong></span> <span class='ocrx_word' id='word_1_322' title='bbox 702 2355 757 2402; x_wconf 90' lang='lat' dir='ltr'><strong><em>et</em></strong></span> <span class='ocrx_word' id='word_1_323' title='bbox 798 2346 1031 2417; x_wconf 74' lang='lat' dir='ltr'><strong><em>iusseris</em></strong></span> <span class='ocrx_word' id='word_1_324' title='bbox 1075 2344 1235 2401; x_wconf 77' lang='lat' dir='ltr'><strong><em>ﬁdem</em></strong></span> <span class='ocrx_word' id='word_1_325' title='bbox 1280 2344 1568 2415; x_wconf 60' lang='lat' dir='ltr'><strong><em>praedicari</em></strong></span> <span class='ocrx_word' id='word_1_326' title='bbox 1617 2343 1806 2400; x_wconf 84' lang='lat' dir='ltr'><strong><em>Ariani</em></strong></span> <span class='ocrx_word' id='word_1_327' title='bbox 1842 2343 2135 2415; x_wconf 77' lang='lat' dir='ltr'><strong><em>dogmatis,</em></strong></span> 
     </span>
    </p>
   </div>
   <div class='ocr_carea' id='block_1_39' title="bbox 522 2435 2139 2510">
    <p class='ocr_par' dir='ltr' id='par_1_39' title="bbox 522 2435 2139 2510">
     <span class='ocr_line' id='line_1_39' title="bbox 522 2435 2139 2510; baseline -0.002 -16"><span class='ocrx_word' id='word_1_328' title='bbox 522 2438 673 2509; x_wconf 87' lang='lat' dir='ltr'><strong><em>quod</em></strong></span> <span class='ocrx_word' id='word_1_329' title='bbox 704 2438 1099 2510; x_wconf 84' lang='lat' dir='ltr'><strong><em>proscripseris</em></strong></span> <span class='ocrx_word' id='word_1_330' title='bbox 1127 2447 1184 2493; x_wconf 88' lang='lat' dir='ltr'><strong><em>et</em></strong></span> <span class='ocrx_word' id='word_1_331' title='bbox 1215 2435 1629 2508; x_wconf 87' lang='lat' dir='ltr'><strong><em>deportaveris,</em></strong></span> <span class='ocrx_word' id='word_1_332' title='bbox 1662 2447 1717 2493; x_wconf 92' lang='lat' dir='ltr'><strong><em>et</em></strong></span> <span class='ocrx_word' id='word_1_333' title='bbox 1745 2447 2013 2492; x_wconf 87' lang='lat' dir='ltr'><strong><em>tormenta</em></strong></span> <span class='ocrx_word' id='word_1_334' title='bbox 2042 2436 2139 2491; x_wconf 90' lang='lat' dir='ltr'><strong><em>ad-</em></strong></span> 
     </span>
    </p>
   </div>
   <div class='ocr_carea' id='block_1_40' title="bbox 424 2521 2136 2605">
    <p class='ocr_par' dir='ltr' id='par_1_40' title="bbox 424 2521 2136 2605">
     <span class='ocr_line' id='line_1_40' title="bbox 424 2521 2136 2605; baseline -0.003 -13"><span class='ocrx_word' id='word_1_335' title='bbox 424 2521 437 2530; x_wconf 70' lang='grc'><em>’</em></span> <span class='ocrx_word' id='word_1_336' title='bbox 521 2536 768 2592; x_wconf 87' lang='lat' dir='ltr'><strong><em>moveris</em></strong></span> <span class='ocrx_word' id='word_1_337' title='bbox 796 2546 958 2605; x_wconf 90' lang='lat' dir='ltr'><strong><em>atque</em></strong></span> <span class='ocrx_word' id='word_1_338' title='bbox 990 2532 1341 2590; x_wconf 75' lang='lat' dir='ltr'><strong><em>tnterl‘eceris</em></strong></span> <span class='ocrx_word' id='word_1_339' title='bbox 1368 2532 1661 2590; x_wconf 83' lang='lat' dir='ltr'><strong><em>credentes</em></strong></span> <span class='ocrx_word' id='word_1_340' title='bbox 1692 2533 1744 2588; x_wconf 92' lang='lat' dir='ltr'><strong><em>in</em></strong></span> <span class='ocrx_word' id='word_1_341' title='bbox 1785 2533 2003 2587; x_wconf 88' lang='lat' dir='ltr'><strong><em>unicum</em></strong></span> <span class='ocrx_word' id='word_1_342' title='bbox 2036 2530 2136 2587; x_wconf 91' lang='lat' dir='ltr'><strong><em>Dei</em></strong></span> 
     </span>
    </p>
   </div>
   <div class='ocr_carea' id='block_1_41' title="bbox 520 2625 2133 2696">
    <p class='ocr_par' dir='ltr' id='par_1_41' title="bbox 520 2625 2133 2696">
     <span class='ocr_line' id='line_1_41' title="bbox 520 2625 2133 2696; baseline -0.003 -13"><span class='ocrx_word' id='word_1_343' title='bbox 520 2626 753 2693; x_wconf 84' lang='lat' dir='ltr'><strong><em>Filium;</em></strong></span> <span class='ocrx_word' id='word_1_344' title='bbox 797 2627 990 2683; x_wconf 90' lang='lat' dir='ltr'><strong><em>desine</em></strong></span> <span class='ocrx_word' id='word_1_345' title='bbox 1020 2626 1242 2695; x_wconf 82' lang='lat' dir='ltr'><strong><em>inquam</em></strong></span> <span class='ocrx_word' id='word_1_346' title='bbox 1274 2625 1486 2691; x_wconf 87' lang='lat' dir='ltr'><strong><em>dicere,</em></strong></span> <span class='ocrx_word' id='word_1_347' title='bbox 1522 2634 1813 2696; x_wconf 71' lang='lat' dir='ltr'><strong><em>promeres</em></strong></span> <span class='ocrx_word' id='word_1_348' title='bbox 1845 2634 1898 2681; x_wconf 90' lang='lat' dir='ltr'><strong><em>te</em></strong></span> <span class='ocrx_word' id='word_1_349' title='bbox 1923 2626 2133 2692; x_wconf 81' lang='lat' dir='ltr'><strong><em>vivere,</em></strong></span> 
     </span>
    </p>
   </div>
   <div class='ocr_carea' id='block_1_42' title="bbox 526 2717 2135 2790">
    <p class='ocr_par' dir='ltr' id='par_1_42' title="bbox 526 2717 2135 2790">
     <span class='ocr_line' id='line_1_42' title="bbox 526 2717 2135 2790; baseline -0.004 -13"><span class='ocrx_word' id='word_1_350' title='bbox 526 2729 584 2778; x_wconf 88' lang='lat' dir='ltr'><strong><em>et</em></strong></span> <span class='ocrx_word' id='word_1_351' title='bbox 611 2720 769 2776; x_wconf 89' lang='lat' dir='ltr'><strong><em>sicin</em></strong></span> <span class='ocrx_word' id='word_1_352' title='bbox 800 2734 969 2790; x_wconf 89' lang='lat' dir='ltr'><strong><em>regno</em></strong></span> <span class='ocrx_word' id='word_1_353' title='bbox 998 2719 1193 2775; x_wconf 83' lang='lat' dir='ltr'><strong><em>ﬂorere</em></strong></span> <span class='ocrx_word' id='word_1_354' title='bbox 1215 2718 1358 2789; x_wconf 88' lang='lat' dir='ltr'><strong><em>quod</em></strong></span> <span class='ocrx_word' id='word_1_355' title='bbox 1391 2718 1481 2773; x_wconf 92' lang='lat' dir='ltr'><strong><em>illa</em></strong></span> <span class='ocrx_word' id='word_1_356' title='bbox 1509 2718 1709 2789; x_wconf 90' lang='lat' dir='ltr'><strong><em>egeris,</em></strong></span> <span class='ocrx_word' id='word_1_357' title='bbox 1733 2732 1798 2773; x_wconf 87' lang='lat' dir='ltr'><strong><em>ac</em></strong></span> <span class='ocrx_word' id='word_1_358' title='bbox 1817 2717 1894 2773; x_wconf 87' lang='lat' dir='ltr'><strong><em>sis</em></strong></span> <span class='ocrx_word' id='word_1_359' title='bbox 1914 2730 2135 2788; x_wconf 82' lang='lat' dir='ltr'><strong><em>gerens,</em></strong></span> 
     </span>
    </p>
   </div>
   <div class='ocr_carea' id='block_1_43' title="bbox 520 2808 2133 2884">
    <p class='ocr_par' dir='ltr' id='par_1_43' title="bbox 520 2808 2133 2884">
     <span class='ocr_line' id='line_1_43' title="bbox 520 2808 2133 2884; baseline -0.003 -17"><span class='ocrx_word' id='word_1_360' title='bbox 520 2812 742 2884; x_wconf 85' lang='lat' dir='ltr'><strong><em>quando</em></strong></span> <span class='ocrx_word' id='word_1_361' title='bbox 793 2810 984 2867; x_wconf 87' lang='lat' dir='ltr'><strong><em>audias</em></strong></span> <span class='ocrx_word' id='word_1_362' title='bbox 1026 2810 1299 2866; x_wconf 88' lang='lat' dir='ltr'><strong><em>dicentem</em></strong></span> <span class='ocrx_word' id='word_1_363' title='bbox 1327 2809 1537 2881; x_wconf 86' lang='lat' dir='ltr'><strong><em>justum</em></strong></span> <span class='ocrx_word' id='word_1_364' title='bbox 1590 2811 1767 2864; x_wconf 87' lang='lat' dir='ltr'><strong><em>virum</em></strong></span> <span class='ocrx_word' id='word_1_365' title='bbox 1807 2808 1931 2875; x_wconf 88' lang='lat' dir='ltr'><strong><em>Job,</em></strong></span> <span class='ocrx_word' id='word_1_366' title='bbox 1973 2824 2133 2880; x_wconf 90' lang='lat' dir='ltr'><strong><em>quem</em></strong></span> 
     </span>
    </p>
   </div>
   <div class='ocr_carea' id='block_1_44' title="bbox 522 2903 2135 2976">
    <p class='ocr_par' dir='ltr' id='par_1_44' title="bbox 522 2903 2135 2976">
     <span class='ocr_line' id='line_1_44' title="bbox 522 2903 2135 2976; baseline 0 -16"><span class='ocrx_word' id='word_1_367' title='bbox 522 2905 670 2962; x_wconf 89' lang='lat' dir='ltr'><strong><em>Deus</em></strong></span> <span class='ocrx_word' id='word_1_368' title='bbox 700 2906 819 2962; x_wconf 90' lang='lat' dir='ltr'><strong><em>sine</em></strong></span> <span class='ocrx_word' id='word_1_369' title='bbox 844 2904 1069 2976; x_wconf 86' lang='lat' dir='ltr'><strong><em>querela</em></strong></span> <span class='ocrx_word' id='word_1_370' title='bbox 1096 2904 1297 2960; x_wconf 84' lang='lat' dir='ltr'><strong><em>dixerit</em></strong></span> <span class='ocrx_word' id='word_1_371' title='bbox 1328 2903 1434 2960; x_wconf 89' lang='lat' dir='ltr'><strong><em>sibi</em></strong></span> <span class='ocrx_word' id='word_1_372' title='bbox 1465 2905 1724 2966; x_wconf 86' lang='lat' dir='ltr'><strong><em>servisse.</em></strong></span> <span class='ocrx_word' id='word_1_373' title='bbox 1751 2918 1914 2975; x_wconf 90' lang='lat' dir='ltr'><strong><em>quem</em></strong></span> <span class='ocrx_word' id='word_1_374' title='bbox 1942 2919 2135 2961; x_wconf 85' lang='lat' dir='ltr'><strong><em>verum</em></strong></span> 
     </span>
    </p>
   </div>
   <div class='ocr_carea' id='block_1_45' title="bbox 520 2995 2136 3068">
    <p class='ocr_par' dir='ltr' id='par_1_45' title="bbox 520 2995 2136 3068">
     <span class='ocr_line' id='line_1_45' title="bbox 520 2995 2136 3068; baseline 0.001 -17"><span class='ocrx_word' id='word_1_375' title='bbox 520 3010 681 3052; x_wconf 88' lang='lat' dir='ltr'><strong><em>suum</em></strong></span> <span class='ocrx_word' id='word_1_376' title='bbox 712 2996 981 3051; x_wconf 89' lang='lat' dir='ltr'><strong><em>cultorem</em></strong></span> <span class='ocrx_word' id='word_1_377' title='bbox 1013 2997 1293 3062; x_wconf 87' lang='lat' dir='ltr'><strong><em>narravit,</em></strong></span> <span class='ocrx_word' id='word_1_378' title='bbox 1327 2995 1472 3067; x_wconf 85' lang='lat' dir='ltr'><strong><em>quod</em></strong></span> <span class='ocrx_word' id='word_1_379' title='bbox 1502 2996 1648 3051; x_wconf 90' lang='lat' dir='ltr'><strong><em>enim</em></strong></span> <span class='ocrx_word' id='word_1_380' title='bbox 1680 3012 1803 3051; x_wconf 86' lang='lat' dir='ltr'><strong><em>cum</em></strong></span> <span class='ocrx_word' id='word_1_381' title='bbox 1831 2997 1940 3052; x_wconf 89' lang='lat' dir='ltr'><strong><em>sint</em></strong></span> <span class='ocrx_word' id='word_1_382' title='bbox 1969 2996 2136 3068; x_wconf 87' lang='lat' dir='ltr'><strong><em>impie</em></strong></span> 
     </span>
    </p>
   </div>
   <div class='ocr_carea' id='block_1_46' title="bbox 518 3090 2132 3162">
    <p class='ocr_par' dir='ltr' id='par_1_46' title="bbox 518 3090 2132 3162">
     <span class='ocr_line' id='line_1_46' title="bbox 518 3090 2132 3162; baseline 0 -16"><span class='ocrx_word' id='word_1_383' title='bbox 518 3104 683 3161; x_wconf 84' lang='lat' dir='ltr'><strong><em>quam</em></strong></span> <span class='ocrx_word' id='word_1_384' title='bbox 710 3090 930 3160; x_wconf 89' lang='lat' dir='ltr'><strong><em>plurimi</em></strong></span> <span class='ocrx_word' id='word_1_385' title='bbox 953 3098 1201 3161; x_wconf 77' lang='lat' dir='ltr'><strong><em>agentes,</em></strong></span> <span class='ocrx_word' id='word_1_386' title='bbox 1224 3101 1403 3147; x_wconf 89' lang='lat' dir='ltr'><strong><em>tamen</em></strong></span> <span class='ocrx_word' id='word_1_387' title='bbox 1429 3091 1482 3145; x_wconf 91' lang='lat' dir='ltr'><strong><em>in</em></strong></span> <span class='ocrx_word' id='word_1_388' title='bbox 1506 3090 1607 3151; x_wconf 82' lang='lat' dir='ltr'><strong><em>hac</em></strong></span> <span class='ocrx_word' id='word_1_389' title='bbox 1628 3092 1735 3146; x_wconf 88' lang='lat' dir='ltr'><strong><em>vita</em></strong></span> <span class='ocrx_word' id='word_1_390' title='bbox 1763 3090 1949 3145; x_wconf 72' lang='lat' dir='ltr'><strong><em>vivant</em></strong></span> <span class='ocrx_word' id='word_1_391' title='bbox 1968 3106 2132 3162; x_wconf 87' lang='lat' dir='ltr'><strong><em>quam</em></strong></span> 
     </span>
    </p>
   </div>
   <div class='ocr_carea' id='block_1_47' title="bbox 516 3180 2133 3255">
    <p class='ocr_par' dir='ltr' id='par_1_47' title="bbox 516 3180 2133 3255">
     <span class='ocr_line' id='line_1_47' title="bbox 516 3180 2133 3255; baseline 0.001 -17"><span class='ocrx_word' id='word_1_392' title='bbox 516 3180 943 3253; x_wconf 87' lang='lat' dir='ltr'><strong><em>jucundissime.</em></strong></span> <span class='ocrx_word' id='word_1_393' title='bbox 974 3182 1169 3238; x_wconf 81' lang='lat' dir='ltr'><strong><em>Adhuc</em></strong></span> <span class='ocrx_word' id='word_1_394' title='bbox 1194 3183 1426 3254; x_wconf 87' lang='lat' dir='ltr'><strong><em>dignare</em></strong></span> <span class='ocrx_word' id='word_1_395' title='bbox 1456 3185 1707 3255; x_wconf 89' lang='lat' dir='ltr'><strong><em>accipere</em></strong></span> <span class='ocrx_word' id='word_1_396' title='bbox 1731 3200 1852 3255; x_wconf 68' lang='lat' dir='ltr'><strong><em>quae</em></strong></span> <span class='ocrx_word' id='word_1_397' title='bbox 1879 3184 2020 3241; x_wconf 79' lang='lat' dir='ltr'><strong><em>infra</em></strong></span> <span class='ocrx_word' id='word_1_398' title='bbox 2046 3184 2133 3240; x_wconf 86' lang='lat' dir='ltr'><strong><em>di-</em></strong></span> 
     </span>
    </p>
   </div>
   <div class='ocr_carea' id='block_1_48' title="bbox 2238 1967 3795 2047">
    <p class='ocr_par' dir='ltr' id='par_1_48' title="bbox 2238 1967 3795 2047">
     <span class='ocr_line' id='line_1_48' title="bbox 2238 1967 3795 2047; baseline -0.011 -16"><span class='ocrx_word' id='word_1_399' title='bbox 2238 1978 2350 2031; x_wconf 89' lang='lat' dir='ltr'><strong><em>vius</em></strong></span> <span class='ocrx_word' id='word_1_400' title='bbox 2393 1992 2495 2047; x_wconf 76' lang='lat' dir='ltr'><strong><em>pax</em></strong></span> <span class='ocrx_word' id='word_1_401' title='bbox 2538 1985 2646 2041; x_wconf 91' lang='lat' dir='ltr'><strong><em>tua,</em></strong></span> <span class='ocrx_word' id='word_1_402' title='bbox 2688 1982 2735 2027; x_wconf 88' lang='lat' dir='ltr'><strong><em>et</em></strong></span> <span class='ocrx_word' id='word_1_403' title='bbox 2769 1972 2982 2046; x_wconf 89' lang='lat' dir='ltr'><strong><em>justitia</em></strong></span> <span class='ocrx_word' id='word_1_404' title='bbox 3018 1980 3074 2024; x_wconf 90' lang='lat' dir='ltr'><strong><em>ut</em></strong></span> <span class='ocrx_word' id='word_1_405' title='bbox 3116 1970 3307 2040; x_wconf 82' lang='lat' dir='ltr'><strong><em>ﬂuctus</em></strong></span> <span class='ocrx_word' id='word_1_406' title='bbox 3354 1967 3532 2031; x_wconf 82' lang='lat' dir='ltr'><strong><em>maris,</em></strong></span> <span class='ocrx_word' id='word_1_407' title='bbox 3567 1976 3611 2019; x_wconf 92' lang='lat' dir='ltr'><strong><em>et</em></strong></span> <span class='ocrx_word' id='word_1_408' title='bbox 3642 1968 3795 2035; x_wconf 78' lang='lat' dir='ltr'><strong><em>factum</em></strong></span> 
     </span>
    </p>
   </div>
   <div class='ocr_carea' id='block_1_49' title="bbox 2243 2053 3799 2126">
    <p class='ocr_par' dir='ltr' id='par_1_49' title="bbox 2243 2053 3799 2126">
     <span class='ocr_line' id='line_1_49' title="bbox 2243 2053 3799 2126; baseline -0.011 -1"><span class='ocrx_word' id='word_1_409' title='bbox 2243 2079 2370 2126; x_wconf 89' lang='lat' dir='ltr'><strong><em>esset</em></strong></span> <span class='ocrx_word' id='word_1_410' title='bbox 2412 2068 2543 2123; x_wconf 87' lang='lat' dir='ltr'><strong><em>sicut</em></strong></span> <span class='ocrx_word' id='word_1_411' title='bbox 2584 2082 2742 2121; x_wconf 90' lang='lat' dir='ltr'><strong><em>arena</em></strong></span> <span class='ocrx_word' id='word_1_412' title='bbox 2778 2067 2935 2120; x_wconf 89' lang='lat' dir='ltr'><strong><em>maris</em></strong></span> <span class='ocrx_word' id='word_1_413' title='bbox 2964 2079 3133 2119; x_wconf 88' lang='lat' dir='ltr'><strong><em>semen</em></strong></span> <span class='ocrx_word' id='word_1_414' title='bbox 3166 2072 3313 2117; x_wconf 89' lang='lat' dir='ltr'><strong><em>tuum</em></strong></span> <span class='ocrx_word' id='word_1_415' title='bbox 3348 2068 3394 2114; x_wconf 89' lang='lat' dir='ltr'><strong><em>et</em></strong></span> <span class='ocrx_word' id='word_1_416' title='bbox 3434 2059 3540 2113; x_wconf 89' lang='lat' dir='ltr'><strong><em>nati</em></strong></span> <span class='ocrx_word' id='word_1_417' title='bbox 3562 2056 3724 2113; x_wconf 84' lang='lat' dir='ltr'><strong><em>ventris</em></strong></span> <span class='ocrx_word' id='word_1_418' title='bbox 3744 2053 3799 2107; x_wconf 85' lang='lat' dir='ltr'><strong><em>tsi</em></strong></span> 
     </span>
    </p>
   </div>
   <div class='ocr_carea' id='block_1_50' title="bbox 2244 2149 3794 2235">
    <p class='ocr_par' dir='ltr' id='par_1_50' title="bbox 2244 2149 3794 2235">
     <span class='ocr_line' id='line_1_50' title="bbox 2244 2149 3794 2235; baseline -0.01 -20"><span class='ocrx_word' id='word_1_419' title='bbox 2244 2160 2347 2235; x_wconf 92' lang='lat' dir='ltr'><strong><em>(Is.</em></strong></span> <span class='ocrx_word' id='word_1_420' title='bbox 2365 2175 2550 2226; x_wconf 75' lang='lat' dir='ltr'><strong><em>XLVIII,</em></strong></span> <span class='ocrx_word' id='word_1_421' title='bbox 2567 2159 2679 2229; x_wconf 79' lang='grc'><strong><em>17).</em></strong></span> <span class='ocrx_word' id='word_1_422' title='bbox 2701 2157 2831 2223; x_wconf 86' lang='lat' dir='ltr'><strong><em>Sed,</em></strong></span> <span class='ocrx_word' id='word_1_423' title='bbox 2854 2156 3054 2229; x_wconf 89' lang='lat' dir='ltr'><strong><em>inquis,</em></strong></span> <span class='ocrx_word' id='word_1_424' title='bbox 3072 2154 3190 2210; x_wconf 68' lang='lat' dir='ltr'><strong><em>haec</em></strong></span> <span class='ocrx_word' id='word_1_425' title='bbox 3209 2152 3276 2209; x_wconf 85' lang='lat' dir='ltr'><strong><em>ad</em></strong></span> <span class='ocrx_word' id='word_1_426' title='bbox 3293 2151 3514 2209; x_wconf 68' lang='lat' dir='ltr'><strong><em>Iudaeos</em></strong></span> <span class='ocrx_word' id='word_1_427' title='bbox 3529 2149 3655 2205; x_wconf 85' lang='lat' dir='ltr'><strong><em>dicta</em></strong></span> <span class='ocrx_word' id='word_1_428' title='bbox 3671 2154 3794 2209; x_wconf 85' lang='lat' dir='ltr'><strong><em>sunt;</em></strong></span> 
     </span>
    </p>
   </div>
   <div class='ocr_carea' id='block_1_51' title="bbox 2244 2246 3794 2323">
    <p class='ocr_par' dir='ltr' id='par_1_51' title="bbox 2244 2246 3794 2323">
     <span class='ocr_line' id='line_1_51' title="bbox 2244 2246 3794 2323; baseline -0.01 -13"><span class='ocrx_word' id='word_1_429' title='bbox 2244 2269 2441 2323; x_wconf 87' lang='lat' dir='ltr'><strong><em>nempe</em></strong></span> <span class='ocrx_word' id='word_1_430' title='bbox 2464 2252 2530 2307; x_wconf 92' lang='lat' dir='ltr'><strong><em>ad</em></strong></span> <span class='ocrx_word' id='word_1_431' title='bbox 2554 2266 2670 2319; x_wconf 91' lang='lat' dir='ltr'><strong><em>eos,</em></strong></span> <span class='ocrx_word' id='word_1_432' title='bbox 2695 2265 2930 2322; x_wconf 90' lang='lat' dir='ltr'><strong><em>quorum</em></strong></span> <span class='ocrx_word' id='word_1_433' title='bbox 2956 2260 3007 2305; x_wconf 90' lang='lat' dir='ltr'><strong><em>te</em></strong></span> <span class='ocrx_word' id='word_1_434' title='bbox 3030 2247 3205 2304; x_wconf 78' lang='lat' dir='ltr'><strong><em>feciin</em></strong></span> <span class='ocrx_word' id='word_1_435' title='bbox 3228 2246 3651 2310; x_wconf 86' lang='lat' dir='ltr'><strong><em>imitatorem;et</em></strong></span> <span class='ocrx_word' id='word_1_436' title='bbox 3666 2254 3794 2307; x_wconf 87' lang='lat' dir='ltr'><strong><em>nunc,</em></strong></span> 
     </span>
    </p>
   </div>
   <div class='ocr_carea' id='block_1_52' title="bbox 2244 2331 3795 2409">
    <p class='ocr_par' dir='ltr' id='par_1_52' title="bbox 2244 2331 3795 2409">
     <span class='ocr_line' id='line_1_52' title="bbox 2244 2331 3795 2409; baseline -0.01 -8"><span class='ocrx_word' id='word_1_437' title='bbox 2244 2355 2301 2401; x_wconf 93' lang='lat' dir='ltr'><strong><em>ut</em></strong></span> <span class='ocrx_word' id='word_1_438' title='bbox 2326 2353 2414 2402; x_wconf 89' lang='lat' dir='ltr'><strong><em>est</em></strong></span> <span class='ocrx_word' id='word_1_439' title='bbox 2438 2344 2640 2401; x_wconf 90' lang='lat' dir='ltr'><strong><em>crebro</em></strong></span> <span class='ocrx_word' id='word_1_440' title='bbox 2662 2342 2890 2405; x_wconf 76' lang='lat' dir='ltr'><strong><em>dictum,</em></strong></span> <span class='ocrx_word' id='word_1_441' title='bbox 2914 2350 3062 2397; x_wconf 90' lang='lat' dir='ltr'><strong><em>muta</em></strong></span> <span class='ocrx_word' id='word_1_442' title='bbox 3088 2340 3358 2409; x_wconf 83' lang='lat' dir='ltr'><strong><em>malignas</em></strong></span> <span class='ocrx_word' id='word_1_443' title='bbox 3381 2337 3496 2394; x_wconf 86' lang='lat' dir='ltr'><strong><em>vias</em></strong></span> <span class='ocrx_word' id='word_1_444' title='bbox 3520 2344 3649 2401; x_wconf 88' lang='lat' dir='ltr'><strong><em>tuas,</em></strong></span> <span class='ocrx_word' id='word_1_445' title='bbox 3671 2331 3795 2389; x_wconf 85' lang='lat' dir='ltr'><strong><em>crede</em></strong></span> 
     </span>
    </p>
   </div>
   <div class='ocr_carea' id='block_1_53' title="bbox 2242 2425 3794 2501">
    <p class='ocr_par' dir='ltr' id='par_1_53' title="bbox 2242 2425 3794 2501">
     <span class='ocr_line' id='line_1_53' title="bbox 2242 2425 3794 2501; baseline -0.008 -8"><span class='ocrx_word' id='word_1_446' title='bbox 2242 2447 2303 2493; x_wconf 91' lang='lat' dir='ltr'><strong><em>ut</em></strong></span> <span class='ocrx_word' id='word_1_447' title='bbox 2323 2437 2493 2493; x_wconf 88' lang='lat' dir='ltr'><strong><em>credit</em></strong></span> <span class='ocrx_word' id='word_1_448' title='bbox 2518 2445 2705 2491; x_wconf 85' lang='lat' dir='ltr'><strong><em>saneta</em></strong></span> <span class='ocrx_word' id='word_1_449' title='bbox 2728 2433 2999 2501; x_wconf 85' lang='lat' dir='ltr'><strong><em>Ecclesia,</em></strong></span> <span class='ocrx_word' id='word_1_450' title='bbox 3030 2443 3083 2488; x_wconf 89' lang='lat' dir='ltr'><strong><em>et</em></strong></span> <span class='ocrx_word' id='word_1_451' title='bbox 3109 2434 3162 2488; x_wconf 93' lang='lat' dir='ltr'><strong><em>in</em></strong></span> <span class='ocrx_word' id='word_1_452' title='bbox 3185 2430 3448 2487; x_wconf 90' lang='lat' dir='ltr'><strong><em>omnibus</em></strong></span> <span class='ocrx_word' id='word_1_453' title='bbox 3473 2427 3559 2485; x_wconf 89' lang='lat' dir='ltr'><strong><em>tibi</em></strong></span> <span class='ocrx_word' id='word_1_454' title='bbox 3582 2425 3794 2499; x_wconf 77' lang='lat' dir='ltr'><strong><em>propitia-</em></strong></span> 
     </span>
    </p>
   </div>
   <div class='ocr_carea' id='block_1_54' title="bbox 2241 2524 3792 2598">
    <p class='ocr_par' dir='ltr' id='par_1_54' title="bbox 2241 2524 3792 2598">
     <span class='ocr_line' id='line_1_54' title="bbox 2241 2524 3792 2598; baseline -0.01 -11"><span class='ocrx_word' id='word_1_455' title='bbox 2241 2530 2410 2587; x_wconf 89' lang='lat' dir='ltr'><strong><em>bitur.</em></strong></span> <span class='ocrx_word' id='word_1_456' title='bbox 2447 2530 2586 2585; x_wconf 87' lang='lat' dir='ltr'><strong><em>Dicit</em></strong></span> <span class='ocrx_word' id='word_1_457' title='bbox 2616 2529 2762 2585; x_wconf 88' lang='lat' dir='ltr'><strong><em>enim</em></strong></span> <span class='ocrx_word' id='word_1_458' title='bbox 2795 2528 2915 2598; x_wconf 89' lang='lat' dir='ltr'><strong><em>ipse</em></strong></span> <span class='ocrx_word' id='word_1_459' title='bbox 2945 2545 2959 2582; x_wconf 73' lang='grc' dir='ltr'><strong>ε</strong></span> <span class='ocrx_word' id='word_1_460' title='bbox 2996 2526 3343 2582; x_wconf 87' lang='lat' dir='ltr'><strong><em>Revertimini</em></strong></span> <span class='ocrx_word' id='word_1_461' title='bbox 3370 2534 3411 2562; x_wconf 77' lang='grc' dir='ltr'>ω</span> <span class='ocrx_word' id='word_1_462' title='bbox 3444 2524 3512 2578; x_wconf 88' lang='lat' dir='ltr'><strong><em>ad</em></strong></span> <span class='ocrx_word' id='word_1_463' title='bbox 3537 2538 3611 2577; x_wconf 88' lang='lat' dir='ltr'><strong><em>me</em></strong></span> <span class='ocrx_word' id='word_1_464' title='bbox 3640 2538 3692 2576; x_wconf 74' lang='lat' dir='ltr'><strong><em>ex</em></strong></span> <span class='ocrx_word' id='word_1_465' title='bbox 3714 2528 3792 2573; x_wconf 79' lang='lat' dir='ltr'><strong><em>toto</em></strong></span> 
     </span>
    </p>
   </div>
   <div class='ocr_carea' id='block_1_55' title="bbox 2242 2615 3792 2694">
    <p class='ocr_par' dir='ltr' id='par_1_55' title="bbox 2242 2615 3792 2694">
     <span class='ocr_line' id='line_1_55' title="bbox 2242 2615 3792 2694; baseline -0.008 -16"><span class='ocrx_word' id='word_1_466' title='bbox 2242 2623 2397 2678; x_wconf 91' lang='lat' dir='ltr'><strong><em>corde</em></strong></span> <span class='ocrx_word' id='word_1_467' title='bbox 2422 2631 2587 2676; x_wconf 88' lang='lat' dir='ltr'><strong><em>vestro</em></strong></span> <span class='ocrx_word' id='word_1_468' title='bbox 2618 2621 2873 2690; x_wconf 87' lang='lat' dir='ltr'><strong><em>simulque</em></strong></span> <span class='ocrx_word' id='word_1_469' title='bbox 2902 2630 2948 2674; x_wconf 91' lang='lat' dir='ltr'><strong><em>et</em></strong></span> <span class='ocrx_word' id='word_1_470' title='bbox 2970 2619 3180 2694; x_wconf 85' lang='lat' dir='ltr'><strong><em>jejunio</em></strong></span> <span class='ocrx_word' id='word_1_471' title='bbox 3209 2627 3258 2673; x_wconf 92' lang='lat' dir='ltr'><strong><em>et</em></strong></span> <span class='ocrx_word' id='word_1_472' title='bbox 3289 2620 3422 2689; x_wconf 76' lang='lat' dir='ltr'><strong><em>ﬂetu</em></strong></span> <span class='ocrx_word' id='word_1_473' title='bbox 3455 2626 3499 2672; x_wconf 89' lang='lat' dir='ltr'><strong><em>et</em></strong></span> <span class='ocrx_word' id='word_1_474' title='bbox 3526 2615 3733 2689; x_wconf 78' lang='lat' dir='ltr'><strong><em>planctu,</em></strong></span> <span class='ocrx_word' id='word_1_475' title='bbox 3758 2617 3792 2665; x_wconf 82' lang='lat' dir='ltr'><strong><em>tt</em></strong></span> 
     </span>
    </p>
   </div>
   <div class='ocr_carea' id='block_1_56' title="bbox 2239 2703 3788 2784">
    <p class='ocr_par' dir='ltr' id='par_1_56' title="bbox 2239 2703 3788 2784">
     <span class='ocr_line' id='line_1_56' title="bbox 2239 2703 3788 2784; baseline -0.008 -15"><span class='ocrx_word' id='word_1_476' title='bbox 2239 2714 2522 2770; x_wconf 85' lang='lat' dir='ltr'><strong><em>discindite</em></strong></span> <span class='ocrx_word' id='word_1_477' title='bbox 2543 2713 2707 2768; x_wconf 90' lang='lat' dir='ltr'><strong><em>corda</em></strong></span> <span class='ocrx_word' id='word_1_478' title='bbox 2728 2723 2898 2767; x_wconf 87' lang='lat' dir='ltr'><strong><em>vestra</em></strong></span> <span class='ocrx_word' id='word_1_479' title='bbox 2919 2722 2968 2767; x_wconf 91' lang='lat' dir='ltr'><strong><em>et</em></strong></span> <span class='ocrx_word' id='word_1_480' title='bbox 2992 2728 3097 2767; x_wconf 90' lang='lat' dir='ltr'><strong><em>non</em></strong></span> <span class='ocrx_word' id='word_1_481' title='bbox 3118 2710 3427 2767; x_wconf 88' lang='lat' dir='ltr'><strong><em>vestimenta</em></strong></span> <span class='ocrx_word' id='word_1_482' title='bbox 3448 2708 3597 2784; x_wconf 82' lang='lat' dir='ltr'><strong><em>(Joel.</em></strong></span> <span class='ocrx_word' id='word_1_483' title='bbox 3620 2751 3633 2775; x_wconf 91' lang='lat'><strong><em>,</em></strong></span> <span class='ocrx_word' id='word_1_484' title='bbox 3654 2722 3686 2762; x_wconf 85' lang='grc' dir='ltr'>ιι</span> <span class='ocrx_word' id='word_1_485' title='bbox 3707 2703 3788 2773; x_wconf 77' lang='lat' dir='ltr'><strong><em>l2).</em></strong></span> 
     </span>
    </p>
   </div>
   <div class='ocr_carea' id='block_1_57' title="bbox 2240 2800 3789 2877">
    <p class='ocr_par' dir='ltr' id='par_1_57' title="bbox 2240 2800 3789 2877">
     <span class='ocr_line' id='line_1_57' title="bbox 2240 2800 3789 2877; baseline -0.008 -11"><span class='ocrx_word' id='word_1_486' title='bbox 2240 2810 2538 2868; x_wconf 81' lang='lat' dir='ltr'><strong><em>Revertere</em></strong></span> <span class='ocrx_word' id='word_1_487' title='bbox 2581 2818 2695 2865; x_wconf 88' lang='lat' dir='ltr'><strong><em>toto</em></strong></span> <span class='ocrx_word' id='word_1_488' title='bbox 2720 2809 2889 2865; x_wconf 90' lang='lat' dir='ltr'><strong><em>corde</em></strong></span> <span class='ocrx_word' id='word_1_489' title='bbox 2924 2808 2990 2863; x_wconf 90' lang='lat' dir='ltr'><strong><em>ad</em></strong></span> <span class='ocrx_word' id='word_1_490' title='bbox 3033 2808 3236 2873; x_wconf 86' lang='lat' dir='ltr'><strong><em>Deum,</em></strong></span> <span class='ocrx_word' id='word_1_491' title='bbox 3271 2806 3558 2877; x_wconf 75' lang='lat' dir='ltr'><strong><em>acquiesco</em></strong></span> <span class='ocrx_word' id='word_1_492' title='bbox 3583 2802 3658 2859; x_wconf 89' lang='lat' dir='ltr'><strong><em>bis</em></strong></span> <span class='ocrx_word' id='word_1_493' title='bbox 3677 2800 3789 2856; x_wconf 65' lang='lat' dir='ltr'><strong><em>saluo</em></strong></span> 
     </span>
    </p>
   </div>
   <div class='ocr_carea' id='block_1_58' title="bbox 2240 2892 3789 2972">
    <p class='ocr_par' dir='ltr' id='par_1_58' title="bbox 2240 2892 3789 2972">
     <span class='ocr_line' id='line_1_58' title="bbox 2240 2892 3789 2972; baseline -0.009 -11"><span class='ocrx_word' id='word_1_494' title='bbox 2240 2906 2430 2962; x_wconf 89' lang='lat' dir='ltr'><strong><em>bribus</em></strong></span> <span class='ocrx_word' id='word_1_495' title='bbox 2450 2905 2711 2962; x_wconf 86' lang='lat' dir='ltr'><strong><em>remediis</em></strong></span> <span class='ocrx_word' id='word_1_496' title='bbox 2726 2904 2791 2959; x_wconf 91' lang='lat' dir='ltr'><strong><em>ad</em></strong></span> <span class='ocrx_word' id='word_1_497' title='bbox 2817 2903 3063 2960; x_wconf 90' lang='lat' dir='ltr'><strong><em>criminis</em></strong></span> <span class='ocrx_word' id='word_1_498' title='bbox 3083 2902 3160 2958; x_wconf 88' lang='lat' dir='ltr'><strong><em>tui</em></strong></span> <span class='ocrx_word' id='word_1_499' title='bbox 3188 2900 3594 2972; x_wconf 83' lang='lat' dir='ltr'><strong><em>intelligentiam</em></strong></span> <span class='ocrx_word' id='word_1_500' title='bbox 3615 2892 3789 2965; x_wconf 88' lang='lat' dir='ltr'><strong><em>conspi-</em></strong></span> 
     </span>
    </p>
   </div>
   <div class='ocr_carea' id='block_1_59' title="bbox 2236 2985 3787 3070">
    <p class='ocr_par' dir='ltr' id='par_1_59' title="bbox 2236 2985 3787 3070">
     <span class='ocr_line' id='line_1_59' title="bbox 2236 2985 3787 3070; baseline -0.009 -14"><span class='ocrx_word' id='word_1_501' title='bbox 2236 3000 2486 3056; x_wconf 81' lang='lat' dir='ltr'><strong><em>ciendum</em></strong></span> <span class='ocrx_word' id='word_1_502' title='bbox 2513 3015 2528 3065; x_wconf 93' lang='lat'><strong>;</strong></span> <span class='ocrx_word' id='word_1_503' title='bbox 2562 2999 2712 3070; x_wconf 72' lang='lat' dir='ltr'><strong><em>aperi</em></strong></span> <span class='ocrx_word' id='word_1_504' title='bbox 2741 2998 2924 3054; x_wconf 83' lang='lat' dir='ltr'><strong><em>cordis</em></strong></span> <span class='ocrx_word' id='word_1_505' title='bbox 2954 2996 3174 3064; x_wconf 91' lang='lat' dir='ltr'><strong><em>oculos,</em></strong></span> <span class='ocrx_word' id='word_1_506' title='bbox 3209 2995 3512 3068; x_wconf 87' lang='lat' dir='ltr'><strong><em>ingemisce</em></strong></span> <span class='ocrx_word' id='word_1_507' title='bbox 3537 2999 3637 3048; x_wconf 90' lang='lat' dir='ltr'><strong><em>toto</em></strong></span> <span class='ocrx_word' id='word_1_508' title='bbox 3660 2985 3787 3045; x_wconf 84' lang='lat' dir='ltr'><strong><em>corde</em></strong></span> 
     </span>
    </p>
   </div>
   <div class='ocr_carea' id='block_1_60' title="bbox 2238 3085 3786 3165">
    <p class='ocr_par' dir='ltr' id='par_1_60' title="bbox 2238 3085 3786 3165">
     <span class='ocr_line' id='line_1_60' title="bbox 2238 3085 3786 3165; baseline -0.008 -15"><span class='ocrx_word' id='word_1_509' title='bbox 2238 3103 2348 3150; x_wconf 90' lang='lat' dir='ltr'><strong><em>tam</em></strong></span> <span class='ocrx_word' id='word_1_510' title='bbox 2379 3104 2428 3149; x_wconf 90' lang='lat' dir='ltr'><strong><em>te</em></strong></span> <span class='ocrx_word' id='word_1_511' title='bbox 2451 3095 2691 3165; x_wconf 89' lang='lat' dir='ltr'><strong><em>graviter</em></strong></span> <span class='ocrx_word' id='word_1_512' title='bbox 2714 3093 3011 3163; x_wconf 84' lang='lat' dir='ltr'><strong><em>deliquisse</em></strong></span> <span class='ocrx_word' id='word_1_513' title='bbox 3034 3092 3340 3163; x_wconf 86' lang='lat' dir='ltr'><strong><em>colligens;</em></strong></span> <span class='ocrx_word' id='word_1_514' title='bbox 3366 3100 3492 3146; x_wconf 92' lang='lat' dir='ltr'><strong><em>tunc</em></strong></span> <span class='ocrx_word' id='word_1_515' title='bbox 3514 3088 3583 3143; x_wconf 91' lang='lat' dir='ltr'><strong><em>tui</em></strong></span> <span class='ocrx_word' id='word_1_516' title='bbox 3607 3085 3786 3141; x_wconf 86' lang='lat' dir='ltr'><strong><em>misere-</em></strong></span> 
     </span>
    </p>
   </div>
   <div class='ocr_carea' id='block_1_61' title="bbox 2234 3180 3783 3257">
    <p class='ocr_par' dir='ltr' id='par_1_61' title="bbox 2234 3180 3783 3257">
     <span class='ocr_line' id='line_1_61' title="bbox 2234 3180 3783 3257; baseline -0.008 -17"><span class='ocrx_word' id='word_1_517' title='bbox 2234 3185 2383 3242; x_wconf 87' lang='lat' dir='ltr'><strong><em>bitur</em></strong></span> <span class='ocrx_word' id='word_1_518' title='bbox 2410 3186 2502 3242; x_wconf 89' lang='lat' dir='ltr'><strong><em>ille</em></strong></span> <span class='ocrx_word' id='word_1_519' title='bbox 2539 3186 2629 3257; x_wconf 90' lang='lat' dir='ltr'><strong><em>qui</em></strong></span> <span class='ocrx_word' id='word_1_520' title='bbox 2656 3185 2790 3241; x_wconf 89' lang='lat' dir='ltr'><strong><em>dicit</em></strong></span> <span class='ocrx_word' id='word_1_521' title='bbox 2828 3203 2841 3239; x_wconf 90' lang='lat'><strong>:</strong></span> <span class='ocrx_word' id='word_1_522' title='bbox 2882 3185 3015 3240; x_wconf 69' lang='lat' dir='ltr'><strong><em>cum</em></strong></span> <span class='ocrx_word' id='word_1_523' title='bbox 3041 3200 3320 3239; x_wconf 88' lang='lat' dir='ltr'><strong><em>conversus</em></strong></span> <span class='ocrx_word' id='word_1_524' title='bbox 3346 3180 3669 3255; x_wconf 84' lang='lat' dir='ltr'><strong><em>ingemueris,</em></strong></span> <span class='ocrx_word' id='word_1_525' title='bbox 3692 3186 3783 3231; x_wconf 80' lang='lat' dir='ltr'><strong><em>tunc</em></strong></span> 
     </span>
    </p>
   </div>
   <div class='ocr_carea' id='block_1_62' title="bbox 516 3268 3781 3351">
    <p class='ocr_par' dir='ltr' id='par_1_62' title="bbox 516 3268 3781 3351">
     <span class='ocr_line' id='line_1_62' title="bbox 516 3268 3781 3351; baseline -0.003 -17"><span class='ocrx_word' id='word_1_526' title='bbox 516 3286 606 3334; x_wconf 82' lang='lat' dir='ltr'><strong><em>eat</em></strong></span> <span class='ocrx_word' id='word_1_527' title='bbox 630 3276 701 3333; x_wconf 89' lang='lat' dir='ltr'><strong><em>de</em></strong></span> <span class='ocrx_word' id='word_1_528' title='bbox 728 3276 884 3333; x_wconf 86' lang='lat' dir='ltr'><strong><em>vobis</em></strong></span> <span class='ocrx_word' id='word_1_529' title='bbox 906 3276 1111 3349; x_wconf 88' lang='lat' dir='ltr'><strong><em>impiis,</em></strong></span> <span class='ocrx_word' id='word_1_530' title='bbox 1143 3289 1200 3335; x_wconf 90' lang='lat' dir='ltr'><strong><em>et</em></strong></span> <span class='ocrx_word' id='word_1_531' title='bbox 1223 3292 1497 3349; x_wconf 88' lang='lat' dir='ltr'><strong><em>cognosce</em></strong></span> <span class='ocrx_word' id='word_1_532' title='bbox 1526 3280 1804 3351; x_wconf 88' lang='lat' dir='ltr'><strong><em>quomodo</em></strong></span> <span class='ocrx_word' id='word_1_533' title='bbox 1831 3296 1953 3337; x_wconf 91' lang='lat' dir='ltr'><strong><em>cum</em></strong></span> <span class='ocrx_word' id='word_1_534' title='bbox 1987 3280 2127 3336; x_wconf 87' lang='lat' dir='ltr'><strong><em>male</em></strong></span> <span class='ocrx_word' id='word_1_535' title='bbox 2155 3276 2201 3340; x_wconf 91' lang='lat' dir='ltr'>C</span> <span class='ocrx_word' id='word_1_536' title='bbox 2232 3280 2404 3336; x_wconf 85' lang='lat' dir='ltr'><strong><em>salvus</em></strong></span> <span class='ocrx_word' id='word_1_537' title='bbox 2457 3280 2579 3347; x_wconf 88' lang='lat' dir='ltr'><strong><em>eris,</em></strong></span> <span class='ocrx_word' id='word_1_538' title='bbox 2610 3288 2658 3335; x_wconf 92' lang='lat' dir='ltr'><strong><em>et</em></strong></span> <span class='ocrx_word' id='word_1_539' title='bbox 2703 3279 2831 3335; x_wconf 88' lang='lat' dir='ltr'><strong><em>scies</em></strong></span> <span class='ocrx_word' id='word_1_540' title='bbox 2855 3277 2941 3332; x_wconf 87' lang='lat' dir='ltr'><strong><em>ubi</em></strong></span> <span class='ocrx_word' id='word_1_541' title='bbox 2979 3278 3144 3349; x_wconf 79' lang='lat' dir='ltr'><strong><em>[ueris</em></strong></span> <span class='ocrx_word' id='word_1_542' title='bbox 3178 3286 3237 3332; x_wconf 78' lang='grc' dir='ltr'><strong><em>ιι.</em></strong></span> <span class='ocrx_word' id='word_1_543' title='bbox 3269 3275 3675 3332; x_wconf 71' lang='lat' dir='ltr'><strong><em>Reminiscereo</em></strong></span> <span class='ocrx_word' id='word_1_544' title='bbox 3696 3268 3781 3323; x_wconf 86' lang='lat' dir='ltr'><strong><em>Deo</em></strong></span> 
     </span>
    </p>
   </div>
   <div class='ocr_carea' id='block_1_63' title="bbox 517 3372 2129 3447">
    <p class='ocr_par' dir='ltr' id='par_1_63' title="bbox 517 3372 2129 3447">
     <span class='ocr_line' id='line_1_63' title="bbox 517 3372 2129 3447; baseline 0.002 -20"><span class='ocrx_word' id='word_1_545' title='bbox 517 3373 692 3444; x_wconf 89' lang='lat' dir='ltr'><strong><em>agatis</em></strong></span> <span class='ocrx_word' id='word_1_546' title='bbox 725 3372 949 3429; x_wconf 91' lang='lat' dir='ltr'><strong><em>interim</em></strong></span> <span class='ocrx_word' id='word_1_547' title='bbox 987 3373 1141 3429; x_wconf 89' lang='lat' dir='ltr'><strong><em>vobis</em></strong></span> <span class='ocrx_word' id='word_1_548' title='bbox 1176 3383 1455 3444; x_wconf 89' lang='lat' dir='ltr'><strong><em>parcatur,</em></strong></span> <span class='ocrx_word' id='word_1_549' title='bbox 1493 3384 1550 3430; x_wconf 90' lang='lat' dir='ltr'><strong><em>ct</em></strong></span> <span class='ocrx_word' id='word_1_550' title='bbox 1584 3384 1753 3431; x_wconf 87' lang='lat' dir='ltr'><strong><em>temet</em></strong></span> <span class='ocrx_word' id='word_1_551' title='bbox 1782 3375 1898 3431; x_wconf 89' lang='lat' dir='ltr'><strong><em>Deo</em></strong></span> <span class='ocrx_word' id='word_1_552' title='bbox 1926 3391 2129 3447; x_wconf 71' lang='lat' dir='ltr'><strong><em>reprac-</em></strong></span> 
     </span>
    </p>
   </div>
   <div class='ocr_carea' id='block_1_64' title="bbox 516 3466 2125 3541">
    <p class='ocr_par' dir='ltr' id='par_1_64' title="bbox 516 3466 2125 3541">
     <span class='ocr_line' id='line_1_64' title="bbox 516 3466 2125 3541; baseline 0.001 -17"><span class='ocrx_word' id='word_1_553' title='bbox 516 3474 674 3524; x_wconf 86' lang='lat' dir='ltr'><strong><em>scnta</em></strong></span> <span class='ocrx_word' id='word_1_554' title='bbox 714 3481 813 3539; x_wconf 87' lang='lat' dir='ltr'><strong><em>per</em></strong></span> <span class='ocrx_word' id='word_1_555' title='bbox 856 3466 1258 3536; x_wconf 69' lang='lat' dir='ltr'><strong><em>paenitentiam.</em></strong></span> <span class='ocrx_word' id='word_1_556' title='bbox 1293 3466 1599 3523; x_wconf 85' lang='lat' dir='ltr'><strong><em>Nesciebam</em></strong></span> <span class='ocrx_word' id='word_1_557' title='bbox 1630 3466 1795 3540; x_wconf 89' lang='lat' dir='ltr'><strong><em>(Ibid.</em></strong></span> <span class='ocrx_word' id='word_1_558' title='bbox 1827 3484 1961 3524; x_wconf 78' lang='lat' dir='ltr'><strong><em>mit</em></strong></span> <span class='ocrx_word' id='word_1_559' title='bbox 1982 3511 1997 3534; x_wconf 95' lang='lat'><strong><em>,</em></strong></span> <span class='ocrx_word' id='word_1_560' title='bbox 2032 3470 2125 3541; x_wconf 79' lang='grc'><strong><em>17)</em></strong></span> 
     </span>
    </p>
   </div>
   <div class='ocr_carea' id='block_1_65' title="bbox 515 3559 2125 3632">
    <p class='ocr_par' dir='ltr' id='par_1_65' title="bbox 515 3559 2125 3632">
     <span class='ocr_line' id='line_1_65' title="bbox 515 3559 2125 3632; baseline 0.001 -18"><span class='ocrx_word' id='word_1_561' title='bbox 515 3560 763 3631; x_wconf 88' lang='lat' dir='ltr'><strong><em>quoniam</em></strong></span> <span class='ocrx_word' id='word_1_562' title='bbox 789 3566 820 3607; x_wconf 84' lang='grc' dir='ltr'><strong>ιι</strong></span> <span class='ocrx_word' id='word_1_563' title='bbox 870 3559 998 3613; x_wconf 92' lang='lat' dir='ltr'><strong><em>tales</em></strong></span> <span class='ocrx_word' id='word_1_564' title='bbox 1048 3561 1271 3615; x_wconf 69' lang='lat' dir='ltr'><strong><em>tenebrae</em></strong></span> <span class='ocrx_word' id='word_1_565' title='bbox 1313 3571 1540 3616; x_wconf 80' lang='lat' dir='ltr'><strong><em>ventura:</em></strong></span> <span class='ocrx_word' id='word_1_566' title='bbox 1578 3572 1743 3617; x_wconf 82' lang='lat' dir='ltr'><strong><em>essent</em></strong></span> <span class='ocrx_word' id='word_1_567' title='bbox 1781 3572 1901 3617; x_wconf 89' lang='lat' dir='ltr'><strong><em>ante</em></strong></span> <span class='ocrx_word' id='word_1_568' title='bbox 1939 3562 2125 3632; x_wconf 78' lang='lat' dir='ltr'><strong><em>faciem</em></strong></span> 
     </span>
    </p>
   </div>
   <div class='ocr_carea' id='block_1_66' title="bbox 518 3650 2126 3728">
    <p class='ocr_par' dir='ltr' id='par_1_66' title="bbox 518 3650 2126 3728">
     <span class='ocr_line' id='line_1_66' title="bbox 518 3650 2126 3728; baseline 0.002 -21"><span class='ocrx_word' id='word_1_569' title='bbox 518 3668 707 3707; x_wconf 88' lang='lat' dir='ltr'><strong><em>meam.</em></strong></span> <span class='ocrx_word' id='word_1_570' title='bbox 741 3651 916 3719; x_wconf 82' lang='lat' dir='ltr'><strong><em>Quare</em></strong></span> <span class='ocrx_word' id='word_1_571' title='bbox 935 3650 1101 3724; x_wconf 91' lang='lat' dir='ltr'><strong><em>(Ibid.</em></strong></span> <span class='ocrx_word' id='word_1_572' title='bbox 1125 3668 1273 3719; x_wconf 80' lang='lat' dir='ltr'><strong>xxw,</strong></span> <span class='ocrx_word' id='word_1_573' title='bbox 1298 3652 1350 3725; x_wconf 82' lang='grc'><strong><em>1)</em></strong></span> <span class='ocrx_word' id='word_1_574' title='bbox 1381 3654 1562 3728; x_wconf 69' lang='grc' dir='ltr'><strong><em>ίενςο,</em></strong></span> <span class='ocrx_word' id='word_1_575' title='bbox 1588 3652 1832 3720; x_wconf 86' lang='lat' dir='ltr'><strong><em>Domine,</em></strong></span> <span class='ocrx_word' id='word_1_576' title='bbox 1857 3673 1957 3710; x_wconf 92' lang='lat' dir='ltr'><strong><em>non</em></strong></span> <span class='ocrx_word' id='word_1_577' title='bbox 1980 3658 2126 3726; x_wconf 87' lang='lat' dir='ltr'><strong><em>potui</em></strong></span> 
     </span>
    </p>
   </div>
   <div class='ocr_carea' id='block_1_67' title="bbox 517 3743 2122 3819">
    <p class='ocr_par' dir='ltr' id='par_1_67' title="bbox 517 3743 2122 3819">
     <span class='ocr_line' id='line_1_67' title="bbox 517 3743 2122 3819; baseline 0.004 -21"><span class='ocrx_word' id='word_1_578' title='bbox 517 3760 625 3798; x_wconf 88' lang='lat' dir='ltr'><strong><em>una</em></strong></span> <span class='ocrx_word' id='word_1_579' title='bbox 652 3743 783 3799; x_wconf 86' lang='lat' dir='ltr'><strong><em>hora</em></strong></span> <span class='ocrx_word' id='word_1_580' title='bbox 805 3744 1007 3799; x_wconf 82' lang='lat' dir='ltr'><strong><em>latere?</em></strong></span> <span class='ocrx_word' id='word_1_581' title='bbox 1040 3746 1189 3816; x_wconf 88' lang='lat' dir='ltr'><strong><em>impii</em></strong></span> <span class='ocrx_word' id='word_1_582' title='bbox 1218 3756 1391 3801; x_wconf 88' lang='lat' dir='ltr'><strong><em>autem</em></strong></span> <span class='ocrx_word' id='word_1_583' title='bbox 1416 3756 1678 3803; x_wconf 90' lang='lat' dir='ltr'><strong><em>transeunt</em></strong></span> <span class='ocrx_word' id='word_1_584' title='bbox 1703 3751 1755 3802; x_wconf 89' lang='lat' dir='ltr'><strong><em>in</em></strong></span> <span class='ocrx_word' id='word_1_585' title='bbox 1782 3749 1974 3819; x_wconf 84' lang='lat' dir='ltr'><strong><em>ﬁnibus</em></strong></span> <span class='ocrx_word' id='word_1_586' title='bbox 1994 3749 2122 3804; x_wconf 90' lang='lat' dir='ltr'><strong><em>alie-</em></strong></span> 
     </span>
    </p>
   </div>
   <div class='ocr_carea' id='block_1_68' title="bbox 517 3836 2122 3912">
    <p class='ocr_par' dir='ltr' id='par_1_68' title="bbox 517 3836 2122 3912">
     <span class='ocr_line' id='line_1_68' title="bbox 517 3836 2122 3912; baseline 0.004 -21"><span class='ocrx_word' id='word_1_587' title='bbox 517 3836 622 3901; x_wconf 78' lang='lat' dir='ltr'><strong><em>nis,</em></strong></span> <span class='ocrx_word' id='word_1_588' title='bbox 660 3845 708 3891; x_wconf 90' lang='lat' dir='ltr'><strong><em>et</em></strong></span> <span class='ocrx_word' id='word_1_589' title='bbox 735 3852 914 3908; x_wconf 81' lang='lat' dir='ltr'><strong><em>greges</em></strong></span> <span class='ocrx_word' id='word_1_590' title='bbox 951 3837 1125 3891; x_wconf 90' lang='lat' dir='ltr'><strong><em>ovium</em></strong></span> <span class='ocrx_word' id='word_1_591' title='bbox 1156 3854 1271 3892; x_wconf 91' lang='lat' dir='ltr'><strong><em>cum</em></strong></span> <span class='ocrx_word' id='word_1_592' title='bbox 1302 3840 1594 3910; x_wconf 88' lang='lat' dir='ltr'><strong><em>pastoribus</em></strong></span> <span class='ocrx_word' id='word_1_593' title='bbox 1620 3852 1926 3911; x_wconf 89' lang='lat' dir='ltr'><strong><em>rapuerunt,</em></strong></span> <span class='ocrx_word' id='word_1_594' title='bbox 1957 3851 2006 3897; x_wconf 89' lang='lat' dir='ltr'><strong><em>et</em></strong></span> <span class='ocrx_word' id='word_1_595' title='bbox 2035 3860 2122 3912; x_wconf 89' lang='lat' dir='ltr'><strong><em>pe-</em></strong></span> 
     </span>
    </p>
   </div>
   <div class='ocr_carea' id='block_1_69' title="bbox 516 3931 2117 4010">
    <p class='ocr_par' dir='ltr' id='par_1_69' title="bbox 516 3931 2117 4010">
     <span class='ocr_line' id='line_1_69' title="bbox 516 3931 2117 4010; baseline 0.005 -26"><span class='ocrx_word' id='word_1_596' title='bbox 516 3946 642 3985; x_wconf 88' lang='lat' dir='ltr'><strong><em>cora</em></strong></span> <span class='ocrx_word' id='word_1_597' title='bbox 666 3932 1016 4002; x_wconf 83' lang='lat' dir='ltr'><strong><em>orphanorum</em></strong></span> <span class='ocrx_word' id='word_1_598' title='bbox 1048 3931 1377 4002; x_wconf 74' lang='lat' dir='ltr'><strong><em>afﬂixerunt,</em></strong></span> <span class='ocrx_word' id='word_1_599' title='bbox 1406 3943 1454 3987; x_wconf 92' lang='lat' dir='ltr'><strong><em>et</em></strong></span> <span class='ocrx_word' id='word_1_600' title='bbox 1479 3935 1654 3989; x_wconf 89' lang='lat' dir='ltr'><strong><em>bovem</em></strong></span> <span class='ocrx_word' id='word_1_601' title='bbox 1681 3935 1848 3990; x_wconf 76' lang='lat' dir='ltr'><strong><em>vidua:</em></strong></span> <span class='ocrx_word' id='word_1_602' title='bbox 1872 3936 2117 4010; x_wconf 85' lang='lat' dir='ltr'><strong><em>pignera-</em></strong></span> 
     </span>
    </p>
   </div>
   <div class='ocr_carea' id='block_1_70' title="bbox 513 4029 2121 4098">
    <p class='ocr_par' dir='ltr' id='par_1_70' title="bbox 513 4029 2121 4098">
     <span class='ocr_line' id='line_1_70' title="bbox 513 4029 2121 4098; baseline 0.003 -19"><span class='ocrx_word' id='word_1_603' title='bbox 513 4034 718 4090; x_wconf 82' lang='lat' dir='ltr'><strong><em>verunt,</em></strong></span> <span class='ocrx_word' id='word_1_604' title='bbox 754 4041 941 4098; x_wconf 85' lang='lat' dir='ltr'><strong><em>agrum</em></strong></span> <span class='ocrx_word' id='word_1_605' title='bbox 969 4041 1073 4080; x_wconf 91' lang='lat' dir='ltr'><strong><em>non</em></strong></span> <span class='ocrx_word' id='word_1_606' title='bbox 1104 4042 1255 4081; x_wconf 90' lang='lat' dir='ltr'><strong><em>suum</em></strong></span> <span class='ocrx_word' id='word_1_607' title='bbox 1284 4036 1404 4083; x_wconf 88' lang='lat' dir='ltr'><strong><em>ante</em></strong></span> <span class='ocrx_word' id='word_1_608' title='bbox 1423 4038 1625 4098; x_wconf 86' lang='lat' dir='ltr'><strong><em>tempus</em></strong></span> <span class='ocrx_word' id='word_1_609' title='bbox 1652 4029 1870 4084; x_wconf 89' lang='lat' dir='ltr'><strong><em>demessi</em></strong></span> <span class='ocrx_word' id='word_1_610' title='bbox 1899 4039 2038 4096; x_wconf 87' lang='lat' dir='ltr'><strong><em>sunt,</em></strong></span> <span class='ocrx_word' id='word_1_611' title='bbox 2071 4039 2121 4085; x_wconf 89' lang='lat' dir='ltr'><strong><em>et</em></strong></span> 
     </span>
    </p>
   </div>
   <div class='ocr_carea' id='block_1_71' title="bbox 513 4117 2120 4192">
    <p class='ocr_par' dir='ltr' id='par_1_71' title="bbox 513 4117 2120 4192">
     <span class='ocr_line' id='line_1_71' title="bbox 513 4117 2120 4192; baseline 0.002 -19"><span class='ocrx_word' id='word_1_612' title='bbox 513 4128 793 4191; x_wconf 88' lang='lat' dir='ltr'><strong><em>coegerunt</em></strong></span> <span class='ocrx_word' id='word_1_613' title='bbox 817 4117 1050 4173; x_wconf 80' lang='lat' dir='ltr'><strong><em>homines</em></strong></span> <span class='ocrx_word' id='word_1_614' title='bbox 1078 4118 1132 4173; x_wconf 91' lang='lat' dir='ltr'><strong><em>in</em></strong></span> <span class='ocrx_word' id='word_1_615' title='bbox 1154 4118 1313 4173; x_wconf 86' lang='lat' dir='ltr'><strong><em>vineis</em></strong></span> <span class='ocrx_word' id='word_1_616' title='bbox 1334 4122 1441 4175; x_wconf 90' lang='lat' dir='ltr'><strong><em>suis</em></strong></span> <span class='ocrx_word' id='word_1_617' title='bbox 1470 4121 1630 4192; x_wconf 88' lang='lat' dir='ltr'><strong><em>gratis</em></strong></span> <span class='ocrx_word' id='word_1_618' title='bbox 1661 4123 1887 4190; x_wconf 84' lang='lat' dir='ltr'><strong><em>operari,</em></strong></span> <span class='ocrx_word' id='word_1_619' title='bbox 1911 4131 1959 4176; x_wconf 92' lang='lat' dir='ltr'><strong><em>et</em></strong></span> <span class='ocrx_word' id='word_1_620' title='bbox 1982 4122 2120 4176; x_wconf 88' lang='lat' dir='ltr'><strong><em>ntul-</em></strong></span> 
     </span>
    </p>
   </div>
   <div class='ocr_carea' id='block_1_72' title="bbox 513 4214 2116 4287">
    <p class='ocr_par' dir='ltr' id='par_1_72' title="bbox 513 4214 2116 4287">
     <span class='ocr_line' id='line_1_72' title="bbox 513 4214 2116 4287; baseline 0.002 -19"><span class='ocrx_word' id='word_1_621' title='bbox 513 4224 593 4270; x_wconf 89' lang='lat' dir='ltr'><strong><em>tos</em></strong></span> <span class='ocrx_word' id='word_1_622' title='bbox 620 4215 1042 4285; x_wconf 86' lang='lat' dir='ltr'><strong><em>despoliaverunt</em></strong></span> <span class='ocrx_word' id='word_1_623' title='bbox 1065 4255 1081 4281; x_wconf 92' lang='lat'><strong><em>,</em></strong></span> <span class='ocrx_word' id='word_1_624' title='bbox 1110 4223 1157 4270; x_wconf 85' lang='lat' dir='ltr'><strong><em>et</em></strong></span> <span class='ocrx_word' id='word_1_625' title='bbox 1183 4214 1520 4271; x_wconf 89' lang='lat' dir='ltr'><strong><em>esurientibus</em></strong></span> <span class='ocrx_word' id='word_1_626' title='bbox 1548 4232 1733 4287; x_wconf 91' lang='lat' dir='ltr'><strong><em>panem</em></strong></span> <span class='ocrx_word' id='word_1_627' title='bbox 1764 4217 2116 4285; x_wconf 87' lang='lat' dir='ltr'><strong><em>abstulerunt,</em></strong></span> 
     </span>
    </p>
   </div>
   <div class='ocr_carea' id='block_1_73' title="bbox 513 4305 2119 4379">
    <p class='ocr_par' dir='ltr' id='par_1_73' title="bbox 513 4305 2119 4379">
     <span class='ocr_line' id='line_1_73' title="bbox 513 4305 2119 4379; baseline 0.003 -18"><span class='ocrx_word' id='word_1_628' title='bbox 513 4316 561 4362; x_wconf 88' lang='lat' dir='ltr'><strong><em>et</em></strong></span> <span class='ocrx_word' id='word_1_629' title='bbox 592 4308 646 4363; x_wconf 91' lang='lat' dir='ltr'><strong><em>in</em></strong></span> <span class='ocrx_word' id='word_1_630' title='bbox 674 4307 920 4379; x_wconf 83' lang='lat' dir='ltr'><strong><em>faucibus</em></strong></span> <span class='ocrx_word' id='word_1_631' title='bbox 956 4306 1138 4362; x_wconf 87' lang='lat' dir='ltr'><strong><em>multis</em></strong></span> <span class='ocrx_word' id='word_1_632' title='bbox 1166 4305 1494 4377; x_wconf 85' lang='lat' dir='ltr'><strong><em>obsederunt,</em></strong></span> <span class='ocrx_word' id='word_1_633' title='bbox 1530 4316 1577 4363; x_wconf 91' lang='lat' dir='ltr'><strong><em>et</em></strong></span> <span class='ocrx_word' id='word_1_634' title='bbox 1616 4325 1717 4364; x_wconf 89' lang='lat' dir='ltr'><strong><em>non</em></strong></span> <span class='ocrx_word' id='word_1_635' title='bbox 1753 4309 2119 4366; x_wconf 72' lang='lat' dir='ltr'><strong><em>intellexerunt</em></strong></span> 
     </span>
    </p>
   </div>
   <div class='ocr_carea' id='block_1_74' title="bbox 590 4491 2116 4618">
    <p class='ocr_par' dir='ltr' id='par_1_74' title="bbox 590 4491 2116 4618">
     <span class='ocr_line' id='line_1_74' title="bbox 590 4491 2116 4618; baseline 0.001 -70"><span class='ocrx_word' id='word_1_636' title='bbox 590 4499 618 4528; x_wconf 73' lang='grc'>⁸</span> <span class='ocrx_word' id='word_1_637' title='bbox 761 4491 972 4565; x_wconf 84' lang='lat' dir='ltr'><strong><em>Symm.</em></strong></span> <span class='ocrx_word' id='word_1_638' title='bbox 1002 4493 1103 4548; x_wconf 66' lang='lat'><strong><em>06&gt;:</em></strong></span> <span class='ocrx_word' id='word_1_639' title='bbox 1133 4493 1400 4571; x_wconf 78' lang='grc' dir='ltr'><strong><em>ἐξέτρωσε,</em></strong></span> <span class='ocrx_word' id='word_1_640' title='bbox 1428 4506 1529 4563; x_wconf 88' lang='lat' dir='ltr'><strong><em>pro</em></strong></span> <span class='ocrx_word' id='word_1_641' title='bbox 1558 4491 1796 4547; x_wconf 89' lang='lat' dir='ltr'><strong><em>abortum</em></strong></span> <span class='ocrx_word' id='word_1_642' title='bbox 1830 4510 1934 4549; x_wconf 90' lang='lat' dir='ltr'><strong><em>non</em></strong></span> <span class='ocrx_word' id='word_1_643' title='bbox 1962 4510 2116 4567; x_wconf 84' lang='lat' dir='ltr'><strong><em>passa</em></strong></span> 
     </span>
    </p>
   </div>
   <div class='ocr_carea' id='block_1_75' title="bbox 516 4575 749 4621">
    <p class='ocr_par' dir='ltr' id='par_1_75' title="bbox 516 4575 749 4621">
     <span class='ocr_line' id='line_1_75' title="bbox 516 4575 749 4621; baseline -0.021 0"><span class='ocrx_word' id='word_1_644' title='bbox 516 4575 609 4621; x_wconf 68' lang='grc'><strong><em>881.</em></strong></span> <span class='ocrx_word' id='word_1_645' title='bbox 642 4575 723 4618; x_wconf 82' lang='grc' dir='ltr'><strong><em>ἸἸΙ</em></strong></span> <span class='ocrx_word' id='word_1_646' title='bbox 737 4603 749 4616; x_wconf 92' lang='grc'><strong>.</strong></span> 
     </span>
    </p>
   </div>
   <div class='ocr_carea' id='block_1_76' title="bbox 585 4633 1973 4713">
    <p class='ocr_par' dir='ltr' id='par_1_76' title="bbox 585 4633 1973 4713">
     <span class='ocr_line' id='line_1_76' title="bbox 585 4633 1973 4713; baseline 0.003 -25"><span class='ocrx_word' id='word_1_647' title='bbox 585 4634 613 4674; x_wconf 69' lang='grc'><strong><em>³⁷</em></strong></span> <span class='ocrx_word' id='word_1_648' title='bbox 653 4634 788 4713; x_wconf 67' lang='lat' dir='ltr'><strong><em>Qum</em></strong></span> <span class='ocrx_word' id='word_1_649' title='bbox 815 4633 1081 4713; x_wconf 46' lang='lat' dir='ltr'><strong><em>Septttag:</em></strong></span> <span class='ocrx_word' id='word_1_650' title='bbox 1099 4637 1320 4713; x_wconf 66' lang='lat' dir='ltr'><strong><em>Me&#39;vouat</em></strong></span> <span class='ocrx_word' id='word_1_651' title='bbox 1344 4634 1490 4713; x_wconf 48' lang='lat' dir='ltr'><strong><em>diri);</em></strong></span> <span class='ocrx_word' id='word_1_652' title='bbox 1512 4637 1750 4713; x_wconf 73' lang='grc' dir='ltr'><strong><em>πρόϐατα</em></strong></span> <span class='ocrx_word' id='word_1_653' title='bbox 1774 4640 1973 4713; x_wconf 54' lang='lat' dir='ltr'><strong><em>utam.</em></strong></span> 
     </span>
    </p>
   </div>
   <div class='ocr_carea' id='block_1_77' title="bbox 591 4704 2121 4783">
    <p class='ocr_par' dir='ltr' id='par_1_77' title="bbox 591 4704 2121 4783">
     <span class='ocr_line' id='line_1_77' title="bbox 591 4704 2121 4783; baseline -0.001 -21"><span class='ocrx_word' id='word_1_654' title='bbox 591 4719 612 4743; x_wconf 74' lang='grc' dir='ltr'><strong>ο</strong></span> <span class='ocrx_word' id='word_1_655' title='bbox 656 4706 917 4783; x_wconf 88' lang='lat' dir='ltr'><strong><em>_Sep_t_uag.</em></strong></span> <span class='ocrx_word' id='word_1_656' title='bbox 947 4704 1310 4783; x_wconf 52' lang='lat' dir='ltr'><strong><em>:Avamovrs;</em></strong></span> <span class='ocrx_word' id='word_1_657' title='bbox 1330 4704 1631 4783; x_wconf 64' lang='grc' dir='ltr'><strong><em>ψᾳλτήρὼν.</em></strong></span> <span class='ocrx_word' id='word_1_658' title='bbox 1658 4710 1876 4783; x_wconf 74' lang='lat' dir='ltr'><strong><em>Aquila,</em></strong></span> <span class='ocrx_word' id='word_1_659' title='bbox 1910 4725 2121 4781; x_wconf 70' lang='grc' dir='ltr'><strong><em>[πωρο-</em></strong></span> 
     </span>
    </p>
   </div>
   <div class='ocr_carea' id='block_1_78' title="bbox 512 4776 2118 4854">
    <p class='ocr_par' dir='ltr' id='par_1_78' title="bbox 512 4776 2118 4854">
     <span class='ocr_line' id='line_1_78' title="bbox 512 4776 2118 4854; baseline 0.004 -21"><span class='ocrx_word' id='word_1_660' title='bbox 512 4778 713 4854; x_wconf 58' lang='lat' dir='ltr'><strong><em>gitoin</em></strong></span> <span class='ocrx_word' id='word_1_661' title='bbox 760 4776 983 4854; x_wconf 65' lang='lat' dir='ltr'><strong><em>ﬂexapl.</em></strong></span> <span class='ocrx_word' id='word_1_662' title='bbox 1024 4779 1311 4854; x_wconf 80' lang='lat' dir='ltr'><strong><em>asterisco,</em></strong></span> <span class='ocrx_word' id='word_1_663' title='bbox 1344 4776 1602 4854; x_wconf 59' lang='grc' dir='ltr'><strong><em>’ὀργάὗοω</em></strong></span> <span class='ocrx_word' id='word_1_664' title='bbox 1652 4776 1859 4837; x_wconf 62' lang='lat' dir='ltr'><strong><em>Cretera</em></strong></span> <span class='ocrx_word' id='word_1_665' title='bbox 1895 4776 2118 4839; x_wconf 76' lang='lat' dir='ltr'><strong><em>ornnino</em></strong></span> 
     </span>
    </p>
   </div>
   <div class='ocr_carea' id='block_1_79' title="bbox 513 4848 1113 4918">
    <p class='ocr_par' dir='ltr' id='par_1_79' title="bbox 513 4848 1113 4918">
     <span class='ocr_line' id='line_1_79' title="bbox 513 4848 1113 4918; baseline -0.012 -11"><span class='ocrx_word' id='word_1_666' title='bbox 513 4850 770 4907; x_wconf 81' lang='lat' dir='ltr'><strong><em>Lucifero</em></strong></span> <span class='ocrx_word' id='word_1_667' title='bbox 800 4848 1113 4918; x_wconf 76' lang='lat' dir='ltr'><strong><em>peculiaria.</em></strong></span> 
     </span>
    </p>
   </div>
   <div class='ocr_carea' id='block_1_80' title="bbox 586 4917 1546 4993">
    <p class='ocr_par' dir='ltr' id='par_1_80' title="bbox 586 4917 1546 4993">
     <span class='ocr_line' id='line_1_80' title="bbox 586 4917 1546 4993; baseline 0 -16"><span class='ocrx_word' id='word_1_668' title='bbox 586 4920 614 4959; x_wconf 76' lang='grc' dir='ltr'><strong><em>ι¹</em></strong></span> <span class='ocrx_word' id='word_1_669' title='bbox 654 4922 760 4977; x_wconf 82' lang='lat' dir='ltr'><strong><em>Pro</em></strong></span> <span class='ocrx_word' id='word_1_670' title='bbox 790 4917 1051 4993; x_wconf 73' lang='lat' dir='ltr'><strong><em>ridebunt.</em></strong></span> <span class='ocrx_word' id='word_1_671' title='bbox 1084 4917 1193 4974; x_wconf 86' lang='lat' dir='ltr'><strong><em>Til.</em></strong></span> <span class='ocrx_word' id='word_1_672' title='bbox 1222 4930 1279 4973; x_wconf 90' lang='lat' dir='ltr'><strong><em>ut</em></strong></span> <span class='ocrx_word' id='word_1_673' title='bbox 1302 4919 1357 4993; x_wconf 78' lang='lat' dir='ltr'><strong><em>in</em></strong></span> <span class='ocrx_word' id='word_1_674' title='bbox 1392 4921 1546 4993; x_wconf 86' lang='lat' dir='ltr'><strong><em>Vulg.</em></strong></span> 
     </span>
    </p>
   </div>
   <div class='ocr_carea' id='block_1_81' title="bbox 588 4990 2111 5064">
    <p class='ocr_par' dir='ltr' id='par_1_81' title="bbox 588 4990 2111 5064">
     <span class='ocr_line' id='line_1_81' title="bbox 588 4990 2111 5064; baseline 0.002 -17"><span class='ocrx_word' id='word_1_675' title='bbox 588 5004 612 5031; x_wconf 75' lang='grc' dir='ltr'>υ</span> <span class='ocrx_word' id='word_1_676' title='bbox 655 4994 817 5048; x_wconf 86' lang='lat' dir='ltr'><strong><em>Hisce</em></strong></span> <span class='ocrx_word' id='word_1_677' title='bbox 844 4990 1064 5048; x_wconf 82' lang='lat' dir='ltr'><strong><em>Lucifer</em></strong></span> <span class='ocrx_word' id='word_1_678' title='bbox 1087 5005 1306 5064; x_wconf 79' lang='lat' dir='ltr'><strong><em>sensum</em></strong></span> <span class='ocrx_word' id='word_1_679' title='bbox 1332 4990 1433 5047; x_wconf 85' lang='lat' dir='ltr'><strong><em>Job</em></strong></span> <span class='ocrx_word' id='word_1_680' title='bbox 1454 4990 1693 5064; x_wconf 67' lang='lat' dir='ltr'><strong><em>eiplicat</em></strong></span> <span class='ocrx_word' id='word_1_681' title='bbox 1721 4994 1772 5050; x_wconf 90' lang='lat' dir='ltr'><strong><em>in</em></strong></span> <span class='ocrx_word' id='word_1_682' title='bbox 1804 4995 1870 5051; x_wconf 90' lang='lat' dir='ltr'><strong><em>iis</em></strong></span> <span class='ocrx_word' id='word_1_683' title='bbox 1893 4997 2111 5053; x_wconf 88' lang='lat' dir='ltr'><strong><em>verbis:</em></strong></span> 
     </span>
    </p>
   </div>
   <div class='ocr_carea' id='block_1_82' title="bbox 511 5062 2115 5189">
    <p class='ocr_par' dir='ltr' id='par_1_82' title="bbox 511 5062 2115 5189">
     <span class='ocr_line' id='line_1_82' title="bbox 511 5062 2115 5189; baseline 0.003 -71"><span class='ocrx_word' id='word_1_684' title='bbox 511 5063 703 5189; x_wconf 53' lang='lat' dir='ltr'><strong><em>fudite</em></strong></span> <span class='ocrx_word' id='word_1_685' title='bbox 746 5081 848 5132; x_wconf 90' lang='lat' dir='ltr'><strong><em>me,</em></strong></span> <span class='ocrx_word' id='word_1_686' title='bbox 892 5063 1134 5135; x_wconf 90' lang='lat' dir='ltr'><strong><em>quoniam</em></strong></span> <span class='ocrx_word' id='word_1_687' title='bbox 1170 5062 1375 5119; x_wconf 87' lang='lat' dir='ltr'><strong><em>dolores</em></strong></span> <span class='ocrx_word' id='word_1_688' title='bbox 1410 5062 1636 5121; x_wconf 76' lang='lat' dir='ltr'><strong><em>vulneris</em></strong></span> <span class='ocrx_word' id='word_1_689' title='bbox 1676 5068 1775 5123; x_wconf 86' lang='lat' dir='ltr'><strong><em>mei</em></strong></span> <span class='ocrx_word' id='word_1_690' title='bbox 1804 5078 1993 5140; x_wconf 87' lang='lat' dir='ltr'><strong><em>cogunt</em></strong></span> <span class='ocrx_word' id='word_1_691' title='bbox 2034 5085 2115 5123; x_wconf 89' lang='lat' dir='ltr'><strong><em>me</em></strong></span> 
     </span>
     <span class='ocr_line' id='line_1_83' title="bbox 534 5151 673 5189; baseline -0.007 0"><span class='ocrx_word' id='word_1_692' title='bbox 534 5151 673 5189; x_wconf 82' lang='lat' dir='ltr'><strong><em>oaui.</em></strong></span> 
     </span>
    </p>
   </div>
   <div class='ocr_carea' id='block_1_83' title="bbox 534 5151 673 5189">
    <p class='ocr_par' dir='ltr' id='par_1_83' title="bbox 534 5151 673 5189">
     <span class='ocr_line' id='line_1_84' title="bbox 534 5151 673 5189; baseline -0.007 0"><span class='ocrx_word' id='word_1_693' title='bbox 534 5151 673 5189; x_wconf 81' lang='grc' dir='ltr'><strong><em>οιηη.</em></strong></span> 
     </span>
    </p>
   </div>
   <div class='ocr_carea' id='block_1_84' title="bbox 566 5152 2112 5277">
    <p class='ocr_par' dir='ltr' id='par_1_84' title="bbox 566 5152 2112 5277">
     <span class='ocr_line' id='line_1_85' title="bbox 566 5152 2112 5277; baseline 0.005 -16"><span class='ocrx_word' id='word_1_694' title='bbox 566 5152 830 5263; x_wconf 55' lang='grc' dir='ltr'><strong><em>ᾳίωίλοουε</em></strong></span> <span class='ocrx_word' id='word_1_695' title='bbox 864 5204 1111 5262; x_wconf 84' lang='lat' dir='ltr'><strong><em>mutilus.</em></strong></span> <span class='ocrx_word' id='word_1_696' title='bbox 1137 5204 1302 5261; x_wconf 88' lang='lat' dir='ltr'><strong><em>Forte</em></strong></span> <span class='ocrx_word' id='word_1_697' title='bbox 1324 5210 1475 5263; x_wconf 86' lang='lat' dir='ltr'><strong><em>certis</em></strong></span> <span class='ocrx_word' id='word_1_698' title='bbox 1498 5209 1678 5277; x_wconf 79' lang='lat' dir='ltr'><strong><em>pomis.</em></strong></span> <span class='ocrx_word' id='word_1_699' title='bbox 1709 5209 1973 5266; x_wconf 86' lang='lat' dir='ltr'><strong><em>Latinius.</em></strong></span> <span class='ocrx_word' id='word_1_700' title='bbox 2006 5211 2112 5268; x_wconf 84' lang='lat' dir='ltr'><strong><em>Vc-</em></strong></span> 
     </span>
    </p>
   </div>
   <div class='ocr_carea' id='block_1_85' title="bbox 508 5278 2110 5421">
    <p class='ocr_par' dir='ltr' id='par_1_85' title="bbox 508 5278 2110 5421">
     <span class='ocr_line' id='line_1_86' title="bbox 508 5278 2110 5421; baseline 0.004 -88"><span class='ocrx_word' id='word_1_701' title='bbox 508 5293 653 5421; x_wconf 46' lang='lat' dir='ltr'><strong><em>militi:8</em></strong></span> <span class='ocrx_word' id='word_1_702' title='bbox 672 5281 716 5334; x_wconf 90' lang='lat' dir='ltr'><strong><em>si</em></strong></span> <span class='ocrx_word' id='word_1_703' title='bbox 760 5279 912 5333; x_wconf 87' lang='lat' dir='ltr'><strong><em>certis</em></strong></span> <span class='ocrx_word' id='word_1_704' title='bbox 958 5278 1355 5349; x_wconf 72' lang='lat' dir='ltr'><strong><em>proalt&#39;quibus</em></strong></span> <span class='ocrx_word' id='word_1_705' title='bbox 1391 5280 1745 5352; x_wconf 84' lang='lat' dir='ltr'><strong><em>intelligatur,</em></strong></span> <span class='ocrx_word' id='word_1_706' title='bbox 1780 5298 1976 5339; x_wconf 89' lang='lat' dir='ltr'><strong><em>sensus</em></strong></span> <span class='ocrx_word' id='word_1_707' title='bbox 2005 5284 2110 5339; x_wconf 89' lang='lat' dir='ltr'><strong><em>erit</em></strong></span> 
     </span>
     <span class='ocr_line' id='line_1_87' title="bbox 508 5365 1081 5406; baseline 0.002 -2"><span class='ocrx_word' id='word_1_708' title='bbox 508 5365 560 5404; x_wconf 83' lang='lat' dir='ltr'><strong><em>In</em></strong></span> <span class='ocrx_word' id='word_1_709' title='bbox 658 5367 737 5406; x_wconf 89' lang='lat' dir='ltr'><strong><em>er.</em></strong></span> <span class='ocrx_word' id='word_1_710' title='bbox 1072 5370 1081 5377; x_wconf 49' lang='grc' dir='ltr'>κ</span> 
     </span>
    </p>
   </div>
   <div class='ocr_carea' id='block_1_86' title="bbox 504 5365 1081 5406">
    <p class='ocr_par' dir='ltr' id='par_1_86' title="bbox 504 5365 1081 5406">
     <span class='ocr_line' id='line_1_88' title="bbox 504 5365 1081 5406; baseline 0.003 -2"><span class='ocrx_word' id='word_1_711' title='bbox 504 5365 737 5406; x_wconf 73' lang='lat' dir='ltr'><strong><em>tnmaer.</em></strong></span> <span class='ocrx_word' id='word_1_712' title='bbox 1072 5370 1081 5377; x_wconf 76' lang='lat'><strong>‘</strong></span> 
     </span>
    </p>
   </div>
   <div class='ocr_carea' id='block_1_87' title="bbox 582 5421 1040 5479">
    <p class='ocr_par' dir='ltr' id='par_1_87' title="bbox 582 5421 1040 5479">
     <span class='ocr_line' id='line_1_89' title="bbox 582 5421 1040 5479; baseline 0.004 -2"><span class='ocrx_word' id='word_1_713' title='bbox 582 5432 609 5470; x_wconf 74' lang='grc' dir='ltr'><strong>Β</strong></span> <span class='ocrx_word' id='word_1_714' title='bbox 649 5422 834 5478; x_wconf 77' lang='lat' dir='ltr'><strong><em>Ct&#39;edo.</em></strong></span> <span class='ocrx_word' id='word_1_715' title='bbox 862 5421 1040 5479; x_wconf 84' lang='lat' dir='ltr'><strong><em>Vatic.</em></strong></span> 
     </span>
    </p>
   </div>
   <div class='ocr_carea' id='block_1_88' title="bbox 543 5491 2106 5576">
    <p class='ocr_par' dir='ltr' id='par_1_88' title="bbox 543 5491 2106 5576">
     <span class='ocr_line' id='line_1_90' title="bbox 543 5491 2106 5576; baseline 0.004 -31"><span class='ocrx_word' id='word_1_716' title='bbox 543 5564 555 5576; x_wconf 45' lang='lat'>.</span> <span class='ocrx_word' id='word_1_717' title='bbox 577 5491 608 5530; x_wconf 73' lang='grc' dir='ltr'><strong><em>ιι</em></strong></span> <span class='ocrx_word' id='word_1_718' title='bbox 650 5492 805 5550; x_wconf 78' lang='lat' dir='ltr'><strong><em>Vers.</em></strong></span> <span class='ocrx_word' id='word_1_719' title='bbox 833 5496 960 5549; x_wconf 81' lang='lat' dir='ltr'><strong><em>Ant.</em></strong></span> <span class='ocrx_word' id='word_1_720' title='bbox 990 5493 1535 5576; x_wconf 72' lang='lat' dir='ltr'><strong><em>Supervenirentmilti</em></strong></span> <span class='ocrx_word' id='word_1_721' title='bbox 1558 5494 1793 5565; x_wconf 69' lang='lat' dir='ltr'><strong><em>tenebrae,</em></strong></span> <span class='ocrx_word' id='word_1_722' title='bbox 1819 5507 1866 5552; x_wconf 91' lang='lat' dir='ltr'><strong><em>et</em></strong></span> <span class='ocrx_word' id='word_1_723' title='bbox 1886 5508 2004 5552; x_wconf 87' lang='lat' dir='ltr'><strong><em>ante</em></strong></span> <span class='ocrx_word' id='word_1_724' title='bbox 2024 5502 2106 5570; x_wconf 78' lang='lat' dir='ltr'><strong><em>{a-</em></strong></span> 
     </span>
    </p>
   </div>
   <div class='ocr_carea' id='block_1_89' title="bbox 506 5569 1259 5643">
    <p class='ocr_par' dir='ltr' id='par_1_89' title="bbox 506 5569 1259 5643">
     <span class='ocr_line' id='line_1_91' title="bbox 506 5569 1259 5643; baseline 0.004 -26"><span class='ocrx_word' id='word_1_725' title='bbox 506 5569 828 5643; x_wconf 76' lang='lat' dir='ltr'><strong><em>ciem_meam</em></strong></span> <span class='ocrx_word' id='word_1_726' title='bbox 853 5575 1059 5643; x_wconf 69' lang='lat' dir='ltr'><strong><em>_tcgeret_</em></strong></span> <span class='ocrx_word' id='word_1_727' title='bbox 1073 5569 1259 5643; x_wconf 73' lang='lat' dir='ltr'><strong><em>caligo.</em></strong></span> 
     </span>
    </p>
   </div>
   <div class='ocr_carea' id='block_1_90' title="bbox 584 5635 2105 5711">
    <p class='ocr_par' dir='ltr' id='par_1_90' title="bbox 584 5635 2105 5711">
     <span class='ocr_line' id='line_1_92' title="bbox 584 5635 2105 5711; baseline 0.004 -21"><span class='ocrx_word' id='word_1_728' title='bbox 584 5635 599 5673; x_wconf 73' lang='grc' dir='ltr'><strong>ί</strong></span> <span class='ocrx_word' id='word_1_729' title='bbox 648 5635 803 5692; x_wconf 82' lang='lat' dir='ltr'><strong><em>Vers.</em></strong></span> <span class='ocrx_word' id='word_1_730' title='bbox 837 5635 965 5711; x_wconf 59' lang='lat' dir='ltr'><strong><em>Ant.</em></strong></span> <span class='ocrx_word' id='word_1_731' title='bbox 1018 5635 1299 5711; x_wconf 76' lang='lat' dir='ltr'><strong><em>Dominum</em></strong></span> <span class='ocrx_word' id='word_1_732' title='bbox 1328 5654 1430 5711; x_wconf 69' lang='lat' dir='ltr'><strong><em>non</em></strong></span> <span class='ocrx_word' id='word_1_733' title='bbox 1464 5638 1721 5693; x_wconf 87' lang='lat' dir='ltr'><strong><em>latuerunt</em></strong></span> <span class='ocrx_word' id='word_1_734' title='bbox 1750 5637 1925 5703; x_wconf 73' lang='lat' dir='ltr'><strong><em>horae,</em></strong></span> <span class='ocrx_word' id='word_1_735' title='bbox 1958 5640 2105 5711; x_wconf 87' lang='lat' dir='ltr'><strong><em>impii</em></strong></span> 
     </span>
    </p>
   </div>
   <div class='ocr_carea' id='block_1_91' title="bbox 503 5707 2100 5782">
    <p class='ocr_par' dir='ltr' id='par_1_91' title="bbox 503 5707 2100 5782">
     <span class='ocr_line' id='line_1_93' title="bbox 503 5707 2100 5782; baseline 0.008 -26"><span class='ocrx_word' id='word_1_736' title='bbox 503 5715 678 5761; x_wconf 88' lang='lat' dir='ltr'><strong><em>autem</em></strong></span> <span class='ocrx_word' id='word_1_737' title='bbox 710 5707 1005 5762; x_wconf 88' lang='lat' dir='ltr'><strong><em>nescierunt</em></strong></span> <span class='ocrx_word' id='word_1_738' title='bbox 1047 5710 1156 5764; x_wconf 78' lang='lat' dir='ltr'><strong><em>dies</em></strong></span> <span class='ocrx_word' id='word_1_739' title='bbox 1196 5710 1349 5779; x_wconf 84' lang='lat' dir='ltr'><strong><em>ejus?</em></strong></span> <span class='ocrx_word' id='word_1_740' title='bbox 1379 5707 1566 5764; x_wconf 89' lang='lat' dir='ltr'><strong><em>Finem</em></strong></span> <span class='ocrx_word' id='word_1_741' title='bbox 1596 5712 1902 5782; x_wconf 85' lang='lat' dir='ltr'><strong><em>transgressi</em></strong></span> <span class='ocrx_word' id='word_1_742' title='bbox 1931 5707 2051 5766; x_wconf 79' lang='lat' dir='ltr'><strong><em>sunt</em></strong></span> <span class='ocrx_word' id='word_1_743' title='bbox 2080 5729 2100 5769; x_wconf 81' lang='lat'><strong><em>.&#39;</em></strong></span> 
     </span>
    </p>
   </div>
   <div class='ocr_carea' id='block_1_92' title="bbox 499 5781 2099 5860">
    <p class='ocr_par' dir='ltr' id='par_1_92' title="bbox 499 5781 2099 5860">
     <span class='ocr_line' id='line_1_94' title="bbox 499 5781 2099 5860; baseline 0.005 -30"><span class='ocrx_word' id='word_1_744' title='bbox 499 5792 710 5860; x_wconf 70' lang='lat' dir='ltr'><strong><em>gregem</em></strong></span> <span class='ocrx_word' id='word_1_745' title='bbox 757 5790 1127 5860; x_wconf 42' lang='lat' dir='ltr'><strong><em>cum-pastore</em></strong></span> <span class='ocrx_word' id='word_1_746' title='bbox 1169 5782 1430 5860; x_wconf 80' lang='lat' dir='ltr'><strong><em>rapientes</em></strong></span> <span class='ocrx_word' id='word_1_747' title='bbox 1476 5781 1752 5860; x_wconf 75' lang='lat' dir='ltr'><strong><em>paverunt.</em></strong></span> <span class='ocrx_word' id='word_1_748' title='bbox 1791 5781 2099 5860; x_wconf 62' lang='lat' dir='ltr'><strong><em>[amentum</em></strong></span> 
     </span>
    </p>
   </div>
   <div class='ocr_carea' id='block_1_93' title="bbox 498 5849 2098 5929">
    <p class='ocr_par' dir='ltr' id='par_1_93' title="bbox 498 5849 2098 5929">
     <span class='ocr_line' id='line_1_95' title="bbox 498 5849 2098 5929; baseline 0.007 -30"><span class='ocrx_word' id='word_1_749' title='bbox 498 5849 824 5929; x_wconf 75' lang='lat' dir='ltr'><strong><em>pupillorum</em></strong></span> <span class='ocrx_word' id='word_1_750' title='bbox 843 5850 1143 5929; x_wconf 78' lang='lat' dir='ltr'><strong><em>abegerunt.</em></strong></span> <span class='ocrx_word' id='word_1_751' title='bbox 1157 5895 1167 5905; x_wconf 92' lang='lat'><strong><em>.</em></strong></span> <span class='ocrx_word' id='word_1_752' title='bbox 1180 5892 1193 5906; x_wconf 94' lang='lat'><strong><em>.</em></strong></span> <span class='ocrx_word' id='word_1_753' title='bbox 1268 5849 1660 5929; x_wconf 74' lang='lat' dir='ltr'><strong><em>demessuerunt</em></strong></span> <span class='ocrx_word' id='word_1_754' title='bbox 1678 5871 1697 5910; x_wconf 91' lang='lat'><em>:</em></span> <span class='ocrx_word' id='word_1_755' title='bbox 1718 5853 2098 5929; x_wconf 62' lang='lat' dir='ltr'><strong><em>inﬁrmivineas</em></strong></span> 
     </span>
    </p>
   </div>
   <div class='ocr_carea' id='block_1_94' title="bbox 489 5920 2095 5991">
    <p class='ocr_par' dir='ltr' id='par_1_94' title="bbox 489 5920 2095 5991">
     <span class='ocr_line' id='line_1_96' title="bbox 489 5920 2095 5991; baseline 0.008 -21"><span class='ocrx_word' id='word_1_756' title='bbox 489 5920 769 5990; x_wconf 85' lang='lat' dir='ltr'><strong><em>impiorum</em></strong></span> <span class='ocrx_word' id='word_1_757' title='bbox 814 5920 1004 5991; x_wconf 83' lang='lat' dir='ltr'><strong><em>absque</em></strong></span> <span class='ocrx_word' id='word_1_758' title='bbox 1040 5924 1275 5978; x_wconf 87' lang='lat' dir='ltr'><strong><em>mercede</em></strong></span> <span class='ocrx_word' id='word_1_759' title='bbox 1318 5934 1367 5979; x_wconf 89' lang='lat' dir='ltr'><strong><em>et</em></strong></span> <span class='ocrx_word' id='word_1_760' title='bbox 1418 5925 1531 5983; x_wconf 90' lang='lat' dir='ltr'><strong><em>cibo</em></strong></span> <span class='ocrx_word' id='word_1_761' title='bbox 1570 5920 1860 5984; x_wconf 81' lang='lat' dir='ltr'><strong><em>coluerunt.</em></strong></span> <span class='ocrx_word' id='word_1_762' title='bbox 1906 5924 2095 5985; x_wconf 84' lang='lat' dir='ltr'><strong><em>Nudos</em></strong></span> 
     </span>
    </p>
   </div>
   <div class='ocr_carea' id='block_1_95' title="bbox 2230 3364 3781 3445">
    <p class='ocr_par' dir='ltr' id='par_1_95' title="bbox 2230 3364 3781 3445">
     <span class='ocr_line' id='line_1_97' title="bbox 2230 3364 3781 3445; baseline -0.009 -16"><span class='ocrx_word' id='word_1_763' title='bbox 2230 3372 2471 3430; x_wconf 90' lang='lat' dir='ltr'><strong><em>dicatum</em></strong></span> <span class='ocrx_word' id='word_1_764' title='bbox 2516 3372 2723 3429; x_wconf 76' lang='lat' dir='ltr'><strong><em>dixisse</em></strong></span> <span class='ocrx_word' id='word_1_765' title='bbox 2771 3373 3142 3445; x_wconf 84' lang='lat' dir='ltr'><strong><em>prophetam:</em></strong></span> <span class='ocrx_word' id='word_1_766' title='bbox 3189 3370 3340 3428; x_wconf 85' lang='lat' dir='ltr'><strong><em>Nolo</em></strong></span> <span class='ocrx_word' id='word_1_767' title='bbox 3372 3380 3580 3427; x_wconf 90' lang='lat' dir='ltr'><strong><em>mortem</em></strong></span> <span class='ocrx_word' id='word_1_768' title='bbox 3606 3364 3781 3421; x_wconf 81' lang='lat' dir='ltr'><strong><em>morien-</em></strong></span> 
     </span>
    </p>
   </div>
   <div class='ocr_carea' id='block_1_96' title="bbox 2230 3458 3779 3539">
    <p class='ocr_par' dir='ltr' id='par_1_96' title="bbox 2230 3458 3779 3539">
     <span class='ocr_line' id='line_1_98' title="bbox 2230 3458 3779 3539; baseline -0.006 -16"><span class='ocrx_word' id='word_1_769' title='bbox 2230 3469 2296 3523; x_wconf 89' lang='lat' dir='ltr'><strong><em>tis</em></strong></span> <span class='ocrx_word' id='word_1_770' title='bbox 2328 3479 2378 3533; x_wconf 72' lang='grc' dir='ltr'><strong><em>Γ,</em></strong></span> <span class='ocrx_word' id='word_1_771' title='bbox 2417 3468 2543 3522; x_wconf 85' lang='lat' dir='ltr'><strong><em>dicit</em></strong></span> <span class='ocrx_word' id='word_1_772' title='bbox 2591 3466 2865 3535; x_wconf 87' lang='lat' dir='ltr'><strong><em>Dominus,</em></strong></span> <span class='ocrx_word' id='word_1_773' title='bbox 2909 3476 3162 3539; x_wconf 88' lang='lat' dir='ltr'><strong><em>quantum</em></strong></span> <span class='ocrx_word' id='word_1_774' title='bbox 3206 3478 3265 3521; x_wconf 89' lang='lat' dir='ltr'><strong><em>ut</em></strong></span> <span class='ocrx_word' id='word_1_775' title='bbox 3308 3473 3584 3521; x_wconf 87' lang='lat' dir='ltr'><strong><em>revertatur</em></strong></span> <span class='ocrx_word' id='word_1_776' title='bbox 3618 3470 3658 3516; x_wconf 90' lang='lat' dir='ltr'><strong><em>et</em></strong></span> <span class='ocrx_word' id='word_1_777' title='bbox 3681 3458 3779 3513; x_wconf 70' lang='lat' dir='ltr'><strong><em>vita!</em></strong></span> 
     </span>
    </p>
   </div>
   <div class='ocr_carea' id='block_1_97' title="bbox 2229 3553 3774 3634">
    <p class='ocr_par' dir='ltr' id='par_1_97' title="bbox 2229 3553 3774 3634">
     <span class='ocr_line' id='line_1_99' title="bbox 2229 3553 3774 3634; baseline -0.007 -19"><span class='ocrx_word' id='word_1_778' title='bbox 2229 3559 2447 3634; x_wconf 78' lang='lat' dir='ltr'><strong><em>(Ezech.</em></strong></span> <span class='ocrx_word' id='word_1_779' title='bbox 2499 3559 2872 3634; x_wconf 40' lang='lat' dir='ltr'><strong><em>untur“).</em></strong></span> <span class='ocrx_word' id='word_1_780' title='bbox 2921 3560 3040 3617; x_wconf 84' lang='lat' dir='ltr'><strong><em>Noli</em></strong></span> <span class='ocrx_word' id='word_1_781' title='bbox 3085 3560 3199 3632; x_wconf 86' lang='lat' dir='ltr'><strong><em>jam</em></strong></span> <span class='ocrx_word' id='word_1_782' title='bbox 3249 3560 3478 3626; x_wconf 88' lang='lat' dir='ltr'><strong><em>sentire,</em></strong></span> <span class='ocrx_word' id='word_1_783' title='bbox 3519 3553 3643 3629; x_wconf 89' lang='lat' dir='ltr'><strong><em>quod</em></strong></span> <span class='ocrx_word' id='word_1_784' title='bbox 3686 3563 3774 3607; x_wconf 86' lang='lat' dir='ltr'><strong><em>cum</em></strong></span> 
     </span>
    </p>
   </div>
   <div class='ocr_carea' id='block_1_98' title="bbox 2229 3651 3772 3728">
    <p class='ocr_par' dir='ltr' id='par_1_98' title="bbox 2229 3651 3772 3728">
     <span class='ocr_line' id='line_1_100' title="bbox 2229 3651 3772 3728; baseline -0.005 -16"><span class='ocrx_word' id='word_1_785' title='bbox 2229 3658 2370 3713; x_wconf 91' lang='lat' dir='ltr'><strong><em>mala</em></strong></span> <span class='ocrx_word' id='word_1_786' title='bbox 2399 3656 2510 3713; x_wconf 89' lang='lat' dir='ltr'><strong><em>sint</em></strong></span> <span class='ocrx_word' id='word_1_787' title='bbox 2536 3671 2706 3728; x_wconf 87' lang='lat' dir='ltr'><strong><em>opera</em></strong></span> <span class='ocrx_word' id='word_1_788' title='bbox 2738 3666 2850 3724; x_wconf 90' lang='lat' dir='ltr'><strong><em>tua,</em></strong></span> <span class='ocrx_word' id='word_1_789' title='bbox 2885 3665 2945 3712; x_wconf 89' lang='lat' dir='ltr'><strong><em>ut</em></strong></span> <span class='ocrx_word' id='word_1_790' title='bbox 2970 3656 3109 3713; x_wconf 87' lang='lat' dir='ltr'><strong><em>bene</em></strong></span> <span class='ocrx_word' id='word_1_791' title='bbox 3135 3664 3192 3712; x_wconf 86' lang='lat' dir='ltr'><strong><em>te</em></strong></span> <span class='ocrx_word' id='word_1_792' title='bbox 3219 3669 3386 3726; x_wconf 88' lang='lat' dir='ltr'><strong><em>agere</em></strong></span> <span class='ocrx_word' id='word_1_793' title='bbox 3409 3651 3678 3712; x_wconf 76' lang='lat' dir='ltr'><strong><em>exi5times.</em></strong></span> <span class='ocrx_word' id='word_1_794' title='bbox 3702 3657 3772 3698; x_wconf 79' lang='lat' dir='ltr'><strong><em>cur</em></strong></span> 
     </span>
    </p>
   </div>
   <div class='ocr_carea' id='block_1_99' title="bbox 2228 3736 3767 3823">
    <p class='ocr_par' dir='ltr' id='par_1_99' title="bbox 2228 3736 3767 3823">
     <span class='ocr_line' id='line_1_101' title="bbox 2228 3736 3767 3823; baseline -0.006 -15"><span class='ocrx_word' id='word_1_795' title='bbox 2228 3767 2338 3808; x_wconf 88' lang='lat' dir='ltr'><strong><em>non</em></strong></span> <span class='ocrx_word' id='word_1_796' title='bbox 2386 3752 2571 3808; x_wconf 89' lang='lat' dir='ltr'><strong><em>statim</em></strong></span> <span class='ocrx_word' id='word_1_797' title='bbox 2617 3766 2717 3823; x_wconf 91' lang='lat' dir='ltr'><strong><em>pro</em></strong></span> <span class='ocrx_word' id='word_1_798' title='bbox 2774 3751 2931 3807; x_wconf 85' lang='lat' dir='ltr'><strong><em>lactis</em></strong></span> <span class='ocrx_word' id='word_1_799' title='bbox 2976 3764 3164 3823; x_wconf 69' lang='lat' dir='ltr'><strong><em>poenas</em></strong></span> <span class='ocrx_word' id='word_1_800' title='bbox 3212 3749 3488 3821; x_wconf 88' lang='lat' dir='ltr'><strong><em>receperis</em></strong></span> <span class='ocrx_word' id='word_1_801' title='bbox 3534 3745 3657 3810; x_wconf 88' lang='lat' dir='ltr'><strong><em>tuis,</em></strong></span> <span class='ocrx_word' id='word_1_802' title='bbox 3698 3736 3767 3794; x_wconf 76' lang='lat' dir='ltr'><strong><em>sed</em></strong></span> 
     </span>
    </p>
   </div>
   <div class='ocr_carea' id='block_1_100' title="bbox 2227 3832 3766 3914">
    <p class='ocr_par' dir='ltr' id='par_1_100' title="bbox 2227 3832 3766 3914">
     <span class='ocr_line' id='line_1_102' title="bbox 2227 3832 3766 3914; baseline -0.005 -16"><span class='ocrx_word' id='word_1_803' title='bbox 2227 3843 2413 3912; x_wconf 90' lang='lat' dir='ltr'><strong><em>aspice</em></strong></span> <span class='ocrx_word' id='word_1_804' title='bbox 2433 3844 2697 3914; x_wconf 91' lang='lat' dir='ltr'><strong><em>scriptum</em></strong></span> <span class='ocrx_word' id='word_1_805' title='bbox 2716 3887 2729 3908; x_wconf 87' lang='lat'><strong><em>.</em></strong></span> <span class='ocrx_word' id='word_1_806' title='bbox 2763 3843 3053 3899; x_wconf 88' lang='lat' dir='ltr'><strong><em>Dominum</em></strong></span> <span class='ocrx_word' id='word_1_807' title='bbox 3083 3843 3384 3914; x_wconf 89' lang='lat' dir='ltr'><strong><em>patientem</em></strong></span> <span class='ocrx_word' id='word_1_808' title='bbox 3417 3856 3535 3898; x_wconf 87' lang='lat' dir='ltr'><strong><em>esse</em></strong></span> <span class='ocrx_word' id='word_1_809' title='bbox 3561 3849 3614 3896; x_wconf 92' lang='lat' dir='ltr'><strong><em>ut</em></strong></span> <span class='ocrx_word' id='word_1_810' title='bbox 3634 3832 3766 3907; x_wconf 70' lang='lat' dir='ltr'><strong><em>pani-</em></strong></span> 
     </span>
    </p>
   </div>
   <div class='ocr_carea' id='block_1_101' title="bbox 2228 3925 3767 4007">
    <p class='ocr_par' dir='ltr' id='par_1_101' title="bbox 2228 3925 3767 4007">
     <span class='ocr_line' id='line_1_103' title="bbox 2228 3925 3767 4007; baseline -0.008 -14"><span class='ocrx_word' id='word_1_811' title='bbox 2228 3936 2417 3993; x_wconf 80' lang='lat' dir='ltr'><strong><em>tearis.</em></strong></span> <span class='ocrx_word' id='word_1_812' title='bbox 2443 3936 2528 3993; x_wconf 87' lang='lat' dir='ltr'><strong><em>Ne</em></strong></span> <span class='ocrx_word' id='word_1_813' title='bbox 2551 3937 2746 3993; x_wconf 76' lang='lat' dir='ltr'><strong><em>dixeris</em></strong></span> <span class='ocrx_word' id='word_1_814' title='bbox 2769 3953 2787 3993; x_wconf 90' lang='lat'><strong><em>:</em></strong></span> <span class='ocrx_word' id='word_1_815' title='bbox 2812 3936 3054 4002; x_wconf 83' lang='lat' dir='ltr'><strong><em>Peccavi,</em></strong></span> <span class='ocrx_word' id='word_1_816' title='bbox 3079 3946 3127 3992; x_wconf 90' lang='lat' dir='ltr'><strong><em>et</em></strong></span> <span class='ocrx_word' id='word_1_817' title='bbox 3151 3937 3275 4007; x_wconf 89' lang='lat' dir='ltr'><strong><em>quid</em></strong></span> <span class='ocrx_word' id='word_1_818' title='bbox 3296 3937 3486 3992; x_wconf 86' lang='lat' dir='ltr'><strong><em>accidit</em></strong></span> <span class='ocrx_word' id='word_1_819' title='bbox 3502 3933 3615 3989; x_wconf 83' lang='lat' dir='ltr'><strong><em>mihi</em></strong></span> <span class='ocrx_word' id='word_1_820' title='bbox 3631 3925 3767 3986; x_wconf 75' lang='lat' dir='ltr'><strong><em>triste?</em></strong></span> 
     </span>
    </p>
   </div>
   <div class='ocr_carea' id='block_1_102' title="bbox 2226 4018 3763 4105">
    <p class='ocr_par' dir='ltr' id='par_1_102' title="bbox 2226 4018 3763 4105">
     <span class='ocr_line' id='line_1_104' title="bbox 2226 4018 3763 4105; baseline -0.01 -15"><span class='ocrx_word' id='word_1_821' title='bbox 2226 4044 2302 4090; x_wconf 89' lang='lat' dir='ltr'><strong><em>est</em></strong></span> <span class='ocrx_word' id='word_1_822' title='bbox 2332 4036 2470 4089; x_wconf 89' lang='lat' dir='ltr'><strong><em>enim</em></strong></span> <span class='ocrx_word' id='word_1_823' title='bbox 2493 4032 2787 4088; x_wconf 84' lang='lat' dir='ltr'><strong><em>Altissimus</em></strong></span> <span class='ocrx_word' id='word_1_824' title='bbox 2809 4032 3009 4100; x_wconf 86' lang='lat' dir='ltr'><strong><em>patiens</em></strong></span> <span class='ocrx_word' id='word_1_825' title='bbox 3029 4030 3264 4086; x_wconf 89' lang='lat' dir='ltr'><strong><em>redditor</em></strong></span> <span class='ocrx_word' id='word_1_826' title='bbox 3286 4030 3477 4105; x_wconf 83' lang='lat' dir='ltr'><strong><em>(Eccli.</em></strong></span> <span class='ocrx_word' id='word_1_827' title='bbox 3502 4046 3553 4097; x_wconf 92' lang='lat' dir='ltr'><strong><em>v,</em></strong></span> <span class='ocrx_word' id='word_1_828' title='bbox 3573 4026 3639 4098; x_wconf 70' lang='lat'><strong><em>4).</em></strong></span> <span class='ocrx_word' id='word_1_829' title='bbox 3659 4018 3763 4080; x_wconf 80' lang='lat' dir='ltr'><strong><em>Audi</em></strong></span> 
     </span>
    </p>
   </div>
   <div class='ocr_carea' id='block_1_103' title="bbox 2228 4118 3764 4185">
    <p class='ocr_par' dir='ltr' id='par_1_103' title="bbox 2228 4118 3764 4185">
     <span class='ocr_line' id='line_1_105' title="bbox 2228 4118 3764 4185; baseline -0.01 0"><span class='ocrx_word' id='word_1_830' title='bbox 2228 4129 2391 4185; x_wconf 91' lang='lat' dir='ltr'><strong><em>etiam</em></strong></span> <span class='ocrx_word' id='word_1_831' title='bbox 2422 4127 2650 4184; x_wconf 89' lang='lat' dir='ltr'><strong><em>Paulum</em></strong></span> <span class='ocrx_word' id='word_1_832' title='bbox 2683 4127 2902 4184; x_wconf 89' lang='lat' dir='ltr'><strong><em>beatum</em></strong></span> <span class='ocrx_word' id='word_1_833' title='bbox 2932 4125 3250 4183; x_wconf 88' lang='lat' dir='ltr'><strong><em>invitantem</em></strong></span> <span class='ocrx_word' id='word_1_834' title='bbox 3282 4136 3338 4183; x_wconf 90' lang='lat' dir='ltr'><strong><em>te</em></strong></span> <span class='ocrx_word' id='word_1_835' title='bbox 3366 4125 3433 4181; x_wconf 89' lang='lat' dir='ltr'><strong><em>ad</em></strong></span> <span class='ocrx_word' id='word_1_836' title='bbox 3459 4125 3632 4184; x_wconf 85' lang='lat' dir='ltr'><strong><em>Deum,</em></strong></span> <span class='ocrx_word' id='word_1_837' title='bbox 3658 4118 3764 4173; x_wconf 74' lang='lat' dir='ltr'><strong><em>circa</em></strong></span> 
     </span>
    </p>
   </div>
   <div class='ocr_carea' id='block_1_104' title="bbox 2226 4205 3764 4303">
    <p class='ocr_par' dir='ltr' id='par_1_104' title="bbox 2226 4205 3764 4303">
     <span class='ocr_line' id='line_1_106' title="bbox 2226 4205 3764 4303; baseline -0.011 -25"><span class='ocrx_word' id='word_1_838' title='bbox 2226 4229 2281 4303; x_wconf 78' lang='lat' dir='ltr'><strong><em>te</em></strong></span> <span class='ocrx_word' id='word_1_839' title='bbox 2305 4221 2632 4291; x_wconf 85' lang='lat' dir='ltr'><strong><em>placandum</em></strong></span> <span class='ocrx_word' id='word_1_840' title='bbox 2660 4221 3000 4293; x_wconf 87' lang='lat' dir='ltr'><strong><em>aperientem</em></strong></span> <span class='ocrx_word' id='word_1_841' title='bbox 3031 4219 3152 4288; x_wconf 88' lang='lat' dir='ltr'><strong><em>tibi,</em></strong></span> <span class='ocrx_word' id='word_1_842' title='bbox 3179 4220 3328 4291; x_wconf 88' lang='lat' dir='ltr'><strong><em>quod</em></strong></span> <span class='ocrx_word' id='word_1_843' title='bbox 3354 4219 3496 4277; x_wconf 88' lang='lat' dir='ltr'><strong><em>enim</em></strong></span> <span class='ocrx_word' id='word_1_844' title='bbox 3522 4214 3694 4271; x_wconf 91' lang='lat' dir='ltr'><strong><em>idcirco</em></strong></span> <span class='ocrx_word' id='word_1_845' title='bbox 3715 4205 3764 4261; x_wconf 85' lang='lat' dir='ltr'><strong><em>sit</em></strong></span> 
     </span>
    </p>
   </div>
   <div class='ocr_carea' id='block_1_105' title="bbox 2226 4308 3763 4386">
    <p class='ocr_par' dir='ltr' id='par_1_105' title="bbox 2226 4308 3763 4386">
     <span class='ocr_line' id='line_1_107' title="bbox 2226 4308 3763 4386; baseline -0.005 -16"><span class='ocrx_word' id='word_1_846' title='bbox 2226 4314 2481 4385; x_wconf 87' lang='lat' dir='ltr'><strong><em>patiens,</em></strong></span> <span class='ocrx_word' id='word_1_847' title='bbox 2514 4324 2571 4372; x_wconf 92' lang='lat' dir='ltr'><strong><em>et</em></strong></span> <span class='ocrx_word' id='word_1_848' title='bbox 2597 4329 2704 4372; x_wconf 92' lang='lat' dir='ltr'><strong><em>non</em></strong></span> <span class='ocrx_word' id='word_1_849' title='bbox 2742 4313 2887 4372; x_wconf 89' lang='lat' dir='ltr'><strong><em>illico</em></strong></span> <span class='ocrx_word' id='word_1_850' title='bbox 2922 4315 3033 4371; x_wconf 90' lang='lat' dir='ltr'><strong><em>sint</em></strong></span> <span class='ocrx_word' id='word_1_851' title='bbox 3058 4321 3450 4386; x_wconf 75' lang='lat' dir='ltr'><strong><em>reprzesentata</em></strong></span> <span class='ocrx_word' id='word_1_852' title='bbox 3479 4308 3647 4368; x_wconf 80' lang='lat' dir='ltr'><strong><em>merita</em></strong></span> <span class='ocrx_word' id='word_1_853' title='bbox 3670 4312 3763 4372; x_wconf 77' lang='lat' dir='ltr'><strong><em>ope-</em></strong></span> 
     </span>
    </p>
   </div>
   <div class='ocr_carea' id='block_1_106' title="bbox 2223 4483 3760 4568">
    <p class='ocr_par' dir='ltr' id='par_1_106' title="bbox 2223 4483 3760 4568">
     <span class='ocr_line' id='line_1_108' title="bbox 2223 4483 3760 4568; baseline -0.007 -20"><span class='ocrx_word' id='word_1_854' title='bbox 2223 4495 2415 4550; x_wconf 87' lang='lat' dir='ltr'><strong><em>multos</em></strong></span> <span class='ocrx_word' id='word_1_855' title='bbox 2457 4498 2809 4568; x_wconf 75' lang='lat' dir='ltr'><strong><em>fecerunt.....</em></strong></span> <span class='ocrx_word' id='word_1_856' title='bbox 2862 4506 2911 4568; x_wconf 88' lang='lat' dir='ltr'><strong><em>et</em></strong></span> <span class='ocrx_word' id='word_1_857' title='bbox 2958 4496 3413 4568; x_wconf 59' lang='lat' dir='ltr'><strong><em>esurientium”...</em></strong></span> <span class='ocrx_word' id='word_1_858' title='bbox 3472 4494 3523 4548; x_wconf 88' lang='lat' dir='ltr'><strong><em>in</em></strong></span> <span class='ocrx_word' id='word_1_859' title='bbox 3562 4483 3760 4568; x_wconf 78' lang='lat' dir='ltr'><strong><em>angustiis</em></strong></span> 
     </span>
    </p>
   </div>
   <div class='ocr_carea' id='block_1_107' title="bbox 2143 4564 3759 4640">
    <p class='ocr_par' dir='ltr' id='par_1_107' title="bbox 2143 4564 3759 4640">
     <span class='ocr_line' id='line_1_109' title="bbox 2143 4564 3759 4640; baseline -0.007 -19"><span class='ocrx_word' id='word_1_860' title='bbox 2143 4568 2199 4629; x_wconf 88' lang='lat' dir='ltr'><strong><em>D</em></strong></span> <span class='ocrx_word' id='word_1_861' title='bbox 2224 4564 2650 4640; x_wconf 72' lang='lat' dir='ltr'><strong><em>iniqueinsidiati</em></strong></span> <span class='ocrx_word' id='word_1_862' title='bbox 2675 4575 2822 4640; x_wconf 79' lang='lat' dir='ltr'><strong><em>sunt,</em></strong></span> <span class='ocrx_word' id='word_1_863' title='bbox 2843 4567 2978 4621; x_wconf 89' lang='lat' dir='ltr'><strong><em>viam</em></strong></span> <span class='ocrx_word' id='word_1_864' title='bbox 3003 4577 3173 4621; x_wconf 90' lang='lat' dir='ltr'><strong><em>autem</em></strong></span> <span class='ocrx_word' id='word_1_865' title='bbox 3187 4567 3414 4640; x_wconf 79' lang='lat' dir='ltr'><strong><em>justitia:</em></strong></span> <span class='ocrx_word' id='word_1_866' title='bbox 3432 4564 3759 4640; x_wconf 73' lang='lat' dir='ltr'><strong><em>ignoraverunl.</em></strong></span> 
     </span>
    </p>
   </div>
   <div class='ocr_carea' id='block_1_108' title="bbox 2303 4637 3757 4721">
    <p class='ocr_par' dir='ltr' id='par_1_108' title="bbox 2303 4637 3757 4721">
     <span class='ocr_line' id='line_1_110' title="bbox 2303 4637 3757 4721; baseline -0.002 -32"><span class='ocrx_word' id='word_1_867' title='bbox 2303 4641 2323 4721; x_wconf 82' lang='lat' dir='ltr'><strong><em>i</em></strong></span> <span class='ocrx_word' id='word_1_868' title='bbox 2367 4638 2527 4721; x_wconf 76' lang='lat' dir='ltr'><strong><em>vers.</em></strong></span> <span class='ocrx_word' id='word_1_869' title='bbox 2726 4637 2855 4721; x_wconf 43' lang='lat' dir='ltr'><strong><em>Quna:</em></strong></span> <span class='ocrx_word' id='word_1_870' title='bbox 2876 4640 3011 4721; x_wconf 71' lang='lat' dir='ltr'><strong><em>enim</em></strong></span> <span class='ocrx_word' id='word_1_871' title='bbox 3037 4655 3153 4721; x_wconf 74' lang='lat' dir='ltr'><strong><em>spes</em></strong></span> <span class='ocrx_word' id='word_1_872' title='bbox 3179 4637 3256 4693; x_wconf 81' lang='lat' dir='ltr'><strong><em>est</em></strong></span> <span class='ocrx_word' id='word_1_873' title='bbox 3274 4639 3458 4721; x_wconf 76' lang='lat' dir='ltr'><strong><em>impio.</em></strong></span> <span class='ocrx_word' id='word_1_874' title='bbox 3487 4637 3596 4706; x_wconf 83' lang='lat' dir='ltr'><strong><em>quia</em></strong></span> <span class='ocrx_word' id='word_1_875' title='bbox 3620 4641 3757 4699; x_wconf 69' lang='lat' dir='ltr'><strong><em>exspe-</em></strong></span> 
     </span>
    </p>
   </div>
   <div class='ocr_carea' id='block_1_109' title="bbox 2223 4709 3665 4851">
    <p class='ocr_par' dir='ltr' id='par_1_109' title="bbox 2223 4709 3665 4851">
     <span class='ocr_line' id='line_1_111' title="bbox 2223 4709 3513 4782; baseline -0.002 -18"><span class='ocrx_word' id='word_1_876' title='bbox 2223 4719 2346 4777; x_wconf 91' lang='lat' dir='ltr'><strong><em>ctat,</em></strong></span> <span class='ocrx_word' id='word_1_877' title='bbox 2372 4720 2422 4765; x_wconf 90' lang='lat' dir='ltr'><strong><em>et</em></strong></span> <span class='ocrx_word' id='word_1_878' title='bbox 2448 4710 2666 4779; x_wconf 83' lang='lat' dir='ltr'><strong><em>conﬁdit</em></strong></span> <span class='ocrx_word' id='word_1_879' title='bbox 2691 4711 2745 4765; x_wconf 90' lang='lat' dir='ltr'><strong><em>in</em></strong></span> <span class='ocrx_word' id='word_1_880' title='bbox 2780 4709 3007 4765; x_wconf 89' lang='lat' dir='ltr'><strong><em>Domino</em></strong></span> <span class='ocrx_word' id='word_1_881' title='bbox 3028 4709 3073 4764; x_wconf 90' lang='lat' dir='ltr'><strong><em>si</em></strong></span> <span class='ocrx_word' id='word_1_882' title='bbox 3102 4714 3238 4782; x_wconf 82' lang='lat' dir='ltr'><strong><em>forte</em></strong></span> <span class='ocrx_word' id='word_1_883' title='bbox 3265 4709 3513 4765; x_wconf 83' lang='lat' dir='ltr'><strong><em>solvatur.</em></strong></span> 
     </span>
     <span class='ocr_line' id='line_1_112' title="bbox 2296 4776 3665 4851; baseline -0.005 -13"><span class='ocrx_word' id='word_1_884' title='bbox 2296 4785 2321 4819; x_wconf 69' lang='grc' dir='ltr'><strong><em>κ</em></strong></span> <span class='ocrx_word' id='word_1_885' title='bbox 2365 4781 2518 4837; x_wconf 87' lang='lat' dir='ltr'><strong><em>Vers.</em></strong></span> <span class='ocrx_word' id='word_1_886' title='bbox 2558 4782 2687 4837; x_wconf 85' lang='lat' dir='ltr'><strong><em>Ant.</em></strong></span> <span class='ocrx_word' id='word_1_887' title='bbox 2731 4782 2794 4837; x_wconf 89' lang='lat' dir='ltr'><strong><em>Si</em></strong></span> <span class='ocrx_word' id='word_1_888' title='bbox 2821 4793 2993 4837; x_wconf 88' lang='lat' dir='ltr'><strong><em>autem</em></strong></span> <span class='ocrx_word' id='word_1_889' title='bbox 3028 4791 3078 4837; x_wconf 86' lang='lat' dir='ltr'><strong><em>et</em></strong></span> <span class='ocrx_word' id='word_1_890' title='bbox 3101 4783 3319 4851; x_wconf 82' lang='lat' dir='ltr'><strong><em>juvenes</em></strong></span> <span class='ocrx_word' id='word_1_891' title='bbox 3344 4781 3468 4850; x_wconf 80' lang='lat' dir='ltr'><strong><em>facti</em></strong></span> <span class='ocrx_word' id='word_1_892' title='bbox 3497 4776 3665 4851; x_wconf 65' lang='lat' dir='ltr'><strong><em>fuerint</em></strong></span> 
     </span>
    </p>
   </div>
   <div class='ocr_carea' id='block_1_110' title="bbox 2220 4800 3754 4923">
    <p class='ocr_par' dir='ltr' id='par_1_110' title="bbox 2220 4800 3754 4923">
     <span class='ocr_line' id='line_1_113' title="bbox 2296 4800 3750 4852; baseline -0.006 -14"><span class='ocrx_word' id='word_1_893' title='bbox 2296 4800 2321 4819; x_wconf 68' lang='grc' dir='ltr'><strong>λ</strong></span> <span class='ocrx_word' id='word_1_894' title='bbox 2372 4800 2518 4837; x_wconf 80' lang='lat' dir='ltr'><strong><em>vers.</em></strong></span> <span class='ocrx_word' id='word_1_895' title='bbox 2558 4800 2687 4837; x_wconf 78' lang='lat' dir='ltr'><strong><em>Ant.</em></strong></span> <span class='ocrx_word' id='word_1_896' title='bbox 2731 4800 2792 4837; x_wconf 70' lang='lat' dir='ltr'><strong><em>Di</em></strong></span> <span class='ocrx_word' id='word_1_897' title='bbox 2821 4800 2993 4837; x_wconf 86' lang='lat' dir='ltr'><strong><em>autem</em></strong></span> <span class='ocrx_word' id='word_1_898' title='bbox 3028 4800 3078 4837; x_wconf 87' lang='lat' dir='ltr'><strong><em>et</em></strong></span> <span class='ocrx_word' id='word_1_899' title='bbox 3101 4800 3319 4851; x_wconf 67' lang='lat' dir='ltr'><strong><em>juvenes</em></strong></span> <span class='ocrx_word' id='word_1_900' title='bbox 3344 4800 3468 4850; x_wconf 68' lang='lat' dir='ltr'><strong><em>lacu</em></strong></span> <span class='ocrx_word' id='word_1_901' title='bbox 3497 4800 3750 4852; x_wconf 54' lang='grc' dir='ltr'><strong><em>ιιιιηηιοεηι</em></strong></span> 
     </span>
     <span class='ocr_line' id='line_1_114' title="bbox 2220 4846 3754 4923; baseline -0.005 -15"><span class='ocrx_word' id='word_1_902' title='bbox 2220 4862 2273 4908; x_wconf 88' lang='lat' dir='ltr'><strong><em>et</em></strong></span> <span class='ocrx_word' id='word_1_903' title='bbox 2292 4854 2380 4923; x_wconf 89' lang='lat' dir='ltr'><strong><em>qui</em></strong></span> <span class='ocrx_word' id='word_1_904' title='bbox 2407 4854 2545 4908; x_wconf 88' lang='lat' dir='ltr'><strong><em>circa</em></strong></span> <span class='ocrx_word' id='word_1_905' title='bbox 2575 4870 2691 4908; x_wconf 89' lang='lat' dir='ltr'><strong><em>eum</em></strong></span> <span class='ocrx_word' id='word_1_906' title='bbox 2716 4864 2854 4918; x_wconf 87' lang='lat' dir='ltr'><strong><em>sunt,</em></strong></span> <span class='ocrx_word' id='word_1_907' title='bbox 2888 4863 3050 4907; x_wconf 88' lang='lat' dir='ltr'><strong><em>morte</em></strong></span> <span class='ocrx_word' id='word_1_908' title='bbox 3076 4854 3499 4915; x_wconf 86' lang='lat' dir='ltr'><strong><em>morientur......</em></strong></span> <span class='ocrx_word' id='word_1_909' title='bbox 3526 4846 3647 4921; x_wconf 85' lang='lat' dir='ltr'><strong><em>quod</em></strong></span> <span class='ocrx_word' id='word_1_910' title='bbox 3667 4859 3700 4896; x_wconf 72' lang='lat' dir='ltr'><strong><em>tt</em></strong></span> <span class='ocrx_word' id='word_1_911' title='bbox 3720 4846 3754 4923; x_wconf 57' lang='lat' dir='ltr'><strong><em>fl</em></strong></span> 
     </span>
    </p>
   </div>
   <div class='ocr_carea' id='block_1_111' title="bbox 2221 4918 3752 4995">
    <p class='ocr_par' dir='ltr' id='par_1_111' title="bbox 2221 4918 3752 4995">
     <span class='ocr_line' id='line_1_115' title="bbox 2221 4918 3752 4995; baseline -0.008 -17"><span class='ocrx_word' id='word_1_912' title='bbox 2221 4918 2487 4995; x_wconf 82' lang='lat' dir='ltr'><strong><em>collegerit</em></strong></span> <span class='ocrx_word' id='word_1_913' title='bbox 2517 4936 2571 4979; x_wconf 90' lang='lat' dir='ltr'><strong><em>ut</em></strong></span> <span class='ocrx_word' id='word_1_914' title='bbox 2603 4934 2796 4981; x_wconf 89' lang='lat' dir='ltr'><strong><em>terram</em></strong></span> <span class='ocrx_word' id='word_1_915' title='bbox 2816 4934 3101 4995; x_wconf 86' lang='lat' dir='ltr'><strong><em>argentum,</em></strong></span> <span class='ocrx_word' id='word_1_916' title='bbox 3135 4934 3181 4979; x_wconf 89' lang='lat' dir='ltr'><strong><em>et</em></strong></span> <span class='ocrx_word' id='word_1_917' title='bbox 3208 4924 3346 4978; x_wconf 87' lang='lat' dir='ltr'><strong><em>velut</em></strong></span> <span class='ocrx_word' id='word_1_918' title='bbox 3366 4918 3752 4992; x_wconf 47' lang='lat' dir='ltr'><strong><em>lutum&#39;pararertl</em></strong></span> 
     </span>
    </p>
   </div>
   <div class='ocr_carea' id='block_1_112' title="bbox 2219 5006 3115 5061">
    <p class='ocr_par' dir='ltr' id='par_1_112' title="bbox 2219 5006 3115 5061">
     <span class='ocr_line' id='line_1_116' title="bbox 2219 5006 3115 5061; baseline -0.008 -11"><span class='ocrx_word' id='word_1_919' title='bbox 2219 5011 2427 5050; x_wconf 87' lang='lat' dir='ltr'><strong><em>aurum.</em></strong></span> <span class='ocrx_word' id='word_1_920' title='bbox 2440 5037 2453 5049; x_wconf 93' lang='lat'><strong><em>.</em></strong></span> <span class='ocrx_word' id='word_1_921' title='bbox 2468 5037 2479 5049; x_wconf 87' lang='lat'><strong><em>.</em></strong></span> <span class='ocrx_word' id='word_1_922' title='bbox 2491 5034 2503 5049; x_wconf 75' lang='grc' dir='ltr'><strong>ο</strong></span> <span class='ocrx_word' id='word_1_923' title='bbox 2515 5036 2529 5051; x_wconf 85' lang='grc'><strong>.</strong></span> <span class='ocrx_word' id='word_1_924' title='bbox 2556 5006 2948 5061; x_wconf 88' lang='lat' dir='ltr'><strong><em>consequentur.</em></strong></span> <span class='ocrx_word' id='word_1_925' title='bbox 3110 5038 3115 5043; x_wconf 91' lang='lat'><strong><em>.</em></strong></span> 
     </span>
    </p>
   </div>
   <div class='ocr_carea' id='block_1_113' title="bbox 2295 5058 3751 5138">
    <p class='ocr_par' dir='ltr' id='par_1_113' title="bbox 2295 5058 3751 5138">
     <span class='ocr_line' id='line_1_117' title="bbox 2295 5058 3751 5138; baseline -0.007 -14"><span class='ocrx_word' id='word_1_926' title='bbox 2295 5065 2313 5105; x_wconf 85' lang='grc'><strong>¹</strong></span> <span class='ocrx_word' id='word_1_927' title='bbox 2359 5068 2421 5123; x_wconf 91' lang='lat' dir='ltr'><strong><em>Si</em></strong></span> <span class='ocrx_word' id='word_1_928' title='bbox 2451 5084 2505 5123; x_wconf 87' lang='lat' dir='ltr'><strong><em>se</em></strong></span> <span class='ocrx_word' id='word_1_929' title='bbox 2526 5058 2910 5122; x_wconf 83' lang='lat' dir='ltr'><strong><em>corrobaveriut</em></strong></span> <span class='ocrx_word' id='word_1_930' title='bbox 2947 5067 3080 5138; x_wconf 86' lang='lat' dir='ltr'><strong><em>legit</em></strong></span> <span class='ocrx_word' id='word_1_931' title='bbox 3108 5065 3291 5123; x_wconf 84' lang='lat' dir='ltr'><strong><em>Sabat.</em></strong></span> <span class='ocrx_word' id='word_1_932' title='bbox 3323 5075 3380 5123; x_wconf 89' lang='lat' dir='ltr'><strong><em>et</em></strong></span> <span class='ocrx_word' id='word_1_933' title='bbox 3408 5062 3542 5122; x_wconf 83' lang='lat' dir='ltr'><strong><em>infra</em></strong></span> <span class='ocrx_word' id='word_1_934' title='bbox 3575 5058 3751 5127; x_wconf 68' lang='lat' dir='ltr'><strong><em>college-</em></strong></span> 
     </span>
    </p>
   </div>
   <div class='ocr_carea' id='block_1_114' title="bbox 2214 5139 3729 5213">
    <p class='ocr_par' dir='ltr' id='par_1_114' title="bbox 2214 5139 3729 5213">
     <span class='ocr_line' id='line_1_118' title="bbox 2214 5139 3729 5213; baseline 0.007 -22"><span class='ocrx_word' id='word_1_935' title='bbox 2214 5139 2319 5192; x_wconf 89' lang='lat' dir='ltr'><strong><em>rint</em></strong></span> <span class='ocrx_word' id='word_1_936' title='bbox 2346 5154 2446 5213; x_wconf 67' lang='lat' dir='ltr'><strong><em>pro</em></strong></span> <span class='ocrx_word' id='word_1_937' title='bbox 2477 5140 2805 5213; x_wconf 73' lang='lat' dir='ltr'><strong><em>collexerint.</em></strong></span> <span class='ocrx_word' id='word_1_938' title='bbox 2996 5212 3002 5213; x_wconf 14' lang='grc' dir='ltr'>ί</span> <span class='ocrx_word' id='word_1_939' title='bbox 3070 5211 3135 5213; x_wconf 77' lang='lat'><strong><em>__</em></strong></span> <span class='ocrx_word' id='word_1_940' title='bbox 3302 5212 3307 5213; x_wconf 15' lang='grc' dir='ltr'><em>γ</em></span> <span class='ocrx_word' id='word_1_941' title='bbox 3388 5210 3446 5213; x_wconf 23' lang='grc' dir='ltr'><em>Α</em></span> <span class='ocrx_word' id='word_1_942' title='bbox 3525 5207 3535 5213; x_wconf 88' lang='lat'>_</span> <span class='ocrx_word' id='word_1_943' title='bbox 3628 5201 3638 5213; x_wconf 76' lang='grc'><em>,</em></span> <span class='ocrx_word' id='word_1_944' title='bbox 3704 5194 3729 5213; x_wconf 18' lang='grc' dir='ltr'><strong><em>ί,</em></strong></span> 
     </span>
    </p>
   </div>
   <div class='ocr_carea' id='block_1_115' title="bbox 2286 5207 3746 5282">
    <p class='ocr_par' dir='ltr' id='par_1_115' title="bbox 2286 5207 3746 5282">
     <span class='ocr_line' id='line_1_119' title="bbox 2286 5207 3746 5282; baseline -0.003 -18"><span class='ocrx_word' id='word_1_945' title='bbox 2286 5207 2526 5282; x_wconf 62' lang='grc' dir='ltr'><strong><em>ω’νθτε.</em></strong></span> <span class='ocrx_word' id='word_1_946' title='bbox 2578 5209 2708 5266; x_wconf 83' lang='lat' dir='ltr'><strong><em>Ant.</em></strong></span> <span class='ocrx_word' id='word_1_947' title='bbox 2767 5210 3256 5267; x_wconf 82' lang='lat' dir='ltr'><strong><em>Convertimini.....</em></strong></span> <span class='ocrx_word' id='word_1_948' title='bbox 3292 5212 3346 5265; x_wconf 87' lang='lat' dir='ltr'><strong><em>in</em></strong></span> <span class='ocrx_word' id='word_1_949' title='bbox 3367 5207 3583 5282; x_wconf 76' lang='lat' dir='ltr'><strong><em>jejunio,</em></strong></span> <span class='ocrx_word' id='word_1_950' title='bbox 3622 5207 3746 5282; x_wconf 47' lang='lat' dir='ltr'><strong><em>ipf}:</em></strong></span> 
     </span>
    </p>
   </div>
   <div class='ocr_carea' id='block_1_116' title="bbox 2209 5268 3743 5408">
    <p class='ocr_par' dir='ltr' id='par_1_116' title="bbox 2209 5268 3743 5408">
     <span class='ocr_line' id='line_1_120' title="bbox 2209 5268 3743 5408; baseline -0.005 -73"><span class='ocrx_word' id='word_1_951' title='bbox 2209 5280 2537 5408; x_wconf 40' lang='lat' dir='ltr'><strong><em>perangube:</em></strong></span> <span class='ocrx_word' id='word_1_952' title='bbox 2574 5282 2814 5351; x_wconf 88' lang='lat' dir='ltr'><strong><em>scindite,</em></strong></span> <span class='ocrx_word' id='word_1_953' title='bbox 2857 5295 2967 5338; x_wconf 86' lang='lat' dir='ltr'><strong><em>etc.</em></strong></span> <span class='ocrx_word' id='word_1_954' title='bbox 3002 5283 3239 5340; x_wconf 89' lang='lat' dir='ltr'><strong><em>Scindite</em></strong></span> <span class='ocrx_word' id='word_1_955' title='bbox 3270 5268 3436 5339; x_wconf 73' lang='lat' dir='ltr'><strong><em>etia&#39;ni</em></strong></span> <span class='ocrx_word' id='word_1_956' title='bbox 3464 5281 3514 5336; x_wconf 90' lang='lat' dir='ltr'><strong><em>in</em></strong></span> <span class='ocrx_word' id='word_1_957' title='bbox 3543 5268 3743 5333; x_wconf 79' lang='lat' dir='ltr'><strong><em>Lucitero</em></strong></span> 
     </span>
     <span class='ocr_line' id='line_1_121' title="bbox 2231 5368 2555 5408; baseline -0.003 -1"><span class='ocrx_word' id='word_1_958' title='bbox 2231 5368 2314 5408; x_wconf 76' lang='lat' dir='ltr'><strong><em>eat</em></strong></span> <span class='ocrx_word' id='word_1_959' title='bbox 2370 5388 2383 5403; x_wconf 73' lang='grc' dir='ltr'>ι</span> <span class='ocrx_word' id='word_1_960' title='bbox 2410 5370 2436 5404; x_wconf 82' lang='lat' dir='ltr'><strong><em>a</em></strong></span> <span class='ocrx_word' id='word_1_961' title='bbox 2481 5370 2507 5406; x_wconf 69' lang='lat' dir='ltr'><strong><em>ti</em></strong></span> <span class='ocrx_word' id='word_1_962' title='bbox 2542 5393 2555 5406; x_wconf 89' lang='lat'><strong><em>.</em></strong></span> 
     </span>
    </p>
   </div>
   <div class='ocr_carea' id='block_1_117' title="bbox 2231 5361 3703 5422">
    <p class='ocr_par' dir='ltr' id='par_1_117' title="bbox 2231 5361 3703 5422">
     <span class='ocr_line' id='line_1_122' title="bbox 2231 5361 3703 5422; baseline -0.004 -15"><span class='ocrx_word' id='word_1_963' title='bbox 2231 5361 2343 5422; x_wconf 82' lang='lat' dir='ltr'><strong><em>egit</em></strong></span> <span class='ocrx_word' id='word_1_964' title='bbox 2369 5361 2555 5408; x_wconf 75' lang='lat' dir='ltr'><strong><em>Sabttt.</em></strong></span> <span class='ocrx_word' id='word_1_965' title='bbox 3679 5410 3703 5422; x_wconf 20' lang='grc' dir='ltr'>μ,</span> 
     </span>
    </p>
   </div>
   <div class='ocr_carea' id='block_1_118' title="bbox 2282 5414 3737 5487">
    <p class='ocr_par' dir='ltr' id='par_1_118' title="bbox 2282 5414 3737 5487">
     <span class='ocr_line' id='line_1_123' title="bbox 2282 5414 3737 5487; baseline -0.006 -5"><span class='ocrx_word' id='word_1_966' title='bbox 2282 5414 2308 5460; x_wconf 67' lang='grc' dir='ltr'><strong><em>ῖι</em></strong></span> <span class='ocrx_word' id='word_1_967' title='bbox 2350 5423 2516 5481; x_wconf 88' lang='lat' dir='ltr'><strong><em>Forte</em></strong></span> <span class='ocrx_word' id='word_1_968' title='bbox 2553 5440 2623 5481; x_wconf 78' lang='lat' dir='ltr'><strong><em>ex</em></strong></span> <span class='ocrx_word' id='word_1_969' title='bbox 2666 5440 2840 5482; x_wconf 86' lang='lat' dir='ltr'><strong><em>sensu</em></strong></span> <span class='ocrx_word' id='word_1_970' title='bbox 2881 5425 3176 5483; x_wconf 87' lang='lat' dir='ltr'><strong><em>verborum</em></strong></span> <span class='ocrx_word' id='word_1_971' title='bbox 3213 5425 3386 5483; x_wconf 90' lang='lat' dir='ltr'><strong><em>Joelis</em></strong></span> <span class='ocrx_word' id='word_1_972' title='bbox 3421 5423 3529 5479; x_wconf 65' lang='lat' dir='ltr'><strong><em>haec</em></strong></span> <span class='ocrx_word' id='word_1_973' title='bbox 3565 5414 3737 5487; x_wconf 56' lang='lat' dir='ltr'><strong><em>repetit,</em></strong></span> 
     </span>
    </p>
   </div>
   <div class='ocr_carea' id='block_1_119' title="bbox 2206 5495 3722 5560">
    <p class='ocr_par' dir='ltr' id='par_1_119' title="bbox 2206 5495 3722 5560">
     <span class='ocr_line' id='line_1_124' title="bbox 2206 5495 3722 5560; baseline -0.002 -10"><span class='ocrx_word' id='word_1_974' title='bbox 2206 5509 2330 5551; x_wconf 90' lang='lat' dir='ltr'><strong><em>cum</em></strong></span> <span class='ocrx_word' id='word_1_975' title='bbox 2366 5495 2555 5552; x_wconf 89' lang='lat' dir='ltr'><strong><em>nullibi</em></strong></span> <span class='ocrx_word' id='word_1_976' title='bbox 2588 5498 2812 5553; x_wconf 89' lang='lat' dir='ltr'><strong><em>licuerit</em></strong></span> <span class='ocrx_word' id='word_1_977' title='bbox 2845 5499 2990 5554; x_wconf 88' lang='lat' dir='ltr'><strong><em>hunc</em></strong></span> <span class='ocrx_word' id='word_1_978' title='bbox 3017 5508 3232 5554; x_wconf 75' lang='lat' dir='ltr'><strong><em>textum</em></strong></span> <span class='ocrx_word' id='word_1_979' title='bbox 3262 5496 3520 5554; x_wconf 87' lang='lat' dir='ltr'><strong><em>invenire.</em></strong></span> <span class='ocrx_word' id='word_1_980' title='bbox 3699 5549 3722 5560; x_wconf 60' lang='grc' dir='ltr'><strong><em>η</em></strong></span> 
     </span>
    </p>
   </div>
   <div class='ocr_carea' id='block_1_120' title="bbox 2281 5550 3736 5626">
    <p class='ocr_par' dir='ltr' id='par_1_120' title="bbox 2281 5550 3736 5626">
     <span class='ocr_line' id='line_1_125' title="bbox 2281 5550 3736 5626; baseline -0.006 -2"><span class='ocrx_word' id='word_1_981' title='bbox 2281 5566 2303 5589; x_wconf 83' lang='grc'><strong><em>⁸</em></strong></span> <span class='ocrx_word' id='word_1_982' title='bbox 2320 5550 2327 5551; x_wconf 15' lang='grc' dir='ltr'>ί</span> <span class='ocrx_word' id='word_1_983' title='bbox 2344 5550 2986 5624; x_wconf 14' lang='lat' dir='ltr'><strong><em>Sensum,hic&#39;reStituitv</em></strong></span> <span class='ocrx_word' id='word_1_984' title='bbox 3009 5550 3430 5626; x_wconf 47' lang='lat' dir='ltr'><strong><em>&quot;inserto</em></strong></span> <span class='ocrx_word' id='word_1_985' title='bbox 3454 5561 3603 5620; x_wconf 87' lang='lat' dir='ltr'><strong><em>verbo</em></strong></span> <span class='ocrx_word' id='word_1_986' title='bbox 3624 5550 3736 5626; x_wconf 58' lang='lat' dir='ltr'><strong><em>aldi;</em></strong></span> 
     </span>
    </p>
   </div>
   <div class='ocr_carea' id='block_1_121' title="bbox 2204 5618 3736 5710">
    <p class='ocr_par' dir='ltr' id='par_1_121' title="bbox 2204 5618 3736 5710">
     <span class='ocr_line' id='line_1_126' title="bbox 2204 5618 3736 5710; baseline -0.004 -16"><span class='ocrx_word' id='word_1_987' title='bbox 2204 5638 2316 5695; x_wconf 89' lang='lat' dir='ltr'><strong><em>Nos</em></strong></span> <span class='ocrx_word' id='word_1_988' title='bbox 2337 5656 2459 5694; x_wconf 80' lang='lat' dir='ltr'><strong><em>cum</em></strong></span> <span class='ocrx_word' id='word_1_989' title='bbox 2488 5640 2663 5696; x_wconf 84' lang='lat' dir='ltr'><strong><em>Vatic.</em></strong></span> <span class='ocrx_word' id='word_1_990' title='bbox 2687 5618 3604 5710; x_wconf 55' lang='grc' dir='ltr'><strong><em>νειυίιίἧἶενῖἷιὶἑᾶἐὲἔὲῖιὶίῖοίιὴυε,</em></strong></span> <span class='ocrx_word' id='word_1_991' title='bbox 3625 5618 3736 5698; x_wconf 78' lang='lat' dir='ltr'><strong><em>quod</em></strong></span> 
     </span>
    </p>
   </div>
   <div class='ocr_carea' id='block_1_122' title="bbox 2202 5710 2657 5768">
    <p class='ocr_par' dir='ltr' id='par_1_122' title="bbox 2202 5710 2657 5768">
     <span class='ocr_line' id='line_1_127' title="bbox 2202 5710 2657 5768; baseline 0.007 -3"><span class='ocrx_word' id='word_1_992' title='bbox 2202 5710 2256 5766; x_wconf 91' lang='lat' dir='ltr'><strong><em>in</em></strong></span> <span class='ocrx_word' id='word_1_993' title='bbox 2284 5711 2417 5766; x_wconf 89' lang='lat' dir='ltr'><strong><em>edit.</em></strong></span> <span class='ocrx_word' id='word_1_994' title='bbox 2448 5710 2657 5768; x_wconf 84' lang='lat' dir='ltr'><strong><em>deerat.</em></strong></span> 
     </span>
    </p>
   </div>
   <div class='ocr_carea' id='block_1_123' title="bbox 2273 5764 3729 5857">
    <p class='ocr_par' dir='ltr' id='par_1_123' title="bbox 2273 5764 3729 5857">
     <span class='ocr_line' id='line_1_128' title="bbox 2273 5764 3729 5857; baseline -0.034 11"><span class='ocrx_word' id='word_1_995' title='bbox 2273 5764 2512 5857; x_wconf 20' lang='lat' dir='ltr'><strong><em>ivverg-V</em></strong></span> <span class='ocrx_word' id='word_1_996' title='bbox 2528 5764 2679 5840; x_wconf 49' lang='grc' dir='ltr'><strong><em>λδί·</em></strong></span> <span class='ocrx_word' id='word_1_997' title='bbox 2708 5790 3023 5857; x_wconf 26' lang='grc' dir='ltr'><strong><em>κρεοοαιοῖίε.</em></strong></span> <span class='ocrx_word' id='word_1_998' title='bbox 3044 5856 3049 5857; x_wconf 23' lang='grc' dir='ltr'><em>ν</em></span> <span class='ocrx_word' id='word_1_999' title='bbox 3069 5785 3218 5842; x_wconf 85' lang='lat' dir='ltr'><strong><em>Unus</em></strong></span> <span class='ocrx_word' id='word_1_1000' title='bbox 3260 5782 3551 5856; x_wconf 86' lang='lat' dir='ltr'><strong><em>Cyprianus</em></strong></span> <span class='ocrx_word' id='word_1_1001' title='bbox 3577 5773 3623 5829; x_wconf 93' lang='lat' dir='ltr'><strong><em>in</em></strong></span> <span class='ocrx_word' id='word_1_1002' title='bbox 3657 5764 3729 5822; x_wconf 89' lang='lat' dir='ltr'><strong><em>lib.</em></strong></span> 
     </span>
    </p>
   </div>
   <div class='ocr_carea' id='block_1_124' title="bbox 2201 5852 3203 5925">
    <p class='ocr_par' dir='ltr' id='par_1_124' title="bbox 2201 5852 3203 5925">
     <span class='ocr_line' id='line_1_129' title="bbox 2201 5852 3203 5925; baseline -0.001 -12"><span class='ocrx_word' id='word_1_1003' title='bbox 2201 5852 2270 5913; x_wconf 86' lang='lat' dir='ltr'><strong><em>de</em></strong></span> <span class='ocrx_word' id='word_1_1004' title='bbox 2291 5853 2456 5925; x_wconf 88' lang='lat' dir='ltr'><strong><em>Laps.</em></strong></span> <span class='ocrx_word' id='word_1_1005' title='bbox 2486 5852 2745 5914; x_wconf 82' lang='lat' dir='ltr'><strong><em>convenit</em></strong></span> <span class='ocrx_word' id='word_1_1006' title='bbox 2768 5873 2891 5914; x_wconf 90' lang='lat' dir='ltr'><strong><em>cum</em></strong></span> <span class='ocrx_word' id='word_1_1007' title='bbox 2921 5855 3203 5915; x_wconf 79' lang='lat' dir='ltr'><strong><em>Lucifero.</em></strong></span> 
     </span>
    </p>
   </div>
  </div>
