3972 6352
248 385 354 443 817

1289 376 1425 434 PRO
1456 373 1726 435 SANCTO
1767 370 2167 433 ATHANASIO
2206 364 2415 433 LIBER
2456 374 2498 430 l.

3459 372 3566 432 818

246 519 370 562 rum
400 510 639 568 tuorum,
672 498 798 573 quia
830 497 963 555 velit
991 505 1044 554 te
1074 494 1290 553 tandem
1316 511 1345 552 a
1376 494 1538 552 malis
1568 510 1852 567 emergere
1878 508 1934 572 Α
1958 492 2112 565 faciet
2143 491 2235 546 tibi
2254 491 2425 563 pulvis
2452 490 2570 563 (Ps.
2604 507 2753 559 xxix,
2792 490 2916 563 10)?
2944 491 3245 548 Revertere
3274 489 3343 547 ad
3364 491 3575 561 Deum,

244 612 345 670 per
378 592 783 667 pmuitentiam,
824 607 921 662 per
961 606 1146 647 veram
1179 588 1632 669 satisfactionem.
1681 588 1853 643 Num—

239 691 370 762 quid
410 691 438 720 ⁸
475 686 834 745 sustinentiam
875 685 1119 740 bonitatis
1151 687 1266 759 ejus
1304 692 1352 738 et
1390 682 1696 756 patientiam
1727 697 1851 736 con-

240 781 455 846 temnis,
486 780 730 851 ignorans
756 777 1002 848 quoniam
1029 775 1230 830 bonitas
1259 772 1360 829 Dei
1396 774 1467 828 ad
1497 775 1846 845 paenitentiam

238 885 292 929 te
314 871 576 927 adducit?
600 870 681 926 Tu
704 880 878 925 autem
899 869 1181 925 secundum
1207 868 1456 923 duritiam
1487 880 1651 936 tuam,
1684 876 1731 921 et
1757 883 1848 921 cor

234 966 564 1036 impaenitens
587 963 907 1019 thesaurizas
938 961 1031 1016 tibi
1060 961 1193 1016 iram
1221 961 1274 1014 in
1308 960 1392 1014 die
1416 960 1531 1026 ira’,
1565 969 1610 1013 et
1643 958 1845 1013 revela-

233 1063 396 1117 tionis
418 1061 552 1132 justi
566 1059 764 1135 judicii
786 1056 905 1124 Dei,
933 1058 1022 1129 qui
1049 1055 1233 1111 reddet
1263 1056 1536 1126 unicuique
1560 1052 1847 1109 secundum

233 1170 454 1227 cperam
473 1156 589 1228 ejus
614 1151 796 1224 (Rom.
825 1166 886 1218 ιι,
910 1152 995 1224 4),
1017 1149 1176 1206 Redi.
1204 1148 1508 1214 Constanti,
1534 1147 1601 1202 ad
1630 1147 1800 1202 Deum
1828 1164 1841 1200 :

230 1258 427 1304 contra
450 1247 650 1303 interni
672 1247 747 1303 tui
772 1246 944 1301 hostis
965 1244 1308 1301 latrocinium
1331 1258 1485 1299 sume
1509 1243 1845 1314 pceuitentite

233 1354 393 1397 arma
420 1358 437 1407 ;
468 1339 592 1412 fuge
617 1339 960 1395 adulatorum
979 1379 995 1406 ,
1023 1336 1115 1409 qui
1145 1336 1238 1392 tibi
1270 1351 1379 1392 non
1410 1334 1611 1391 fuerint
1638 1336 1843 1407 dignati

227 1450 358 1507 qua:
380 1450 441 1491 se
454 1434 657 1490 habent
675 1434 881 1500 dicere,
907 1432 1271 1503 perniciosam
1293 1430 1541 1497 laudem;
1567 1439 1844 1487 memento

223 1542 331 1585 ore
360 1527 516 1584 Isaias
545 1527 754 1584 dixisse
784 1526 1073 1583 Dominum
1102 1542 1116 1580 :
1145 1523 1173 1563 ι’
1201 1526 1303 1593 Qui
1326 1539 1416 1579 ros
1439 1523 1616 1594 {elices
1637 1523 1841 1592 dicunt,

222 1622 286 1677 in
331 1638 558 1677 errorem
588 1637 678 1676 vos
714 1621 946 1687 mittunt,
985 1628 1030 1674 et
1068 1618 1299 1673 semitam
1328 1617 1519 1687 pedum
1555 1626 1841 1672 vestrorum

221 1717 440 1773 turbant
484 1716 585 1791 (Is.
634 1732 715 1785 ιιι,
760 1716 875 1789 12).
917 1712 1093 1771 Crede
1133 1715 1185 1769 in
1227 1711 1447 1769 unicum
1484 1713 1577 1768 Dei
1614 1712 1838 1782 Filium,

226 1809 428 1881 accipe
455 1808 669 1865 veniam
703 1816 919 1864 tuorum
950 1805 1244 1872 scelerum,
1274 1814 1463 1875 repete
1485 1803 1666 1860 dicere
1692 1804 1839 1875 psal-

1955 588 2251 659 ingemisce
2268 602 2369 657 pro
2380 585 2703 642 criminibus
2727 586 2853 651 tuis,
2881 601 2979 657 per
2994 585 3325 642 Hieremiam
3346 585 3566 641 Domini

1954 682 2186 745 dicentis
2207 681 2331 736 audi
2358 696 2544 736 vocem
2573 699 2586 736 :
2616 678 2884 751 Numquid
2906 684 2997 751 qui
3019 683 3158 737 cadit
3180 698 3283 737 non
3302 691 3566 753 resurget,

1952 786 2043 831 aut
2072 781 2159 848 qui
2185 776 2456 841 avertitur,
2483 791 2585 830 non
2614 785 2939 831 convertetur
2966 774 3105 844 (Jer.
3134 790 3250 842 vnt,
3280 774 3383 845 4)?
3413 773 3572 830 Ceci-

1951 870 2080 927 disti
2113 869 2203 926 die
2234 885 2335 940 qua
2366 870 2575 940 negasti
2616 868 2712 924 Dei
2744 868 2976 935 Filium;
3006 883 3264 939 resurges
3292 866 3439 923 bora’
3456 882 3567 938 qua

1952 966 2118 1023 fueris
2144 967 2428 1022 confessus
2458 984 2470 1019 :
2497 966 2625 1035 quia
2653 976 2703 1022 le
2728 967 2883 1037 plaga
2908 965 3125 1022 hostilis
3158 964 3383 1033 insedit,
3407 964 3568 1022 trade

1952 1069 2005 1114 te
2046 1057 2345 1114 curandum
2379 1056 2689 1124 medicinm,
2742 1057 2861 1128 ipse
2898 1056 2997 1113 tibi
3038 1055 3237 1113 adhibe
3272 1056 3562 1112 medelam.

1952 1153 2260 1209 Vulnerasti
2294 1162 2460 1208 temet
2498 1152 2690 1207 dicens
2723 1169 2736 1205 :
2780 1150 2905 1206 Non
2933 1160 3009 1207 est
3047 1167 3199 1207 uerus
3222 1150 3321 1207 Dei
3362 1148 3561 1219 Filius,

1945 1248 2143 1305 iterum
2192 1258 2354 1304 temet
2393 1257 2704 1314 sanaturus,
2743 1247 2789 1302 si
2833 1245 2985 1302 dicas
3016 1255 3072 1301 ut
3115 1260 3214 1301 nos
3247 1244 3480 1300 dicimus
3507 1254 3566 1302 et

1946 1343 2222 1399 credimus
2244 1356 2367 1397 esse
2388 1341 2541 1396 illum
2562 1355 2755 1395 verum
2782 1339 2876 1395 Dei
2899 1338 3121 1394 Filium.
3148 1336 3488 1393 Revertimini
3510 1345 3559 1405 θ,

1945 1437 2077 1495 dicit
2105 1435 2291 1504 Johel,
2318 1435 2386 1490 ad
2409 1433 2694 1490 Dominum
2720 1432 2894 1488 Deum
2915 1444 3165 1499 vestrum,
3190 1432 3433 1496 quoniam
3461 1430 3563 1484 mi-

1945 1531 2163 1587 sericors
2190 1539 2238 1584 et
2262 1530 2378 1600 pius
2407 1537 2455 1582 et
2476 1528 2701 1601 patiens,
2736 1536 2783 1581 et
2805 1526 2983 1581 multa:
3003 1524 3373 1590 miserationis,
3398 1531 3446 1577 et
3472 1524 3563 1593 qui

1942 1625 2253 1680 sententiam
2268 1625 2445 1694 flectat
2462 1622 2711 1677 adversus
2728 1621 2980 1676 malitiam
2997 1620 3285 1691 irrogatam
3308 1617 3470 1690 (Joel.
3494 1632 3555 1684 ιι,

1946 1720 2064 1790 15).
2094 1718 2312 1776 Sihanc
2334 1720 2427 1774 tibi
2460 1718 2788 1789 promissam
2821 1715 3216 1786 indulgentiam
3243 1712 3494 1767 funerum
3531 1711 3550 1749 ί

1943 1820 2158 1869 tuorum
2208 1810 2608 1882 repudiandam
2649 1808 2898 1874 duxeris,
2958 1808 3068 1864 illic
3110 1807 3249 1861 hanc
3291 1804 3557 1875 consequi

217 1902 638 1974 mographum;
690 1900 843 1973 Apud
886 1900 1083 1973 inferos
1134 1909 1157 1938 ο
1215 1899 1328 1969 quis
1380 1897 1710 1968 conﬁtebitur
1750 1898 1841 1953 tibi

1945 1904 2378 1971 desideraturus,
2410 1903 2502 1958 ubi
2526 1902 2664 1959 nihil
2692 1902 2803 1959 eris
2828 1910 3026 1972 praeter
3045 1900 3411 1957 cruciamenta
3433 1911 3560 1969 per-

216 1994 348 2068 (Ps.
394 2011 469 2063 vt,
521 1994 615 2066 6)?
658 2003 716 2052 et
756 1994 954 2051 iterum
999 2012 1011 2048 :
1059 1991 1333 2065 Numquid
1369 1990 1397 2031 ά
1440 1994 1842 2065 exomotogesim

298 2163 329 2192 ⁸
369 2153 530 2210 Vers.
555 2154 684 2209 Ant.
711 2152 792 2207 An
813 2151 1021 2225 divitias
1044 2151 1290 2225 bonitatis
1311 2155 1449 2225 ejus,
1472 2158 1521 2206 et
1546 2152 1831 2225 patientius.

212 2235 266 2283 et
318 2226 740 2299 ionganimitatis
764 2224 1049 2279 contemnis
1074 2265 1090 2291 ,
1130 2222 1380 2296 ignorans
1409 2223 1654 2294 quoniam
1684 2222 1832 2280 beni-

210 2297 444 2372 quitasi.
456 2339 493 2354 ..
506 2338 520 2353 .
547 2297 835 2372 secundum
854 2313 1037 2372 opera.

297 2368 328 2408 δ
369 2368 521 2426 γει-εν
570 2374 696 2424 Aut.
732 2368 837 2434 Qui
864 2385 951 2422 vos
982 2368 1160 2423 beatos
1185 2367 1394 2435 dicunt,
1428 2368 1688 2423 seducunt
1714 2384 1825 2436 vos,

211 2451 263 2498 et
308 2447 417 2515 vias
445 2441 636 2515 pedum
660 2439 1292 2515 vestrorumdisturbant.

297 2526 326 2552 ο
360 2510 524 2569 .Vers.
558 2519 685 2569 Ant.
715 2521 771 2568 et
797 2511 957 2583 Vulg.
990 2510 1058 2565 In
1077 2516 1306 2581 inferno.

291 2583 326 2623 ἀ
369 2584 456 2659 Uti
477 2585 541 2659 fin
570 2584 885 2659 Grtgco,pn
911 2585 1330 2659 ἑξνομολογήσεταί
1357 2605 1439 2659 ac;
1469 2592 1625 2659 χοῦς.
1661 2584 1738 2659 [ta
1771 2595 1827 2640 et

211 2655 396 2731 Cypr.
431 2657 528 2713 lib.
570 2672 628 2713 ιιι
654 2655 890 2713 Testim.
931 2655 1091 2713 vers.
1124 2655 1262 2711 'Aut.
1308 2666 1363 2711 et
1397 2655 1556 2728 Vulg.
1601 2658 1823 2728 conﬁte-

200 2816 589 2838 _r

1949 2007 2209 2068 cepturus
2241 2011 2547 2069 pinnarum.

1938 2155 2099 2210 bitur.

2012 2236 2036 2265 θ
2080 2226 2237 2283 Vers.
2282 2228 2416 2285 Ant.
2458 2224 2956 2282 Convertimini.....
3002 2224 3128 2294 quia
3168 2224 3466 2280 misericors
3504 2235 3556 2280 et

1935 2298 2214 2371 miseratur
2259 2313 2378 2365 est,
2428 2299 2754 2371 patiemur.
2806 2298 3059 2370 pcenitens
3084 2313 3266 2371 super
3310 2297 3552 2371 maiitiis.

1933 2369 2099 2495 :Iypr.
2133 2386 2223 2443 ep.
2258 2372 2349 2437 5‘2,
2384 2367 2442 2426 et
2474 2369 2636 2435 Vict.,
2674 2367 2816 2426 Tun;
2860 2367 3201 2425 conveniunt
3238 2382 3361 2423 cum
3393 2367 3556 2423 Luci-

1958 2458 2080 2495 ero.

1958 2458 2080 2498 ero.

2011 2512 2030 2552 τ
2072 2514 2127 2569 ld
2176 2523 2288 2581 est,
2340 2514 2637 2584 {acinorum
2684 2528 2800 2585 quae
2846 2522 2993 2568 tanta
3019 2516 3222 2585 funera
3254 2511 3311 2565 in
3355 2509 3552 2565 Christi

1936 2584 2226 2657 Ecclesium
2247 2582 2535 2640 intulerunt
2559 2604 2577 2651 ;
2604 2588 2656 2640 iu
2684 2582 2797 2657 ιίιιο
2823 2582 3121 2657 seusubac
3148 2597 3283 2640 voce
3306 2596 3440 2638 usus
3462 2590 3552 2639 est

1930 2656 2151 2714 Lucifer
2179 2656 2347 2714 etiam
2382 2673 2551 2728 supra
2582 2655 2714 2730 pagi
2734 2657 2829 2724 41,
2858 2657 2958 2712 lin.
2989 2655 3081 2712 24.

1058 2959 1207 3077 s.
1287 2963 1466 3081 Ρ.
1548 2963 1743 3075 1v.
1827 2960 2698 3077 LUCIPERI

1427 3153 1784 3218 EPISCOPI
1828 3153 2325 3219 CALARITANI

586 3322 997 3474 PRO
1091 3320 1888 3473 SANCTO
1984 3311 3172 3467 ATHANASIO

851 3568 1012 3651 AD
1088 3564 1943 3652 CONSTANTIUM
2022 3559 2905 3649 IMPERATOREM

1559 3744 1856 3819 LIBRI
1928 3743 2184 3818 DUO.

1511 4024 1797 4087 LIBER
1850 4020 2233 4087 PRIMUS.

280 4309 449 4383 Cogis
478 4324 610 4377 nos,
648 4310 970 4382 Constanti,
1005 4313 1287 4370 absentem
1332 4314 1600 4373 damnare
1627 4332 1827 4374 consa-
1855 4336 1901 4399 ρ
1932 4336 2032 4374 me.
2067 4279 2136 4374 iit
2164 4318 2295 4374 dixit
2319 4316 2399 4372 itti
2427 4315 2608 4370 Deus:
2637 4314 2768 4383 Quis
2794 4314 2884 4369 tibi
2908 4312 3178 4381 indicavit,
3211 4311 3335 4383 quia
3363 4311 3540 4366 nudus

206 4405 499 4464 cerdotem
528 4415 777 4462 nostrum
810 4408 1132 4480 religiosum
1163 4409 1527 4467 Athanasium
1554 4428 1569 4467 :
1614 4411 1710 4467 sed
1741 4412 1824 4468 di-

210 4501 343 4557 vina
377 4498 427 4554 id
455 4498 638 4555 facere
665 4500 1019 4568 prohibemur
1046 4501 1201 4571 lege;
1235 4502 1472 4573 impellis
1494 4503 1823 4561 auctoritate

207 4591 382 4649 latius
436 4589 605 4661 regali
663 4590 885 4647 Domini
939 4594 1253 4649 sacerdotes
1310 4593 1377 4649 ad
1431 4594 1822 4652 eﬂ'undendum

208 4698 471 4742 cruorem
494 4726 510 4753 ,
538 4686 798 4757 ignorans
824 4687 947 4758 jura
971 4688 1236 4760 iustitiae,
1274 4689 1469 4745 tradita
1501 4691 1659 4746 nobis
1687 4690 1825 4746 divi-

208 4779 395 4843 nitus,
444 4787 497 4835 te
526 4788 784 4836 conatum
815 4796 882 4838 ex
916 4784 1124 4838 nostris
1164 4784 1383 4839 auferre
1411 4783 1707 4839 mentibus.
1738 4783 1826 4839 An

208 4872 480 4929 divinitus
530 4876 737 4945 poteris
780 4889 1028 4932 asserere
1073 4878 1403 4948 permissum
1432 4918 1450 4945 ,
1493 4878 1779 4934 absentem
1808 4919 1823 4946 ,

211 4964 571 5033 inauditum,
623 4976 680 5023 et
735 4967 882 5040 quod
932 4978 1019 5024 est
1072 4974 1368 5026 maximum
1399 5013 1415 5039 ,
1474 4964 1824 5043 innocentem

1931 4431 2005 4483 es,
2030 4415 2133 4469 nisi
2156 4415 2220 4470 de
2241 4415 2384 4486 ligno
2412 4414 2476 4468 de
2494 4427 2596 4482 quo
2618 4426 2965 4482 praeceperant
2987 4410 3104 4475 tibi,
3133 4414 3197 4464 de
3216 4408 3313 4463 hoc
3337 4408 3451 4464 solo
3477 4424 3544 4462 ne

1931 4507 2297 4573 manducares,
2315 4524 2379 4562 ex
2399 4523 2457 4561 eo
2476 4504 2805 4559 manducasti
2823 4504 2847 4558 ?
2865 4501 2936 4557 Et
2957 4502 3092 4557 dixit
3113 4501 3317 4556 Adam:
3339 4499 3540 4559 Mulier

1932 4618 2085 4671 quam
2114 4601 2326 4667 dedisti,
2355 4601 2469 4671 ipsa
2496 4599 2624 4652 mihi
2651 4597 2793 4653 dedit
2823 4596 2888 4650 de
2926 4596 3090 4668 ligno,
3125 4603 3173 4650 et
3199 4594 3534 4649 manducavi.

1934 4692 2005 4749 Et
2054 4694 2185 4749 dixit
2233 4692 2370 4750 Deus
2411 4691 2620 4746 mulieri
2662 4707 2680 4745 :
2722 4688 2864 4756 Quid
2907 4688 3005 4744 hoc
3046 4688 3258 4758 fecisti?
3297 4685 3366 4742 Et
3405 4688 3540 4744 dixit

1932 4789 2122 4844 mulier
2139 4804 2157 4842 :
2173 4787 2398 4860 Serpens
2415 4786 2675 4860 persuasit
2696 4784 2845 4849 mihi.
2869 4792 2919 4839 et
2937 4783 3248 4838 manducaui
3273 4780 3428 4855 (Gen.
3451 4798 3535 4851 ιιι,

1932 4881 2022 4955 9).
2053 4880 2188 4938 Cum
2218 4884 2386 4953 igitur
2413 4880 2723 4952 huiusmodi
2758 4880 2987 4935 formam
3008 4877 3289 4949 iudicandi
3316 4877 3539 4933 dedisse

1936 4976 2108 5032 Deum
2132 4975 2413 5044 advertas,
2437 4990 2560 5031 cum
2589 4990 2619 5029 a
2641 4973 2871 5030 latebris
2893 4975 3136 5029 evocatis
3157 4970 3539 5042 confessisque

207 5058 511 5117 damnari?
537 5061 824 5131 Quomodo
852 5066 1058 5122 etenim
1088 5066 1378 5125 arbitraris
1404 5068 1663 5124 divinitus
1698 5084 1823 5140 per—
1929 5069 2100 5125 Deum
2149 5069 2477 5125 sententiam
2523 5067 2745 5124 dedisse
2789 5066 2859 5122 de
2905 5065 3081 5123 sacris
3126 5064 3539 5135 Scripturarum

212 5152 447 5210 missum
471 5196 487 5222 ,
532 5156 710 5225 puniri
744 5158 1053 5226 inauditos,
1085 5160 1308 5231 quando
1341 5162 1527 5220 videas
1564 5163 1738 5219 Adam
1770 5175 1827 5220 et
1926 5163 2217 5235 collegeris
2240 5162 2502 5229 foritibus,
2533 5162 2689 5232 cujus
2714 5160 2866 5216 fuisti
2892 5170 3058 5230 atque
3087 5172 3149 5214 es
3180 5155 3536 5229 impudentia:

215 5248 393 5305 Evam
446 5251 722 5322 principes
776 5255 949 5310 nostri
1008 5256 1231 5326 generis
1280 5255 1498 5313 auditos
1550 5259 1826 5315 sententia
1924 5255 2212 5330 iudicandi
2247 5255 2347 5311 Dei
2380 5270 2572 5312 servos
2607 5252 2636 5293 ι)
2664 5268 2784 5309 eam
2812 5252 2946 5309 dare
2972 5248 3200 5307 formam
3223 5292 3236 5311 ,
3278 5265 3400 5321 qua:
3427 5265 3538 5307 non

213 5357 516 5413 percussos
546 5343 685 5402 Dei?
718 5346 786 5402 Et
812 5350 1008 5404 vocavit
1038 5358 1064 5387 α
1092 5349 1237 5406 Deus
1268 5352 1460 5419 Adam,
1494 5362 1541 5408 et
1571 5353 1705 5408 dixit
1735 5354 1783 5408 ei
1808 5368 1827 5408 :

210 5438 401 5504 Adam,
437 5439 525 5493 ubi
551 5440 645 5495 es?
672 5438 743 5495 Et
767 5441 939 5497 dixit:
972 5441 1157 5498 Vocem
1184 5452 1327 5498 tuam
1352 5445 1551 5513 audivi,
1577 5445 1825 5513 Domine,

1929 5353 2123 5409 fuisset
2165 5351 2234 5409 de
2277 5352 2400 5424 lege
2441 5352 2675 5408 veniens
2717 5348 2969 5408 Domini?
3006 5347 3117 5404 Nec
3159 5347 3422 5415 timuisti,
3461 5361 3536 5403 ne

1932 5446 2129 5503 fuisset
2150 5446 2359 5503 dictum
2389 5446 2456 5502 ad
2488 5448 2654 5503 Deum
2677 5460 2708 5501 a
2737 5444 2895 5501 nobis
2922 5443 2991 5499 de
3016 5452 3089 5507 te,
3113 5440 3392 5514 quomodo
3422 5440 3541 5497 fue-

214 5533 274 5587 in
298 5533 568 5605 paradiso,
592 5544 639 5590 et
660 5536 834 5606 timui,
864 5538 1112 5604 quoniam
1140 5538 1314 5594 nudus
1336 5556 1473 5609 sum,
1507 5550 1552 5595 et
1578 5541 1827 5596 abscondi
1852 5536 1907 5597 D
1931 5552 2018 5599 rat
2048 5541 2253 5598 dictum
2283 5540 2352 5598 de
2379 5538 2569 5613 refuga
2595 5540 2695 5596 illo
2722 5538 2917 5611 angelo
2937 5553 2957 5593 :
2977 5536 3207 5608 Serpens
3234 5535 3398 5591 suasit
3419 5549 3538 5603 me;

291 5702 317 5729 ’³
358 5691 517 5747 Vcrs.
549 5693 678 5750 Ant.
710 5694 781 5750 Et
818 5695 1013 5750 vocavit
1040 5692 1296 5749 Dominus
1328 5692 1588 5752 Deus.....
1618 5698 1824 5752 et‘dixit

212 5764 297 5820 illi
324 5781 342 5818 :
376 5762 476 5820 Ubi
501 5782 552 5819 es
574 5766 600 5821 7
623 5776 672 5821 et
703 5766 834 5821 dixit
863 5768 908 5821 ei
935 5783 954 5823 :
987 5765 1177 5822 Vocem
1204 5776 1344 5821 tuam
1372 5768 1550 5822 audiri
1571 5768 1819 5823 deambu-

1925 5769 2157 5825 hcec.....
2206 5778 2256 5823 et
2296 5769 2399 5823 edi.
2442 5766 2511 5821 Et
2554 5768 2684 5823 dixit
2728 5764 2984 5823 Dominus
3023 5763 3286 5821 Deus.....

1931 5714 1989 5753 eo
2018 5697 2379 5763 manducares,
2416 5697 2480 5751 ab
2511 5712 2569 5751 eo
2597 5694 2748 5751 edisti
2763 5695 2882 5749 ?....
2910 5708 3066 5763 quam
3095 5691 3283 5746 dedisti
3309 5707 3535 5757 mecum,

3325 5779 3539 5835 serpens

217 5836 496 5908 tantis"...
524 5845 571 5891 et
601 5839 749 5892 timui
772 5840 1012 5908 quia.....
1045 5847 1095 5893 et
1133 5838 1265 5892 dixit
1292 5839 1374 5893 illi
1402 5854 1423 5908 ς
1454 5839 1581 5905 Quis
1612 5841 1820 5895 nuntia—
1926 5842 2130 5908 seduxit
2153 5855 2252 5905 me,
2276 5850 2380 5908 etc.

221 5908 403 5962 tum...
442 5907 540 5963 nisi
568 5923 599 5963 α
626 5908 765 5979 ligno
786 5906 934 5979 quod
956 5910 1298 5981 prceceperam
1320 5906 1410 5965 tibi
1442 5912 1639 5965 tantum
1670 5924 1730 5965 ne
1759 5924 1821 5967 ea:

2005 5906 2030 5948 δ
2076 5908 2271 5967 Seruis.
2311 5905 2485 5966 Vatic.
