3972 6352
500 255 609 312 823

1597 253 1919 311 LUClFERI
1961 252 2269 312 EPISCOPI
2307 251 2729 310 CALARITANI
3672 257 3758 316 824

497 372 640 431 Deus
680 383 864 430 uester.
904 373 1094 446 Legem
1131 388 1298 428 meam
1343 371 1596 428 custodite
1625 368 1793 445 (Ibid.
1825 371 1937 444 12).
1977 370 2104 427 Hsec
2131 373 2180 434 Α
2209 379 2368 428 runt:
2403 370 2624 444 Propter
2650 370 2790 444 quod
2813 369 2942 426 adiit
2964 385 3056 426 nos
3077 369 3372 438 Dominus,
3399 371 3576 427 eduxit
3600 389 3682 429 nos
3706 377 3758 433 de

503 482 630 524 cum
662 468 867 538 scripta
898 467 1238 533 memineris,
1261 465 1545 521 existimas
1565 473 1948 534 arceptatores
1979 478 2105 534 per-

501 575 656 618 sona:
682 575 786 616 nos
815 568 923 614 tua:
952 557 1198 613 futuros?
1245 556 1326 612 Ad
1357 566 1384 594 εί
1421 554 1738 612 innocentis
1774 555 1975 626 rogasti
2009 569 2108 611 ne-

502 670 624 712 cem
649 696 662 718 ,
703 662 759 708 et
780 668 902 708 cum
939 662 991 707 te
1013 658 1385 720 contemptum
1419 649 1751 705 advertisses
1778 689 1793 712 ,
1831 647 2110 703 letendisti

499 757 672 804 temet
705 746 772 802 ad
811 761 1016 818 genera
1059 744 1247 800 omnia
1281 742 1583 815 ingerenda
1620 756 1928 813 poenarum.
1971 741 2109 796 Dicit

501 845 682 900 Deus:
721 843 762 897 Α
795 843 930 914 facie
951 839 979 880 ι)
1010 841 1186 896 divitis
1214 857 1278 895 ne
1305 840 1508 902 timeas,
1533 849 1578 893 et
1610 837 1890 893 honorabis
1922 838 2112 910 faciem

503 937 787 1012 presbyteri
819 945 866 991 et
890 935 1093 990 timebis
1132 933 1418 988 Dominum
1447 932 1616 987 Deum
1653 941 1817 986 tuum.
1860 931 1970 1003 Ego
1996 948 2112 986 sum

502 1028 764 1084 Dominus
795 1027 939 1083 Deus
983 1037 1100 1081 tuus
1142 1025 1310 1100 (Ibid.
1365 1025 1482 1096 32).
1518 1024 1586 1079 Et
1616 1035 1675 1080 tu
1718 1025 1896 1080 timeri
1932 1034 1983 1080 te
2009 1038 2110 1095 po-

504 1123 675 1178 tuisse
717 1137 776 1178 es
826 1121 1126 1177 arbitratus
1156 1162 1172 1185 ,
1219 1130 1273 1175 et
1317 1119 1653 1176 exhonorari
1698 1119 2062 1175 Athanasium
2095 1161 2110 1185 ,

505 1234 669 1291 quem
715 1219 859 1286 Deus
905 1217 1233 1289 praeceperit
1273 1215 1703 1272 honorandum?
1747 1215 1862 1272 Non
1899 1215 2114 1286 legeras

505 1299 713 1370 dixisse
761 1313 967 1382 Deum:
1016 1311 1140 1366 Non
1183 1312 1392 1382 facietis
1432 1312 1632 1385 injuste
1677 1312 1735 1365 in
1774 1311 2021 1384 judicio,
2058 1310 2113 1364 in

505 1425 751 1464 mensura
771 1449 786 1474 ,
811 1418 862 1464 et
887 1409 940 1462 in
967 1423 1148 1477 penso,
1182 1416 1229 1461 et
1250 1407 1305 1461 in
1333 1407 1540 1460 stateris
1562 1421 1582 1460 :
1604 1414 1800 1459 statera
1819 1408 1966 1478 justa
1989 1420 2116 1474 pen-

502 1501 684 1556 sabitis
723 1499 888 1573 (Ibid.
940 1499 1032 1572 '55)
1057 1543 1072 1566 ,
1113 1509 1170 1556 et
1210 1514 1465 1555 mensura
1500 1499 1644 1569 justa
1683 1508 1768 1555 est
1802 1507 1856 1553 ut
1892 1497 2116 1552 statuis-

433 1597 438 1604 ’
499 1608 596 1658 ses
630 1595 798 1650 fuisse
842 1611 940 1666 per
979 1611 1078 1649 nos
1116 1595 1419 1651 necandum
1452 1593 1780 1650 absentem?
1810 1593 1863 1650 Si
1903 1593 2114 1663 justum

506 1700 592 1746 est
625 1690 894 1760 judicium
940 1689 1121 1746 audiri
1156 1702 1177 1728 ε
1211 1704 1270 1744 se
1307 1688 1737 1760 proclamantem
1771 1729 1786 1752 ,
1829 1687 2144 1743 absentem‘

2214 473 2355 520 terra
2394 463 2617 536 1Egypti
2643 503 2658 530 ,
2692 462 2895 517 tradere
2923 478 3018 517 nos
3048 461 3103 515 in
3133 479 3320 517 manus
3346 460 3728 521 Amarrlueortnn
3747 511 3760 535 ,

2215 566 2261 610 et
2283 556 2578 629 disperdere
2603 573 2695 611 nos
2730 554 2897 629 (Ibid.
2925 554 3020 625 27)
3052 572 3073 622 ;
3102 555 3195 610 sed
3225 570 3421 611 sumus
3445 571 3509 612 ex
3535 557 3633 612 illis
3653 601 3666 623 ,
3691 563 3766 632 qui

2213 648 2500 714 dixerunt,
2525 663 2590 706 ac
2613 649 2801 705 dicunt
2820 648 2887 704 ad
2911 648 3116 704 Deum:
3154 647 3383 718 PrOpter
3403 657 3450 705 te
3476 658 3500 698 ιι
3527 652 3765 710 occidimur

2217 752 2324 797 tota
2347 743 2429 796 die
2448 783 2462 807 ,
2493 744 2732 797 wstimati
2761 758 2962 808 sumus,
2985 751 3041 795 ut
3061 757 3176 796 oves
3206 742 3508 809 occisionis,
3533 744 3614 798 sed
3638 745 3682 798 in
3702 746 3763 800 bis

2218 839 2451 893 omnibus
2481 854 2785 908 superamus
2804 847 3014 908 propter
3056 853 3172 891 eum
3196 836 3290 905 qui
3317 837 3494 891 dilexit
3516 854 3600 892 nos
3621 837 3763 910 (Rata.

2221 947 2340 998 vui,
2373 931 2489 1004 56).
2521 930 2638 987 Νοιι
2671 932 2974 996 timuimus,
3003 944 3180 1000 neque
3214 931 3474 984 timemus
3497 929 3654 986 minas
3675 940 3768 988 tuas

2220 1042 2318 1082 nos
2343 1067 2358 1093 ,
2398 1025 2492 1097 qui
2525 1027 2774 1081 novimus
2819 1023 2954 1079 nihil
2996 1038 3160 1095 posse
3189 1022 3307 1078 Deo
3338 1021 3616 1087 resistere,
3646 1039 3700 1080 ne
3725 1034 3768 1082 ιιι

2220 1122 2298 1178 illi
2340 1136 2634 1194 pereamus
2661 1163 2678 1190 ,
2724 1122 2817 1192 qui
2858 1120 3086 1176 audiunt
3112 1135 3141 1174 a
3171 1120 3396 1192 Moyse:
3425 1115 3629 1173 Fratres
3651 1123 3768 1176 vestri

2220 1229 2519 1273 averterunt
2549 1233 2637 1272 cor
2667 1227 2889 1271 vestrum
2934 1213 3196 1269 dicentes:
3227 1212 3373 1269 Gens
3409 1229 3586 1285 magna
3609 1221 3671 1267 est
3693 1223 3728 1269 et
3747 1211 3767 1252 δ

2221 1313 2356 1367 dura
2381 1311 2546 1366 multa
2584 1321 2629 1364 et
2659 1311 2922 1382 potentior
2947 1308 3089 1362 vobis
3111 1348 3126 1372 ,
3163 1317 3210 1362 et
3245 1305 3480 1361 civitates
3507 1322 3683 1379 magna
3703 1349 3713 1370 ,
3733 1317 3770 1361 et

2221 1415 2439 1461 muratae
2465 1421 2626 1475 usque
2646 1404 2714 1458 ad
2739 1405 2944 1468 caelum,
2959 1402 3048 1457 sed
3075 1412 3124 1457 et
3154 1400 3295 1470 filios
3317 1401 3577 1472 gigantum
3591 1398 3769 1456 vidimus

2219 1499 2330 1554 illic
2376 1497 2567 1571 (Deut.
2618 1514 2633 1552 I
2670 1539 2684 1564 ,
2727 1497 2859 1568 28).
2909 1495 3026 1551 Non
3080 1497 3345 1550 timemus
3388 1493 3614 1565 gladium
3653 1503 3768 1549 tuum

2219 1589 2558 1659 Christiani,
2592 1591 2684 1660 qui
2723 1603 3122 1660 praesumamus
3153 1587 3448 1658 prostratis
3487 1586 3660 1652 vobis,
3696 1585 3769 1642 Dei

2221 1685 2508 1757 religionis
2541 1683 2781 1740 inimicis
2803 1726 2818 1749 ,
2857 1693 3117 1739 venturos
3161 1695 3265 1736 nos
3304 1679 3372 1736 ad
3397 1678 3677 1736 convivium
3702 1693 3774 1749 pa-

509 1785 713 1856 puuiri,
747 1796 853 1841 tua:
882 1795 1045 1841 erunt
1067 1784 1295 1855 justitize
1326 1781 1352 1820 ἀ
1383 1783 1747 1854 allegationes
1777 1781 1917 1852 apud
1942 1781 2111 1836 Deum
2145 1803 2193 1864 Β
2223 1779 2587 1837 tri-archarum
2615 1821 2631 1846 ,
2665 1777 3060 1850 prophetarum
3081 1817 3097 1842 ,
3127 1773 3508 1845 apostolorum
3534 1786 3592 1827 ac
3614 1783 3771 1845 marty-

508 1887 698 1934 contra
719 1891 842 1943 nos,
857 1879 950 1949 qui
967 1888 1073 1933 tum
1090 1877 1412 1932 temeritatis
1431 1885 1705 1947 praecepta
1721 1874 2114 1946 respuerimus.

510 1969 570 2025 ln
613 1971 1032 2027 Deuteronomio
1059 1971 1336 2042 reperitur
1368 1970 1640 2040 gloriosus
1665 1969 1879 2041 Moyses
1905 1968 2116 2025 dixisse

512 2064 581 2122 ad
603 2065 844 2139 judices,
874 2079 1010 2137 quos
1042 2065 1242 2136 populo
1263 2061 1523 2120 dederat:
1554 2061 1742 2117 Audite
1767 2063 1904 2117 inter
1927 2063 2117 2133 fratres

507 2169 703 2216 vestros
731 2201 747 2226 ,
776 2167 824 2212 et
851 2158 1093 2232 judicate
1115 2159 1258 2228 juste
1294 2159 1429 2212 inter
1457 2156 1688 2212 medium
1733 2155 1832 2209 riri
1856 2197 1872 2217 .
1901 2165 1951 2210 et
1981 2154 2118 2208 inter

506 2250 738 2306 medium
763 2251 942 2322 fratris
967 2291 981 2314 ,
1014 2259 1060 2304 et
1089 2251 1144 2304 in
1176 2248 1348 2304 medio
1376 2249 1628 2320 proselyti
1654 2251 1787 2321 ejus.
1825 2245 1950 2301 Non
1981 2247 2120 2300 acci-

513 2345 667 2417 pietis
707 2359 987 2416 personam
1025 2344 1080 2398 in
1111 2343 1322 2417 judicio
1347 2384 1364 2412 ,
1403 2343 1650 2397 aduersus
1689 2342 1947 2418 minorem
1973 2382 1989 2408 ,
2029 2347 2120 2394 aut

507 2441 759 2495 adversus
783 2442 1040 2513 majorem
1075 2437 1418 2511 judicabitis:
1449 2453 1555 2493 non
1581 2453 1758 2492 sumas
1788 2445 1812 2474 ο
1844 2451 2119 2508 personam

508 2532 768 2599 hominis,
801 2532 1052 2602 quoniam
1091 2531 1359 2601 judicium
1387 2541 1463 2584 est
1497 2529 1590 2587 Dei
1615 2529 1803 2602 (Deut.
1829 2545 1877 2597 ι,
1903 2529 2018 2600 16).
2054 2528 2120 2583 Ει

507 2627 611 2692 vis,
644 2624 957 2692 Constanti,
981 2623 1170 2688 credo,
1201 2623 1328 2694 quia
1361 2625 1438 2679 sis
1468 2623 1522 2678 in
1544 2623 1886 2679 sublimitate
1913 2622 2121 2694 degens

509 2721 722 2792 regali,
754 2719 935 2789 accipi
967 2727 1115 2773 tuam
1159 2732 1490 2788 personam:
1535 2732 1598 2774 es
1636 2731 1972 2788 magnopere
2018 2730 2118 2770 cu-

513 2813 673 2884 piens
694 2826 817 2866 eum
838 2851 854 2878 ,
881 2809 1037 2880 cujus
1068 2809 1144 2864 sis
1165 2810 1490 2880 sanguinem
1518 2809 1734 2875 sitiens,
1769 2808 1994 2865 mactari
2023 2822 2120 2880 per

517 2920 620 2960 nos
649 2905 865 2960 Domini
898 2902 1234 2960 sacerdotes.
1276 2903 1418 2960 Hinc
1443 2902 1626 2975 itaque
1653 2902 1795 2975 apud
1827 2910 1882 2958 te
1905 2916 2006 2958 nos
2025 2901 2122 2958 de-

515 2999 822 3066 testabiles,
841 2998 1097 3070 quoniam
1121 2996 1388 3068 judicium
1415 2998 1483 3052 ad
1520 2997 1615 3054 Dei
1642 3011 1833 3053 sumus
1861 2997 2118 3052 volunta-

514 3101 622 3150 tem
658 3098 997 3164 promentes.
1030 3090 1170 3146 Hinc
1198 3089 1266 3145 ad
1291 3091 1534 3161 gladium
1557 3089 1757 3160 putaSti
1789 3089 2116 3144 tendendam

2221 1890 2363 1930 rum.
2414 1872 2532 1929 Non
2581 1872 2877 1929 metuimus
2927 1869 3186 1928 virtutem
3245 1866 3444 1924 caduci
3499 1866 3635 1937 regni
3675 1867 3770 1934 tui,

2219 1970 2421 2025 milites
2461 1967 2655 2022 divini.
2709 1965 2829 2021 Non
2860 1978 3050 2028 sumus
3074 1979 3140 2020 ex
3175 1962 3286 2018 illis
3314 1959 3615 2018 difﬁdentia:
3639 1959 3764 2026 ﬁliis,

2219 2062 2310 2134 qui
2342 2061 2463 2131 plus
2493 2058 2748 2114 inimicos
2773 2071 2924 2125 suos,
2943 2069 3104 2127 quam
3131 2053 3310 2126 Deum
3338 2051 3550 2108 fuerant
3573 2050 3769 2106 arbitrati

2219 2157 2464 2231 potuisse
2493 2198 2508 2224 ,
2546 2165 2602 2212 ut
2632 2165 2778 2210 tuam
2809 2150 3058 2225 fragilem
3083 2167 3379 2208 vereamur
3414 2149 3709 2221 potentiam:
3734 2146 3767 2202 si

2222 2251 2367 2308 enim
2393 2265 2501 2305 non
2529 2249 2600 2306 ita
2630 2247 2805 2304 Judaei
2824 2244 3192 2302 credidissent
3211 2286 3227 2310 ,
3255 2243 3405 2309 quod
3426 2241 3660 2298 videlicet
3677 2239 3767 2308 plus

2221 2355 2443 2422 possent
2470 2345 2790 2409 Chananaai,
2820 2340 3082 2405 Jebusaei,
3111 2347 3168 2396 et
3194 2337 3526 2404 Amorrhzei,
3555 2347 3604 2392 et
3626 2333 3766 2391 ceteri

2220 2445 2428 2502 inimici
2456 2458 2617 2515 quam
2663 2442 2808 2497 Deus
2833 2479 2849 2504 ,
2881 2451 3178 2508 numquam
3215 2433 3468 2507 profecto
3494 2431 3672 2504 Moysis
3693 2443 3767 2484 vo-

2220 2553 2339 2596 cem
2370 2535 2387 2574 ί
2421 2535 2909 2607 superhabuissent
2930 2529 3197 2587 dicentis:
3225 2527 3316 2584 Ne
3343 2525 3627 2598 loquamini,
3647 2538 3766 2590 neque

2225 2629 2523 2704 formidetis
2549 2628 2612 2682 ab
2643 2628 2736 2682 eis.
2768 2625 3027 2681 Dominus
3055 2622 3199 2679 Deus
3218 2632 3394 2678 vester
3413 2663 3428 2690 ,
3450 2623 3534 2692 qui
3557 2615 3762 2674 antecedit

2222 2736 2344 2781 ante
2371 2725 2558 2797 facient
2582 2731 2803 2778 uestram
2827 2763 2842 2790 ,
2869 2721 2981 2789 ipse
3010 2719 3169 2774 simul
3194 2717 3514 2790 expugnabit
3537 2731 3614 2772 eos
3634 2711 3766 2768 vobis-

2223 2837 2376 2888 cum,
2406 2817 2691 2875 secundnm
2716 2816 2894 2872 omnia
2928 2830 3267 2886 quaecumque
3299 2812 3422 2885 fecit
3445 2809 3574 2866 vobis
3595 2809 3641 2862 in
3662 2817 3766 2861 terra

2223 2913 2448 2988 ﬁgypti
2471 2955 2486 2980 ,
2515 2923 2561 2969 et
2579 2914 2635 2967 in
2659 2912 2862 2967 deserto
2887 2908 2986 2964 hoc
3011 2908 3149 2980 quod
3188 2907 3380 2962 videtis
3418 2901 3650 2977 quomodo
3672 2897 3767 2972 fovit

2227 3017 2274 3064 te
2303 3007 2561 3062 Dominus
2591 3005 2733 3060 Deus
2769 3013 2889 3058 tuus
2911 3045 2926 3071 ,
2965 3003 3099 3057 sicut
3125 3002 3242 3072 quis
3278 3005 3444 3072 foveat
3480 2999 3616 3052 homo
3637 2992 3766 3063 filium

2224 3117 2399 3166 suum,
2429 3101 2486 3154 in
2517 3114 2718 3153 omnem
2743 3097 2877 3152 uiam
2906 3112 3063 3167 quam
3089 3093 3377 3148 ambulatis
3406 3092 3420 3143 ι
3447 3132 3462 3157 ,
3491 3086 3765 3160 quoadusque

505 3185 826 3268 carniﬁcem
861 3185 1144 3242 dexteram
1186 3195 1366 3250 tuam,
1413 3193 1687 3254 tamquam
1730 3185 1908 3254 possis
1934 3184 2117 3255 gladio
2144 3198 2192 3262 ρ
2222 3195 2435 3251 uenistis
2471 3193 2542 3247 ad
2574 3192 2710 3247 hunc
2735 3191 2909 3247 locum
2932 3231 2948 3258 ,
2979 3189 3241 3245 deducens
3269 3203 3362 3242 vos
3386 3187 3441 3241 in
3477 3184 3576 3256 igni
3613 3187 3760 3244 nocte,

509 3280 902 3351 vincere,quos
923 3279 1143 3334 videres
1165 3287 1391 3348 propter
1413 3277 1509 3332 Dei
1533 3275 1729 3332 Filium
1759 3292 1860 3334 nec
1879 3293 2122 3348 praesen-

513 3384 623 3430 tem
650 3372 904 3428 dubitare
924 3373 1180 3427 amittere
1198 3373 1496 3440 vitam,nec
1520 3369 1949 3442 perhorrescere
1972 3386 2121 3427 mor-

514 3477 649 3526 tem.
686 3467 768 3524 Ad
808 3467 951 3523 ﬁlios
975 3467 1145 3524 Israel
1187 3477 1375 3522 narrat
1405 3466 1786 3522 sanctissimus
1816 3466 2029 3539 Moyses
2055 3483 2121 3523 ex

517 3571 794 3636 praecepto
836 3562 972 3618 Dei:
1017 3559 1194 3616 Videte
1222 3603 1238 3628 ,
1277 3561 1497 3616 tradidit
1527 3559 1670 3615 vobis
1697 3558 1957 3615 Dominus
1983 3560 2123 3616 Deus

515 3667 681 3713 vester
715 3666 836 3711 ante
861 3656 1052 3725 faciem
1079 3664 1303 3710 vestram
1337 3664 1570 3712 terram:
1596 3657 1932 3712 ascendentes
1960 3657 2126 3725 possi-

519 3753 636 3808 dete
661 3793 677 3818 ,
719 3750 1155 3821 quemadmodum
1199 3750 1330 3806 dixit
1371 3750 1628 3806 Dominus
1671 3750 1811 3806 Deus
1850 3749 1870 3789 ί
1918 3760 2124 3822 patrum

525 3855 825 3900 nostrorum
854 3843 1044 3898 nobis:
1068 3843 1226 3897 nolite
1271 3843 1449 3899 timere
1469 3859 1631 3911 neque
1653 3845 1936 3915 formidetis
1959 3841 2124 3916 (Ibid.

522 3935 643 4008 21).
674 3935 731 3992 Si
757 3935 865 3991 illis
888 3939 1161 3990 neminem
1191 3943 1392 4006 praeter
1433 3935 1606 3991 Deum
1643 3936 1935 3991 timendum
1967 3950 2125 3992 man-

521 4030 711 4087 datum
740 4039 847 4098 est,
878 4030 988 4087 illis
1009 4030 1301 4100 imaginem
1331 4039 1536 4085 nostra:
1566 4030 1873 4086 vocationis
1895 4041 2128 4102 portan-

521 4127 692 4195 tibus,
722 4135 926 4197 quanto
951 4126 1121 4196 magis
1153 4133 1354 4195 praeter
1382 4119 1554 4180 Deum
1575 4125 1849 4180 neminem
1879 4137 2126 4182 metuere

515 4219 781 4276 condecet
806 4261 822 4288 ,
866 4219 958 4290 qui
987 4233 1094 4274 non
1123 4227 1300 4274 terras
1324 4217 1764 4274 Chananzeorum
1792 4259 1807 4285 ,
1839 4217 2126 4275 Jebusazo-

518 4331 640 4371 rum
663 4355 678 4382 ,
713 4323 770 4370 et
797 4314 1242 4385 Gergesaaorum,
1272 4323 1436 4383 atque
1466 4311 1910 4368 Amorrhteorum
1954 4312 2128 4369 simus

520 4408 898 4466 desiderantes
925 4407 1190 4478 consequi
1215 4449 1230 4473 ,
1263 4407 1360 4463 sed
1389 4408 1633 4463 caelestia
1663 4422 1828 4478 regna
1855 4449 1871 4475 ,
1904 4407 2001 4463 sed
2032 4407 2127 4463 Dei

523 4509 846 4573 perpetuum
877 4501 1159 4557 amorem?
1185 4499 1473 4568 Quomodo
1515 4501 1719 4556 etenim
1749 4499 1905 4572 vigor
1947 4499 2128 4554 inanis

2225 3287 2498 3344 ostendens
2528 3286 2668 3341 vobis
2694 3285 2794 3339 iter
2819 3326 2834 3351 ,
2867 3294 2923 3338 ut
2960 3267 3304 3337 ambularetis
3328 3281 3382 3335 in
3415 3295 3472 3335 ea
3496 3320 3510 3345 ,
3537 3275 3646 3331 etin
3667 3270 3767 3327 alltc

2224 3381 2329 3436 diei
2355 3380 2520 3444 (Ibid.
2561 3378 2675 3450 29).
2710 3377 2768 3436 Si
2816 3393 2924 3433 non
2956 3386 3084 3450 post
3126 3379 3250 3431 haec
3291 3373 3541 3431 salutaria
3569 3366 3765 3430 mooita,

2229 3475 2352 3546 plus
2379 3472 2626 3544 potuisse
2653 3487 2789 3543 quos
2821 3480 3013 3527 contra
3058 3484 3296 3541 pugnam
3326 3468 3612 3540 gerebant,
3643 3473 3764 3530 quam

2231 3565 2426 3632 Deum,
2457 3563 2551 3618 ﬁlii
2581 3561 2745 3619 Israel
2773 3561 3004 3618 fuissent
3029 3560 3349 3627 credentes,
3379 3570 3648 3629 numquam
3667 3566 3764 3624 pro-

2228 3660 2370 3716 fecto
2411 3657 2482 3713 ad
2526 3671 2744 3712 omnem
2793 3655 3150 3712 devertissent
3197 3653 3494 3711 interitum.
3541 3650 3765 3706 Potentetn

2229 3752 2394 3824 igitur
2421 3765 2544 3808 esse
2583 3751 2833 3805 novimus
2859 3748 3030 3804 Deum
3059 3746 3128 3803 ad
3156 3745 3468 3818 eripiendos
3487 3757 3580 3800 nos
3600 3739 3658 3796 de
3677 3749 3766 3793 ms-

2228 3847 2388 3902 nibus
2410 3845 2627 3914 tuis,ad
2657 3844 2882 3901 cteleste
2912 3843 3072 3900 nobis
3097 3858 3326 3914 regnum
3357 3839 3657 3912 promissum
3681 3843 3766 3886 ten-

2230 3941 2423 3998 dentes
2454 3957 2468 3995 :
2510 3940 2705 3995 timere
2745 3948 2891 3994 tuam
2933 3936 3317 3994 crudelitatem
3350 3951 3457 3992 non
3489 3929 3765 4004 poterimus,

2233 4036 2470 4090 maxime
2515 4034 2607 4105 qui
2639 4033 2971 4105 elegerimus
2998 4047 3028 4088 a
3055 4039 3111 4088 te
3134 4073 3151 4097 ,
3183 4047 3290 4087 non
3323 4045 3352 4084 a
3377 4029 3488 4085 Deo
3508 4022 3680 4098 puniri.
3701 4015 3765 4073 Di-

2233 4128 2379 4184 xisti:
2401 4126 2658 4182 Damnate
2675 4125 3042 4181 Athanasium.
3067 4125 3238 4195 Quem
3260 4138 3500 4187 eramus,
3517 4110 3762 4175 Constanti.

2231 4221 2582 4279 damnaturi?
2613 4221 2762 4276 illum
2793 4237 2860 4275 ne
2885 4237 3043 4292 quem
3073 4219 3324 4275 videmus
3349 4217 3445 4274 Dei
3472 4215 3643 4272 Filium
3666 4220 3764 4263 con.

2235 4315 2398 4379 ﬁteri,
2431 4327 2489 4370 ut
2519 4325 2647 4370 sunt
2667 4314 2906 4371 confessi
2952 4312 3278 4384 patriarcha:
3305 4357 3321 4380 ,
3354 4311 3630 4384 prephelae,
3667 4313 3766 4371 apo-

2233 4409 2359 4464 stoli
2382 4451 2397 4476 ,
2431 4423 2494 4464 ac
2522 4407 2832 4480 martyres?
2849 4423 2917 4462 an
2939 4414 3016 4474 te,
3039 4407 3138 4478 qui
3163 4407 3240 4462 sis
3264 4419 3468 4477 negans
3485 4444 3499 4468 ,
3522 4410 3575 4458 ut
3598 4389 3764 4467 negati!

2235 4503 2494 4572 magister
2521 4512 2645 4558 tuus
2673 4502 2867 4570 Arius,
2899 4510 2960 4558 ut
2988 4510 3334 4575 negaverunt
3360 4496 3595 4558 Scarioth
3619 4491 3760 4551 Judss.

521 4591 805 4665 dignitatis
832 4601 938 4648 tua:
968 4607 1069 4648 nos
1096 4593 1164 4647 ab
1187 4592 1293 4648 hoc
1323 4594 1502 4664 potuit
1521 4602 1614 4648 aut
1636 4600 1820 4662 potest
1842 4593 2127 4663 proposito
2152 4599 2210 4660 D
2233 4605 2289 4652 et
2315 4597 2495 4652 cuncti
2531 4595 2743 4652 Judaei?
2775 4595 2912 4652 Dicit
2939 4595 3086 4652 Deus
3120 4595 3189 4652 ad
3223 4595 3500 4668 Moysem:
3530 4589 3635 4646 Non
3652 4587 3763 4640 ml"

459 4677 466 4685 ’
521 4685 778 4750 ﬂectere,
813 4699 933 4740 cum
960 4695 1162 4755 praeter
1188 4686 1360 4742 Deum
1388 4688 1746 4743 statuerimus
1773 4687 2122 4744 metuendum

523 4779 840 4840 neminem?
885 4776 1003 4834 Non
1047 4793 1234 4834 sumus
1259 4778 1557 4836 Christiani
1584 4795 1653 4837 ex
1679 4780 1786 4837 illis
1807 4821 1822 4847 ,
1855 4783 1950 4853 qui
1977 4781 2131 4838 dixe-

525 4961 793 5036 arguendo
820 4974 1032 5033 argues.

593 5044 621 5072 ιι
649 5032 785 5090 Vide
823 5034 891 5088 ab
933 5031 1275 5102 lmperatore
1309 5029 1514 5086 deferri
1546 5029 1834 5100 EpiscOpis
1859 5029 2125 5101 judicium

525 5103 1045 5236 sl‘atliguinolentum,
1079 5110 1136 5157 et
1167 5102 1327 5174 hujus
1358 5103 1419 5157 tit
1445 5105 1653 5158 mentio
1686 5113 1801 5158 toto
1832 5102 1935 5158 hoc
1959 5103 2122 5159 libro.

575 5196 589 5234 I
620 5218 634 5232 .

591 5249 620 5288 ι)
651 5248 807 5304 Vers.
842 5249 971 5302 Ant.
1006 5245 1049 5318 ᾼ
1076 5245 1209 5318 facie
1237 5245 1457 5298 senioris
1481 5259 1746 5318 exsurges,
1777 5254 1825 5318 et
1849 5244 2128 5318 Itonorabis

524 5337 823 5394 personam,
847 5329 956 5376 etc.
991 5315 1166 5394 Graec.
1187 5318 1481 5394 «piscinae
1501 5331 1624 5394 cum
1655 5315 1829 5394 Lucii.
1863 5316 2129 5386 SuSpicor

523 5387 704 5450 tamen
740 5394 923 5461 priora
967 5389 1132 5461 verba
1159 5429 1174 5453 ,
1208 5387 1242 5441 ά
1269 5391 1400 5461 facie
1429 5387 1602 5441 divitis
1628 5403 1692 5442 ne
1716 5389 1893 5442 timeas
1923 5429 1939 5454 ,
1965 5404 2128 5458 repe-

523 5467 621 5521 tita
665 5459 811 5525 esse,
843 5460 990 5534 quod
1014 5461 1081 5514 ad
1114 5459 1444 5534 sententiam
1464 5467 1686 5534 spectat
1715 5501 1729 5522 ,
1754 5475 1826 5513 ex
1858 5475 1999 5514 vers.
2035 5463 2122 5534 15.

521 5535 768 5608 ejusdem
783 5529 884 5606 cap
895 5577 913 5608 ί
925 5548 1086 5608 neque
1103 5533 1320 5608 miratus
1339 5532 1500 5603 fueris
1511 5529 1586 5600 ad
1592 5545 1868 5602 personam
1880 5533 2122 5604 potentis.

606 5621 628 5646 ο
656 5606 780 5662 Non
809 5603 1006 5662 audiri.
1035 5603 1216 5661 Latin.
1250 5614 1305 5661 et
1335 5613 1508 5660 recte.

599 5679 628 5718 ἀ
652 5680 836 5737 lustre.
862 5677 970 5734 Til.

601 5761 626 5789 ο
657 5751 845 5816 Sumus
875 5748 1076 5804 omittit
1097 5748 1226 5804 Sub.
1703 5813 1705 5816 ι
1767 5766 1796 5814 λ

592 5819 611 5860 ί
639 5811 779 5876 Deus
800 5821 1073 5878 omittitur
1098 5835 1128 5876 ιι
1155 5820 1340 5878 Sabat.
1374 5829 1427 5883 et
1449 5821 1648 5892 legitur
1679 5813 1732 5878 in
1762 5811 1980 5878 Graeco.

2235 4691 2327 4744 tibi
2350 4689 2425 4744 dii
2448 4690 2539 4745 alii
2566 4697 2754 4756 praeter
2783 4705 2866 4743 me
2895 4705 2914 4744 :
2936 4705 3039 4744 non
3079 4689 3238 4759 facies
3266 4689 3356 4746 tibi
3384 4683 3620 4758 sculptile.
3643 4687 3762 4776 ιιιφξε

2237 4799 2439 4838 omnem
2488 4783 2511 4820 ¹ι
2554 4781 2950 4837 similitudinem
2990 4798 3173 4839 eorum
3199 4825 3214 4851 ,
3247 4794 3566 4855 quaecumque
3598 4778 3692 4831 sunt
3721 4781 3762 4820 ut

2309 4971 2334 5009 ε
2363 4957 2524 5013 Vers.
2554 4957 2684 5013 Ant.
2712 4967 2874 5012 morte
2901 4957 3189 5027 efﬁcimur.

2305 5031 2337 5072 ιι
2365 5029 2471 5085 Pro
2499 5029 2718 5083 multum
2745 5030 2879 5084 dura
2899 5024 2946 5084 et
2963 5024 3160 5101 aspera
3182 5073 3198 5097 ,
3227 5046 3325 5088 suo
3349 5045 3495 5086 more
3519 5036 3568 5084 et
3591 5024 3760 5101 Graeco

2237 5116 2377 5166 rum,
2407 5103 2497 5172 qui
2520 5101 2825 5169 saepissime
2849 5096 3076 5156 utuntur
3098 5096 3406 5170 hujusmodi
3427 5096 3674 5169 adjectivis
3687 5101 3760 5162 pro

2237 5173 2535 5228 adverbiis:
2566 5173 2652 5228 vel
2674 5171 3000 5228 annonenda
3023 5174 3226 5228 virgula
3250 5185 3374 5228 ante
3395 5174 3564 5228 multa.
3588 5179 3634 5222 ιιι
3652 5165 3760 5228 168³-

2232 5174 2535 5228 adverbiis:
2566 5174 2652 5228 vel
2674 5174 3000 5242 apponenda
3023 5174 3226 5244 virgula
3250 5185 3374 5230 ante
3395 5174 3564 5229 multa.
3588 5179 3634 5222 ut
3652 5174 3756 5232 183“

2235 5255 2321 5319 t_ur
2346 5260 2467 5319 gens
2489 5261 2679 5316 magna
2709 5243 2941 5319 ειᾼιίιιιτι,Δ
2968 5245 3132 5319 multa
3160 5256 3210 5319 et
3235 5248 3500 5319 potentior.
3526 5241 3617 5319 Til.
3637 5246 3680 5292 et

2235 5315 2436 5407 Ce‘r‘da,
2462 5324 2517 5407 et
2537 5314 2718 5382 recte;
2749 5314 2978 5372 Graecus
2998 5318 3145 5372 enim
3179 5314 3374 5387 habet,
3405 5317 3532 5378 ἔθνος
3548 5314 3676 5387 μέγαν
3698 5314 3757 5359 καί

2235 5388 2415 5514 ποξυιὶι
2434 5398 2568 5524 (35?,
2598 5476 2877 5532 numquam
2909 5459 3118 5532 Moyses
3145 5463 3254 5518 licet:
3281 5461 3426 5518 verba
3451 5459 3548 5514 illis
3571 5446 3754 5532 addidit:

2329 5572 2346 5600 ,
2389 5523 2670 5602 numquam
2711 5523 2974 5589 sermones
3000 5523 3082 5587 'ad
3117 5533 3238 5590 illos
3283 5541 3566 5605 ρνοειαιηιε
3596 5523 3751 5598 βεξκερ,

2282 5622 2292 5659 ι
2324 5645 2337 5657 .

2363 5675 2557 5732 Sabat.
2617 5675 2746 5748 legit
2788 5676 3097 5734 ambulastis
3127 5720 3144 5746 ,
3197 5686 3253 5735 et
3300 5677 3435 5735 infra
3478 5667 3748 5730 ambularem

2228 5765 2282 5804 ιη
2301 5765 2541 5877 {agebat
2577 5819 2709 5893 legit
2736 5815 2990 5878 omnium.
3025 5821 3204 5882 Graec.
3228 5831 3313 5882 est
3337 5821 3530 5881 παντὸσο
