3972 6352
272 258 382 318 8'25

1357 258 1493 317 PRO
1532 257 1804 318 SANCTO
1842 256 2240 319 ATHANASIO
2276 261 2409 322 LIB.
2454 263 2494 320 Ι.

2209 147 2234 177 ο

3470 264 3579 323 8Ξϐ

273 377 404 435 coelo
430 393 639 433 sursum
676 386 723 434 et
749 392 928 433 eorum
953 391 1069 448 qute
1096 386 1223 433 sunt
1262 377 1317 431 in
1345 385 1482 431 terra
1508 376 1748 432 deorsum
1775 414 1790 443 ,
1822 386 1869 433 et
1895 378 1951 441 Α
1973 377 2132 451 plebis
2167 385 2428 449 postremo
2456 393 2478 458 ί
2522 384 2571 433 et
2617 378 2767 436 tolles
2828 378 3118 452 malignum
3164 394 3228 435 ea:
3270 379 3415 436 vobis
3451 381 3586 453 ipsis

270 489 607 547 qucecumque
629 484 748 530 sunt
778 475 833 529 in
869 474 1018 545 aquis
1048 473 1227 530 subtus
1249 485 1473 531 terram:
1500 491 1603 529 non
1627 474 1877 530 adorabis

275 568 371 623 illa
388 610 403 634 ,
428 584 589 639 neque
608 568 796 623 servies
822 568 1170 639 eis,quoniam
1199 584 1291 640 ego
1311 585 1427 624 sum
1458 567 1712 624 Dominus
1738 567 1877 624 Deus

275 669 399 715 tuus
418 703 433 727 ,
462 658 603 715 Deus
628 659 826 722 celans.
856 659 1079 717 reddens
1101 657 1315 734 peccata
1343 672 1552 729 patrum
1572 663 1626 716 in
1653 661 1799 730 ﬁliis,
1823 662 1878 717 in

273 754 488 809 tertiam
518 764 567 808 et
592 765 830 828 quartam
857 757 1158 827 progeniem
1181 797 1195 822 ,
1220 756 1293 810 eis
1320 756 1405 825 qui
1433 755 1651 811 oderunt
1678 772 1759 812 me
1782 797 1796 822 ,
1830 768 1878 813 et

268 843 475 915 faciens
511 846 921 901 misericordiam
955 848 1008 901 in
1032 846 1260 902 millibus
1282 847 1364 902 his
1388 848 1478 919 qui
1504 847 1730 920 diligunt
1760 864 1840 904 me
1858 889 1873 915 ,

270 947 319 993 et
360 936 444 993 Itis
480 938 567 1011 qui
604 939 903 994 custodiunt
943 949 1203 1011 praecepta
1252 956 1367 1003 mea
1398 936 1565 1011 (Ibid.
1600 956 1632 994 v
1658 981 1673 1006 ,
1697 939 1778 1010 7).
1810 940 1877 996 Et

271 1029 394 1087 [nec
412 1030 550 1087 dicis
570 1031 751 1088 divina
772 1032 1026 1088 mandata
1044 1033 1302 1090 calcanda
1319 1051 1332 1087 :
1348 1032 1624 1105 Suscipite
1645 1033 1876 1090 idolola-

269 1123 433 1182 triam
453 1140 651 1195 meam,
674 1126 1035 1198 derelinquite
1053 1126 1249 1192 Deum,
1274 1127 1563 1183 interﬁcite
1595 1127 1872 1183 inimicum
1906 1184 1907 1187 η

266 1232 454 1274 meum
475 1259 490 1284 ,
523 1234 629 1273 non
664 1218 759 1275 Dei
782 1261 798 1286 ,
842 1219 1221 1288 Athanasium,
1252 1235 1360 1291 quo
1390 1220 1613 1291 possitis
1634 1220 1873 1276 inveniri

266 1310 416 1366 inter
440 1326 536 1367 eos
563 1356 578 1379 ,
620 1311 711 1382 qui
734 1312 973 1368 oderunt
1001 1314 1168 1369 Deum
1192 1355 1207 1380 ,
1236 1315 1436 1385 quibus
1474 1314 1784 1384 promiserit
1812 1328 1873 1370 se

262 1405 320 1461 in
356 1408 573 1463 tertiam
604 1418 660 1463 et
687 1418 935 1478 quartam
976 1408 1292 1480 progeniem
1336 1408 1716 1476 redditurum;
1745 1407 1871 1464 date

261 1516 519 1573 operam,
553 1517 620 1558 ne
651 1517 774 1558 cum
799 1503 905 1558 illis
930 1502 1229 1575 diligamini
1260 1519 1288 1556 a
1317 1503 1455 1570 Deo,
1484 1512 1708 1574 propter
1734 1517 1871 1573 quos

260 1594 431 1673 dicit;
461 1594 684 1651 Faciens
707 1597 1119 1652 misericordiam
1148 1597 1202 1651 in
1238 1606 1265 1634 ει
1296 1597 1461 1651 millia
1498 1596 1581 1651 his
1623 1597 1712 1668 qui
1738 1596 1868 1651 dili-

258 1699 396 1763 gunt
418 1706 497 1745 me
511 1731 527 1757 ,
557 1699 605 1744 et
631 1691 710 1744 his
724 1692 813 1762 qui
829 1690 1126 1746 custodiunt
1142 1702 1402 1765 praecepta
1416 1708 1529 1746 mea
1552 1689 1720 1763 (Ibid.
1748 1688 1862 1762 10).

1985 468 2149 543 (Ibid.
2182 468 2261 541 5).
2294 468 2349 527 Si
2377 485 2486 525 non
2517 485 2609 538 es,
2640 468 2962 538 Constanti,
2990 485 3221 528 currens
3250 488 3373 528 cum
3412 474 3584 532 male.

1982 565 2143 622 dictis
2164 608 2179 633 ,
2218 581 2320 623 cur
2361 580 2467 621 non
2508 565 2779 622 mandatis
2805 566 2897 624 Dei
2922 566 3069 624 servi
3091 568 3321 639 paruisti
3342 568 3588 642 Moysis?

1981 656 2092 715 Cur
2115 674 2237 715 cum
2266 659 2362 716 ille
2401 658 2587 728 dicat,
2619 658 2832 717 duobus
2865 660 3107 723 tribusve
3144 662 3375 718 testibus
3415 662 3583 720 etiam

1982 752 2323 809 idololatram
2369 755 2551 825 perire
2573 795 2590 822 ,
2634 762 2694 809 tu
2735 768 2840 811 nec
2871 754 3094 827 quidem
3125 756 3458 814 audientiam
3486 774 3583 815 vo-

1979 845 2145 902 lueris
2170 846 2403 917 praeberi
2435 848 2557 902 viro
2587 848 2703 903 Deo
2730 847 2914 904 dicato
2937 890 2953 916 ,
2978 850 3139 921 eique
3168 865 3371 923 negare
3396 850 3573 909 iecisti

1980 940 2307 997 audientiam
2330 982 2345 1007 ,
2373 941 2459 997 cui
2492 942 2567 997 sis
2598 941 2830 998 traditus
2860 957 2890 997 a
2910 943 3067 1000 Deo?
3098 944 3183 1012 ei,
3217 943 3466 1017 inquam,
3492 949 3580 1004 cui

1978 1034 2023 1090 si
2045 1034 2192 1106 justa
2218 1034 2533 1092 defendenti
2562 1035 2866 1102 restiteris,
2898 1045 3075 1093 morte
3096 1038 3236 1094 mori
3262 1038 3452 1109 jussus
3475 1054 3573 1099 ore

1978 1128 2147 1185 fueris
2187 1129 2422 1202 Moysis?
2454 1128 2526 1187 Ut
2565 1130 2709 1187 enim
2744 1129 2953 1202 judicia
2993 1131 3297 1189 sacerdotis
3326 1143 3582 1191 maneant

1978 1223 2235 1281 inviolata
2262 1265 2280 1295 ,
2327 1222 2461 1279 dicit
2511 1224 2633 1280 sic:
2680 1223 2987 1296 Exsurgens
3025 1218 3273 1281 ascendas
3312 1227 3366 1281 in
3407 1227 3581 1283 locum

1975 1335 2339 1403 quemcumque
2363 1316 2391 1355 ἀ
2419 1318 2627 1390 elegerit
2647 1317 2904 1373 Dominus
2927 1317 3069 1374 Deus
3099 1328 3219 1375 tuus
3238 1319 3468 1375 invocari
3487 1337 3582 1377 no-

1975 1427 2091 1465 men
2124 1414 2235 1484 ejus
2266 1410 2372 1466 ibi:
2404 1420 2449 1465 et
2482 1411 2688 1482 loquere
2720 1419 2744 1448 ε
2772 1408 2841 1464 ad
2870 1409 3163 1467 sacerdotes
3187 1455 3202 1480 ,
3238 1411 3419 1468 levitas
3441 1452 3458 1481 ,
3489 1422 3581 1469 aut

1974 1502 2043 1557 ad
2055 1503 2329 1576 judicem,
2352 1502 2663 1572 quicumque
2693 1506 2863 1573 factus
2893 1503 3051 1574 fuerit
3074 1504 3127 1558 in
3161 1503 3341 1560 diebus
3370 1504 3507 1560 illis:
3530 1516 3580 1560 et

1972 1598 2292 1669 requirentes
2319 1596 2628 1652 nuntiabunt
2659 1595 2751 1651 tibi
2776 1596 3047 1670 judicium
3075 1639 3089 1663 ,
3130 1608 3177 1654 et
3202 1600 3363 1670 facies
3393 1616 3579 1656 secun-

1973 1690 2097 1745 dum
2124 1707 2273 1746 omne
2295 1700 2606 1763 praeceptum
2645 1688 3001 1763 quodcumque
3034 1693 3386 1747 nuntiaverint
3421 1691 3514 1747 tibi
3550 1735 3565 1761 ,

259 1779 578 1853 Conspicis,
612 1782 1038 1853 prudentissime
1060 1785 1381 1855 imperator,
1412 1784 1515 1840 hoc
1543 1784 1635 1840 tibi
1666 1784 1865 1841 bonum
1898 1789 1945 1851 Β
1972 1785 2059 1856 qui
2085 1793 2205 1838 sunt
2233 1785 2283 1839 in
2313 1784 2427 1839 loco
2460 1784 2552 1839 illo
2572 1826 2585 1850 ,
2617 1784 2669 1837 in
2696 1799 2796 1852 quo
2818 1783 2971 1855 elegit
3000 1781 3257 1839 Dominus
3280 1783 3419 1841 Deus
3452 1794 3575 1841 tuus

257 1876 468 1942 videri,
502 1877 646 1948 quod
668 1879 741 1933 sit
767 1879 994 1947 malum,
1018 1888 1074 1936 et
1102 1879 1208 1937 hoc
1231 1879 1434 1935 malum
1466 1878 1610 1951 quod
1643 1880 1864 1935 bonum.

258 1971 375 2025 Aut
403 1970 627 2041 negabis
660 1972 860 2027 bonum
888 2013 903 2039 ,
938 1982 1031 2029 aut
1060 1973 1283 2045 negabis
1308 1973 1459 2029 bona
1488 1984 1539 2030 te
1570 1974 1712 2030 mala
1744 1988 1870 2030 esse

261 2063 613 2134 intelligere?
639 2075 694 2121 et
720 2066 858 2123 mala
883 2068 1023 2123 bona
1049 2068 1095 2123 si
1120 2083 1307 2140 negas,
1337 2069 1631 2140 responde.
1658 2069 1867 2125 Bonum

260 2168 352 2214 est
371 2146 637 2215 damnare
664 2159 1036 2228 innocentem,
1062 2177 1129 2217 an
1164 2161 1400 2218 malum?
1427 2162 1632 2218 bonum
1663 2172 1746 2219 est
1772 2162 1871 2219 de-

259 2251 577 2323 relinquere
606 2252 870 2321 Deum,et
891 2254 971 2311 ire
994 2264 1119 2326 post
1137 2255 1524 2323 idololatrian],
1540 2272 1608 2312 an
1628 2256 1868 2312 malum?

256 2344 320 2402 Si
348 2344 558 2402 dixeris
591 2348 792 2403 malum
815 2392 830 2417 ,
864 2347 1079 2405 dicetur
1118 2349 1213 2404 tibi
1245 2365 1275 2405 a
1304 2349 1495 2406 nobis:
1528 2348 1635 2405 Cur
1660 2349 1775 2406 haec
1808 2359 1864 2405 tu

258 2438 408 2511 geris
421 2440 443 2492 i
458 2439 659 2496 lterum
677 2440 877 2496 clamat
890 2442 942 2497 in
961 2441 1388 2498 Deuteronomio
1409 2442 1863 2515 Moyses,dicens:

258 2530 534 2590 Custodire
558 2531 585 2571 δ
612 2535 856 2590 mandata
880 2534 1089 2591 Domini
1121 2535 1219 2591 Dei
1246 2539 1323 2592 tui
1349 2578 1362 2605 ,
1398 2548 1446 2593 et
1468 2540 1786 2608 testimonia,
1818 2549 1867 2595 et

248 2628 657 2700 justiﬁcationes
675 2647 1021 2702 quascumque
1045 2632 1308 2687 mandavit
1331 2634 1421 2688 tibi
1436 2651 1456 2689 :
1478 2644 1526 2689 et
1546 2635 1704 2703 facies
1725 2637 1866 2705 quod

260 2723 516 2795 placitum
551 2734 669 2793 est,
709 2735 758 2780 et
800 2728 941 2799 quod
988 2726 1179 2783 bonum
1222 2739 1341 2784 ante
1376 2727 1660 2785 Dominum
1698 2730 1865 2787 Deum

260 2828 433 2886 tuum,
456 2830 509 2875 ut
534 2820 754 2892 beneﬁat
782 2822 872 2877 tibi
890 2838 909 2877 :
936 2832 984 2877 et
1011 2824 1227 2878 intrabis
1249 2866 1263 2889 ,
1297 2834 1343 2879 et
1369 2824 1672 2882 hwreditate
1694 2827 1865 2898 possi-

261 2911 407 2967 debis
447 2922 638 2969 terram
667 2915 854 2969 bonam
880 2957 893 2978 ,
923 2932 1080 2987 quam
1110 2917 1309 2987 juravit
1339 2916 1595 2987 Dominus
1626 2920 1864 2988 patribus

257 3006 446 3059 restria
494 3003 602 3078 (Ib.
637 3022 689 3061 vr
714 3046 730 3073 ,
772 3006 885 3079 l7).
918 3007 987 3063 Et
1014 3017 1071 3063 tu
1111 3009 1387 3065 haec'esse
1425 3009 1566 3066 bona
1601 3010 1816 3083 elegisti
1844 3053 1860 3080 ,

258 3096 381 3154 haec
412 3098 523 3154 Deo
553 3101 750 3171 placita
779 3142 793 3166 ,
827 3111 886 3157 ut
908 3102 961 3158 in
991 3103 1379 3159 contumeliam
1409 3103 1529 3175 ejus
1559 3104 1863 3176 majestatis

1974 1876 2202 1933 invocari
2243 1894 2428 1934 nomen
2468 1879 2612 1934 illius
2654 1880 2763 1948 ibi,
2807 1890 2856 1935 et
2881 1880 3090 1936 observa
3120 1890 3168 1937 te
3196 1881 3386 1937 nimis:
3415 1882 3577 1954 facies

1972 1971 2259 2026 secundum
2298 1973 2472 2027 omnia
2498 1989 2831 2044 quaecumque
2858 1976 3239 2030 constituerunt
3271 1974 3290 2013 ί
3327 1975 3455 2042 tibi;
3491 1993 3577 2030 se-

1971 2065 2200 2121 cundum
2240 2067 2443 2137 legem,
2485 2076 2531 2121 et
2566 2069 2847 2123 secundum
2877 2068 3182 2141 judicium,
3222 2068 3577 2140 quodcumque

1972 2159 2195 2215 dixerint
2222 2202 2237 2227 ,
2267 2161 2430 2232 facies
2454 2177 2472 2216 :
2500 2177 2603 2216 non
2630 2161 2913 2216 declinabis
2938 2178 2970 2216 a
2998 2164 3150 2217 verbo
3174 2203 3190 2227 ,
3219 2162 3578 2236 quodcumque

1952 2254 2315 2321 ,nuntiaverint
2338 2256 2429 2310 tibi
2451 2298 2467 2325 ,
2502 2256 2659 2327 facies
2687 2256 3045 2328 quodcumque
3068 2257 3414 2315 indicaverint
3443 2258 3532 2313 tibi
3557 2299 3573 2327 ,

1970 2363 2074 2401 non
2104 2347 2386 2402 declinabis
2414 2348 2596 2404 dextra
2625 2359 2716 2405 aut
2741 2350 2988 2405 sinistra:
3014 2360 3060 2405 et
3090 2351 3243 2406 homo
3269 2352 3575 2425 quicumque

1970 2443 2147 2515 fecerit
2170 2444 2222 2498 in
2244 2442 2486 2513 superbia
2508 2486 2523 2510 ,
2554 2461 2618 2499 ne
2645 2445 2827 2500 audiat
2871 2444 3166 2501 sacerdotes
3194 2456 3423 2502 astantes
3450 2448 3574 2519 ofﬁ-

1970 2537 2050 2591 cia
2076 2535 2312 2591 exhibere
2337 2537 2391 2590 in
2420 2537 2627 2593 nomine
2658 2536 2871 2591 Domini
2897 2534 3017 2601 Dei,
3044 2546 3133 2593 aut
3151 2537 3391 2613 judicem
3416 2579 3431 2605 ,
3458 2539 3574 2610 qui-

1968 2647 2184 2700 cumque
2225 2632 2380 2700 fuerit
2423 2632 2478 2686 in
2518 2632 2696 2687 diebus
2724 2633 2830 2687 illis
2854 2673 2871 2700 ,
2902 2633 3152 2688 morietur
3181 2633 3333 2688 homo
3362 2632 3454 2688 ille
3478 2674 3494 2700 ,
3524 2644 3573 2690 et

1969 2724 2117 2778 tolles
2142 2723 2338 2778 malum
2366 2724 2429 2778 de
2454 2724 2643 2788 Israel,
2673 2736 2718 2780 et
2741 2724 2909 2780 omnis
2936 2725 3164 2796 populus
3185 2726 3400 2780 audiens
3423 2727 3573 2780 time-

1968 2800 2040 2870 bit
2072 2857 2086 2883 ,
2119 2827 2294 2871 etnon
2322 2817 2482 2888 impie
2510 2826 2627 2891 aget
2660 2819 2797 2872 ultra
2826 2816 2990 2890 (Ibid.
3025 2816 3102 2889 8).
3135 2817 3242 2873 Sed
3269 2818 3443 2884 dicis;
3470 2819 3576 2874 isto

1966 2912 2020 2969 in
2053 2912 2172 2969 loco
2199 2913 2312 2969 Deo
2337 2913 2725 2970 devotissimus
2757 2913 2975 2984 Moyses
3004 2911 3284 2985 quomodo
3309 2912 3569 2969 sacerdo-

1967 3012 2079 3061 tum
2102 3004 2231 3062 fecit
2262 3006 2595 3063 mentionem
2627 3048 2644 3074 ,
2684 3005 2767 3062 sic
2795 3014 2848 3061 et
2870 3004 3093 3075 judicis.
3122 3003 3297 3061 Proba
3328 3014 3382 3061 te
3409 2994 3574 3076 super

1965 3113 2068 3155 nos
2112 3097 2317 3154 factum
2355 3098 2594 3170 judicem
2624 3138 2641 3166 ,
2678 3097 2851 3170 proba
2891 3098 2958 3154 ad
2999 3096 3104 3154 hoc
3134 3106 3187 3153 te
3215 3097 3571 3153 constitutum

258 3189 574 3248 idololatria
599 3194 849 3249 lirtnetur
884 3210 985 3265 per
1008 3196 1081 3251 tui
1113 3196 1264 3268 regni
1292 3196 1545 3252 virtutem
1573 3238 1586 3261 ,
1619 3207 1673 3252 et
1694 3199 1856 3269 jugu-
1886 3202 1932 3265 ο
1963 3192 2450 3264 imperatorem,ut
2476 3209 2574 3249 nos
2594 3193 2882 3249 armistuis
2901 3192 2967 3247 ad
2991 3207 3209 3248 omnem
3232 3190 3566 3263 implendam

256 3285 447 3342 lentur
470 3286 549 3355 bi,
570 3287 677 3357 ,qui
702 3303 763 3344 se
786 3289 904 3360 ejus
934 3289 1137 3346 fuerint
1160 3291 1397 3347 confessi
1430 3290 1690 3348 cultores.
1723 3290 1863 3346 Ecce

256 3394 375 3452 ego,
402 3378 535 3435 dicit
555 3380 789 3452 Moyses,
815 3383 936 3438 dedi
966 3393 1084 3439 ante
1108 3393 1439 3455 conspectum
1461 3394 1686 3439 vestrum
1706 3385 1861 3442 hodie

257 3473 669 3531 benedictionem
714 3488 762 3532 et
810 3478 1265 3535 maledictionem:
1307 3480 1713 3537 benedictionem
1750 3523 1766 3549 ,
1815 3486 1861 3537 si

253 3568 529 3625 audieritis
544 3571 791 3626 mandata
814 3570 1031 3627 Domini
1061 3572 1160 3628 Dei
1184 3574 1338 3629 vestri
1362 3616 1377 3639 ,
1408 3590 1741 3646 quiscumque
1767 3590 1859 3647 ego

254 3663 449 3717 mando
470 3666 611 3719 vobis
641 3665 794 3720 hodie
820 3664 925 3737 (Ib.
958 3682 1010 3722 ιι
1033 3706 1049 3734 ,
1077 3666 1196 3738 26).
1233 3666 1370 3723 Cum
1399 3667 1585 3739 itaque
1621 3667 1699 3723 illi
1748 3667 1860 3723 sint

252 3753 538 3812 benedicti
580 3756 672 3828 qui
717 3759 1066 3815 innocentem
1112 3774 1221 3815 non
1257 3760 1367 3817 sint
1407 3760 1700 3830 punientes
1726 3802 1740 3827 ,
1773 3758 1857 3817 illi

255 3848 475 3905 Domini
504 3861 787 3908 servantes
817 3853 1069 3909 mandata
1096 3896 1112 3923 ,
1151 3856 1243 3927 qui
1262 3855 1563 3912 inauditum
1594 3856 1855 3922 damnare

252 3944 538 4003 noluerint
570 3989 584 4013 ,
627 3958 686 4002 tu
728 3949 1002 4019 quomodo
1045 3961 1096 4007 te
1124 3951 1468 4007 benedictum
1503 3959 1661 4024 putas
1684 3992 1701 4020 ,
1729 3966 1854 4009 cum

251 4053 354 4112 per
389 4055 528 4111 opus
555 4050 703 4098 tuum
737 4051 788 4099 te
829 4047 1029 4113 probes
1054 4044 1199 4103 inter
1229 4045 1552 4103 maledictos
1578 4047 1849 4101 constitu-

254 4132 417 4187 tum?
453 4142 550 4190 aut
592 4136 638 4189 si
669 4150 777 4191 non
812 4136 952 4193 inter
987 4138 1307 4195 maledictos
1346 4155 1406 4196 es
1433 4182 1448 4206 ,
1485 4155 1583 4196 cur
1610 4140 1850 4212 Moysem

249 4229 470 4299 spernis
508 4229 829 4287 dicentem?
868 4231 929 4288 Si
970 4243 1144 4288 autem
1183 4235 1475 4288 iiweniatur
1504 4235 1559 4289 in
1588 4247 1636 4290 te
1661 4236 1714 4289 in
1746 4251 1854 4289 una

247 4321 517 4377 civitatum
541 4333 781 4390 tuarum,
813 4342 942 4396 quas
972 4324 1226 4380 Dominus
1249 4325 1391 4381 Deus
1420 4336 1539 4393 tuus
1565 4328 1707 4382 dabit
1736 4327 1849 4395 tibi,

248 4415 332 4470 uir
368 4424 460 4468 aut
500 4416 686 4471 mulier
724 4417 812 4487 qui
856 4418 1033 4488 fecerit
1076 4419 1365 4492 malignum
1401 4430 1525 4475 ante
1573 4420 1851 4475 Dominum

249 4505 424 4561 Deum
450 4519 612 4573 tuum,
631 4511 854 4565 transire
877 4512 934 4565 in
972 4522 993 4550 “-
1026 4522 1384 4569 testamentum
1410 4516 1547 4583 ejus,
1578 4525 1625 4569 et
1646 4516 1853 4570 venien-

1966 3288 2303 3345 voluntatem
2339 3288 2502 3345 amici
2545 3290 2620 3344 tui
2659 3287 2861 3344 diaboli
2890 3290 3255 3359 perduceres;
3283 3304 3406 3344 cum
3439 3303 3568 3357 pro-

1964 3382 2095 3439 bare
2123 3398 2231 3437 non
2266 3383 2441 3453 possis
2463 3382 2587 3453 quia
2617 3391 2945 3452 praeceptum
2978 3383 3050 3437 sit
3081 3382 3207 3450 tibi,
3244 3397 3352 3437 non
3385 3382 3563 3438 solum

1965 3489 2071 3531 non
2110 3475 2382 3531 dominari
2424 3475 2701 3545 episcopis
2724 3514 2741 3541 ,
2778 3473 2877 3531 sed
2917 3483 2975 3530 et
3009 3474 3084 3529 ita
3113 3488 3304 3529 eorum
3340 3472 3571 3530 obedire

1961 3571 2178 3627 statutis
2198 3612 2215 3639 ,
2246 3578 2311 3626 ut
2335 3571 2382 3627 si
2420 3570 2744 3628 subvertere
2774 3585 2966 3627 eorum
2996 3568 3219 3626 decreta
3246 3569 3568 3638 tentaveris,

1960 3664 2008 3720 si
2031 3662 2204 3720 fueris
2231 3664 2287 3720 in
2316 3663 2571 3735 superbia
2595 3663 3048 3735 comprehensus,
3079 3673 3255 3719 morte
3281 3662 3422 3719 mori
3439 3661 3558 3732 jus-

1959 3772 2053 3816 sus
2093 3759 2192 3815 sis.
2214 3758 2504 3827 Quomodo
2533 3757 2718 3814 dicere
2750 3757 2958 3829 poteris
2983 3797 3000 3824 ,
3029 3756 3282 3827 judicare
3321 3764 3373 3812 te
3400 3769 3567 3827 posse

1959 3854 2027 3912 de
2051 3854 2325 3927 episcopis
2349 3894 2366 3921 ,
2403 3853 2601 3925 quibus
2622 3853 2733 3927 (nisi
2764 3852 3038 3909 obedieris
3064 3891 3080 3915 .
3111 3851 3224 3922 jam
3251 3892 3266 3915 ,
3298 3859 3562 3921 quantum

1958 3948 2100 4018 apud
2134 3948 2532 4013 Deum,mortis
2560 3962 2719 4018 pmna
2750 3946 2922 4003 lueris
2952 3944 3259 4000 multatus?
3286 3944 3421 4001 Cum
3448 3942 3566 4000 lucc

1958 4042 2032 4098 ita
2064 4042 2213 4107 sint,
2267 4052 2323 4096 tu
2366 4042 2459 4112 qui
2501 4056 2563 4098 es
2604 4039 2869 4112 profanus
2893 4081 2909 4105 ,
2946 4039 3016 4095 ad
3051 4038 3148 4094 Dei
3177 4039 3517 4095 domesticos
3543 4079 3561 4105 ,

1955 4152 2128 4208 quare
2157 4136 2317 4192 istam
2347 4138 2520 4191 sumis
2541 4136 2595 4191 in
2628 4134 2726 4192 Dei
2757 4133 3099 4190 sacerdotem
3132 4133 3517 4187 auctoritatem
3542 4130 3567 4187 ἲ

1956 4246 2079 4288 cum
2106 4231 2270 4288 etiam
2296 4234 2444 4301 ipsos
2467 4231 2685 4301 judices
2706 4229 2948 4293 Iudaeos,
2970 4236 3098 4283 tunc
3121 4226 3338 4295 quando
3359 4226 3415 4281 in
3440 4225 3560 4296 lege

1956 4323 2252 4379 manebant
2279 4323 2401 4389 Dei,
2437 4339 2506 4379 ex
2533 4338 2736 4394 genere
2764 4321 2973 4377 habere
3002 4319 3320 4390 permiserit
3346 4333 3469 4374 suo.
3500 4318 3563 4375 Si

1955 4417 2113 4485 enim,
2147 4416 2320 4484 inquit
2350 4416 2590 4488 Moyses,
2617 4416 2836 4479 dixeris,
2872 4414 3111 4471 Statuam
3134 4428 3294 4485 supra
3315 4429 3395 4468 me
3414 4413 3562 4480 prin-

1954 4512 2120 4582 cipem
2151 4520 2177 4560 κ
2205 4552 2222 4578 ,
2249 4510 2506 4582 quomodo
2538 4519 2585 4565 et
2611 4510 2826 4578 reliqute
2850 4518 3024 4582 gentes
3050 4551 3066 4577 ,
3094 4523 3210 4580 qute
3248 4508 3303 4563 in
3342 4507 3563 4563 circuitu

249 4610 326 4655 tes
356 4603 628 4658 servierint
652 4605 754 4659 diis
780 4605 967 4661 alienis
986 4648 1002 4672 ,
1034 4615 1081 4660 et
1110 4606 1442 4663 adoraveriut
1470 4624 1578 4673 eos,
1611 4619 1699 4663 aut
1729 4610 1846 4678 soli,
1881 4604 1929 4663 D
1955 4622 2067 4660 meo
2087 4622 2107 4661 :
2127 4608 2444 4661 constituens
2468 4604 2745 4661 constitues
2766 4620 2921 4674 super
2947 4614 2996 4658 te
3030 4604 3202 4675 ipsum
3230 4601 3519 4675 principem
3542 4643 3558 4669 ,

245 4704 345 4752 aut
371 4697 508 4752 luna:
530 4740 546 4763 ,
575 4711 666 4754 aut
691 4700 832 4753 omni
861 4741 877 4765 ,
925 4701 1015 4772 qui
1038 4711 1155 4756 sunt
1183 4702 1239 4757 in
1266 4702 1462 4757 mundo
1492 4703 1557 4757 de
1587 4704 1715 4758 cmlo
1741 4703 1848 4775 (Ib.

246 4804 367 4846 xvn
386 4831 402 4857 ,
425 4790 508 4860 2).
544 4791 612 4847 Et
641 4791 812 4848 infra:
849 4792 1117 4850 Produces
1146 4795 1309 4849 virum
1333 4796 1519 4861 illum,
1548 4807 1639 4851 aut
1666 4798 1853 4852 mulie-

246 4900 362 4939 rem
382 4886 552 4951 illam,
572 4894 619 4940 et
634 4885 938 4958 lapidabitis
961 4903 1045 4942 eos
1062 4888 1118 4942 in
1149 4887 1414 4957 lapidibus
1428 4931 1443 4955 ,
1465 4898 1512 4944 et
1537 4890 1851 4947 morientur:

244 4979 301 5034 in
339 4979 541 5035 duobus
582 4980 797 5037 testibus
822 5023 836 5045 ,
871 4991 961 5035 aut
990 4982 1045 5036 in
1073 4982 1235 5038 tribus
1273 4985 1544 5040 morietur.
1578 4982 1811 5039 Moriens
1835 5028 1850 5051 ,

244 5089 350 5128 non
381 5076 633 5129 morietur
651 5075 707 5129 in
734 5090 836 5129 uno
857 5085 1018 5142 teste;
1046 5084 1093 5129 et
1122 5092 1308 5131 manus
1337 5079 1545 5133 testium
1570 5079 1666 5132 erit
1692 5094 1853 5149 super

242 5182 363 5221 eum
388 5166 444 5222 in
482 5168 668 5239 primis
689 5167 759 5223 ad
789 5168 1128 5224 occidendum
1154 5170 1308 5224 illum
1331 5211 1348 5238 ,
1389 5180 1436 5225 et
1469 5187 1652 5227 manus
1694 5172 1851 5227 totius

320 5339 347 5365 α
377 5328 546 5401 Paulo
583 5343 835 5401 superuis
862 5326 996 5384 dixit
1026 5329 1080 5383 in
1110 5328 1375 5395 millibus;
1406 5328 1492 5385 hic
1522 5329 1588 5386 ad
1619 5330 1797 5387 Graec.
1828 5371 1843 5396 ,

243 5399 718 5527 mbxlt’ilgacaifitodi
734 5489 754 5537 ;
776 5471 1077 5528 inﬁnitivus
1104 5488 1203 5543 pro
1232 5473 1577 5538 imperativo.
1615 5473 1719 5528 Til.
1748 5473 1850 5530 Sa—

245 5546 363 5602 bat.
396 5546 533 5620 legit
550 5546 844 5620 custodite;
875 5543 1057 5620 _G_r:ec.
1088 5552 1173 5601 est
1197 5546 1420 5620 φυλάξῃς
1464 5545 1557 5602 sed
1589 5544 1845 5603 mendum

244 5632 374 5674 esse
403 5617 661 5672 exiSIimo
681 5618 733 5671 in
763 5616 1061 5673 Parisiensi
1086 5616 1274 5672 nostra
1303 5616 1438 5672 edit.

324 5700 347 5728 ο
381 5687 633 5744 Transire
655 5698 1042 5762 testamentum.
1068 5689 1245 5746 Latin.
1293 5690 1517 5762 prOpius
1555 5689 1623 5746 ad
1665 5689 1842 5748 Graec.

244 5762 512 5873 stupentia
530 5767 621 5821 τήν
648 5759 900 5841 διαθήκην.

373 5833 553 5873 ﬂnhnl,
590 5836 900 5873 mmmrmmsb

373 5833 558 5891 Sabat.
590 5836 922 5903 quocumque;

1955 4715 2324 4769 quemcumque
2360 4700 2570 4771 elegerit
2611 4696 2869 4753 Dominus
2909 4698 3050 4753 Deus
3089 4707 3247 4765 tuus,
3288 4698 3459 4767 ipsum
3498 4696 3564 4751 de

1954 4795 2206 4867 fratribus
2220 4796 2403 4851 vestris
2420 4795 2725 4850 constitues:
2743 4810 2845 4849 non
2866 4793 3058 4867 poteris
3078 4792 3387 4848 constituere
3406 4806 3562 4863 super

1954 4898 2002 4944 te
2019 4889 2279 4944 hominem
2299 4890 2681 4963 alienigenam,
2710 4888 2956 4960 quoniam
2982 4903 3084 4943 non
3113 4896 3184 4942 est
3212 4887 3563 4957 fraterrester

1955 4979 2122 5054 (Ibid.
2154 4981 2267 5054 Μ).
2302 4981 2370 5036 Et
2395 4982 2772 5052 subsequitur,
2800 4995 2899 5038 cur
2924 4978 3163 5035 noluerit
3192 4977 3560 5048 alienigenam

1958 5075 2077 5133 ﬁeri
2103 5076 2429 5148 principem,
2456 5091 2526 5131 ne
2553 5076 2770 5131 scilicet
2798 5074 2865 5130 ad
2893 5083 3100 5131 sectam
3131 5087 3287 5129 suam
3321 5070 3563 5128 traheret

1954 5171 2117 5228 alios.
2152 5171 2454 5243 Propterea
2475 5170 2609 5227 dicit
2641 5188 2654 5224 :
2685 5167 2770 5225 Ne
2795 5167 2825 5207 ιι
2851 5178 3048 5225 revocet
3069 5183 3162 5223 nos
3183 5166 3236 5222 in
3266 5158 3561 5238 Egyptian

2029 5338 2052 5401 εξ
2078 5328 2280 5401 ιζεηὶεε.
2306 5329 2463 5385 Latin
2482 5342 2563 5401 ex
2592 5327 2785 5401 Graeco
2804 5328 3007 5401 ἐλεύσῃ.

2029 5398 2051 5438 τ
2080 5398 2450 5456 Constituerint
2477 5400 2646 5457 habet
2672 5399 2860 5456 Sabat.

2027 5481 2052 5518 κ
2087 5472 2251 5545 Vers.
2272 5480 2396 5528 Ant.
2427 5473 2685 5545 principes
2706 5486 2828 5527 eum
2851 5470 3043 5545 Grarco
3069 5482 3173 5545 ms.
3204 5467 3368 5545 Alex.
3394 5466 3553 5545 Luci-

1956 5544 2038 5601 fer
2064 5560 2187 5599 cum
2217 5543 2394 5600 Graec.
2426 5539 2527 5600 ius.
2562 5539 2739 5599 Oxon.
2774 5552 2830 5597 et
2854 5543 2983 5597 edit.
3024 5539 3147 5595 Ald.
3182 5555 3246 5596 ac
3275 5540 3553 5610 Complut.

1956 5614 2502 5667 anyowaﬁzrterum
2535 5615 2784 5667 aumdam
2810 5614 2915 5667 alia
2939 5614 3152 5667 variant
3175 5613 3228 5667 in
3257 5612 3362 5667 hoc
3384 5620 3553 5667 textu.

1955 5615 2023 5696 ἄρ
2074 5614 2502 5675 οντα.0;ιυιυι“υηι
2535 5615 2784 5687 quaedam
2810 5614 2915 5669 alia
2939 5614 3152 5668 variant
3175 5614 3228 5694 in
3257 5614 3362 5667 hoc
3384 5620 3555 5667 textu.

2028 5640 2354 5743 ἔυηιίιιίιυτ
2381 5688 2482 5742 hoc
2510 5686 2884 5743 testimonium
2914 5701 2942 5739 a
2966 5684 3179 5751 Sabat.;
3206 5692 3349 5740 mest
3374 5693 3554 5740 tamen

1955 5760 2132 5818 Graec.
2152 5759 2435 5829 Septuag.,
2454 5757 2597 5828 quod
2618 5772 2806 5829 parum
2820 5756 3003 5812 diﬂ'ert
3024 5770 3055 5813 a
3074 5756 3326 5815 versione
3352 5753 3554 5825 Lucil.,

1954 5838 2026 5906 μὴ
2051 5825 2483 5907 ἀποστμψῇτόί
2499 5825 2714 5890 λαὸν-εις
2749 5825 3011 5906 Αἴγυπτον.
3030 5918 3035 5921 Ι
