  <div class='ocr_page' id='page_1' title='image "/cluster/home/n/w/nwhite01/storage/ocr_20150623/13/hvd.32044015471295/421.png"; bbox 0 0 4042 6338; ppageno 0'>
   <div class='ocr_carea' id='block_1_1' title="bbox 571 273 676 335">
    <p class='ocr_par' dir='ltr' id='par_1_1' title="bbox 571 273 676 335">
     <span class='ocr_line' id='line_1_1' title="bbox 571 273 676 335; baseline -0.029 0"><span class='ocrx_word' id='word_1_1' title='bbox 571 273 676 335; x_wconf 73' lang='grc'><strong>881</strong></span> 
     </span>
    </p>
   </div>
   <div class='ocr_carea' id='block_1_2' title="bbox 572 386 2172 462">
    <p class='ocr_par' dir='ltr' id='par_1_2' title="bbox 572 386 2172 462">
     <span class='ocr_line' id='line_1_2' title="bbox 572 386 2172 462; baseline -0.001 -15"><span class='ocrx_word' id='word_1_2' title='bbox 572 402 635 447; x_wconf 85' lang='lat' dir='ltr'><strong>se</strong></span> <span class='ocrx_word' id='word_1_3' title='bbox 666 389 832 447; x_wconf 90' lang='lat' dir='ltr'><strong>Deum</strong></span> <span class='ocrx_word' id='word_1_4' title='bbox 860 386 1106 445; x_wconf 80' lang='lat' dir='ltr'><strong>futurum</strong></span> <span class='ocrx_word' id='word_1_5' title='bbox 1132 401 1256 445; x_wconf 90' lang='lat' dir='ltr'><strong>cum</strong></span> <span class='ocrx_word' id='word_1_6' title='bbox 1291 401 1611 445; x_wconf 83' lang='lat' dir='ltr'><strong>successore</strong></span> <span class='ocrx_word' id='word_1_7' title='bbox 1641 388 1865 462; x_wconf 84' lang='lat' dir='ltr'><strong>Moysis,</strong></span> <span class='ocrx_word' id='word_1_8' title='bbox 1896 387 2172 459; x_wconf 90' lang='lat' dir='ltr'><strong>quomodo</strong></span> 
     </span>
    </p>
   </div>
   <div class='ocr_carea' id='block_1_3' title="bbox 575 482 2172 557">
    <p class='ocr_par' dir='ltr' id='par_1_3' title="bbox 575 482 2172 557">
     <span class='ocr_line' id='line_1_3' title="bbox 575 482 2172 557; baseline -0.001 -16"><span class='ocrx_word' id='word_1_9' title='bbox 575 482 742 541; x_wconf 89' lang='lat' dir='ltr'><strong>fuerit</strong></span> <span class='ocrx_word' id='word_1_10' title='bbox 769 492 968 541; x_wconf 92' lang='lat' dir='ltr'><strong>etcum</strong></span> <span class='ocrx_word' id='word_1_11' title='bbox 991 482 1197 557; x_wconf 73' lang='lat' dir='ltr'><strong>Moyse,</strong></span> <span class='ocrx_word' id='word_1_12' title='bbox 1229 483 1275 539; x_wconf 90' lang='lat' dir='ltr'><strong>si</strong></span> <span class='ocrx_word' id='word_1_13' title='bbox 1303 483 1469 540; x_wconf 89' lang='lat' dir='ltr'><strong>modo</strong></span> <span class='ocrx_word' id='word_1_14' title='bbox 1489 498 1613 555; x_wconf 67' lang='lat' dir='ltr'><strong>qua:</strong></span> <span class='ocrx_word' id='word_1_15' title='bbox 1637 491 1766 539; x_wconf 86' lang='lat' dir='ltr'><strong>sunt</strong></span> <span class='ocrx_word' id='word_1_16' title='bbox 1792 483 1846 539; x_wconf 92' lang='lat' dir='ltr'><strong>in</strong></span> <span class='ocrx_word' id='word_1_17' title='bbox 1875 484 2015 539; x_wconf 90' lang='lat' dir='ltr'><strong>libro</strong></span> <span class='ocrx_word' id='word_1_18' title='bbox 2036 483 2172 555; x_wconf 97' lang='lat' dir='ltr'><strong>legis</strong></span> 
     </span>
    </p>
   </div>
   <div class='ocr_carea' id='block_1_4' title="bbox 573 576 2170 648">
    <p class='ocr_par' dir='ltr' id='par_1_4' title="bbox 573 576 2170 648">
     <span class='ocr_line' id='line_1_4' title="bbox 573 576 2170 648; baseline -0.003 -13"><span class='ocrx_word' id='word_1_19' title='bbox 573 577 777 647; x_wconf 88' lang='lat' dir='ltr'><strong>scripta</strong></span> <span class='ocrx_word' id='word_1_20' title='bbox 813 578 1133 634; x_wconf 75' lang='lat' dir='ltr'><strong>servaverit.</strong></span> <span class='ocrx_word' id='word_1_21' title='bbox 1184 576 1240 634; x_wconf 87' lang='lat' dir='ltr'><strong>Si</strong></span> <span class='ocrx_word' id='word_1_22' title='bbox 1270 576 1440 648; x_wconf 89' lang='lat' dir='ltr'><strong>igitur</strong></span> <span class='ocrx_word' id='word_1_23' title='bbox 1469 586 1527 632; x_wconf 92' lang='lat' dir='ltr'><strong>ut</strong></span> <span class='ocrx_word' id='word_1_24' title='bbox 1562 576 1678 633; x_wconf 74' lang='lat' dir='ltr'><strong>hzi-c</strong></span> <span class='ocrx_word' id='word_1_25' title='bbox 1708 590 1867 648; x_wconf 75' lang='lat' dir='ltr'><strong>geras</strong></span> <span class='ocrx_word' id='word_1_26' title='bbox 1907 576 2170 646; x_wconf 91' lang='lat' dir='ltr'><strong>scriptum</strong></span> 
     </span>
    </p>
   </div>
   <div class='ocr_carea' id='block_1_5' title="bbox 571 669 2172 747">
    <p class='ocr_par' dir='ltr' id='par_1_5' title="bbox 571 669 2172 747">
     <span class='ocr_line' id='line_1_5' title="bbox 571 669 2172 747; baseline -0.003 -18"><span class='ocrx_word' id='word_1_27' title='bbox 571 686 679 729; x_wconf 92' lang='lat' dir='ltr'><strong>non</strong></span> <span class='ocrx_word' id='word_1_28' title='bbox 709 669 982 728; x_wconf 80' lang='lat' dir='ltr'><strong>inveneris</strong></span> <span class='ocrx_word' id='word_1_29' title='bbox 1006 713 1022 738; x_wconf 91' lang='lat'><strong>,</strong></span> <span class='ocrx_word' id='word_1_30' title='bbox 1054 680 1159 727; x_wconf 73' lang='lat' dir='ltr'><strong>tua:</strong></span> <span class='ocrx_word' id='word_1_31' title='bbox 1188 670 1294 747; x_wconf 67' lang='lat' dir='ltr'><strong>erit</strong></span> <span class='ocrx_word' id='word_1_32' title='bbox 1322 670 1593 742; x_wconf 63' lang='lat' dir='ltr'><strong>aequitatis</strong></span> <span class='ocrx_word' id='word_1_33' title='bbox 1623 669 1840 725; x_wconf 88' lang='lat' dir='ltr'><strong>tandem</strong></span> <span class='ocrx_word' id='word_1_34' title='bbox 1887 669 2172 725; x_wconf 72' lang='lat' dir='ltr'><strong>advertere</strong></span> 
     </span>
    </p>
   </div>
   <div class='ocr_carea' id='block_1_6' title="bbox 570 761 2171 829">
    <p class='ocr_par' dir='ltr' id='par_1_6' title="bbox 570 761 2171 829">
     <span class='ocr_line' id='line_1_6' title="bbox 570 761 2171 829; baseline -0.002 -8"><span class='ocrx_word' id='word_1_35' title='bbox 570 765 851 823; x_wconf 81' lang='lat' dir='ltr'><strong>vobiscum</strong></span> <span class='ocrx_word' id='word_1_36' title='bbox 876 766 1095 821; x_wconf 86' lang='lat' dir='ltr'><strong>Arianis</strong></span> <span class='ocrx_word' id='word_1_37' title='bbox 1123 780 1231 820; x_wconf 92' lang='lat' dir='ltr'><strong>non</strong></span> <span class='ocrx_word' id='word_1_38' title='bbox 1260 778 1383 820; x_wconf 88' lang='lat' dir='ltr'><strong>esse</strong></span> <span class='ocrx_word' id='word_1_39' title='bbox 1413 764 1608 829; x_wconf 91' lang='lat' dir='ltr'><strong>Deum,</strong></span> <span class='ocrx_word' id='word_1_40' title='bbox 1640 762 1737 819; x_wconf 90' lang='lat' dir='ltr'><strong>sed</strong></span> <span class='ocrx_word' id='word_1_41' title='bbox 1764 762 1915 818; x_wconf 91' lang='lat' dir='ltr'><strong>illum</strong></span> <span class='ocrx_word' id='word_1_42' title='bbox 1940 762 1993 817; x_wconf 94' lang='lat' dir='ltr'><strong>in</strong></span> <span class='ocrx_word' id='word_1_43' title='bbox 2016 761 2171 818; x_wconf 86' lang='lat' dir='ltr'><strong>vobis</strong></span> 
     </span>
    </p>
   </div>
   <div class='ocr_carea' id='block_1_7' title="bbox 570 855 2170 931">
    <p class='ocr_par' dir='ltr' id='par_1_7' title="bbox 570 855 2170 931">
     <span class='ocr_line' id='line_1_7' title="bbox 570 855 2170 931; baseline -0.003 -15"><span class='ocrx_word' id='word_1_44' title='bbox 570 860 889 928; x_wconf 89' lang='lat' dir='ltr'><strong>mansitare,</strong></span> <span class='ocrx_word' id='word_1_45' title='bbox 919 860 1009 931; x_wconf 88' lang='lat' dir='ltr'><strong>qui</strong></span> <span class='ocrx_word' id='word_1_46' title='bbox 1034 859 1300 915; x_wconf 91' lang='lat' dir='ltr'><strong>manserit</strong></span> <span class='ocrx_word' id='word_1_47' title='bbox 1326 867 1381 915; x_wconf 91' lang='lat' dir='ltr'><strong>et</strong></span> <span class='ocrx_word' id='word_1_48' title='bbox 1403 858 1456 914; x_wconf 90' lang='lat' dir='ltr'><strong>in</strong></span> <span class='ocrx_word' id='word_1_49' title='bbox 1479 855 1633 914; x_wconf 90' lang='lat' dir='ltr'><strong>Cain.</strong></span> <span class='ocrx_word' id='word_1_50' title='bbox 1670 857 1803 927; x_wconf 65' lang='lat' dir='ltr'><strong>Quae</strong></span> <span class='ocrx_word' id='word_1_51' title='bbox 1834 866 1885 914; x_wconf 92' lang='lat' dir='ltr'><strong>te</strong></span> <span class='ocrx_word' id='word_1_52' title='bbox 1908 871 2075 912; x_wconf 82' lang='lat' dir='ltr'><strong>causa</strong></span> <span class='ocrx_word' id='word_1_53' title='bbox 2103 855 2170 911; x_wconf 88' lang='lat' dir='ltr'><strong>ad</strong></span> 
     </span>
    </p>
   </div>
   <div class='ocr_carea' id='block_1_8' title="bbox 570 950 2168 1024">
    <p class='ocr_par' dir='ltr' id='par_1_8' title="bbox 570 950 2168 1024">
     <span class='ocr_line' id='line_1_8' title="bbox 570 950 2168 1024; baseline -0.001 -16"><span class='ocrx_word' id='word_1_54' title='bbox 570 951 688 1009; x_wconf 68' lang='lat' dir='ltr'><strong>haec</strong></span> <span class='ocrx_word' id='word_1_55' title='bbox 708 994 724 1020; x_wconf 92' lang='lat'><strong>,</strong></span> <span class='ocrx_word' id='word_1_56' title='bbox 765 951 1048 1009; x_wconf 85' lang='lat' dir='ltr'><strong>Constanti</strong></span> <span class='ocrx_word' id='word_1_57' title='bbox 1076 993 1092 1020; x_wconf 92' lang='lat'><strong>,</strong></span> <span class='ocrx_word' id='word_1_58' title='bbox 1128 952 1343 1024; x_wconf 91' lang='lat' dir='ltr'><strong>impulit</strong></span> <span class='ocrx_word' id='word_1_59' title='bbox 1372 950 1630 1024; x_wconf 85' lang='lat' dir='ltr'><strong>gerenda,</strong></span> <span class='ocrx_word' id='word_1_60' title='bbox 1666 960 1724 1007; x_wconf 91' lang='lat' dir='ltr'><strong>ut</strong></span> <span class='ocrx_word' id='word_1_61' title='bbox 1747 951 1989 1023; x_wconf 88' lang='lat' dir='ltr'><strong>potentia</strong></span> <span class='ocrx_word' id='word_1_62' title='bbox 2018 950 2168 1022; x_wconf 88' lang='lat' dir='ltr'><strong>regni</strong></span> 
     </span>
    </p>
   </div>
   <div class='ocr_carea' id='block_1_9' title="bbox 569 1046 2167 1120">
    <p class='ocr_par' dir='ltr' id='par_1_9' title="bbox 569 1046 2167 1120">
     <span class='ocr_line' id='line_1_9' title="bbox 569 1046 2167 1120; baseline -0.003 -16"><span class='ocrx_word' id='word_1_63' title='bbox 569 1048 646 1104; x_wconf 93' lang='lat' dir='ltr'><strong>tui</strong></span> <span class='ocrx_word' id='word_1_64' title='bbox 685 1046 752 1103; x_wconf 88' lang='lat' dir='ltr'><strong>ad</strong></span> <span class='ocrx_word' id='word_1_65' title='bbox 785 1056 992 1103; x_wconf 84' lang='lat' dir='ltr'><strong>tantam</strong></span> <span class='ocrx_word' id='word_1_66' title='bbox 1021 1046 1320 1120; x_wconf 89' lang='lat' dir='ltr'><strong>perductus</strong></span> <span class='ocrx_word' id='word_1_67' title='bbox 1356 1046 1666 1117; x_wconf 90' lang='lat' dir='ltr'><strong>superbiam</strong></span> <span class='ocrx_word' id='word_1_68' title='bbox 1722 1047 2008 1102; x_wconf 85' lang='lat' dir='ltr'><strong>statuisses</strong></span> <span class='ocrx_word' id='word_1_69' title='bbox 2043 1060 2167 1100; x_wconf 90' lang='lat' dir='ltr'><strong>eum</strong></span> 
     </span>
    </p>
   </div>
   <div class='ocr_carea' id='block_1_10' title="bbox 572 1138 2168 1211">
    <p class='ocr_par' dir='ltr' id='par_1_10' title="bbox 572 1138 2168 1211">
     <span class='ocr_line' id='line_1_10' title="bbox 572 1138 2168 1211; baseline 0 -14"><span class='ocrx_word' id='word_1_70' title='bbox 572 1139 876 1197; x_wconf 90' lang='lat' dir='ltr'><strong>necandum</strong></span> <span class='ocrx_word' id='word_1_71' title='bbox 903 1182 919 1206; x_wconf 94' lang='lat'><strong>,</strong></span> <span class='ocrx_word' id='word_1_72' title='bbox 951 1156 1112 1211; x_wconf 82' lang='lat' dir='ltr'><strong>quem</strong></span> <span class='ocrx_word' id='word_1_73' title='bbox 1147 1140 1292 1196; x_wconf 90' lang='lat' dir='ltr'><strong>Deus</strong></span> <span class='ocrx_word' id='word_1_74' title='bbox 1328 1140 1435 1197; x_wconf 92' lang='lat' dir='ltr'><strong>sibi</strong></span> <span class='ocrx_word' id='word_1_75' title='bbox 1480 1142 1531 1195; x_wconf 92' lang='lat' dir='ltr'><strong>in</strong></span> <span class='ocrx_word' id='word_1_76' title='bbox 1576 1139 1903 1196; x_wconf 85' lang='lat' dir='ltr'><strong>sacerdotali</strong></span> <span class='ocrx_word' id='word_1_77' title='bbox 1953 1138 2168 1197; x_wconf 86' lang='lat' dir='ltr'><strong>honore</strong></span> 
     </span>
    </p>
   </div>
   <div class='ocr_carea' id='block_1_11' title="bbox 570 1231 2168 1306">
    <p class='ocr_par' dir='ltr' id='par_1_11' title="bbox 570 1231 2168 1306">
     <span class='ocr_line' id='line_1_11' title="bbox 570 1231 2168 1306; baseline -0.001 -17"><span class='ocrx_word' id='word_1_78' title='bbox 570 1232 840 1306; x_wconf 87' lang='lat' dir='ltr'><strong>elegerit?</strong></span> <span class='ocrx_word' id='word_1_79' title='bbox 875 1232 993 1289; x_wconf 87' lang='lat' dir='ltr'><strong>Non</strong></span> <span class='ocrx_word' id='word_1_80' title='bbox 1025 1233 1312 1290; x_wconf 86' lang='lat' dir='ltr'><strong>inveneras</strong></span> <span class='ocrx_word' id='word_1_81' title='bbox 1342 1233 1394 1288; x_wconf 93' lang='lat' dir='ltr'><strong>in</strong></span> <span class='ocrx_word' id='word_1_82' title='bbox 1427 1232 1606 1304; x_wconf 92' lang='lat' dir='ltr'><strong>primo</strong></span> <span class='ocrx_word' id='word_1_83' title='bbox 1636 1232 1946 1304; x_wconf 86' lang='lat' dir='ltr'><strong>Regnorum</strong></span> <span class='ocrx_word' id='word_1_84' title='bbox 1971 1242 1998 1271; x_wconf 79' lang='grc' dir='ltr'><strong>ιι</strong></span> <span class='ocrx_word' id='word_1_85' title='bbox 2027 1231 2168 1289; x_wconf 90' lang='lat' dir='ltr'><strong>libro</strong></span> 
     </span>
    </p>
   </div>
   <div class='ocr_carea' id='block_1_12' title="bbox 566 1326 2166 1400">
    <p class='ocr_par' dir='ltr' id='par_1_12' title="bbox 566 1326 2166 1400">
     <span class='ocr_line' id='line_1_12' title="bbox 566 1326 2166 1400; baseline -0.003 -15"><span class='ocrx_word' id='word_1_86' title='bbox 566 1328 879 1398; x_wconf 82' lang='lat' dir='ltr'><strong>scriptum?</strong></span> <span class='ocrx_word' id='word_1_87' title='bbox 928 1326 1051 1382; x_wconf 83' lang='lat' dir='ltr'><strong>Non</strong></span> <span class='ocrx_word' id='word_1_88' title='bbox 1081 1326 1108 1366; x_wconf 70' lang='grc' dir='ltr'>δ</span> <span class='ocrx_word' id='word_1_89' title='bbox 1131 1328 1385 1400; x_wconf 79' lang='lat' dir='ltr'><strong>glorietur</strong></span> <span class='ocrx_word' id='word_1_90' title='bbox 1412 1328 1620 1398; x_wconf 79' lang='lat' dir='ltr'><strong>sapiens</strong></span> <span class='ocrx_word' id='word_1_91' title='bbox 1665 1326 1718 1381; x_wconf 88' lang='lat' dir='ltr'><strong>in</strong></span> <span class='ocrx_word' id='word_1_92' title='bbox 1748 1328 2002 1398; x_wconf 79' lang='lat' dir='ltr'><strong>sapientia</strong></span> <span class='ocrx_word' id='word_1_93' title='bbox 2031 1343 2127 1381; x_wconf 90' lang='lat' dir='ltr'><strong>sua</strong></span> <span class='ocrx_word' id='word_1_94' title='bbox 2151 1367 2166 1394; x_wconf 91' lang='lat'><strong>,</strong></span> 
     </span>
    </p>
   </div>
   <div class='ocr_carea' id='block_1_13' title="bbox 568 1419 2165 1494">
    <p class='ocr_par' dir='ltr' id='par_1_13' title="bbox 568 1419 2165 1494">
     <span class='ocr_line' id='line_1_13' title="bbox 568 1419 2165 1494; baseline -0.003 -18"><span class='ocrx_word' id='word_1_95' title='bbox 568 1438 732 1493; x_wconf 87' lang='lat' dir='ltr'><strong>neque</strong></span> <span class='ocrx_word' id='word_1_96' title='bbox 756 1422 1005 1493; x_wconf 78' lang='lat' dir='ltr'><strong>glorietur</strong></span> <span class='ocrx_word' id='word_1_97' title='bbox 1031 1430 1209 1493; x_wconf 89' lang='lat' dir='ltr'><strong>potens</strong></span> <span class='ocrx_word' id='word_1_98' title='bbox 1235 1421 1289 1475; x_wconf 89' lang='lat' dir='ltr'><strong>in</strong></span> <span class='ocrx_word' id='word_1_99' title='bbox 1315 1420 1502 1475; x_wconf 83' lang='lat' dir='ltr'><strong>virtute</strong></span> <span class='ocrx_word' id='word_1_100' title='bbox 1528 1438 1623 1475; x_wconf 88' lang='lat' dir='ltr'><strong>sua</strong></span> <span class='ocrx_word' id='word_1_101' title='bbox 1649 1462 1663 1486; x_wconf 93' lang='lat'><strong>,</strong></span> <span class='ocrx_word' id='word_1_102' title='bbox 1714 1436 1875 1491; x_wconf 87' lang='lat' dir='ltr'><strong>neque</strong></span> <span class='ocrx_word' id='word_1_103' title='bbox 1912 1419 2165 1494; x_wconf 75' lang='lat' dir='ltr'><strong>glorietur</strong></span> 
     </span>
    </p>
   </div>
   <div class='ocr_carea' id='block_1_14' title="bbox 566 1512 2167 1586">
    <p class='ocr_par' dir='ltr' id='par_1_14' title="bbox 566 1512 2167 1586">
     <span class='ocr_line' id='line_1_14' title="bbox 566 1512 2167 1586; baseline -0.001 -17"><span class='ocrx_word' id='word_1_104' title='bbox 566 1516 707 1571; x_wconf 77' lang='lat' dir='ltr'><strong>diues</strong></span> <span class='ocrx_word' id='word_1_105' title='bbox 740 1515 795 1569; x_wconf 89' lang='lat' dir='ltr'><strong>in</strong></span> <span class='ocrx_word' id='word_1_106' title='bbox 822 1514 1017 1569; x_wconf 81' lang='lat' dir='ltr'><strong>divitiis</strong></span> <span class='ocrx_word' id='word_1_107' title='bbox 1043 1515 1152 1569; x_wconf 93' lang='lat' dir='ltr'><strong>suis</strong></span> <span class='ocrx_word' id='word_1_108' title='bbox 1175 1531 1194 1579; x_wconf 88' lang='lat'><strong><em>;</em></strong></span> <span class='ocrx_word' id='word_1_109' title='bbox 1225 1513 1315 1569; x_wconf 83' lang='lat' dir='ltr'><strong>sed</strong></span> <span class='ocrx_word' id='word_1_110' title='bbox 1346 1514 1403 1568; x_wconf 89' lang='lat' dir='ltr'><strong>in</strong></span> <span class='ocrx_word' id='word_1_111' title='bbox 1430 1514 1527 1568; x_wconf 80' lang='lat' dir='ltr'><strong>hoc</strong></span> <span class='ocrx_word' id='word_1_112' title='bbox 1551 1512 1833 1586; x_wconf 83' lang='lat' dir='ltr'><strong>glorietur,</strong></span> <span class='ocrx_word' id='word_1_113' title='bbox 1861 1514 1949 1583; x_wconf 86' lang='lat' dir='ltr'><strong>qui</strong></span> <span class='ocrx_word' id='word_1_114' title='bbox 1974 1513 2167 1585; x_wconf 86' lang='lat' dir='ltr'><strong>gloria-</strong></span> 
     </span>
    </p>
   </div>
   <div class='ocr_carea' id='block_1_15' title="bbox 573 1608 2167 1681">
    <p class='ocr_par' dir='ltr' id='par_1_15' title="bbox 573 1608 2167 1681">
     <span class='ocr_line' id='line_1_15' title="bbox 573 1608 2167 1681; baseline -0.003 -14"><span class='ocrx_word' id='word_1_115' title='bbox 573 1621 678 1679; x_wconf 89' lang='lat' dir='ltr'><strong>tur,</strong></span> <span class='ocrx_word' id='word_1_116' title='bbox 701 1611 832 1666; x_wconf 86' lang='lat' dir='ltr'><strong>scire</strong></span> <span class='ocrx_word' id='word_1_117' title='bbox 856 1620 904 1666; x_wconf 89' lang='lat' dir='ltr'><strong>et</strong></span> <span class='ocrx_word' id='word_1_118' title='bbox 945 1610 1230 1681; x_wconf 83' lang='lat' dir='ltr'><strong>intelligere</strong></span> <span class='ocrx_word' id='word_1_119' title='bbox 1258 1608 1425 1663; x_wconf 89' lang='lat' dir='ltr'><strong>Deum</strong></span> <span class='ocrx_word' id='word_1_120' title='bbox 1451 1650 1467 1677; x_wconf 95' lang='lat'><strong>,</strong></span> <span class='ocrx_word' id='word_1_121' title='bbox 1515 1618 1565 1663; x_wconf 92' lang='lat' dir='ltr'><strong>et</strong></span> <span class='ocrx_word' id='word_1_122' title='bbox 1602 1609 1774 1678; x_wconf 82' lang='lat' dir='ltr'><strong>facere</strong></span> <span class='ocrx_word' id='word_1_123' title='bbox 1813 1608 2074 1679; x_wconf 77' lang='lat' dir='ltr'><strong>judicium</strong></span> <span class='ocrx_word' id='word_1_124' title='bbox 2115 1616 2167 1662; x_wconf 88' lang='lat' dir='ltr'><strong>et</strong></span> 
     </span>
    </p>
   </div>
   <div class='ocr_carea' id='block_1_16' title="bbox 558 1701 2167 1779">
    <p class='ocr_par' dir='ltr' id='par_1_16' title="bbox 558 1701 2167 1779">
     <span class='ocr_line' id='line_1_16' title="bbox 558 1701 2167 1779; baseline -0.001 -19"><span class='ocrx_word' id='word_1_125' title='bbox 558 1705 821 1779; x_wconf 81' lang='lat' dir='ltr'><strong>justitiam</strong></span> <span class='ocrx_word' id='word_1_126' title='bbox 846 1706 902 1760; x_wconf 91' lang='lat' dir='ltr'><strong>in</strong></span> <span class='ocrx_word' id='word_1_127' title='bbox 927 1704 1098 1759; x_wconf 89' lang='lat' dir='ltr'><strong>medio</strong></span> <span class='ocrx_word' id='word_1_128' title='bbox 1126 1713 1277 1760; x_wconf 76' lang='lat' dir='ltr'><strong>teme</strong></span> <span class='ocrx_word' id='word_1_129' title='bbox 1302 1702 1439 1776; x_wconf 82' lang='lat' dir='ltr'><strong>(Ier.</strong></span> <span class='ocrx_word' id='word_1_130' title='bbox 1473 1718 1549 1771; x_wconf 81' lang='lat' dir='ltr'><strong>ix,</strong></span> <span class='ocrx_word' id='word_1_131' title='bbox 1576 1702 1711 1775; x_wconf 75' lang='lat'><strong>9.3).</strong></span> <span class='ocrx_word' id='word_1_132' title='bbox 1742 1701 1854 1759; x_wconf 92' lang='lat' dir='ltr'><strong>Cur</strong></span> <span class='ocrx_word' id='word_1_133' title='bbox 1883 1702 2000 1757; x_wconf 74' lang='lat' dir='ltr'><strong>lucc</strong></span> <span class='ocrx_word' id='word_1_134' title='bbox 2028 1717 2167 1771; x_wconf 75' lang='lat' dir='ltr'><strong>pra:-</strong></span> 
     </span>
    </p>
   </div>
   <div class='ocr_carea' id='block_1_17' title="bbox 565 1796 2159 1869">
    <p class='ocr_par' dir='ltr' id='par_1_17' title="bbox 565 1796 2159 1869">
     <span class='ocr_line' id='line_1_17' title="bbox 565 1796 2159 1869; baseline 0.001 -16"><span class='ocrx_word' id='word_1_135' title='bbox 565 1797 789 1861; x_wconf 88' lang='lat' dir='ltr'><strong>teriens.</strong></span> <span class='ocrx_word' id='word_1_136' title='bbox 820 1798 910 1869; x_wconf 88' lang='lat' dir='ltr'><strong>qui</strong></span> <span class='ocrx_word' id='word_1_137' title='bbox 932 1797 987 1852; x_wconf 92' lang='lat' dir='ltr'><strong>in</strong></span> <span class='ocrx_word' id='word_1_138' title='bbox 1018 1798 1162 1853; x_wconf 91' lang='lat' dir='ltr'><strong>omni</strong></span> <span class='ocrx_word' id='word_1_139' title='bbox 1193 1807 1439 1868; x_wconf 88' lang='lat' dir='ltr'><strong>tempore</strong></span> <span class='ocrx_word' id='word_1_140' title='bbox 1465 1796 1726 1868; x_wconf 77' lang='lat' dir='ltr'><strong>judicium</strong></span> <span class='ocrx_word' id='word_1_141' title='bbox 1748 1796 1954 1869; x_wconf 90' lang='lat' dir='ltr'><strong>justum</strong></span> <span class='ocrx_word' id='word_1_142' title='bbox 1979 1797 2159 1855; x_wconf 86' lang='lat' dir='ltr'><strong>facere</strong></span> 
     </span>
    </p>
   </div>
   <div class='ocr_carea' id='block_1_18' title="bbox 560 1888 2157 1963">
    <p class='ocr_par' dir='ltr' id='par_1_18' title="bbox 560 1888 2157 1963">
     <span class='ocr_line' id='line_1_18' title="bbox 560 1888 2157 1963; baseline 0.001 -17"><span class='ocrx_word' id='word_1_143' title='bbox 560 1888 853 1958; x_wconf 84' lang='lat' dir='ltr'><strong>debueras,</strong></span> <span class='ocrx_word' id='word_1_144' title='bbox 880 1891 1197 1957; x_wconf 84' lang='lat' dir='ltr'><strong>iniustitiam</strong></span> <span class='ocrx_word' id='word_1_145' title='bbox 1241 1898 1422 1946; x_wconf 90' lang='lat' dir='ltr'><strong>tecum</strong></span> <span class='ocrx_word' id='word_1_146' title='bbox 1453 1890 1617 1946; x_wconf 88' lang='lat' dir='ltr'><strong>etiam</strong></span> <span class='ocrx_word' id='word_1_147' title='bbox 1646 1905 1745 1946; x_wconf 92' lang='lat' dir='ltr'><strong>nos</strong></span> <span class='ocrx_word' id='word_1_148' title='bbox 1776 1891 1958 1948; x_wconf 79' lang='lat' dir='ltr'><strong>facere</strong></span> <span class='ocrx_word' id='word_1_149' title='bbox 1991 1905 2157 1963; x_wconf 86' lang='lat' dir='ltr'><strong>coge-</strong></span> 
     </span>
    </p>
   </div>
   <div class='ocr_carea' id='block_1_19' title="bbox 563 1980 2160 2054">
    <p class='ocr_par' dir='ltr' id='par_1_19' title="bbox 563 1980 2160 2054">
     <span class='ocr_line' id='line_1_19' title="bbox 563 1980 2160 2054; baseline 0.003 -17"><span class='ocrx_word' id='word_1_150' title='bbox 563 1980 707 2038; x_wconf 89' lang='lat' dir='ltr'><strong>bas?</strong></span> <span class='ocrx_word' id='word_1_151' title='bbox 741 1983 947 2054; x_wconf 85' lang='lat' dir='ltr'><strong>Deponi</strong></span> <span class='ocrx_word' id='word_1_152' title='bbox 979 1996 1075 2053; x_wconf 88' lang='lat' dir='ltr'><strong>per</strong></span> <span class='ocrx_word' id='word_1_153' title='bbox 1100 1997 1204 2040; x_wconf 88' lang='lat' dir='ltr'><strong>nos</strong></span> <span class='ocrx_word' id='word_1_154' title='bbox 1227 1982 1560 2039; x_wconf 85' lang='lat' dir='ltr'><strong>decreveras</strong></span> <span class='ocrx_word' id='word_1_155' title='bbox 1581 1984 1930 2053; x_wconf 91' lang='lat' dir='ltr'><strong>catholicum,</strong></span> <span class='ocrx_word' id='word_1_156' title='bbox 1956 1984 2160 2041; x_wconf 88' lang='lat' dir='ltr'><strong>lirmari</strong></span> 
     </span>
    </p>
   </div>
   <div class='ocr_carea' id='block_1_20' title="bbox 567 2076 2159 2149">
    <p class='ocr_par' dir='ltr' id='par_1_20' title="bbox 567 2076 2159 2149">
     <span class='ocr_line' id='line_1_20' title="bbox 567 2076 2159 2149; baseline 0.003 -18"><span class='ocrx_word' id='word_1_157' title='bbox 567 2086 591 2117; x_wconf 74' lang='grc' dir='ltr'><em>ε</em></span> <span class='ocrx_word' id='word_1_158' title='bbox 618 2090 753 2132; x_wconf 89' lang='lat' dir='ltr'><strong>vero</strong></span> <span class='ocrx_word' id='word_1_159' title='bbox 782 2076 1101 2134; x_wconf 67' lang='lat' dir='ltr'><strong>haereticum</strong></span> <span class='ocrx_word' id='word_1_160' title='bbox 1130 2096 1142 2131; x_wconf 90' lang='lat'><strong>:</strong></span> <span class='ocrx_word' id='word_1_161' title='bbox 1177 2077 1272 2133; x_wconf 91' lang='lat' dir='ltr'><strong>sed</strong></span> <span class='ocrx_word' id='word_1_162' title='bbox 1300 2076 1520 2149; x_wconf 84' lang='lat' dir='ltr'><strong>quando</strong></span> <span class='ocrx_word' id='word_1_163' title='bbox 1547 2076 1692 2133; x_wconf 91' lang='lat' dir='ltr'><strong>istud</strong></span> <span class='ocrx_word' id='word_1_164' title='bbox 1725 2092 1874 2133; x_wconf 65' lang='lat' dir='ltr'><strong>sanie</strong></span> <span class='ocrx_word' id='word_1_165' title='bbox 1896 2076 2159 2135; x_wconf 82' lang='lat' dir='ltr'><strong>fecissent</strong></span> 
     </span>
    </p>
   </div>
   <div class='ocr_carea' id='block_1_21' title="bbox 560 2168 2159 2242">
    <p class='ocr_par' dir='ltr' id='par_1_21' title="bbox 560 2168 2159 2242">
     <span class='ocr_line' id='line_1_21' title="bbox 560 2168 2159 2242; baseline -0.001 -14"><span class='ocrx_word' id='word_1_166' title='bbox 560 2170 763 2228; x_wconf 90' lang='lat' dir='ltr'><strong>mentis</strong></span> <span class='ocrx_word' id='word_1_167' title='bbox 792 2168 1085 2226; x_wconf 83' lang='lat' dir='ltr'><strong>homines?</strong></span> <span class='ocrx_word' id='word_1_168' title='bbox 1114 2169 1160 2226; x_wconf 90' lang='lat' dir='ltr'><strong>si</strong></span> <span class='ocrx_word' id='word_1_169' title='bbox 1181 2169 1328 2227; x_wconf 93' lang='lat' dir='ltr'><strong>enim</strong></span> <span class='ocrx_word' id='word_1_170' title='bbox 1362 2169 1481 2228; x_wconf 83' lang='lat' dir='ltr'><strong>Heli</strong></span> <span class='ocrx_word' id='word_1_171' title='bbox 1504 2169 1763 2226; x_wconf 82' lang='lat' dir='ltr'><strong>sacerdos</strong></span> <span class='ocrx_word' id='word_1_172' title='bbox 1789 2211 1804 2236; x_wconf 88' lang='lat'><strong>,</strong></span> <span class='ocrx_word' id='word_1_173' title='bbox 1833 2169 1979 2242; x_wconf 90' lang='lat' dir='ltr'><strong>quod</strong></span> <span class='ocrx_word' id='word_1_174' title='bbox 2020 2169 2159 2227; x_wconf 82' lang='lat' dir='ltr'><strong>filios</strong></span> 
     </span>
    </p>
   </div>
   <div class='ocr_carea' id='block_1_22' title="bbox 566 2264 2158 2336">
    <p class='ocr_par' dir='ltr' id='par_1_22' title="bbox 566 2264 2158 2336">
     <span class='ocr_line' id='line_1_22' title="bbox 566 2264 2158 2336; baseline -0.001 -14"><span class='ocrx_word' id='word_1_175' title='bbox 566 2265 622 2322; x_wconf 93' lang='lat' dir='ltr'><strong>in</strong></span> <span class='ocrx_word' id='word_1_176' title='bbox 645 2264 936 2322; x_wconf 83' lang='lat' dir='ltr'><strong>sacerdotii</strong></span> <span class='ocrx_word' id='word_1_177' title='bbox 967 2265 1175 2323; x_wconf 86' lang='lat' dir='ltr'><strong>honore</strong></span> <span class='ocrx_word' id='word_1_178' title='bbox 1200 2264 1579 2322; x_wconf 88' lang='lat' dir='ltr'><strong>constituisset</strong></span> <span class='ocrx_word' id='word_1_179' title='bbox 1616 2264 1871 2336; x_wconf 88' lang='lat' dir='ltr'><strong>indignos</strong></span> <span class='ocrx_word' id='word_1_180' title='bbox 1892 2307 1907 2333; x_wconf 94' lang='lat'><strong>,</strong></span> <span class='ocrx_word' id='word_1_181' title='bbox 1944 2265 2033 2321; x_wconf 88' lang='lat' dir='ltr'><strong>illa</strong></span> <span class='ocrx_word' id='word_1_182' title='bbox 2059 2281 2158 2321; x_wconf 87' lang='lat' dir='ltr'><strong>au—</strong></span> 
     </span>
    </p>
   </div>
   <div class='ocr_carea' id='block_1_23' title="bbox 559 2357 2158 2430">
    <p class='ocr_par' dir='ltr' id='par_1_23' title="bbox 559 2357 2158 2430">
     <span class='ocr_line' id='line_1_23' title="bbox 559 2357 2158 2430; baseline 0 -16"><span class='ocrx_word' id='word_1_183' title='bbox 559 2357 662 2425; x_wconf 90' lang='lat' dir='ltr'><strong>dit,</strong></span> <span class='ocrx_word' id='word_1_184' title='bbox 690 2373 809 2425; x_wconf 72' lang='lat' dir='ltr'><strong>qua:</strong></span> <span class='ocrx_word' id='word_1_185' title='bbox 839 2372 1133 2429; x_wconf 84' lang='lat' dir='ltr'><strong>perpessus</strong></span> <span class='ocrx_word' id='word_1_186' title='bbox 1159 2368 1245 2415; x_wconf 91' lang='lat' dir='ltr'><strong>est</strong></span> <span class='ocrx_word' id='word_1_187' title='bbox 1265 2373 1295 2413; x_wconf 87' lang='lat' dir='ltr'><strong>a</strong></span> <span class='ocrx_word' id='word_1_188' title='bbox 1318 2358 1579 2424; x_wconf 89' lang='lat' dir='ltr'><strong>Domino;</strong></span> <span class='ocrx_word' id='word_1_189' title='bbox 1610 2357 1737 2430; x_wconf 92' lang='lat' dir='ltr'><strong>quid</strong></span> <span class='ocrx_word' id='word_1_190' title='bbox 1761 2374 1858 2413; x_wconf 89' lang='lat' dir='ltr'><strong>nos</strong></span> <span class='ocrx_word' id='word_1_191' title='bbox 1879 2357 2068 2413; x_wconf 90' lang='lat' dir='ltr'><strong>audire</strong></span> <span class='ocrx_word' id='word_1_192' title='bbox 2094 2374 2158 2414; x_wconf 88' lang='lat' dir='ltr'><strong>ac</strong></span> 
     </span>
    </p>
   </div>
   <div class='ocr_carea' id='block_1_24' title="bbox 560 2451 2162 2526">
    <p class='ocr_par' dir='ltr' id='par_1_24' title="bbox 560 2451 2162 2526">
     <span class='ocr_line' id='line_1_24' title="bbox 560 2451 2162 2526; baseline -0.002 -16"><span class='ocrx_word' id='word_1_193' title='bbox 560 2454 772 2526; x_wconf 89' lang='lat' dir='ltr'><strong>perpeti</strong></span> <span class='ocrx_word' id='word_1_194' title='bbox 805 2468 1171 2522; x_wconf 89' lang='lat' dir='ltr'><strong>mereremur,</strong></span> <span class='ocrx_word' id='word_1_195' title='bbox 1198 2454 1244 2508; x_wconf 88' lang='lat' dir='ltr'><strong>si</strong></span> <span class='ocrx_word' id='word_1_196' title='bbox 1283 2452 1616 2509; x_wconf 90' lang='lat' dir='ltr'><strong>catholicum</strong></span> <span class='ocrx_word' id='word_1_197' title='bbox 1649 2451 1968 2523; x_wconf 89' lang='lat' dir='ltr'><strong>episcopum</strong></span> <span class='ocrx_word' id='word_1_198' title='bbox 2008 2451 2162 2507; x_wconf 83' lang='lat' dir='ltr'><strong>dam-</strong></span> 
     </span>
    </p>
   </div>
   <div class='ocr_carea' id='block_1_25' title="bbox 559 2544 2155 2618">
    <p class='ocr_par' dir='ltr' id='par_1_25' title="bbox 559 2544 2155 2618">
     <span class='ocr_line' id='line_1_25' title="bbox 559 2544 2155 2618; baseline -0.001 -15"><span class='ocrx_word' id='word_1_199' title='bbox 559 2558 780 2609; x_wconf 89' lang='lat' dir='ltr'><strong>nantes.</strong></span> <span class='ocrx_word' id='word_1_200' title='bbox 813 2554 868 2601; x_wconf 91' lang='lat' dir='ltr'><strong>et</strong></span> <span class='ocrx_word' id='word_1_201' title='bbox 888 2546 1108 2618; x_wconf 90' lang='lat' dir='ltr'><strong>quidem</strong></span> <span class='ocrx_word' id='word_1_202' title='bbox 1143 2546 1445 2602; x_wconf 89' lang='lat' dir='ltr'><strong>inauditum</strong></span> <span class='ocrx_word' id='word_1_203' title='bbox 1473 2588 1489 2613; x_wconf 89' lang='lat'><strong>,</strong></span> <span class='ocrx_word' id='word_1_204' title='bbox 1532 2544 1841 2601; x_wconf 85' lang='lat' dir='ltr'><strong>sineremus</strong></span> <span class='ocrx_word' id='word_1_205' title='bbox 1862 2544 2155 2615; x_wconf 84' lang='lat' dir='ltr'><strong>Georgium</strong></span> 
     </span>
    </p>
   </div>
   <div class='ocr_carea' id='block_1_26' title="bbox 562 2639 2154 2712">
    <p class='ocr_par' dir='ltr' id='par_1_26' title="bbox 562 2639 2154 2712">
     <span class='ocr_line' id='line_1_26' title="bbox 562 2639 2154 2712; baseline -0.002 -16"><span class='ocrx_word' id='word_1_206' title='bbox 562 2639 681 2697; x_wconf 81' lang='lat' dir='ltr'><strong>fieri</strong></span> <span class='ocrx_word' id='word_1_207' title='bbox 733 2640 998 2696; x_wconf 82' lang='lat' dir='ltr'><strong>Arianqu</strong></span> <span class='ocrx_word' id='word_1_208' title='bbox 1041 2640 1430 2697; x_wconf 79' lang='lat' dir='ltr'><strong>Alexandrinis</strong></span> <span class='ocrx_word' id='word_1_209' title='bbox 1456 2640 1823 2712; x_wconf 82' lang='lat' dir='ltr'><strong>episcopum?</strong></span> <span class='ocrx_word' id='word_1_210' title='bbox 1870 2639 1939 2694; x_wconf 81' lang='lat' dir='ltr'><strong>Et</strong></span> <span class='ocrx_word' id='word_1_211' title='bbox 1978 2640 2114 2694; x_wconf 79' lang='lat' dir='ltr'><strong>venit</strong></span> <span class='ocrx_word' id='word_1_212' title='bbox 2140 2681 2154 2706; x_wconf 88' lang='lat'><strong>,</strong></span> 
     </span>
    </p>
   </div>
   <div class='ocr_carea' id='block_1_27' title="bbox 559 2732 2157 2806">
    <p class='ocr_par' dir='ltr' id='par_1_27' title="bbox 559 2732 2157 2806">
     <span class='ocr_line' id='line_1_27' title="bbox 559 2732 2157 2806; baseline 0 -16"><span class='ocrx_word' id='word_1_213' title='bbox 559 2733 769 2806; x_wconf 87' lang='lat' dir='ltr'><strong>inquit,</strong></span> <span class='ocrx_word' id='word_1_214' title='bbox 804 2736 957 2791; x_wconf 85' lang='lat' dir='ltr'><strong>homo</strong></span> <span class='ocrx_word' id='word_1_215' title='bbox 987 2733 1086 2791; x_wconf 86' lang='lat' dir='ltr'><strong>Dei</strong></span> <span class='ocrx_word' id='word_1_216' title='bbox 1111 2732 1161 2804; x_wconf 77' lang='grc' dir='ltr'><strong>ά,</strong></span> <span class='ocrx_word' id='word_1_217' title='bbox 1191 2746 1237 2791; x_wconf 92' lang='lat' dir='ltr'><strong>et</strong></span> <span class='ocrx_word' id='word_1_218' title='bbox 1267 2736 1401 2791; x_wconf 80' lang='lat' dir='ltr'><strong>dixit</strong></span> <span class='ocrx_word' id='word_1_219' title='bbox 1431 2752 1449 2791; x_wconf 92' lang='lat'><strong><em>:</em></strong></span> <span class='ocrx_word' id='word_1_220' title='bbox 1498 2734 1628 2792; x_wconf 66' lang='lat' dir='ltr'><strong>Haec</strong></span> <span class='ocrx_word' id='word_1_221' title='bbox 1674 2735 1801 2790; x_wconf 86' lang='lat' dir='ltr'><strong>dicit</strong></span> <span class='ocrx_word' id='word_1_222' title='bbox 1847 2733 2106 2790; x_wconf 85' lang='lat' dir='ltr'><strong>Dominus</strong></span> <span class='ocrx_word' id='word_1_223' title='bbox 2137 2750 2157 2790; x_wconf 90' lang='lat'><strong><em>:</em></strong></span> 
     </span>
    </p>
   </div>
   <div class='ocr_carea' id='block_1_28' title="bbox 565 2825 2158 2901">
    <p class='ocr_par' dir='ltr' id='par_1_28' title="bbox 565 2825 2158 2901">
     <span class='ocr_line' id='line_1_28' title="bbox 565 2825 2158 2901; baseline -0.001 -18"><span class='ocrx_word' id='word_1_224' title='bbox 565 2825 848 2898; x_wconf 69' lang='lat' dir='ltr'><strong>Manifesta</strong></span> <span class='ocrx_word' id='word_1_225' title='bbox 877 2827 1076 2883; x_wconf 82' lang='lat' dir='ltr'><strong>ostendi</strong></span> <span class='ocrx_word' id='word_1_226' title='bbox 1112 2845 1191 2883; x_wconf 91' lang='lat' dir='ltr'><strong>me</strong></span> <span class='ocrx_word' id='word_1_227' title='bbox 1215 2829 1283 2883; x_wconf 92' lang='lat' dir='ltr'><strong>ad</strong></span> <span class='ocrx_word' id='word_1_228' title='bbox 1310 2828 1518 2883; x_wconf 89' lang='lat' dir='ltr'><strong>domum</strong></span> <span class='ocrx_word' id='word_1_229' title='bbox 1539 2828 1705 2901; x_wconf 85' lang='lat' dir='ltr'><strong>patris</strong></span> <span class='ocrx_word' id='word_1_230' title='bbox 1735 2828 1809 2882; x_wconf 87' lang='lat' dir='ltr'><strong>tui</strong></span> <span class='ocrx_word' id='word_1_231' title='bbox 1834 2844 1898 2882; x_wconf 74' lang='lat' dir='ltr'><strong>ea:</strong></span> <span class='ocrx_word' id='word_1_232' title='bbox 1923 2828 2158 2882; x_wconf 91' lang='lat' dir='ltr'><strong>omnibus</strong></span> 
     </span>
    </p>
   </div>
   <div class='ocr_carea' id='block_1_29' title="bbox 557 2920 2157 2989">
    <p class='ocr_par' dir='ltr' id='par_1_29' title="bbox 557 2920 2157 2989">
     <span class='ocr_line' id='line_1_29' title="bbox 557 2920 2157 2989; baseline 0 -14"><span class='ocrx_word' id='word_1_233' title='bbox 557 2920 793 2976; x_wconf 81' lang='lat' dir='ltr'><strong>tribubus</strong></span> <span class='ocrx_word' id='word_1_234' title='bbox 811 2921 982 2977; x_wconf 88' lang='lat' dir='ltr'><strong>Israel</strong></span> <span class='ocrx_word' id='word_1_235' title='bbox 1012 2922 1140 2977; x_wconf 81' lang='lat' dir='ltr'><strong>mihi</strong></span> <span class='ocrx_word' id='word_1_236' title='bbox 1163 2926 1216 2977; x_wconf 92' lang='lat' dir='ltr'><strong>in</strong></span> <span class='ocrx_word' id='word_1_237' title='bbox 1247 2922 1618 2989; x_wconf 88' lang='lat' dir='ltr'><strong>sacerdotium,</strong></span> <span class='ocrx_word' id='word_1_238' title='bbox 1643 2932 1698 2977; x_wconf 88' lang='lat' dir='ltr'><strong>ut</strong></span> <span class='ocrx_word' id='word_1_239' title='bbox 1724 2921 2058 2977; x_wconf 76' lang='lat' dir='ltr'><strong>escenderent</strong></span> <span class='ocrx_word' id='word_1_240' title='bbox 2087 2922 2157 2975; x_wconf 90' lang='lat' dir='ltr'><strong>ad</strong></span> 
     </span>
    </p>
   </div>
   <div class='ocr_carea' id='block_1_30' title="bbox 553 3014 2157 3083">
    <p class='ocr_par' dir='ltr' id='par_1_30' title="bbox 553 3014 2157 3083">
     <span class='ocr_line' id='line_1_30' title="bbox 553 3014 2157 3083; baseline -0.001 -13"><span class='ocrx_word' id='word_1_241' title='bbox 553 3014 870 3083; x_wconf 78' lang='lat' dir='ltr'><strong>sacriﬁcium</strong></span> <span class='ocrx_word' id='word_1_242' title='bbox 896 3030 1068 3070; x_wconf 90' lang='lat' dir='ltr'><strong>meum</strong></span> <span class='ocrx_word' id='word_1_243' title='bbox 1091 3058 1106 3082; x_wconf 94' lang='lat'><strong>,</strong></span> <span class='ocrx_word' id='word_1_244' title='bbox 1153 3025 1199 3071; x_wconf 90' lang='lat' dir='ltr'><strong>et</strong></span> <span class='ocrx_word' id='word_1_245' title='bbox 1227 3018 1559 3072; x_wconf 82' lang='lat' dir='ltr'><strong>incenderent</strong></span> <span class='ocrx_word' id='word_1_246' title='bbox 1588 3016 1854 3071; x_wconf 89' lang='lat' dir='ltr'><strong>incensum</strong></span> <span class='ocrx_word' id='word_1_247' title='bbox 1878 3057 1895 3082; x_wconf 94' lang='lat'><strong>,</strong></span> <span class='ocrx_word' id='word_1_248' title='bbox 1926 3026 1977 3072; x_wconf 90' lang='lat' dir='ltr'><strong>et</strong></span> <span class='ocrx_word' id='word_1_249' title='bbox 2007 3015 2157 3069; x_wconf 87' lang='lat' dir='ltr'><strong>tolle-</strong></span> 
     </span>
    </p>
   </div>
   <div class='ocr_carea' id='block_1_31' title="bbox 553 3107 2157 3181">
    <p class='ocr_par' dir='ltr' id='par_1_31' title="bbox 553 3107 2157 3181">
     <span class='ocr_line' id='line_1_31' title="bbox 553 3107 2157 3181; baseline 0 -17"><span class='ocrx_word' id='word_1_250' title='bbox 553 3118 669 3164; x_wconf 88' lang='lat' dir='ltr'><strong>rent</strong></span> <span class='ocrx_word' id='word_1_251' title='bbox 696 3107 887 3176; x_wconf 82' lang='lat' dir='ltr'><strong>ephod.</strong></span> <span class='ocrx_word' id='word_1_252' title='bbox 932 3107 999 3163; x_wconf 85' lang='lat' dir='ltr'><strong>Et</strong></span> <span class='ocrx_word' id='word_1_253' title='bbox 1024 3110 1145 3166; x_wconf 87' lang='lat' dir='ltr'><strong>dedi</strong></span> <span class='ocrx_word' id='word_1_254' title='bbox 1171 3111 1224 3165; x_wconf 90' lang='lat' dir='ltr'><strong>in</strong></span> <span class='ocrx_word' id='word_1_255' title='bbox 1263 3114 1418 3165; x_wconf 90' lang='lat' dir='ltr'><strong>domo</strong></span> <span class='ocrx_word' id='word_1_256' title='bbox 1450 3120 1473 3149; x_wconf 78' lang='grc' dir='ltr'>θ</span> <span class='ocrx_word' id='word_1_257' title='bbox 1521 3111 1682 3181; x_wconf 84' lang='lat' dir='ltr'><strong>patris</strong></span> <span class='ocrx_word' id='word_1_258' title='bbox 1726 3111 1801 3165; x_wconf 89' lang='lat' dir='ltr'><strong>tui</strong></span> <span class='ocrx_word' id='word_1_259' title='bbox 1830 3110 2003 3164; x_wconf 85' lang='lat' dir='ltr'><strong>omnia</strong></span> <span class='ocrx_word' id='word_1_260' title='bbox 2041 3109 2157 3181; x_wconf 77' lang='lat' dir='ltr'><strong>fru-</strong></span> 
     </span>
    </p>
   </div>
   <div class='ocr_carea' id='block_1_32' title="bbox 553 3203 2155 3276">
    <p class='ocr_par' dir='ltr' id='par_1_32' title="bbox 553 3203 2155 3276">
     <span class='ocr_line' id='line_1_32' title="bbox 553 3203 2155 3276; baseline 0.002 -20"><span class='ocrx_word' id='word_1_261' title='bbox 553 3212 726 3257; x_wconf 89' lang='lat' dir='ltr'><strong>menta</strong></span> <span class='ocrx_word' id='word_1_262' title='bbox 749 3203 976 3272; x_wconf 71' lang='lat' dir='ltr'><strong>ﬁliorum</strong></span> <span class='ocrx_word' id='word_1_263' title='bbox 1009 3204 1179 3261; x_wconf 90' lang='lat' dir='ltr'><strong>Israel</strong></span> <span class='ocrx_word' id='word_1_264' title='bbox 1205 3207 1261 3261; x_wconf 90' lang='lat' dir='ltr'><strong>in</strong></span> <span class='ocrx_word' id='word_1_265' title='bbox 1290 3222 1480 3261; x_wconf 90' lang='lat' dir='ltr'><strong>escam.</strong></span> <span class='ocrx_word' id='word_1_266' title='bbox 1509 3203 1579 3260; x_wconf 86' lang='lat' dir='ltr'><strong>Et</strong></span> <span class='ocrx_word' id='word_1_267' title='bbox 1601 3217 1657 3261; x_wconf 92' lang='lat' dir='ltr'><strong>tu</strong></span> <span class='ocrx_word' id='word_1_268' title='bbox 1687 3221 1847 3276; x_wconf 87' lang='lat' dir='ltr'><strong>quare</strong></span> <span class='ocrx_word' id='word_1_269' title='bbox 1883 3206 2155 3276; x_wconf 75' lang='lat' dir='ltr'><strong>respexisti</strong></span> 
     </span>
    </p>
   </div>
   <div class='ocr_carea' id='block_1_33' title="bbox 1645 257 2783 333">
    <p class='ocr_par' dir='ltr' id='par_1_33' title="bbox 1645 257 2783 333">
     <span class='ocr_line' id='line_1_33' title="bbox 1645 257 2783 333; baseline 0.001 -3"><span class='ocrx_word' id='word_1_270' title='bbox 1645 272 1973 333; x_wconf 83' lang='lat' dir='ltr'><strong>LUCIFERI</strong></span> <span class='ocrx_word' id='word_1_271' title='bbox 2010 257 2325 333; x_wconf 75' lang='lat' dir='ltr'><strong>EPISCOPI</strong></span> <span class='ocrx_word' id='word_1_272' title='bbox 2362 272 2783 332; x_wconf 80' lang='lat' dir='ltr'><strong>CALARlTANl</strong></span> 
     </span>
    </p>
   </div>
   <div class='ocr_carea' id='block_1_34' title="bbox 3721 284 3806 343">
    <p class='ocr_par' dir='ltr' id='par_1_34' title="bbox 3721 284 3806 343">
     <span class='ocr_line' id='line_1_34' title="bbox 3721 284 3806 343; baseline 0.047 -3"><span class='ocrx_word' id='word_1_273' title='bbox 3721 284 3806 343; x_wconf 66' lang='lat'><strong>83‘!</strong></span> 
     </span>
    </p>
   </div>
   <div class='ocr_carea' id='block_1_35' title="bbox 2198 389 3805 463">
    <p class='ocr_par' dir='ltr' id='par_1_35' title="bbox 2198 389 3805 463">
     <span class='ocr_line' id='line_1_35' title="bbox 2198 389 3805 463; baseline 0.005 -18"><span class='ocrx_word' id='word_1_274' title='bbox 2198 393 2253 454; x_wconf 81' lang='grc' dir='ltr'><strong>Α</strong></span> <span class='ocrx_word' id='word_1_275' title='bbox 2275 406 2388 445; x_wconf 92' lang='lat' dir='ltr'><strong>ram</strong></span> <span class='ocrx_word' id='word_1_276' title='bbox 2415 392 2540 447; x_wconf 84' lang='lat' dir='ltr'><strong>me?</strong></span> <span class='ocrx_word' id='word_1_277' title='bbox 2578 389 2807 463; x_wconf 88' lang='lat' dir='ltr'><strong>Propter</strong></span> <span class='ocrx_word' id='word_1_278' title='bbox 2842 392 2939 448; x_wconf 80' lang='lat' dir='ltr'><strong>hoc</strong></span> <span class='ocrx_word' id='word_1_279' title='bbox 2981 392 3091 447; x_wconf 76' lang='lat' dir='ltr'><strong>hare</strong></span> <span class='ocrx_word' id='word_1_280' title='bbox 3139 391 3265 447; x_wconf 81' lang='lat' dir='ltr'><strong>dicit</strong></span> <span class='ocrx_word' id='word_1_281' title='bbox 3290 389 3545 448; x_wconf 80' lang='lat' dir='ltr'><strong>Dominus</strong></span> <span class='ocrx_word' id='word_1_282' title='bbox 3582 390 3601 431; x_wconf 68' lang='grc' dir='ltr'>ί</span> <span class='ocrx_word' id='word_1_283' title='bbox 3631 391 3805 455; x_wconf 84' lang='lat' dir='ltr'><strong>Israel:</strong></span> 
     </span>
    </p>
   </div>
   <div class='ocr_carea' id='block_1_36' title="bbox 2277 483 3805 556">
    <p class='ocr_par' dir='ltr' id='par_1_36' title="bbox 2277 483 3805 556">
     <span class='ocr_line' id='line_1_36' title="bbox 2277 483 3805 556; baseline 0.004 -17"><span class='ocrx_word' id='word_1_284' title='bbox 2277 483 2425 553; x_wconf 72' lang='lat' dir='ltr'><strong>Dixi,</strong></span> <span class='ocrx_word' id='word_1_285' title='bbox 2454 486 2637 541; x_wconf 85' lang='lat' dir='ltr'><strong>domus</strong></span> <span class='ocrx_word' id='word_1_286' title='bbox 2663 496 2775 554; x_wconf 87' lang='lat' dir='ltr'><strong>tua,</strong></span> <span class='ocrx_word' id='word_1_287' title='bbox 2808 497 2857 543; x_wconf 89' lang='lat' dir='ltr'><strong>et</strong></span> <span class='ocrx_word' id='word_1_288' title='bbox 2885 488 3068 542; x_wconf 89' lang='lat' dir='ltr'><strong>domus</strong></span> <span class='ocrx_word' id='word_1_289' title='bbox 3100 486 3261 556; x_wconf 85' lang='lat' dir='ltr'><strong>patris</strong></span> <span class='ocrx_word' id='word_1_290' title='bbox 3290 486 3366 541; x_wconf 91' lang='lat' dir='ltr'><strong>tui</strong></span> <span class='ocrx_word' id='word_1_291' title='bbox 3394 487 3599 541; x_wconf 87' lang='lat' dir='ltr'><strong>transiet</strong></span> <span class='ocrx_word' id='word_1_292' title='bbox 3627 496 3648 535; x_wconf 80' lang='grc' dir='ltr'><em>ε</em></span> <span class='ocrx_word' id='word_1_293' title='bbox 3669 504 3805 545; x_wconf 77' lang='lat' dir='ltr'><strong>coram</strong></span> 
     </span>
    </p>
   </div>
   <div class='ocr_carea' id='block_1_37' title="bbox 2272 578 3806 650">
    <p class='ocr_par' dir='ltr' id='par_1_37' title="bbox 2272 578 3806 650">
     <span class='ocr_line' id='line_1_37' title="bbox 2272 578 3806 650; baseline 0.003 -18"><span class='ocrx_word' id='word_1_294' title='bbox 2272 594 2354 633; x_wconf 91' lang='lat' dir='ltr'><strong>me</strong></span> <span class='ocrx_word' id='word_1_295' title='bbox 2377 595 2534 650; x_wconf 86' lang='lat' dir='ltr'><strong>usque</strong></span> <span class='ocrx_word' id='word_1_296' title='bbox 2558 580 2612 634; x_wconf 89' lang='lat' dir='ltr'><strong>in</strong></span> <span class='ocrx_word' id='word_1_297' title='bbox 2638 590 2906 647; x_wconf 69' lang='lat' dir='ltr'><strong>aeternum,</strong></span> <span class='ocrx_word' id='word_1_298' title='bbox 2927 588 2975 636; x_wconf 90' lang='lat' dir='ltr'><strong>et</strong></span> <span class='ocrx_word' id='word_1_299' title='bbox 3003 596 3140 635; x_wconf 87' lang='lat' dir='ltr'><strong>nunc</strong></span> <span class='ocrx_word' id='word_1_300' title='bbox 3164 596 3265 635; x_wconf 89' lang='lat' dir='ltr'><strong>non</strong></span> <span class='ocrx_word' id='word_1_301' title='bbox 3290 588 3383 635; x_wconf 91' lang='lat' dir='ltr'><strong>est.</strong></span> <span class='ocrx_word' id='word_1_302' title='bbox 3416 580 3505 637; x_wconf 89' lang='lat' dir='ltr'><strong>Sic</strong></span> <span class='ocrx_word' id='word_1_303' title='bbox 3524 580 3637 634; x_wconf 83' lang='lat' dir='ltr'><strong>dicit</strong></span> <span class='ocrx_word' id='word_1_304' title='bbox 3659 578 3806 636; x_wconf 83' lang='lat' dir='ltr'><strong>Domi-</strong></span> 
     </span>
    </p>
   </div>
   <div class='ocr_carea' id='block_1_38' title="bbox 2272 671 3807 750">
    <p class='ocr_par' dir='ltr' id='par_1_38' title="bbox 2272 671 3807 750">
     <span class='ocr_line' id='line_1_38' title="bbox 2272 671 3807 750; baseline 0.003 -24"><span class='ocrx_word' id='word_1_305' title='bbox 2272 688 2371 727; x_wconf 89' lang='lat' dir='ltr'><strong>nus</strong></span> <span class='ocrx_word' id='word_1_306' title='bbox 2400 688 2418 727; x_wconf 92' lang='lat'><strong><em>:</em></strong></span> <span class='ocrx_word' id='word_1_307' title='bbox 2443 671 2784 744; x_wconf 86' lang='lat' dir='ltr'><strong>Nequaquam</strong></span> <span class='ocrx_word' id='word_1_308' title='bbox 2810 672 2962 736; x_wconf 83' lang='lat' dir='ltr'><strong>mihi,</strong></span> <span class='ocrx_word' id='word_1_309' title='bbox 2988 690 3093 728; x_wconf 89' lang='lat' dir='ltr'><strong>non</strong></span> <span class='ocrx_word' id='word_1_310' title='bbox 3120 672 3195 728; x_wconf 88' lang='lat' dir='ltr'><strong>sic</strong></span> <span class='ocrx_word' id='word_1_311' title='bbox 3217 673 3312 726; x_wconf 87' lang='lat' dir='ltr'><strong>erit</strong></span> <span class='ocrx_word' id='word_1_312' title='bbox 3339 688 3371 726; x_wconf 94' lang='lat' dir='ltr'><strong>a</strong></span> <span class='ocrx_word' id='word_1_313' title='bbox 3392 688 3493 734; x_wconf 85' lang='lat' dir='ltr'><strong>me.</strong></span> <span class='ocrx_word' id='word_1_314' title='bbox 3517 674 3726 741; x_wconf 80' lang='lat' dir='ltr'><strong>quoniam</strong></span> <span class='ocrx_word' id='word_1_315' title='bbox 3742 678 3807 750; x_wconf 76' lang='lat' dir='ltr'><strong>qui</strong></span> 
     </span>
    </p>
   </div>
   <div class='ocr_carea' id='block_1_39' title="bbox 2274 764 3803 838">
    <p class='ocr_par' dir='ltr' id='par_1_39' title="bbox 2274 764 3803 838">
     <span class='ocr_line' id='line_1_39' title="bbox 2274 764 3803 838; baseline 0.005 -20"><span class='ocrx_word' id='word_1_316' title='bbox 2274 764 2622 835; x_wconf 84' lang='lat' dir='ltr'><strong>Itonori/icant</strong></span> <span class='ocrx_word' id='word_1_317' title='bbox 2649 782 2763 831; x_wconf 88' lang='lat' dir='ltr'><strong>me,</strong></span> <span class='ocrx_word' id='word_1_318' title='bbox 2797 766 3151 837; x_wconf 81' lang='lat' dir='ltr'><strong>lionoriﬁcabo</strong></span> <span class='ocrx_word' id='word_1_319' title='bbox 3188 782 3299 833; x_wconf 90' lang='lat' dir='ltr'><strong>eos,</strong></span> <span class='ocrx_word' id='word_1_320' title='bbox 3341 776 3387 821; x_wconf 91' lang='lat' dir='ltr'><strong>et</strong></span> <span class='ocrx_word' id='word_1_321' title='bbox 3412 767 3499 836; x_wconf 87' lang='lat' dir='ltr'><strong>qui</strong></span> <span class='ocrx_word' id='word_1_322' title='bbox 3523 768 3694 838; x_wconf 85' lang='lat' dir='ltr'><strong>spernit</strong></span> <span class='ocrx_word' id='word_1_323' title='bbox 3717 785 3803 835; x_wconf 81' lang='lat' dir='ltr'><strong>me,</strong></span> 
     </span>
    </p>
   </div>
   <div class='ocr_carea' id='block_1_40' title="bbox 2275 858 3806 931">
    <p class='ocr_par' dir='ltr' id='par_1_40' title="bbox 2275 858 3806 931">
     <span class='ocr_line' id='line_1_40' title="bbox 2275 858 3806 931; baseline 0.003 -18"><span class='ocrx_word' id='word_1_324' title='bbox 2275 858 2343 913; x_wconf 89' lang='lat' dir='ltr'><strong>ad</strong></span> <span class='ocrx_word' id='word_1_325' title='bbox 2372 859 2593 915; x_wconf 83' lang='lat' dir='ltr'><strong>nihilum</strong></span> <span class='ocrx_word' id='word_1_326' title='bbox 2631 860 2909 931; x_wconf 87' lang='lat' dir='ltr'><strong>redigetur.</strong></span> <span class='ocrx_word' id='word_1_327' title='bbox 2948 858 3016 914; x_wconf 84' lang='lat' dir='ltr'><strong>Et</strong></span> <span class='ocrx_word' id='word_1_328' title='bbox 3044 876 3161 915; x_wconf 85' lang='lat' dir='ltr'><strong>ecce</strong></span> <span class='ocrx_word' id='word_1_329' title='bbox 3187 860 3295 915; x_wconf 91' lang='lat' dir='ltr'><strong>dies</strong></span> <span class='ocrx_word' id='word_1_330' title='bbox 3325 859 3531 915; x_wconf 82' lang='lat' dir='ltr'><strong>veniunt</strong></span> <span class='ocrx_word' id='word_1_331' title='bbox 3555 901 3568 926; x_wconf 95' lang='lat'><strong>,</strong></span> <span class='ocrx_word' id='word_1_332' title='bbox 3590 870 3631 915; x_wconf 88' lang='lat' dir='ltr'><strong>et</strong></span> <span class='ocrx_word' id='word_1_333' title='bbox 3649 860 3806 931; x_wconf 84' lang='lat' dir='ltr'><strong>disper-</strong></span> 
     </span>
    </p>
   </div>
   <div class='ocr_carea' id='block_1_41' title="bbox 2272 951 3807 1025">
    <p class='ocr_par' dir='ltr' id='par_1_41' title="bbox 2272 951 3807 1025">
     <span class='ocr_line' id='line_1_41' title="bbox 2272 951 3807 1025; baseline 0.003 -19"><span class='ocrx_word' id='word_1_334' title='bbox 2272 952 2393 1007; x_wconf 81' lang='lat' dir='ltr'><strong>dum</strong></span> <span class='ocrx_word' id='word_1_335' title='bbox 2426 951 2449 989; x_wconf 67' lang='grc' dir='ltr'><strong>ιι</strong></span> <span class='ocrx_word' id='word_1_336' title='bbox 2482 969 2653 1008; x_wconf 88' lang='lat' dir='ltr'><strong>semen</strong></span> <span class='ocrx_word' id='word_1_337' title='bbox 2696 964 2839 1008; x_wconf 90' lang='lat' dir='ltr'><strong>tuum</strong></span> <span class='ocrx_word' id='word_1_338' title='bbox 2863 996 2878 1019; x_wconf 89' lang='lat'><strong>,</strong></span> <span class='ocrx_word' id='word_1_339' title='bbox 2918 963 2966 1007; x_wconf 90' lang='lat' dir='ltr'><strong>et</strong></span> <span class='ocrx_word' id='word_1_340' title='bbox 2992 968 3164 1011; x_wconf 82' lang='lat' dir='ltr'><strong>semen</strong></span> <span class='ocrx_word' id='word_1_341' title='bbox 3192 954 3354 1025; x_wconf 85' lang='lat' dir='ltr'><strong>patris</strong></span> <span class='ocrx_word' id='word_1_342' title='bbox 3385 952 3462 1007; x_wconf 89' lang='lat' dir='ltr'><strong>tui</strong></span> <span class='ocrx_word' id='word_1_343' title='bbox 3487 993 3501 1019; x_wconf 97' lang='lat'><strong>,</strong></span> <span class='ocrx_word' id='word_1_344' title='bbox 3549 961 3593 1006; x_wconf 91' lang='lat' dir='ltr'><strong>et</strong></span> <span class='ocrx_word' id='word_1_345' title='bbox 3615 969 3701 1007; x_wconf 86' lang='lat' dir='ltr'><strong>non</strong></span> <span class='ocrx_word' id='word_1_346' title='bbox 3737 956 3807 1010; x_wconf 86' lang='lat' dir='ltr'><strong>erit</strong></span> 
     </span>
    </p>
   </div>
   <div class='ocr_carea' id='block_1_42' title="bbox 2271 1046 3806 1114">
    <p class='ocr_par' dir='ltr' id='par_1_42' title="bbox 2271 1046 3806 1114">
     <span class='ocr_line' id='line_1_42' title="bbox 2271 1046 3806 1114; baseline 0.004 -14"><span class='ocrx_word' id='word_1_347' title='bbox 2271 1046 2365 1101; x_wconf 85' lang='lat' dir='ltr'><strong>tibi</strong></span> <span class='ocrx_word' id='word_1_348' title='bbox 2399 1063 2554 1102; x_wconf 83' lang='lat' dir='ltr'><strong>scnea:</strong></span> <span class='ocrx_word' id='word_1_349' title='bbox 2595 1048 2650 1102; x_wconf 90' lang='lat' dir='ltr'><strong>in</strong></span> <span class='ocrx_word' id='word_1_350' title='bbox 2689 1047 2845 1103; x_wconf 88' lang='lat' dir='ltr'><strong>domo</strong></span> <span class='ocrx_word' id='word_1_351' title='bbox 2874 1063 2987 1103; x_wconf 88' lang='lat' dir='ltr'><strong>mea</strong></span> <span class='ocrx_word' id='word_1_352' title='bbox 3011 1046 3244 1102; x_wconf 86' lang='lat' dir='ltr'><strong>omnibus</strong></span> <span class='ocrx_word' id='word_1_353' title='bbox 3268 1047 3468 1114; x_wconf 90' lang='lat' dir='ltr'><strong>diebus,</strong></span> <span class='ocrx_word' id='word_1_354' title='bbox 3502 1056 3547 1101; x_wconf 88' lang='lat' dir='ltr'><strong>et</strong></span> <span class='ocrx_word' id='word_1_355' title='bbox 3569 1047 3711 1102; x_wconf 77' lang='lat' dir='ltr'><strong>uirum</strong></span> <span class='ocrx_word' id='word_1_356' title='bbox 3726 1049 3806 1106; x_wconf 52' lang='lat' dir='ltr'><strong>dis.</strong></span> 
     </span>
    </p>
   </div>
   <div class='ocr_carea' id='block_1_43' title="bbox 2271 1138 3807 1213">
    <p class='ocr_par' dir='ltr' id='par_1_43' title="bbox 2271 1138 3807 1213">
     <span class='ocr_line' id='line_1_43' title="bbox 2271 1138 3807 1213; baseline 0.003 -19"><span class='ocrx_word' id='word_1_357' title='bbox 2271 1140 2488 1213; x_wconf 83' lang='lat' dir='ltr'><strong>perdam</strong></span> <span class='ocrx_word' id='word_1_358' title='bbox 2524 1138 2539 1178; x_wconf 82' lang='grc' dir='ltr'><strong>ί</strong></span> <span class='ocrx_word' id='word_1_359' title='bbox 2583 1157 2613 1193; x_wconf 90' lang='lat' dir='ltr'><strong>a</strong></span> <span class='ocrx_word' id='word_1_360' title='bbox 2642 1140 2873 1195; x_wconf 85' lang='lat' dir='ltr'><strong>sacrario</strong></span> <span class='ocrx_word' id='word_1_361' title='bbox 2915 1157 3025 1195; x_wconf 90' lang='lat' dir='ltr'><strong>meo</strong></span> <span class='ocrx_word' id='word_1_362' title='bbox 3051 1182 3065 1206; x_wconf 88' lang='lat'><strong>,</strong></span> <span class='ocrx_word' id='word_1_363' title='bbox 3111 1149 3169 1195; x_wconf 87' lang='lat' dir='ltr'><strong>ut</strong></span> <span class='ocrx_word' id='word_1_364' title='bbox 3208 1141 3449 1211; x_wconf 79' lang='lat' dir='ltr'><strong>deﬁciant</strong></span> <span class='ocrx_word' id='word_1_365' title='bbox 3479 1141 3606 1194; x_wconf 86' lang='lat' dir='ltr'><strong>oeuli</strong></span> <span class='ocrx_word' id='word_1_366' title='bbox 3629 1142 3807 1213; x_wconf 81' lang='lat' dir='ltr'><strong>ejus,et</strong></span> 
     </span>
    </p>
   </div>
   <div class='ocr_carea' id='block_1_44' title="bbox 2271 1233 3809 1306">
    <p class='ocr_par' dir='ltr' id='par_1_44' title="bbox 2271 1233 3809 1306">
     <span class='ocr_line' id='line_1_44' title="bbox 2271 1233 3809 1306; baseline 0.001 -19"><span class='ocrx_word' id='word_1_367' title='bbox 2271 1234 2461 1304; x_wconf 83' lang='lat' dir='ltr'><strong>deﬂuet</strong></span> <span class='ocrx_word' id='word_1_368' title='bbox 2487 1235 2661 1289; x_wconf 86' lang='lat' dir='ltr'><strong>anima</strong></span> <span class='ocrx_word' id='word_1_369' title='bbox 2689 1238 2801 1306; x_wconf 84' lang='lat' dir='ltr'><strong>ejus</strong></span> <span class='ocrx_word' id='word_1_370' title='bbox 2832 1252 2850 1289; x_wconf 89' lang='lat'><strong><em>:</em></strong></span> <span class='ocrx_word' id='word_1_371' title='bbox 2891 1245 2937 1289; x_wconf 88' lang='lat' dir='ltr'><strong>et</strong></span> <span class='ocrx_word' id='word_1_372' title='bbox 2967 1234 3134 1290; x_wconf 89' lang='lat' dir='ltr'><strong>omnis</strong></span> <span class='ocrx_word' id='word_1_373' title='bbox 3163 1250 3278 1304; x_wconf 75' lang='lat' dir='ltr'><strong>qua:</strong></span> <span class='ocrx_word' id='word_1_374' title='bbox 3320 1233 3631 1302; x_wconf 71' lang='lat' dir='ltr'><strong>superuenit</strong></span> <span class='ocrx_word' id='word_1_375' title='bbox 3671 1235 3809 1289; x_wconf 82' lang='lat' dir='ltr'><strong>multi-</strong></span> 
     </span>
    </p>
   </div>
   <div class='ocr_carea' id='block_1_45' title="bbox 2269 1328 3807 1401">
    <p class='ocr_par' dir='ltr' id='par_1_45' title="bbox 2269 1328 3807 1401">
     <span class='ocr_line' id='line_1_45' title="bbox 2269 1328 3807 1401; baseline 0.001 -18"><span class='ocrx_word' id='word_1_376' title='bbox 2269 1329 2392 1383; x_wconf 86' lang='lat' dir='ltr'><strong>tudo</strong></span> <span class='ocrx_word' id='word_1_377' title='bbox 2423 1346 2450 1384; x_wconf 92' lang='lat' dir='ltr'><strong>e</strong></span> <span class='ocrx_word' id='word_1_378' title='bbox 2499 1329 2653 1384; x_wconf 90' lang='lat' dir='ltr'><strong>domo</strong></span> <span class='ocrx_word' id='word_1_379' title='bbox 2703 1342 2792 1384; x_wconf 90' lang='lat' dir='ltr'><strong>tua</strong></span> <span class='ocrx_word' id='word_1_380' title='bbox 2828 1329 3025 1384; x_wconf 87' lang='lat' dir='ltr'><strong>decidet</strong></span> <span class='ocrx_word' id='word_1_381' title='bbox 3065 1330 3119 1384; x_wconf 91' lang='lat' dir='ltr'><strong>in</strong></span> <span class='ocrx_word' id='word_1_382' title='bbox 3156 1329 3336 1401; x_wconf 88' lang='lat' dir='ltr'><strong>gladio</strong></span> <span class='ocrx_word' id='word_1_383' title='bbox 3370 1329 3608 1383; x_wconf 83' lang='lat' dir='ltr'><strong>virorum.</strong></span> <span class='ocrx_word' id='word_1_384' title='bbox 3645 1328 3703 1384; x_wconf 79' lang='lat' dir='ltr'><strong>Et</strong></span> <span class='ocrx_word' id='word_1_385' title='bbox 3736 1331 3807 1385; x_wconf 86' lang='lat' dir='ltr'><strong>ltoe</strong></span> 
     </span>
    </p>
   </div>
   <div class='ocr_carea' id='block_1_46' title="bbox 2271 1421 3807 1494">
    <p class='ocr_par' dir='ltr' id='par_1_46' title="bbox 2271 1421 3807 1494">
     <span class='ocr_line' id='line_1_46' title="bbox 2271 1421 3807 1494; baseline 0.003 -19"><span class='ocrx_word' id='word_1_386' title='bbox 2271 1421 2361 1476; x_wconf 90' lang='lat' dir='ltr'><strong>tibi</strong></span> <span class='ocrx_word' id='word_1_387' title='bbox 2404 1422 2647 1492; x_wconf 85' lang='lat' dir='ltr'><strong>signum,</strong></span> <span class='ocrx_word' id='word_1_388' title='bbox 2697 1423 2835 1492; x_wconf 89' lang='lat' dir='ltr'><strong>quod</strong></span> <span class='ocrx_word' id='word_1_389' title='bbox 2881 1422 3047 1477; x_wconf 79' lang='lat' dir='ltr'><strong>veniet</strong></span> <span class='ocrx_word' id='word_1_390' title='bbox 3095 1438 3251 1494; x_wconf 86' lang='lat' dir='ltr'><strong>super</strong></span> <span class='ocrx_word' id='word_1_391' title='bbox 3297 1422 3431 1477; x_wconf 89' lang='lat' dir='ltr'><strong>duos</strong></span> <span class='ocrx_word' id='word_1_392' title='bbox 3454 1421 3586 1491; x_wconf 83' lang='lat' dir='ltr'><strong>ﬁlios</strong></span> <span class='ocrx_word' id='word_1_393' title='bbox 3613 1433 3708 1477; x_wconf 83' lang='lat' dir='ltr'><strong>tuos</strong></span> <span class='ocrx_word' id='word_1_394' title='bbox 3737 1422 3807 1479; x_wconf 76' lang='lat' dir='ltr'><strong>hos</strong></span> 
     </span>
    </p>
   </div>
   <div class='ocr_carea' id='block_1_47' title="bbox 2272 1514 3805 1588">
    <p class='ocr_par' dir='ltr' id='par_1_47' title="bbox 2272 1514 3805 1588">
     <span class='ocr_line' id='line_1_47' title="bbox 2272 1514 3805 1588; baseline 0 -19"><span class='ocrx_word' id='word_1_395' title='bbox 2272 1515 2401 1586; x_wconf 77' lang='lat' dir='ltr'><strong>Ofni</strong></span> <span class='ocrx_word' id='word_1_396' title='bbox 2438 1526 2484 1569; x_wconf 90' lang='lat' dir='ltr'><strong>et</strong></span> <span class='ocrx_word' id='word_1_397' title='bbox 2525 1514 2752 1572; x_wconf 85' lang='lat' dir='ltr'><strong>Phinees</strong></span> <span class='ocrx_word' id='word_1_398' title='bbox 2797 1533 2810 1570; x_wconf 89' lang='lat'><strong>:</strong></span> <span class='ocrx_word' id='word_1_399' title='bbox 2861 1517 2917 1571; x_wconf 89' lang='lat' dir='ltr'><strong>in</strong></span> <span class='ocrx_word' id='word_1_400' title='bbox 2938 1533 3043 1571; x_wconf 91' lang='lat' dir='ltr'><strong>uno</strong></span> <span class='ocrx_word' id='word_1_401' title='bbox 3078 1516 3163 1570; x_wconf 87' lang='lat' dir='ltr'><strong>die</strong></span> <span class='ocrx_word' id='word_1_402' title='bbox 3192 1517 3484 1570; x_wconf 84' lang='lat' dir='ltr'><strong>morientur</strong></span> <span class='ocrx_word' id='word_1_403' title='bbox 3510 1515 3646 1570; x_wconf 89' lang='lat' dir='ltr'><strong>ambo</strong></span> <span class='ocrx_word' id='word_1_404' title='bbox 3671 1516 3805 1588; x_wconf 82' lang='lat' dir='ltr'><strong>gladio</strong></span> 
     </span>
    </p>
   </div>
   <div class='ocr_carea' id='block_1_48' title="bbox 2271 1600 3806 1681">
    <p class='ocr_par' dir='ltr' id='par_1_48' title="bbox 2271 1600 3806 1681">
     <span class='ocr_line' id='line_1_48' title="bbox 2271 1600 3806 1681; baseline 0.003 -22"><span class='ocrx_word' id='word_1_405' title='bbox 2271 1608 2285 1659; x_wconf 87' lang='lat' dir='ltr'><strong>i</strong></span> <span class='ocrx_word' id='word_1_406' title='bbox 2320 1608 2550 1664; x_wconf 81' lang='lat' dir='ltr'><strong>uirorum</strong></span> <span class='ocrx_word' id='word_1_407' title='bbox 2581 1610 2625 1680; x_wconf 86' lang='grc' dir='ltr'>(Ι</span> <span class='ocrx_word' id='word_1_408' title='bbox 2654 1608 2785 1681; x_wconf 86' lang='lat' dir='ltr'><strong>Reg.</strong></span> <span class='ocrx_word' id='word_1_409' title='bbox 2817 1625 2877 1675; x_wconf 86' lang='grc' dir='ltr'>ιι,</span> <span class='ocrx_word' id='word_1_410' title='bbox 2907 1608 3021 1681; x_wconf 80' lang='grc'><strong>27).</strong></span> <span class='ocrx_word' id='word_1_411' title='bbox 3059 1609 3116 1667; x_wconf 91' lang='lat' dir='ltr'><strong>Si</strong></span> <span class='ocrx_word' id='word_1_412' title='bbox 3154 1609 3293 1664; x_wconf 89' lang='lat' dir='ltr'><strong>hanc</strong></span> <span class='ocrx_word' id='word_1_413' title='bbox 3326 1608 3419 1664; x_wconf 89' lang='lat' dir='ltr'><strong>ille</strong></span> <span class='ocrx_word' id='word_1_414' title='bbox 3448 1608 3647 1678; x_wconf 91' lang='lat' dir='ltr'><strong>accepit</strong></span> <span class='ocrx_word' id='word_1_415' title='bbox 3670 1600 3806 1663; x_wconf 81' lang='lat' dir='ltr'><strong>incre-</strong></span> 
     </span>
    </p>
   </div>
   <div class='ocr_carea' id='block_1_49' title="bbox 2268 1700 3808 1774">
    <p class='ocr_par' dir='ltr' id='par_1_49' title="bbox 2268 1700 3808 1774">
     <span class='ocr_line' id='line_1_49' title="bbox 2268 1700 3808 1774; baseline -0.002 -17"><span class='ocrx_word' id='word_1_416' title='bbox 2268 1702 2545 1774; x_wconf 89' lang='lat' dir='ltr'><strong>pationem</strong></span> <span class='ocrx_word' id='word_1_417' title='bbox 2590 1716 2690 1773; x_wconf 92' lang='lat' dir='ltr'><strong>pro</strong></span> <span class='ocrx_word' id='word_1_418' title='bbox 2732 1700 2859 1757; x_wconf 83' lang='lat' dir='ltr'><strong>ﬁliis</strong></span> <span class='ocrx_word' id='word_1_419' title='bbox 2890 1718 2919 1756; x_wconf 89' lang='lat' dir='ltr'><strong>a</strong></span> <span class='ocrx_word' id='word_1_420' title='bbox 2954 1701 3067 1757; x_wconf 92' lang='lat' dir='ltr'><strong>Deo</strong></span> <span class='ocrx_word' id='word_1_421' title='bbox 3091 1743 3106 1766; x_wconf 90' lang='lat'><strong>,</strong></span> <span class='ocrx_word' id='word_1_422' title='bbox 3156 1702 3375 1771; x_wconf 87' lang='lat' dir='ltr'><strong>qualem</strong></span> <span class='ocrx_word' id='word_1_423' title='bbox 3409 1714 3505 1755; x_wconf 89' lang='lat' dir='ltr'><strong>nos</strong></span> <span class='ocrx_word' id='word_1_424' title='bbox 3530 1714 3808 1755; x_wconf 79' lang='lat' dir='ltr'><strong>mereremur</strong></span> 
     </span>
    </p>
   </div>
   <div class='ocr_carea' id='block_1_50' title="bbox 2190 1791 3809 1869">
    <p class='ocr_par' dir='ltr' id='par_1_50' title="bbox 2190 1791 3809 1869">
     <span class='ocr_line' id='line_1_50' title="bbox 2190 1791 3809 1869; baseline -0.001 -17"><span class='ocrx_word' id='word_1_425' title='bbox 2190 1808 2238 1869; x_wconf 84' lang='grc' dir='ltr'><strong>Β</strong></span> <span class='ocrx_word' id='word_1_426' title='bbox 2265 1797 2515 1867; x_wconf 89' lang='lat' dir='ltr'><strong>accipere</strong></span> <span class='ocrx_word' id='word_1_427' title='bbox 2547 1811 2646 1867; x_wconf 92' lang='lat' dir='ltr'><strong>pro</strong></span> <span class='ocrx_word' id='word_1_428' title='bbox 2691 1807 2782 1862; x_wconf 90' lang='lat' dir='ltr'><strong>te,</strong></span> <span class='ocrx_word' id='word_1_429' title='bbox 2830 1793 3162 1852; x_wconf 86' lang='lat' dir='ltr'><strong>Constanti?</strong></span> <span class='ocrx_word' id='word_1_430' title='bbox 3204 1795 3375 1851; x_wconf 88' lang='lat' dir='ltr'><strong>credo</strong></span> <span class='ocrx_word' id='word_1_431' title='bbox 3423 1793 3616 1850; x_wconf 91' lang='lat' dir='ltr'><strong>dictum</strong></span> <span class='ocrx_word' id='word_1_432' title='bbox 3658 1791 3809 1850; x_wconf 83' lang='lat' dir='ltr'><strong>luisset</strong></span> 
     </span>
    </p>
   </div>
   <div class='ocr_carea' id='block_1_51' title="bbox 2264 1884 3801 1959">
    <p class='ocr_par' dir='ltr' id='par_1_51' title="bbox 2264 1884 3801 1959">
     <span class='ocr_line' id='line_1_51' title="bbox 2264 1884 3801 1959; baseline -0.003 -15"><span class='ocrx_word' id='word_1_433' title='bbox 2264 1888 2463 1944; x_wconf 87' lang='lat' dir='ltr'><strong>nobis:</strong></span> <span class='ocrx_word' id='word_1_434' title='bbox 2514 1887 2647 1943; x_wconf 86' lang='lat' dir='ltr'><strong>Plus</strong></span> <span class='ocrx_word' id='word_1_435' title='bbox 2697 1888 3076 1959; x_wconf 78' lang='lat' dir='ltr'><strong>honoriﬁcastis</strong></span> <span class='ocrx_word' id='word_1_436' title='bbox 3102 1884 3466 1943; x_wconf 85' lang='lat' dir='ltr'><strong>Constantium</strong></span> <span class='ocrx_word' id='word_1_437' title='bbox 3489 1928 3506 1952; x_wconf 87' lang='lat'><strong>,</strong></span> <span class='ocrx_word' id='word_1_438' title='bbox 3548 1903 3682 1955; x_wconf 88' lang='lat' dir='ltr'><strong>quam</strong></span> <span class='ocrx_word' id='word_1_439' title='bbox 3708 1901 3801 1953; x_wconf 80' lang='lat' dir='ltr'><strong>me;</strong></span> 
     </span>
    </p>
   </div>
   <div class='ocr_carea' id='block_1_52' title="bbox 2263 1979 3806 2054">
    <p class='ocr_par' dir='ltr' id='par_1_52' title="bbox 2263 1979 3806 2054">
     <span class='ocr_line' id='line_1_52' title="bbox 2263 1979 3806 2054; baseline -0.001 -17"><span class='ocrx_word' id='word_1_440' title='bbox 2263 1983 2536 2054; x_wconf 89' lang='lat' dir='ltr'><strong>quomodo</strong></span> <span class='ocrx_word' id='word_1_441' title='bbox 2564 1983 2641 2039; x_wconf 87' lang='lat' dir='ltr'><strong>illi</strong></span> <span class='ocrx_word' id='word_1_442' title='bbox 2670 1983 2871 2039; x_wconf 89' lang='lat' dir='ltr'><strong>dictum</strong></span> <span class='ocrx_word' id='word_1_443' title='bbox 2912 1993 2994 2039; x_wconf 89' lang='lat' dir='ltr'><strong>est</strong></span> <span class='ocrx_word' id='word_1_444' title='bbox 3019 2024 3036 2051; x_wconf 93' lang='lat'><strong>,</strong></span> <span class='ocrx_word' id='word_1_445' title='bbox 3081 1982 3224 2051; x_wconf 90' lang='lat' dir='ltr'><strong>quod</strong></span> <span class='ocrx_word' id='word_1_446' title='bbox 3259 1982 3387 2054; x_wconf 88' lang='lat' dir='ltr'><strong>plus</strong></span> <span class='ocrx_word' id='word_1_447' title='bbox 3425 1979 3806 2038; x_wconf 76' lang='lat' dir='ltr'><strong>honorificarerit</strong></span> 
     </span>
    </p>
   </div>
   <div class='ocr_carea' id='block_1_53' title="bbox 2264 2074 3803 2148">
    <p class='ocr_par' dir='ltr' id='par_1_53' title="bbox 2264 2074 3803 2148">
     <span class='ocr_line' id='line_1_53' title="bbox 2264 2074 3803 2148; baseline -0.003 -15"><span class='ocrx_word' id='word_1_448' title='bbox 2264 2077 2427 2147; x_wconf 82' lang='lat' dir='ltr'><strong>filios,</strong></span> <span class='ocrx_word' id='word_1_449' title='bbox 2458 2093 2620 2148; x_wconf 87' lang='lat' dir='ltr'><strong>quam</strong></span> <span class='ocrx_word' id='word_1_450' title='bbox 2654 2077 2845 2132; x_wconf 91' lang='lat' dir='ltr'><strong>Deum.</strong></span> <span class='ocrx_word' id='word_1_451' title='bbox 2891 2076 3030 2145; x_wconf 85' lang='lat' dir='ltr'><strong>Qua,</strong></span> <span class='ocrx_word' id='word_1_452' title='bbox 3065 2077 3268 2147; x_wconf 84' lang='lat' dir='ltr'><strong>inquis.</strong></span> <span class='ocrx_word' id='word_1_453' title='bbox 3302 2078 3375 2134; x_wconf 88' lang='lat' dir='ltr'><strong>de</strong></span> <span class='ocrx_word' id='word_1_454' title='bbox 3407 2075 3509 2133; x_wconf 86' lang='lat' dir='ltr'><strong>re?</strong></span> <span class='ocrx_word' id='word_1_455' title='bbox 3543 2074 3657 2146; x_wconf 86' lang='lat' dir='ltr'><strong>quia</strong></span> <span class='ocrx_word' id='word_1_456' title='bbox 3679 2074 3719 2129; x_wconf 92' lang='lat' dir='ltr'><strong>si</strong></span> <span class='ocrx_word' id='word_1_457' title='bbox 3737 2082 3803 2129; x_wconf 85' lang='lat' dir='ltr'><strong>tua</strong></span> 
     </span>
    </p>
   </div>
   <div class='ocr_carea' id='block_1_54' title="bbox 2262 2169 3806 2242">
    <p class='ocr_par' dir='ltr' id='par_1_54' title="bbox 2262 2169 3806 2242">
     <span class='ocr_line' id='line_1_54' title="bbox 2262 2169 3806 2242; baseline -0.002 -13"><span class='ocrx_word' id='word_1_458' title='bbox 2262 2172 2582 2230; x_wconf 81' lang='lat' dir='ltr'><strong>fecissemus</strong></span> <span class='ocrx_word' id='word_1_459' title='bbox 2610 2180 2879 2242; x_wconf 82' lang='lat' dir='ltr'><strong>praecepta</strong></span> <span class='ocrx_word' id='word_1_460' title='bbox 2898 2214 2912 2237; x_wconf 91' lang='lat'><strong>,</strong></span> <span class='ocrx_word' id='word_1_461' title='bbox 2944 2171 3160 2227; x_wconf 86' lang='lat' dir='ltr'><strong>Domini</strong></span> <span class='ocrx_word' id='word_1_462' title='bbox 3194 2171 3600 2227; x_wconf 89' lang='lat' dir='ltr'><strong>inveniebamur</strong></span> <span class='ocrx_word' id='word_1_463' title='bbox 3620 2169 3806 2241; x_wconf 82' lang='lat' dir='ltr'><strong>sprevis-</strong></span> 
     </span>
    </p>
   </div>
   <div class='ocr_carea' id='block_1_55' title="bbox 2262 2262 3821 2335">
    <p class='ocr_par' dir='ltr' id='par_1_55' title="bbox 2262 2262 3821 2335">
     <span class='ocr_line' id='line_1_55' title="bbox 2262 2262 3821 2335; baseline -0.002 -14"><span class='ocrx_word' id='word_1_464' title='bbox 2262 2279 2357 2331; x_wconf 89' lang='lat' dir='ltr'><strong>se;</strong></span> <span class='ocrx_word' id='word_1_465' title='bbox 2386 2265 2509 2335; x_wconf 89' lang='lat' dir='ltr'><strong>quia</strong></span> <span class='ocrx_word' id='word_1_466' title='bbox 2540 2264 2808 2335; x_wconf 84' lang='lat' dir='ltr'><strong>Georgius</strong></span> <span class='ocrx_word' id='word_1_467' title='bbox 2835 2265 2927 2330; x_wconf 91' lang='lat' dir='ltr'><strong>sit,</strong></span> <span class='ocrx_word' id='word_1_468' title='bbox 2959 2272 3019 2319; x_wconf 95' lang='lat' dir='ltr'><strong>ut</strong></span> <span class='ocrx_word' id='word_1_469' title='bbox 3048 2262 3251 2320; x_wconf 79' lang='lat' dir='ltr'><strong>fuerint</strong></span> <span class='ocrx_word' id='word_1_470' title='bbox 3280 2263 3385 2320; x_wconf 83' lang='lat' dir='ltr'><strong>lilii</strong></span> <span class='ocrx_word' id='word_1_471' title='bbox 3414 2264 3551 2330; x_wconf 82' lang='lat' dir='ltr'><strong>Deli,</strong></span> <span class='ocrx_word' id='word_1_472' title='bbox 3579 2263 3703 2320; x_wconf 84' lang='lat' dir='ltr'><strong>ﬁlius</strong></span> <span class='ocrx_word' id='word_1_473' title='bbox 3738 2278 3821 2333; x_wconf 55' lang='lat' dir='ltr'><strong>per</strong></span> 
     </span>
    </p>
   </div>
   <div class='ocr_carea' id='block_1_56' title="bbox 2260 2357 3801 2429">
    <p class='ocr_par' dir='ltr' id='par_1_56' title="bbox 2260 2357 3801 2429">
     <span class='ocr_line' id='line_1_56' title="bbox 2260 2357 3801 2429; baseline -0.002 -15"><span class='ocrx_word' id='word_1_474' title='bbox 2260 2358 2541 2424; x_wconf 65' lang='lat' dir='ltr'><strong>Stilcntial,</strong></span> <span class='ocrx_word' id='word_1_475' title='bbox 2563 2373 2724 2429; x_wconf 89' lang='lat' dir='ltr'><strong>quem</strong></span> <span class='ocrx_word' id='word_1_476' title='bbox 2758 2367 2814 2413; x_wconf 91' lang='lat' dir='ltr'><strong>tu</strong></span> <span class='ocrx_word' id='word_1_477' title='bbox 2846 2359 2965 2413; x_wconf 92' lang='lat' dir='ltr'><strong>loco</strong></span> <span class='ocrx_word' id='word_1_478' title='bbox 2994 2358 3088 2414; x_wconf 91' lang='lat' dir='ltr'><strong>Dei</strong></span> <span class='ocrx_word' id='word_1_479' title='bbox 3121 2357 3366 2414; x_wconf 83' lang='lat' dir='ltr'><strong>hominis</strong></span> <span class='ocrx_word' id='word_1_480' title='bbox 3386 2358 3649 2415; x_wconf 81' lang='lat' dir='ltr'><strong>Athanasii</strong></span> <span class='ocrx_word' id='word_1_481' title='bbox 3673 2357 3801 2413; x_wconf 81' lang='lat' dir='ltr'><strong>collo-</strong></span> 
     </span>
    </p>
   </div>
   <div class='ocr_carea' id='block_1_57' title="bbox 2260 2452 3801 2523">
    <p class='ocr_par' dir='ltr' id='par_1_57' title="bbox 2260 2452 3801 2523">
     <span class='ocr_line' id='line_1_57' title="bbox 2260 2452 3801 2523; baseline -0.003 -14"><span class='ocrx_word' id='word_1_482' title='bbox 2260 2453 2490 2509; x_wconf 89' lang='lat' dir='ltr'><strong>candum</strong></span> <span class='ocrx_word' id='word_1_483' title='bbox 2520 2467 2617 2523; x_wconf 89' lang='lat' dir='ltr'><strong>per</strong></span> <span class='ocrx_word' id='word_1_484' title='bbox 2639 2467 2737 2509; x_wconf 91' lang='lat' dir='ltr'><strong>nos</strong></span> <span class='ocrx_word' id='word_1_485' title='bbox 2760 2467 3075 2509; x_wconf 90' lang='lat' dir='ltr'><strong>censueras.</strong></span> <span class='ocrx_word' id='word_1_486' title='bbox 3121 2453 3331 2508; x_wconf 91' lang='lat' dir='ltr'><strong>Deinde</strong></span> <span class='ocrx_word' id='word_1_487' title='bbox 3359 2468 3482 2509; x_wconf 87' lang='lat' dir='ltr'><strong>cum</strong></span> <span class='ocrx_word' id='word_1_488' title='bbox 3510 2453 3642 2507; x_wconf 88' lang='lat' dir='ltr'><strong>dicat</strong></span> <span class='ocrx_word' id='word_1_489' title='bbox 3666 2452 3801 2506; x_wconf 85' lang='lat' dir='ltr'><strong>Deus:</strong></span> 
     </span>
    </p>
   </div>
   <div class='ocr_carea' id='block_1_58' title="bbox 2266 2545 3804 2618">
    <p class='ocr_par' dir='ltr' id='par_1_58' title="bbox 2266 2545 3804 2618">
     <span class='ocr_line' id='line_1_58' title="bbox 2266 2545 3804 2618; baseline -0.002 -16"><span class='ocrx_word' id='word_1_490' title='bbox 2266 2547 2370 2616; x_wconf 83' lang='lat' dir='ltr'><strong>Qui</strong></span> <span class='ocrx_word' id='word_1_491' title='bbox 2387 2545 2410 2584; x_wconf 58' lang='grc' dir='ltr'>κ</span> <span class='ocrx_word' id='word_1_492' title='bbox 2427 2562 2506 2601; x_wconf 85' lang='lat' dir='ltr'><strong>me</strong></span> <span class='ocrx_word' id='word_1_493' title='bbox 2525 2546 2709 2601; x_wconf 86' lang='lat' dir='ltr'><strong>honori</strong></span> <span class='ocrx_word' id='word_1_494' title='bbox 2712 2547 2960 2616; x_wconf 80' lang='lat' dir='ltr'><strong>ﬁcaverit,</strong></span> <span class='ocrx_word' id='word_1_495' title='bbox 2983 2545 3168 2601; x_wconf 85' lang='lat' dir='ltr'><strong>honori</strong></span> <span class='ocrx_word' id='word_1_496' title='bbox 3170 2546 3435 2617; x_wconf 73' lang='lat' dir='ltr'><strong>ficabitur,</strong></span> <span class='ocrx_word' id='word_1_497' title='bbox 3456 2556 3500 2601; x_wconf 84' lang='lat' dir='ltr'><strong>et</strong></span> <span class='ocrx_word' id='word_1_498' title='bbox 3515 2546 3595 2618; x_wconf 86' lang='lat' dir='ltr'><strong>qui</strong></span> <span class='ocrx_word' id='word_1_499' title='bbox 3615 2562 3682 2601; x_wconf 87' lang='lat' dir='ltr'><strong>me</strong></span> <span class='ocrx_word' id='word_1_500' title='bbox 3698 2560 3804 2616; x_wconf 79' lang='lat' dir='ltr'><strong>sper-</strong></span> 
     </span>
    </p>
   </div>
   <div class='ocr_carea' id='block_1_59' title="bbox 2260 2638 3803 2712">
    <p class='ocr_par' dir='ltr' id='par_1_59' title="bbox 2260 2638 3803 2712">
     <span class='ocr_line' id='line_1_59' title="bbox 2260 2638 3803 2712; baseline -0.003 -16"><span class='ocrx_word' id='word_1_501' title='bbox 2260 2642 2338 2696; x_wconf 87' lang='lat' dir='ltr'><strong>nit</strong></span> <span class='ocrx_word' id='word_1_502' title='bbox 2360 2683 2375 2709; x_wconf 89' lang='lat'><strong>,</strong></span> <span class='ocrx_word' id='word_1_503' title='bbox 2416 2641 2485 2695; x_wconf 89' lang='lat' dir='ltr'><strong>ad</strong></span> <span class='ocrx_word' id='word_1_504' title='bbox 2506 2640 2728 2695; x_wconf 80' lang='lat' dir='ltr'><strong>nihilum</strong></span> <span class='ocrx_word' id='word_1_505' title='bbox 2749 2639 3012 2711; x_wconf 87' lang='lat' dir='ltr'><strong>redigetur</strong></span> <span class='ocrx_word' id='word_1_506' title='bbox 3043 2638 3347 2712; x_wconf 76' lang='lat' dir='ltr'><strong>(Ibid.,50)</strong></span> <span class='ocrx_word' id='word_1_507' title='bbox 3373 2656 3389 2707; x_wconf 92' lang='lat'><strong>;</strong></span> <span class='ocrx_word' id='word_1_508' title='bbox 3421 2640 3465 2695; x_wconf 91' lang='lat' dir='ltr'><strong>si</strong></span> <span class='ocrx_word' id='word_1_509' title='bbox 3497 2651 3628 2694; x_wconf 86' lang='lat' dir='ltr'><strong>tuam</strong></span> <span class='ocrx_word' id='word_1_510' title='bbox 3659 2646 3803 2693; x_wconf 85' lang='lat' dir='ltr'><strong>contra</strong></span> 
     </span>
    </p>
   </div>
   <div class='ocr_carea' id='block_1_60' title="bbox 2262 2728 3801 2807">
    <p class='ocr_par' dir='ltr' id='par_1_60' title="bbox 2262 2728 3801 2807">
     <span class='ocr_line' id='line_1_60' title="bbox 2262 2728 3801 2807; baseline -0.006 -16"><span class='ocrx_word' id='word_1_511' title='bbox 2262 2736 2434 2807; x_wconf 87' lang='lat' dir='ltr'><strong>ipsius</strong></span> <span class='ocrx_word' id='word_1_512' title='bbox 2477 2733 2662 2790; x_wconf 88' lang='lat' dir='ltr'><strong>divina</strong></span> <span class='ocrx_word' id='word_1_513' title='bbox 2708 2733 2961 2789; x_wconf 88' lang='lat' dir='ltr'><strong>mandata</strong></span> <span class='ocrx_word' id='word_1_514' title='bbox 2996 2733 3263 2803; x_wconf 87' lang='lat' dir='ltr'><strong>prolatam</strong></span> <span class='ocrx_word' id='word_1_515' title='bbox 3304 2747 3501 2788; x_wconf 85' lang='lat' dir='ltr'><strong>vocem</strong></span> <span class='ocrx_word' id='word_1_516' title='bbox 3541 2728 3801 2799; x_wconf 83' lang='lat' dir='ltr'><strong>sacrilegam</strong></span> 
     </span>
    </p>
   </div>
   <div class='ocr_carea' id='block_1_61' title="bbox 2258 2817 3803 2895">
    <p class='ocr_par' dir='ltr' id='par_1_61' title="bbox 2258 2817 3803 2895">
     <span class='ocr_line' id='line_1_61' title="bbox 2258 2817 3803 2895; baseline -0.007 -11"><span class='ocrx_word' id='word_1_517' title='bbox 2258 2829 2593 2895; x_wconf 90' lang='lat' dir='ltr'><strong>audiremus,</strong></span> <span class='ocrx_word' id='word_1_518' title='bbox 2625 2825 3184 2883; x_wconf 83' lang='lat' dir='ltr'><strong>honorificaveramus</strong></span> <span class='ocrx_word' id='word_1_519' title='bbox 3215 2824 3435 2885; x_wconf 77' lang='lat' dir='ltr'><strong>Deum?</strong></span> <span class='ocrx_word' id='word_1_520' title='bbox 3472 2839 3538 2879; x_wconf 91' lang='lat' dir='ltr'><strong>an</strong></span> <span class='ocrx_word' id='word_1_521' title='bbox 3567 2823 3608 2878; x_wconf 88' lang='lat' dir='ltr'><strong>si</strong></span> <span class='ocrx_word' id='word_1_522' title='bbox 3632 2832 3677 2877; x_wconf 85' lang='lat' dir='ltr'><strong>te</strong></span> <span class='ocrx_word' id='word_1_523' title='bbox 3700 2817 3803 2875; x_wconf 85' lang='lat' dir='ltr'><strong>nihil</strong></span> 
     </span>
    </p>
   </div>
   <div class='ocr_carea' id='block_1_62' title="bbox 2259 2920 3802 2995">
    <p class='ocr_par' dir='ltr' id='par_1_62' title="bbox 2259 2920 3802 2995">
     <span class='ocr_line' id='line_1_62' title="bbox 2259 2920 3802 2995; baseline -0.006 -14"><span class='ocrx_word' id='word_1_524' title='bbox 2259 2939 2382 2981; x_wconf 89' lang='lat' dir='ltr'><strong>esse</strong></span> <span class='ocrx_word' id='word_1_525' title='bbox 2419 2923 2729 2995; x_wconf 74' lang='lat' dir='ltr'><strong>iudicantes</strong></span> <span class='ocrx_word' id='word_1_526' title='bbox 2759 2922 2906 2977; x_wconf 90' lang='lat' dir='ltr'><strong>illius</strong></span> <span class='ocrx_word' id='word_1_527' title='bbox 2937 2931 3145 2977; x_wconf 92' lang='lat' dir='ltr'><strong>tantum</strong></span> <span class='ocrx_word' id='word_1_528' title='bbox 3184 2920 3360 2978; x_wconf 88' lang='lat' dir='ltr'><strong>sacris</strong></span> <span class='ocrx_word' id='word_1_529' title='bbox 3403 2920 3612 2976; x_wconf 87' lang='lat' dir='ltr'><strong>statutis</strong></span> <span class='ocrx_word' id='word_1_530' title='bbox 3654 2929 3802 2989; x_wconf 83' lang='lat' dir='ltr'><strong>parere</strong></span> 
     </span>
    </p>
   </div>
   <div class='ocr_carea' id='block_1_63' title="bbox 2260 3013 3803 3087">
    <p class='ocr_par' dir='ltr' id='par_1_63' title="bbox 2260 3013 3803 3087">
     <span class='ocr_line' id='line_1_63' title="bbox 2260 3013 3803 3087; baseline -0.008 -12"><span class='ocrx_word' id='word_1_531' title='bbox 2260 3017 2602 3075; x_wconf 87' lang='lat' dir='ltr'><strong>niteremur?</strong></span> <span class='ocrx_word' id='word_1_532' title='bbox 2642 3015 2857 3071; x_wconf 89' lang='lat' dir='ltr'><strong>Interea</strong></span> <span class='ocrx_word' id='word_1_533' title='bbox 2905 3023 2959 3069; x_wconf 91' lang='lat' dir='ltr'><strong>tu</strong></span> <span class='ocrx_word' id='word_1_534' title='bbox 2992 3014 3202 3087; x_wconf 89' lang='lat' dir='ltr'><strong>gaude,</strong></span> <span class='ocrx_word' id='word_1_535' title='bbox 3231 3015 3363 3085; x_wconf 89' lang='lat' dir='ltr'><strong>quia</strong></span> <span class='ocrx_word' id='word_1_536' title='bbox 3402 3015 3477 3071; x_wconf 89' lang='lat' dir='ltr'><strong>sis</strong></span> <span class='ocrx_word' id='word_1_537' title='bbox 3511 3013 3803 3070; x_wconf 84' lang='lat' dir='ltr'><strong>exhonorans</strong></span> 
     </span>
    </p>
   </div>
   <div class='ocr_carea' id='block_1_64' title="bbox 2261 3105 3803 3182">
    <p class='ocr_par' dir='ltr' id='par_1_64' title="bbox 2261 3105 3803 3182">
     <span class='ocr_line' id='line_1_64' title="bbox 2261 3105 3803 3182; baseline -0.006 -14"><span class='ocrx_word' id='word_1_538' title='bbox 2261 3111 2452 3168; x_wconf 92' lang='lat' dir='ltr'><strong>Deum.</strong></span> <span class='ocrx_word' id='word_1_539' title='bbox 2504 3111 2674 3169; x_wconf 82' lang='lat' dir='ltr'><strong>Audis</strong></span> <span class='ocrx_word' id='word_1_540' title='bbox 2699 3112 2845 3167; x_wconf 90' lang='lat' dir='ltr'><strong>enim</strong></span> <span class='ocrx_word' id='word_1_541' title='bbox 2878 3111 3056 3182; x_wconf 91' lang='lat' dir='ltr'><strong>ipsum</strong></span> <span class='ocrx_word' id='word_1_542' title='bbox 3092 3111 3370 3167; x_wconf 90' lang='lat' dir='ltr'><strong>dicentem</strong></span> <span class='ocrx_word' id='word_1_543' title='bbox 3396 3153 3409 3176; x_wconf 91' lang='lat'><strong>,</strong></span> <span class='ocrx_word' id='word_1_544' title='bbox 3461 3108 3596 3182; x_wconf 88' lang='lat' dir='ltr'><strong>quod</strong></span> <span class='ocrx_word' id='word_1_545' title='bbox 3636 3105 3803 3164; x_wconf 86' lang='lat' dir='ltr'><strong>venturi</strong></span> 
     </span>
    </p>
   </div>
   <div class='ocr_carea' id='block_1_65' title="bbox 2259 3200 3802 3274">
    <p class='ocr_par' dir='ltr' id='par_1_65' title="bbox 2259 3200 3802 3274">
     <span class='ocr_line' id='line_1_65' title="bbox 2259 3200 3802 3274; baseline -0.006 -11"><span class='ocrx_word' id='word_1_546' title='bbox 2259 3207 2369 3264; x_wconf 89' lang='lat' dir='ltr'><strong>sint</strong></span> <span class='ocrx_word' id='word_1_547' title='bbox 2398 3209 2467 3264; x_wconf 87' lang='lat' dir='ltr'><strong>ad</strong></span> <span class='ocrx_word' id='word_1_548' title='bbox 2489 3206 2719 3263; x_wconf 91' lang='lat' dir='ltr'><strong>nihilum</strong></span> <span class='ocrx_word' id='word_1_549' title='bbox 2750 3221 2942 3262; x_wconf 87' lang='lat' dir='ltr'><strong>omnes</strong></span> <span class='ocrx_word' id='word_1_550' title='bbox 2971 3222 3095 3263; x_wconf 89' lang='lat' dir='ltr'><strong>eum</strong></span> <span class='ocrx_word' id='word_1_551' title='bbox 3125 3215 3484 3274; x_wconf 83' lang='lat' dir='ltr'><strong>spernentes.</strong></span> <span class='ocrx_word' id='word_1_552' title='bbox 3527 3205 3604 3259; x_wconf 90' lang='lat' dir='ltr'><strong>An</strong></span> <span class='ocrx_word' id='word_1_553' title='bbox 3628 3200 3802 3273; x_wconf 81' lang='lat' dir='ltr'><strong>negabis</strong></span> 
     </span>
    </p>
   </div>
   <div class='ocr_carea' id='block_1_66' title="bbox 551 3266 3801 3371">
    <p class='ocr_par' dir='ltr' id='par_1_66' title="bbox 551 3266 3801 3371">
     <span class='ocr_line' id='line_1_66' title="bbox 551 3266 3801 3371; baseline 0 -21"><span class='ocrx_word' id='word_1_554' title='bbox 551 3295 609 3351; x_wconf 90' lang='lat' dir='ltr'><strong>in</strong></span> <span class='ocrx_word' id='word_1_555' title='bbox 638 3297 901 3353; x_wconf 89' lang='lat' dir='ltr'><strong>incensum</strong></span> <span class='ocrx_word' id='word_1_556' title='bbox 929 3315 1097 3355; x_wconf 89' lang='lat' dir='ltr'><strong>meum</strong></span> <span class='ocrx_word' id='word_1_557' title='bbox 1122 3316 1184 3354; x_wconf 87' lang='lat' dir='ltr'><strong>ac</strong></span> <span class='ocrx_word' id='word_1_558' title='bbox 1212 3301 1526 3370; x_wconf 78' lang='lat' dir='ltr'><strong>sacriﬁcium</strong></span> <span class='ocrx_word' id='word_1_559' title='bbox 1556 3316 1722 3355; x_wconf 91' lang='lat' dir='ltr'><strong>meum</strong></span> <span class='ocrx_word' id='word_1_560' title='bbox 1766 3298 2003 3371; x_wconf 88' lang='lat' dir='ltr'><strong>improbo</strong></span> <span class='ocrx_word' id='word_1_561' title='bbox 2032 3316 2155 3353; x_wconf 88' lang='lat' dir='ltr'><strong>ocu-</strong></span> <span class='ocrx_word' id='word_1_562' title='bbox 2182 3266 2228 3330; x_wconf 66' lang='grc' dir='ltr'><strong>Ο</strong></span> <span class='ocrx_word' id='word_1_563' title='bbox 2262 3310 2315 3357; x_wconf 91' lang='lat' dir='ltr'><strong>te</strong></span> <span class='ocrx_word' id='word_1_564' title='bbox 2352 3301 2727 3357; x_wconf 80' lang='lat' dir='ltr'><strong>exltonorasse</strong></span> <span class='ocrx_word' id='word_1_565' title='bbox 2770 3300 3059 3356; x_wconf 89' lang='lat' dir='ltr'><strong>Dominum</strong></span> <span class='ocrx_word' id='word_1_566' title='bbox 3084 3299 3326 3357; x_wconf 91' lang='lat' dir='ltr'><strong>tollendo</strong></span> <span class='ocrx_word' id='word_1_567' title='bbox 3357 3300 3654 3357; x_wconf 83' lang='lat' dir='ltr'><strong>sacerdotes</strong></span> <span class='ocrx_word' id='word_1_568' title='bbox 3672 3294 3801 3367; x_wconf 60' lang='lat' dir='ltr'><strong>epleo</strong></span> 
     </span>
    </p>
   </div>
   <div class='ocr_carea' id='block_1_67' title="bbox 554 3395 2150 3469">
    <p class='ocr_par' dir='ltr' id='par_1_67' title="bbox 554 3395 2150 3469">
     <span class='ocr_line' id='line_1_67' title="bbox 554 3395 2150 3469; baseline -0.001 -18"><span class='ocrx_word' id='word_1_569' title='bbox 554 3395 627 3462; x_wconf 87' lang='lat' dir='ltr'><strong>lo,</strong></span> <span class='ocrx_word' id='word_1_570' title='bbox 657 3405 707 3451; x_wconf 90' lang='lat' dir='ltr'><strong>et</strong></span> <span class='ocrx_word' id='word_1_571' title='bbox 733 3396 1098 3467; x_wconf 83' lang='lat' dir='ltr'><strong>honori/icasti</strong></span> <span class='ocrx_word' id='word_1_572' title='bbox 1125 3398 1267 3469; x_wconf 75' lang='lat' dir='ltr'><strong>ﬁlios</strong></span> <span class='ocrx_word' id='word_1_573' title='bbox 1290 3409 1406 3453; x_wconf 89' lang='lat' dir='ltr'><strong>tuos</strong></span> <span class='ocrx_word' id='word_1_574' title='bbox 1433 3398 1551 3468; x_wconf 90' lang='lat' dir='ltr'><strong>plus</strong></span> <span class='ocrx_word' id='word_1_575' title='bbox 1572 3414 1727 3468; x_wconf 89' lang='lat' dir='ltr'><strong>quam</strong></span> <span class='ocrx_word' id='word_1_576' title='bbox 1746 3412 1846 3462; x_wconf 90' lang='lat' dir='ltr'><strong>me,</strong></span> <span class='ocrx_word' id='word_1_577' title='bbox 1870 3406 1927 3451; x_wconf 89' lang='lat' dir='ltr'><strong>ut</strong></span> <span class='ocrx_word' id='word_1_578' title='bbox 1945 3395 2150 3451; x_wconf 70' lang='lat' dir='ltr'><strong>benedi~</strong></span> 
     </span>
    </p>
   </div>
   <div class='ocr_carea' id='block_1_68' title="bbox 551 3489 2151 3563">
    <p class='ocr_par' dir='ltr' id='par_1_68' title="bbox 551 3489 2151 3563">
     <span class='ocr_line' id='line_1_68' title="bbox 551 3489 2151 3563; baseline 0.001 -19"><span class='ocrx_word' id='word_1_579' title='bbox 551 3504 694 3545; x_wconf 84' lang='lat' dir='ltr'><strong>ceres</strong></span> <span class='ocrx_word' id='word_1_580' title='bbox 719 3506 804 3547; x_wconf 90' lang='lat' dir='ltr'><strong>eos</strong></span> <span class='ocrx_word' id='word_1_581' title='bbox 831 3507 864 3546; x_wconf 90' lang='lat' dir='ltr'><strong>a</strong></span> <span class='ocrx_word' id='word_1_582' title='bbox 885 3492 1176 3563; x_wconf 88' lang='lat' dir='ltr'><strong>primordio</strong></span> <span class='ocrx_word' id='word_1_583' title='bbox 1204 3493 1261 3548; x_wconf 91' lang='lat' dir='ltr'><strong>in</strong></span> <span class='ocrx_word' id='word_1_584' title='bbox 1290 3492 1531 3548; x_wconf 90' lang='lat' dir='ltr'><strong>omnibus</strong></span> <span class='ocrx_word' id='word_1_585' title='bbox 1558 3489 2030 3561; x_wconf 77' lang='lat' dir='ltr'><strong>sacriﬁciislsrael</strong></span> <span class='ocrx_word' id='word_1_586' title='bbox 2058 3506 2151 3545; x_wconf 78' lang='lat' dir='ltr'><strong>co-</strong></span> 
     </span>
    </p>
   </div>
   <div class='ocr_carea' id='block_1_69' title="bbox 625 3694 2140 3768">
    <p class='ocr_par' dir='ltr' id='par_1_69' title="bbox 625 3694 2140 3768">
     <span class='ocr_line' id='line_1_69' title="bbox 625 3694 2140 3768; baseline -0.001 -18"><span class='ocrx_word' id='word_1_587' title='bbox 625 3704 652 3734; x_wconf 74' lang='grc' dir='ltr'><strong>ι</strong></span> <span class='ocrx_word' id='word_1_588' title='bbox 681 3695 757 3751; x_wconf 87' lang='lat' dir='ltr'><strong>lta</strong></span> <span class='ocrx_word' id='word_1_589' title='bbox 789 3696 891 3754; x_wconf 88' lang='lat' dir='ltr'><strong>hos</strong></span> <span class='ocrx_word' id='word_1_590' title='bbox 916 3697 1086 3755; x_wconf 88' lang='lat' dir='ltr'><strong>libros</strong></span> <span class='ocrx_word' id='word_1_591' title='bbox 1119 3697 1393 3754; x_wconf 86' lang='lat' dir='ltr'><strong>vocabant</strong></span> <span class='ocrx_word' id='word_1_592' title='bbox 1421 3704 1659 3763; x_wconf 86' lang='lat' dir='ltr'><strong>veteres,</strong></span> <span class='ocrx_word' id='word_1_593' title='bbox 1691 3704 1748 3752; x_wconf 90' lang='lat' dir='ltr'><strong>et</strong></span> <span class='ocrx_word' id='word_1_594' title='bbox 1775 3710 1885 3752; x_wconf 91' lang='lat' dir='ltr'><strong>non</strong></span> <span class='ocrx_word' id='word_1_595' title='bbox 1918 3694 2140 3768; x_wconf 86' lang='lat' dir='ltr'><strong>Regum,</strong></span> 
     </span>
    </p>
   </div>
   <div class='ocr_carea' id='block_1_70' title="bbox 550 3767 2148 3840">
    <p class='ocr_par' dir='ltr' id='par_1_70' title="bbox 550 3767 2148 3840">
     <span class='ocr_line' id='line_1_70' title="bbox 550 3767 2148 3840; baseline -0.003 -15"><span class='ocrx_word' id='word_1_596' title='bbox 550 3776 612 3825; x_wconf 91' lang='lat' dir='ltr'><strong>ut</strong></span> <span class='ocrx_word' id='word_1_597' title='bbox 633 3768 823 3825; x_wconf 91' lang='lat' dir='ltr'><strong>videre</strong></span> <span class='ocrx_word' id='word_1_598' title='bbox 848 3779 932 3826; x_wconf 89' lang='lat' dir='ltr'><strong>est</strong></span> <span class='ocrx_word' id='word_1_599' title='bbox 961 3770 1103 3837; x_wconf 89' lang='lat' dir='ltr'><strong>apud</strong></span> <span class='ocrx_word' id='word_1_600' title='bbox 1127 3768 1546 3837; x_wconf 87' lang='lat' dir='ltr'><strong>Tertullianum,</strong></span> <span class='ocrx_word' id='word_1_601' title='bbox 1574 3768 1929 3840; x_wconf 74' lang='lat' dir='ltr'><strong>Cyprianum,</strong></span> <span class='ocrx_word' id='word_1_602' title='bbox 1962 3767 2148 3839; x_wconf 81' lang='lat' dir='ltr'><strong>Augu-</strong></span> 
     </span>
    </p>
   </div>
   <div class='ocr_carea' id='block_1_71' title="bbox 552 3837 1892 3911">
    <p class='ocr_par' dir='ltr' id='par_1_71' title="bbox 552 3837 1892 3911">
     <span class='ocr_line' id='line_1_71' title="bbox 552 3837 1892 3911; baseline -0.001 -14"><span class='ocrx_word' id='word_1_603' title='bbox 552 3840 782 3911; x_wconf 81' lang='lat' dir='ltr'><strong>stinum,</strong></span> <span class='ocrx_word' id='word_1_604' title='bbox 815 3848 872 3896; x_wconf 83' lang='lat' dir='ltr'><strong>et</strong></span> <span class='ocrx_word' id='word_1_605' title='bbox 900 3841 1041 3896; x_wconf 87' lang='lat' dir='ltr'><strong>alios</strong></span> <span class='ocrx_word' id='word_1_606' title='bbox 1081 3842 1354 3911; x_wconf 85' lang='lat' dir='ltr'><strong>antiquos.</strong></span> <span class='ocrx_word' id='word_1_607' title='bbox 1390 3840 1499 3895; x_wconf 86' lang='lat' dir='ltr'><strong>Til.</strong></span> <span class='ocrx_word' id='word_1_608' title='bbox 1529 3850 1576 3895; x_wconf 92' lang='lat' dir='ltr'><strong>et</strong></span> <span class='ocrx_word' id='word_1_609' title='bbox 1602 3837 1680 3894; x_wconf 87' lang='lat' dir='ltr'><strong>La</strong></span> <span class='ocrx_word' id='word_1_610' title='bbox 1701 3837 1892 3895; x_wconf 88' lang='lat' dir='ltr'><strong>Cerda.</strong></span> 
     </span>
    </p>
   </div>
   <div class='ocr_carea' id='block_1_72' title="bbox 622 3910 2142 3983">
    <p class='ocr_par' dir='ltr' id='par_1_72' title="bbox 622 3910 2142 3983">
     <span class='ocr_line' id='line_1_72' title="bbox 622 3910 2142 3983; baseline 0 -17"><span class='ocrx_word' id='word_1_611' title='bbox 622 3910 649 3949; x_wconf 73' lang='grc' dir='ltr'>ι)</span> <span class='ocrx_word' id='word_1_612' title='bbox 677 3910 902 3983; x_wconf 83' lang='lat' dir='ltr'><strong>Legitur</strong></span> <span class='ocrx_word' id='word_1_613' title='bbox 934 3913 1037 3968; x_wconf 90' lang='lat' dir='ltr'><strong>hoc</strong></span> <span class='ocrx_word' id='word_1_614' title='bbox 1068 3910 1442 3969; x_wconf 73' lang='lat' dir='ltr'><strong>testiinonium</strong></span> <span class='ocrx_word' id='word_1_615' title='bbox 1485 3913 1539 3967; x_wconf 92' lang='lat' dir='ltr'><strong>in</strong></span> <span class='ocrx_word' id='word_1_616' title='bbox 1568 3912 1724 3983; x_wconf 81' lang='lat' dir='ltr'><strong>Vulg.</strong></span> <span class='ocrx_word' id='word_1_617' title='bbox 1764 3911 1906 3983; x_wconf 90' lang='lat' dir='ltr'><strong>apud</strong></span> <span class='ocrx_word' id='word_1_618' title='bbox 1934 3910 2142 3983; x_wconf 76' lang='lat' dir='ltr'><strong>Ierem.</strong></span> 
     </span>
    </p>
   </div>
   <div class='ocr_carea' id='block_1_73' title="bbox 552 3982 2144 4055">
    <p class='ocr_par' dir='ltr' id='par_1_73' title="bbox 552 3982 2144 4055">
     <span class='ocr_line' id='line_1_73' title="bbox 552 3982 2144 4055; baseline 0.001 -18"><span class='ocrx_word' id='word_1_619' title='bbox 552 3997 631 4055; x_wconf 72' lang='lat' dir='ltr'><strong>is,</strong></span> <span class='ocrx_word' id='word_1_620' title='bbox 662 3982 881 4049; x_wconf 71' lang='lat' dir='ltr'><strong>25,5cd</strong></span> <span class='ocrx_word' id='word_1_621' title='bbox 914 3992 1091 4040; x_wconf 81' lang='lat' dir='ltr'><strong>exstat</strong></span> <span class='ocrx_word' id='word_1_622' title='bbox 1140 3985 1305 4039; x_wconf 87' lang='lat' dir='ltr'><strong>etiam</strong></span> <span class='ocrx_word' id='word_1_623' title='bbox 1349 3985 1401 4039; x_wconf 92' lang='lat' dir='ltr'><strong>in</strong></span> <span class='ocrx_word' id='word_1_624' title='bbox 1446 3984 1541 4039; x_wconf 90' lang='lat' dir='ltr'><strong>lib.</strong></span> <span class='ocrx_word' id='word_1_625' title='bbox 1575 3984 1592 4039; x_wconf 95' lang='lat' dir='ltr'><strong>l</strong></span> <span class='ocrx_word' id='word_1_626' title='bbox 1624 3982 1757 4055; x_wconf 78' lang='lat' dir='ltr'><strong>Reg.</strong></span> <span class='ocrx_word' id='word_1_627' title='bbox 1796 3982 1833 4038; x_wconf 87' lang='grc' dir='ltr'><strong>ιι</strong></span> <span class='ocrx_word' id='word_1_628' title='bbox 1860 4025 1875 4049; x_wconf 87' lang='grc'><em>,</em></span> <span class='ocrx_word' id='word_1_629' title='bbox 1900 3982 1977 4055; x_wconf 84' lang='lat' dir='ltr'><strong>_l0</strong></span> <span class='ocrx_word' id='word_1_630' title='bbox 2004 3982 2144 4055; x_wconf 83' lang='lat' dir='ltr'><strong>apud</strong></span> 
     </span>
    </p>
   </div>
   <div class='ocr_carea' id='block_1_74' title="bbox 550 4053 2139 4127">
    <p class='ocr_par' dir='ltr' id='par_1_74' title="bbox 550 4053 2139 4127">
     <span class='ocr_line' id='line_1_74' title="bbox 550 4053 2139 4127; baseline -0.001 -16"><span class='ocrx_word' id='word_1_631' title='bbox 550 4053 836 4127; x_wconf 82' lang='lat' dir='ltr'><strong>Septuag.;</strong></span> <span class='ocrx_word' id='word_1_632' title='bbox 858 4056 1063 4111; x_wconf 90' lang='lat' dir='ltr'><strong>idcirco</strong></span> <span class='ocrx_word' id='word_1_633' title='bbox 1075 4054 1300 4111; x_wconf 87' lang='lat' dir='ltr'><strong>minime</strong></span> <span class='ocrx_word' id='word_1_634' title='bbox 1314 4056 1578 4111; x_wconf 88' lang='lat' dir='ltr'><strong>memoria</strong></span> <span class='ocrx_word' id='word_1_635' title='bbox 1599 4053 1782 4123; x_wconf 81' lang='lat' dir='ltr'><strong>lapsus</strong></span> <span class='ocrx_word' id='word_1_636' title='bbox 1794 4064 1879 4111; x_wconf 91' lang='lat' dir='ltr'><strong>est</strong></span> <span class='ocrx_word' id='word_1_637' title='bbox 1898 4053 2139 4115; x_wconf 86' lang='lat' dir='ltr'><strong>Lucifer.</strong></span> 
     </span>
    </p>
   </div>
   <div class='ocr_carea' id='block_1_75' title="bbox 550 4126 2146 4197">
    <p class='ocr_par' dir='ltr' id='par_1_75' title="bbox 550 4126 2146 4197">
     <span class='ocr_line' id='line_1_75' title="bbox 550 4126 2146 4197; baseline -0.001 -15"><span class='ocrx_word' id='word_1_638' title='bbox 550 4135 609 4182; x_wconf 88' lang='lat' dir='ltr'><strong>ut</strong></span> <span class='ocrx_word' id='word_1_639' title='bbox 630 4126 898 4184; x_wconf 80' lang='lat' dir='ltr'><strong>Latinius</strong></span> <span class='ocrx_word' id='word_1_640' title='bbox 931 4138 1202 4183; x_wconf 82' lang='lat' dir='ltr'><strong>autumat.</strong></span> <span class='ocrx_word' id='word_1_641' title='bbox 1255 4126 1425 4197; x_wconf 86' lang='lat' dir='ltr'><strong>Igitur</strong></span> <span class='ocrx_word' id='word_1_642' title='bbox 1451 4142 1559 4195; x_wconf 86' lang='lat' dir='ltr'><strong>quo</strong></span> <span class='ocrx_word' id='word_1_643' title='bbox 1584 4128 1782 4194; x_wconf 82' lang='lat' dir='ltr'><strong>legitur</strong></span> <span class='ocrx_word' id='word_1_644' title='bbox 1812 4126 1973 4182; x_wconf 92' lang='lat' dir='ltr'><strong>modo</strong></span> <span class='ocrx_word' id='word_1_645' title='bbox 2004 4126 2146 4197; x_wconf 86' lang='lat' dir='ltr'><strong>apud</strong></span> 
     </span>
    </p>
   </div>
   <div class='ocr_carea' id='block_1_76' title="bbox 547 4197 2150 4272">
    <p class='ocr_par' dir='ltr' id='par_1_76' title="bbox 547 4197 2150 4272">
     <span class='ocr_line' id='line_1_76' title="bbox 547 4197 2150 4272; baseline -0.003 -15"><span class='ocrx_word' id='word_1_646' title='bbox 547 4198 807 4272; x_wconf 81' lang='lat' dir='ltr'><strong>Septuag.</strong></span> <span class='ocrx_word' id='word_1_647' title='bbox 841 4214 992 4272; x_wconf 64' lang='lat' dir='ltr'><strong>vers.</strong></span> <span class='ocrx_word' id='word_1_648' title='bbox 1010 4209 1124 4254; x_wconf 86' lang='lat' dir='ltr'><strong>aut.</strong></span> <span class='ocrx_word' id='word_1_649' title='bbox 1156 4216 1223 4257; x_wconf 86' lang='lat' dir='ltr'><strong>ex</strong></span> <span class='ocrx_word' id='word_1_650' title='bbox 1257 4215 1359 4253; x_wconf 88' lang='lat' dir='ltr'><strong>ms.</strong></span> <span class='ocrx_word' id='word_1_651' title='bbox 1392 4198 1517 4272; x_wconf 88' lang='lat' dir='ltr'><strong>cod.</strong></span> <span class='ocrx_word' id='word_1_652' title='bbox 1543 4198 1600 4255; x_wconf 91' lang='lat' dir='ltr'><strong>S.</strong></span> <span class='ocrx_word' id='word_1_653' title='bbox 1620 4197 1879 4272; x_wconf 74' lang='lat' dir='ltr'><strong>Germani</strong></span> <span class='ocrx_word' id='word_1_654' title='bbox 1904 4197 2150 4272; x_wconf 86' lang='lat' dir='ltr'><strong>aliquan-</strong></span> 
     </span>
    </p>
   </div>
   <div class='ocr_carea' id='block_1_77' title="bbox 545 4269 2149 4338">
    <p class='ocr_par' dir='ltr' id='par_1_77' title="bbox 545 4269 2149 4338">
     <span class='ocr_line' id='line_1_77' title="bbox 545 4269 2149 4338; baseline -0.002 -12"><span class='ocrx_word' id='word_1_655' title='bbox 545 4269 660 4326; x_wconf 90' lang='lat' dir='ltr'><strong>tum</strong></span> <span class='ocrx_word' id='word_1_656' title='bbox 700 4269 884 4328; x_wconf 82' lang='lat' dir='ltr'><strong>dill‘ert</strong></span> <span class='ocrx_word' id='word_1_657' title='bbox 911 4287 942 4327; x_wconf 87' lang='lat' dir='ltr'><strong>a</strong></span> <span class='ocrx_word' id='word_1_658' title='bbox 973 4270 1359 4337; x_wconf 89' lang='lat' dir='ltr'><strong>Luciferiana;</strong></span> <span class='ocrx_word' id='word_1_659' title='bbox 1405 4270 1571 4326; x_wconf 89' lang='lat' dir='ltr'><strong>habet</strong></span> <span class='ocrx_word' id='word_1_660' title='bbox 1592 4272 1737 4326; x_wconf 90' lang='lat' dir='ltr'><strong>enim</strong></span> <span class='ocrx_word' id='word_1_661' title='bbox 1763 4314 1779 4338; x_wconf 92' lang='lat'><strong>,</strong></span> <span class='ocrx_word' id='word_1_662' title='bbox 1827 4269 2067 4325; x_wconf 83' lang='lat' dir='ltr'><strong>Prudens</strong></span> <span class='ocrx_word' id='word_1_663' title='bbox 2094 4271 2149 4323; x_wconf 87' lang='lat' dir='ltr'><strong>in</strong></span> 
     </span>
    </p>
   </div>
   <div class='ocr_carea' id='block_1_78' title="bbox 544 4343 2149 4415">
    <p class='ocr_par' dir='ltr' id='par_1_78' title="bbox 544 4343 2149 4415">
     <span class='ocr_line' id='line_1_78' title="bbox 544 4343 2149 4415; baseline -0.001 -19"><span class='ocrx_word' id='word_1_664' title='bbox 544 4359 643 4397; x_wconf 90' lang='lat' dir='ltr'><strong>sua</strong></span> <span class='ocrx_word' id='word_1_665' title='bbox 670 4344 968 4415; x_wconf 81' lang='lat' dir='ltr'><strong>prudentia,</strong></span> <span class='ocrx_word' id='word_1_666' title='bbox 992 4354 1163 4399; x_wconf 87' lang='lat' dir='ltr'><strong>etnon</strong></span> <span class='ocrx_word' id='word_1_667' title='bbox 1199 4382 1212 4397; x_wconf 93' lang='lat'><strong>.</strong></span> <span class='ocrx_word' id='word_1_668' title='bbox 1252 4386 1265 4399; x_wconf 95' lang='lat'><strong>.</strong></span> <span class='ocrx_word' id='word_1_669' title='bbox 1296 4383 1311 4398; x_wconf 95' lang='lat'><strong>.</strong></span> <span class='ocrx_word' id='word_1_670' title='bbox 1341 4384 1354 4398; x_wconf 94' lang='lat'><strong>.</strong></span> <span class='ocrx_word' id='word_1_671' title='bbox 1391 4384 1405 4399; x_wconf 92' lang='lat'><strong>.</strong></span> <span class='ocrx_word' id='word_1_672' title='bbox 1436 4383 1450 4398; x_wconf 88' lang='lat'><strong>.</strong></span> <span class='ocrx_word' id='word_1_673' title='bbox 1487 4385 1498 4396; x_wconf 92' lang='lat'><strong>.</strong></span> <span class='ocrx_word' id='word_1_674' title='bbox 1530 4385 1542 4399; x_wconf 97' lang='lat'><strong>.</strong></span> <span class='ocrx_word' id='word_1_675' title='bbox 1567 4343 1855 4415; x_wconf 63' lang='lat' dir='ltr'><strong>intelligere</strong></span> <span class='ocrx_word' id='word_1_676' title='bbox 1882 4352 1929 4396; x_wconf 89' lang='lat' dir='ltr'><strong>et</strong></span> <span class='ocrx_word' id='word_1_677' title='bbox 1946 4358 2149 4415; x_wconf 78' lang='lat' dir='ltr'><strong>cogno-</strong></span> 
     </span>
    </p>
   </div>
   <div class='ocr_carea' id='block_1_79' title="bbox 544 4413 2150 4488">
    <p class='ocr_par' dir='ltr' id='par_1_79' title="bbox 544 4413 2150 4488">
     <span class='ocr_line' id='line_1_79' title="bbox 544 4413 2150 4488; baseline 0.001 -21"><span class='ocrx_word' id='word_1_678' title='bbox 544 4413 687 4488; x_wconf 85' lang='lat' dir='ltr'><strong>scere</strong></span> <span class='ocrx_word' id='word_1_679' title='bbox 726 4414 1010 4469; x_wconf 86' lang='lat' dir='ltr'><strong>Dominum</strong></span> <span class='ocrx_word' id='word_1_680' title='bbox 1041 4433 1060 4470; x_wconf 91' lang='lat'><strong><em>:</em></strong></span> <span class='ocrx_word' id='word_1_681' title='bbox 1110 4414 1414 4488; x_wconf 77' lang='lat' dir='ltr'><strong>sed_Gra:c.</strong></span> <span class='ocrx_word' id='word_1_682' title='bbox 1458 4414 1602 4488; x_wconf 92' lang='lat' dir='ltr'><strong>apud</strong></span> <span class='ocrx_word' id='word_1_683' title='bbox 1629 4414 1902 4488; x_wconf 89' lang='lat' dir='ltr'><strong>Theodor.</strong></span> <span class='ocrx_word' id='word_1_684' title='bbox 1934 4413 1961 4469; x_wconf 85' lang='grc' dir='ltr'>ὁ</span> <span class='ocrx_word' id='word_1_685' title='bbox 1993 4415 2150 4488; x_wconf 63' lang='grc' dir='ltr'><strong>σοφὸς</strong></span> 
     </span>
    </p>
   </div>
   <div class='ocr_carea' id='block_1_80' title="bbox 547 4486 2149 4563">
    <p class='ocr_par' dir='ltr' id='par_1_80' title="bbox 547 4486 2149 4563">
     <span class='ocr_line' id='line_1_80' title="bbox 547 4486 2149 4563; baseline 0 -23"><span class='ocrx_word' id='word_1_686' title='bbox 547 4486 600 4540; x_wconf 67' lang='lat' dir='ltr'><strong>is</strong></span> <span class='ocrx_word' id='word_1_687' title='bbox 631 4494 694 4561; x_wconf 80' lang='grc' dir='ltr'><strong>τῇ</strong></span> <span class='ocrx_word' id='word_1_688' title='bbox 717 4490 873 4563; x_wconf 77' lang='grc' dir='ltr'>σοφίᾳ</span> <span class='ocrx_word' id='word_1_689' title='bbox 898 4488 1082 4563; x_wconf 62' lang='lat' dir='ltr'><strong>abs-ob,</strong></span> <span class='ocrx_word' id='word_1_690' title='bbox 1107 4486 1431 4563; x_wconf 28' lang='lat' dir='ltr'><strong>uti‘Lucifer</strong></span> <span class='ocrx_word' id='word_1_691' title='bbox 1456 4528 1471 4555; x_wconf 89' lang='lat'><strong>,</strong></span> <span class='ocrx_word' id='word_1_692' title='bbox 1501 4487 1593 4563; x_wconf 64' lang='lat' dir='ltr'><strong>qui</strong></span> <span class='ocrx_word' id='word_1_693' title='bbox 1623 4501 1749 4563; x_wconf 71' lang='lat' dir='ltr'><strong>cum</strong></span> <span class='ocrx_word' id='word_1_694' title='bbox 1781 4487 1947 4563; x_wconf 60' lang='lat' dir='ltr'><strong>Gypr.</strong></span> <span class='ocrx_word' id='word_1_695' title='bbox 1992 4486 2090 4563; x_wconf 63' lang='lat' dir='ltr'><strong>lib.</strong></span> <span class='ocrx_word' id='word_1_696' title='bbox 2115 4486 2149 4540; x_wconf 79' lang='grc'>5</span> 
     </span>
    </p>
   </div>
   <div class='ocr_carea' id='block_1_81' title="bbox 549 4556 2151 4614">
    <p class='ocr_par' dir='ltr' id='par_1_81' title="bbox 549 4556 2151 4614">
     <span class='ocr_line' id='line_1_81' title="bbox 549 4556 2151 4614; baseline 0 -4"><span class='ocrx_word' id='word_1_697' title='bbox 549 4556 753 4611; x_wconf 82' lang='lat' dir='ltr'><strong>testim.</strong></span> <span class='ocrx_word' id='word_1_698' title='bbox 790 4556 1070 4613; x_wconf 71' lang='lat' dir='ltr'><strong>&#39;cu&#39;uvenit.</strong></span> <span class='ocrx_word' id='word_1_699' title='bbox 1113 4557 1451 4614; x_wconf 89' lang='lat' dir='ltr'><strong>Sabatierius</strong></span> <span class='ocrx_word' id='word_1_700' title='bbox 1486 4558 1642 4614; x_wconf 77' lang='lat' dir='ltr'><strong>affert</strong></span> <span class='ocrx_word' id='word_1_701' title='bbox 1673 4556 1909 4614; x_wconf 78' lang='lat' dir='ltr'><strong>Luciferi</strong></span> <span class='ocrx_word' id='word_1_702' title='bbox 1946 4557 2151 4613; x_wconf 87' lang='lat' dir='ltr'><strong>versio-</strong></span> 
     </span>
    </p>
   </div>
   <div class='ocr_carea' id='block_1_82' title="bbox 548 4627 2150 4701">
    <p class='ocr_par' dir='ltr' id='par_1_82' title="bbox 548 4627 2150 4701">
     <span class='ocr_line' id='line_1_82' title="bbox 548 4627 2150 4701; baseline 0 -19"><span class='ocrx_word' id='word_1_703' title='bbox 548 4641 680 4701; x_wconf 83' lang='lat' dir='ltr'><strong>nem</strong></span> <span class='ocrx_word' id='word_1_704' title='bbox 703 4629 755 4681; x_wconf 90' lang='lat' dir='ltr'><strong>in</strong></span> <span class='ocrx_word' id='word_1_705' title='bbox 783 4627 985 4684; x_wconf 86' lang='lat' dir='ltr'><strong>Jerem.</strong></span> <span class='ocrx_word' id='word_1_706' title='bbox 1017 4644 1139 4701; x_wconf 78' lang='lat' dir='ltr'><strong>cap.</strong></span> <span class='ocrx_word' id='word_1_707' title='bbox 1166 4644 1241 4692; x_wconf 82' lang='lat' dir='ltr'><strong>nt,</strong></span> <span class='ocrx_word' id='word_1_708' title='bbox 1264 4629 1372 4696; x_wconf 74' lang='lat'><strong>23;</strong></span> <span class='ocrx_word' id='word_1_709' title='bbox 1402 4631 1638 4701; x_wconf 86' lang='lat' dir='ltr'><strong>legitque</strong></span> <span class='ocrx_word' id='word_1_710' title='bbox 1663 4646 1809 4685; x_wconf 88' lang='lat' dir='ltr'><strong>vers.</strong></span> <span class='ocrx_word' id='word_1_711' title='bbox 1833 4629 1905 4685; x_wconf 71' lang='lat'><strong>2&#39;5</strong></span> <span class='ocrx_word' id='word_1_712' title='bbox 1930 4646 1943 4682; x_wconf 91' lang='lat'><strong>:</strong></span> <span class='ocrx_word' id='word_1_713' title='bbox 1971 4638 2150 4701; x_wconf 88' lang='lat' dir='ltr'><strong>etnon</strong></span> 
     </span>
    </p>
   </div>
   <div class='ocr_carea' id='block_1_83' title="bbox 583 4698 2150 4771">
    <p class='ocr_par' dir='ltr' id='par_1_83' title="bbox 583 4698 2150 4771">
     <span class='ocr_line' id='line_1_83' title="bbox 583 4698 2150 4771; baseline 0.003 -20"><span class='ocrx_word' id='word_1_714' title='bbox 583 4698 797 4771; x_wconf 77' lang='lat' dir='ltr'><strong>larietur</strong></span> <span class='ocrx_word' id='word_1_715' title='bbox 827 4701 977 4771; x_wconf 77' lang='lat' dir='ltr'><strong>fortis</strong></span> <span class='ocrx_word' id='word_1_716' title='bbox 1011 4700 1066 4753; x_wconf 89' lang='lat' dir='ltr'><strong>in</strong></span> <span class='ocrx_word' id='word_1_717' title='bbox 1094 4701 1400 4771; x_wconf 75' lang='lat' dir='ltr'><strong>fortitudine</strong></span> <span class='ocrx_word' id='word_1_718' title='bbox 1437 4698 1575 4765; x_wconf 57' lang='lat' dir='ltr'><strong>sua,</strong></span> <span class='ocrx_word' id='word_1_719' title='bbox 1614 4717 1708 4755; x_wconf 89' lang='lat' dir='ltr'><strong>nec</strong></span> <span class='ocrx_word' id='word_1_720' title='bbox 1731 4744 1745 4767; x_wconf 93' lang='lat'><strong>,</strong></span> <span class='ocrx_word' id='word_1_721' title='bbox 1781 4710 1889 4757; x_wconf 88' lang='lat' dir='ltr'><strong>etc.</strong></span> <span class='ocrx_word' id='word_1_722' title='bbox 1944 4702 2005 4755; x_wconf 88' lang='lat' dir='ltr'><strong>ut</strong></span> <span class='ocrx_word' id='word_1_723' title='bbox 2033 4700 2150 4768; x_wconf 89' lang='lat' dir='ltr'><strong>ipse</strong></span> 
     </span>
    </p>
   </div>
   <div class='ocr_carea' id='block_1_84' title="bbox 593 4769 2149 4841">
    <p class='ocr_par' dir='ltr' id='par_1_84' title="bbox 593 4769 2149 4841">
     <span class='ocr_line' id='line_1_84' title="bbox 593 4769 2149 4841; baseline 0.003 -19"><span class='ocrx_word' id='word_1_724' title='bbox 593 4769 763 4841; x_wconf 85' lang='lat' dir='ltr'><strong>uciler</strong></span> <span class='ocrx_word' id='word_1_725' title='bbox 800 4769 941 4825; x_wconf 86' lang='lat' dir='ltr'><strong>intra</strong></span> <span class='ocrx_word' id='word_1_726' title='bbox 984 4771 1078 4825; x_wconf 89' lang='lat' dir='ltr'><strong>lib.</strong></span> <span class='ocrx_word' id='word_1_727' title='bbox 1096 4769 1143 4825; x_wconf 64' lang='grc' dir='ltr'>ε</span> <span class='ocrx_word' id='word_1_728' title='bbox 1187 4787 1283 4841; x_wconf 89' lang='lat' dir='ltr'><strong>pro</strong></span> <span class='ocrx_word' id='word_1_729' title='bbox 1312 4772 1372 4828; x_wconf 89' lang='lat' dir='ltr'><strong>S.</strong></span> <span class='ocrx_word' id='word_1_730' title='bbox 1403 4773 1742 4836; x_wconf 82' lang='lat' dir='ltr'><strong>Athanasio;</strong></span> <span class='ocrx_word' id='word_1_731' title='bbox 1798 4772 1852 4827; x_wconf 92' lang='lat' dir='ltr'><strong>in</strong></span> <span class='ocrx_word' id='word_1_732' title='bbox 1886 4789 1937 4828; x_wconf 88' lang='lat' dir='ltr'><strong>v.</strong></span> <span class='ocrx_word' id='word_1_733' title='bbox 1969 4779 2149 4827; x_wconf 88' lang='lat' dir='ltr'><strong>autem</strong></span> 
     </span>
    </p>
   </div>
   <div class='ocr_carea' id='block_1_85' title="bbox 544 4840 2148 4969">
    <p class='ocr_par' dir='ltr' id='par_1_85' title="bbox 544 4840 2148 4969">
     <span class='ocr_line' id='line_1_85' title="bbox 544 4840 2148 4969; baseline 0 -72"><span class='ocrx_word' id='word_1_734' title='bbox 544 4840 639 4908; x_wconf 75' lang='grc'><strong>24,</strong></span> <span class='ocrx_word' id='word_1_735' title='bbox 675 4841 988 4927; x_wconf 43' lang='grc' dir='ltr'><strong>γενεηΑιιι.</strong></span> <span class='ocrx_word' id='word_1_736' title='bbox 1013 4840 1237 4927; x_wconf 75' lang='lat' dir='ltr'><strong>exhibet</strong></span> <span class='ocrx_word' id='word_1_737' title='bbox 1281 4858 1347 4899; x_wconf 87' lang='lat' dir='ltr'><strong>ex</strong></span> <span class='ocrx_word' id='word_1_738' title='bbox 1378 4844 1544 4969; x_wconf 56' lang='lat' dir='ltr'><strong>Cypra</strong></span> <span class='ocrx_word' id='word_1_739' title='bbox 1596 4844 1691 4899; x_wconf 92' lang='lat' dir='ltr'><strong>lib.</strong></span> <span class='ocrx_word' id='word_1_740' title='bbox 1738 4845 1793 4898; x_wconf 81' lang='grc'><strong>5.</strong></span> <span class='ocrx_word' id='word_1_741' title='bbox 1844 4844 2064 4927; x_wconf 67' lang='grc' dir='ltr'><strong>ιθειιὶιιι.⁸</strong></span> <span class='ocrx_word' id='word_1_742' title='bbox 2097 4845 2148 4898; x_wconf 90' lang='lat' dir='ltr'><strong>in</strong></span> 
     </span>
     <span class='ocr_line' id='line_1_86' title="bbox 544 4912 2148 4969; baseline 0 0"><span class='ocrx_word' id='word_1_743' title='bbox 544 4929 648 4969; x_wconf 84' lang='lat' dir='ltr'><strong>uua</strong></span> <span class='ocrx_word' id='word_1_744' title='bbox 663 4914 779 4969; x_wconf 61' lang='lat' dir='ltr'><strong>hinc</strong></span> <span class='ocrx_word' id='word_1_745' title='bbox 791 4912 1045 4969; x_wconf 75' lang='lat' dir='ltr'><strong>differunt</strong></span> <span class='ocrx_word' id='word_1_746' title='bbox 1066 4930 1094 4969; x_wconf 85' lang='lat' dir='ltr'><strong>a</strong></span> <span class='ocrx_word' id='word_1_747' title='bbox 1110 4914 1283 4969; x_wconf 80' lang='lat' dir='ltr'><strong>Lucrf.</strong></span> <span class='ocrx_word' id='word_1_748' title='bbox 1306 4933 1320 4969; x_wconf 90' lang='lat'><strong>:</strong></span> <span class='ocrx_word' id='word_1_749' title='bbox 1339 4915 1362 4969; x_wconf 93' lang='lat' dir='ltr'><strong>I</strong></span> <span class='ocrx_word' id='word_1_750' title='bbox 1372 4925 1454 4969; x_wconf 90' lang='lat' dir='ltr'><strong>nte</strong></span> <span class='ocrx_word' id='word_1_751' title='bbox 1478 4915 1634 4969; x_wconf 76' lang='lat' dir='ltr'><strong>linere</strong></span> <span class='ocrx_word' id='word_1_752' title='bbox 1654 4924 1702 4969; x_wconf 87' lang='lat' dir='ltr'><strong>et</strong></span> <span class='ocrx_word' id='word_1_753' title='bbox 1725 4932 1892 4969; x_wconf 88' lang='lat' dir='ltr'><strong>nosse.</strong></span> <span class='ocrx_word' id='word_1_754' title='bbox 1908 4932 2148 4969; x_wconf 75' lang='lat' dir='ltr'><strong>quoniam</strong></span> 
     </span>
    </p>
   </div>
   <div class='ocr_carea' id='block_1_86' title="bbox 543 4912 2150 4987">
    <p class='ocr_par' dir='ltr' id='par_1_86' title="bbox 543 4912 2150 4987">
     <span class='ocr_line' id='line_1_87' title="bbox 543 4912 2150 4987; baseline 0.002 -21"><span class='ocrx_word' id='word_1_755' title='bbox 543 4929 648 4985; x_wconf 89' lang='lat' dir='ltr'><strong>qua</strong></span> <span class='ocrx_word' id='word_1_756' title='bbox 663 4914 779 4969; x_wconf 59' lang='lat' dir='ltr'><strong>haec</strong></span> <span class='ocrx_word' id='word_1_757' title='bbox 791 4912 1045 4987; x_wconf 64' lang='lat' dir='ltr'><strong>differunt</strong></span> <span class='ocrx_word' id='word_1_758' title='bbox 1066 4930 1094 4969; x_wconf 86' lang='lat' dir='ltr'><strong>a</strong></span> <span class='ocrx_word' id='word_1_759' title='bbox 1110 4914 1283 4987; x_wconf 82' lang='lat' dir='ltr'><strong>Lucif.</strong></span> <span class='ocrx_word' id='word_1_760' title='bbox 1306 4933 1320 4971; x_wconf 91' lang='lat'><strong>:</strong></span> <span class='ocrx_word' id='word_1_761' title='bbox 1339 4915 1362 4969; x_wconf 93' lang='lat' dir='ltr'><strong>I</strong></span> <span class='ocrx_word' id='word_1_762' title='bbox 1372 4912 1702 4987; x_wconf 78' lang='lat' dir='ltr'><strong>ntelligereet</strong></span> <span class='ocrx_word' id='word_1_763' title='bbox 1725 4932 1892 4981; x_wconf 87' lang='lat' dir='ltr'><strong>nosse,</strong></span> <span class='ocrx_word' id='word_1_764' title='bbox 1908 4916 2150 4984; x_wconf 90' lang='lat' dir='ltr'><strong>quoniam</strong></span> 
     </span>
    </p>
   </div>
   <div class='ocr_carea' id='block_1_87' title="bbox 543 4985 2147 5071">
    <p class='ocr_par' dir='ltr' id='par_1_87' title="bbox 543 4985 2147 5071">
     <span class='ocr_line' id='line_1_88' title="bbox 543 4985 2147 5071; baseline 0.001 -32"><span class='ocrx_word' id='word_1_765' title='bbox 543 5000 643 5071; x_wconf 66' lang='lat' dir='ltr'><strong>ega</strong></span> <span class='ocrx_word' id='word_1_766' title='bbox 657 4985 1068 5071; x_wconf 64' lang='lat' dir='ltr'><strong>sumbominus,</strong></span> <span class='ocrx_word' id='word_1_767' title='bbox 1083 4986 1171 5057; x_wconf 84' lang='lat' dir='ltr'><strong>qui</strong></span> <span class='ocrx_word' id='word_1_768' title='bbox 1196 4985 1333 5057; x_wconf 76' lang='lat' dir='ltr'><strong>facio</strong></span> <span class='ocrx_word' id='word_1_769' title='bbox 1351 4985 1775 5055; x_wconf 78' lang='lat' dir='ltr'><strong>misericordiam,</strong></span> <span class='ocrx_word' id='word_1_770' title='bbox 1794 4998 1844 5042; x_wconf 87' lang='lat' dir='ltr'><strong>et</strong></span> <span class='ocrx_word' id='word_1_771' title='bbox 1863 4986 2147 5061; x_wconf 82' lang='lat' dir='ltr'><strong>judicium,</strong></span> 
     </span>
    </p>
   </div>
   <div class='ocr_carea' id='block_1_88' title="bbox 544 5066 2148 5199">
    <p class='ocr_par' dir='ltr' id='par_1_88' title="bbox 544 5066 2148 5199">
     <span class='ocr_line' id='line_1_89' title="bbox 544 5066 1299 5129; baseline 0.001 -18"><span class='ocrx_word' id='word_1_772' title='bbox 544 5066 591 5111; x_wconf 85' lang='lat' dir='ltr'><strong>et</strong></span> <span class='ocrx_word' id='word_1_773' title='bbox 611 5066 879 5129; x_wconf 82' lang='lat' dir='ltr'><strong>justitiam</strong></span> <span class='ocrx_word' id='word_1_774' title='bbox 907 5074 1062 5128; x_wconf 87' lang='lat' dir='ltr'><strong>super</strong></span> <span class='ocrx_word' id='word_1_775' title='bbox 1089 5068 1299 5113; x_wconf 88' lang='lat' dir='ltr'><strong>terram.</strong></span> 
     </span>
     <span class='ocr_line' id='line_1_90' title="bbox 623 5127 2148 5199; baseline 0.002 -16"><span class='ocrx_word' id='word_1_776' title='bbox 623 5138 645 5167; x_wconf 77' lang='grc' dir='ltr'><strong>ο</strong></span> <span class='ocrx_word' id='word_1_777' title='bbox 679 5130 972 5197; x_wconf 77' lang='lat' dir='ltr'><strong>Postquam</strong></span> <span class='ocrx_word' id='word_1_778' title='bbox 1002 5127 1267 5199; x_wconf 85' lang='lat' dir='ltr'><strong>Georgius</strong></span> <span class='ocrx_word' id='word_1_779' title='bbox 1294 5128 1722 5199; x_wconf 80' lang='lat' dir='ltr'><strong>Alexandrinam</strong></span> <span class='ocrx_word' id='word_1_780' title='bbox 1756 5131 1942 5185; x_wconf 88' lang='lat' dir='ltr'><strong>sedem</strong></span> <span class='ocrx_word' id='word_1_781' title='bbox 1972 5131 2022 5186; x_wconf 91' lang='lat' dir='ltr'><strong>vi</strong></span> <span class='ocrx_word' id='word_1_782' title='bbox 2055 5146 2148 5186; x_wconf 88' lang='lat' dir='ltr'><strong>oc-</strong></span> 
     </span>
    </p>
   </div>
   <div class='ocr_carea' id='block_1_89' title="bbox 553 5198 2143 5272">
    <p class='ocr_par' dir='ltr' id='par_1_89' title="bbox 553 5198 2143 5272">
     <span class='ocr_line' id='line_1_91' title="bbox 553 5198 2143 5272; baseline 0.003 -18"><span class='ocrx_word' id='word_1_783' title='bbox 553 5201 804 5272; x_wconf 81' lang='lat' dir='ltr'><strong>cupavit,</strong></span> <span class='ocrx_word' id='word_1_784' title='bbox 836 5202 885 5257; x_wconf 88' lang='lat' dir='ltr'><strong>id</strong></span> <span class='ocrx_word' id='word_1_785' title='bbox 919 5201 1097 5272; x_wconf 85' lang='lat' dir='ltr'><strong>egisse</strong></span> <span class='ocrx_word' id='word_1_786' title='bbox 1133 5198 1352 5257; x_wconf 81' lang='lat' dir='ltr'><strong>videtur</strong></span> <span class='ocrx_word' id='word_1_787' title='bbox 1377 5198 1762 5265; x_wconf 79' lang='lat' dir='ltr'><strong>Constantius,</strong></span> <span class='ocrx_word' id='word_1_788' title='bbox 1790 5211 1851 5256; x_wconf 93' lang='lat' dir='ltr'><strong>ut</strong></span> <span class='ocrx_word' id='word_1_789' title='bbox 1888 5202 2143 5258; x_wconf 86' lang='lat' dir='ltr'><strong>catholici</strong></span> 
     </span>
    </p>
   </div>
   <div class='ocr_carea' id='block_1_90' title="bbox 544 5271 2143 5343">
    <p class='ocr_par' dir='ltr' id='par_1_90' title="bbox 544 5271 2143 5343">
     <span class='ocr_line' id='line_1_92' title="bbox 544 5271 2143 5343; baseline 0 -14"><span class='ocrx_word' id='word_1_790' title='bbox 544 5272 789 5343; x_wconf 85' lang='lat' dir='ltr'><strong>episcopi</strong></span> <span class='ocrx_word' id='word_1_791' title='bbox 838 5274 957 5343; x_wconf 88' lang='lat' dir='ltr'><strong>ejus</strong></span> <span class='ocrx_word' id='word_1_792' title='bbox 1003 5271 1216 5328; x_wconf 82' lang='lat' dir='ltr'><strong>facinus</strong></span> <span class='ocrx_word' id='word_1_793' title='bbox 1269 5272 1737 5341; x_wconf 86' lang='lat' dir='ltr'><strong>comprobarent;</strong></span> <span class='ocrx_word' id='word_1_794' title='bbox 1786 5273 1882 5328; x_wconf 90' lang='lat' dir='ltr'><strong>sed</strong></span> <span class='ocrx_word' id='word_1_795' title='bbox 1941 5274 2143 5330; x_wconf 86' lang='lat' dir='ltr'><strong>restitit</strong></span> 
     </span>
    </p>
   </div>
   <div class='ocr_carea' id='block_1_91' title="bbox 543 5344 2145 5415">
    <p class='ocr_par' dir='ltr' id='par_1_91' title="bbox 543 5344 2145 5415">
     <span class='ocr_line' id='line_1_93' title="bbox 543 5344 2145 5415; baseline 0 -14"><span class='ocrx_word' id='word_1_796' title='bbox 543 5358 668 5401; x_wconf 88' lang='lat' dir='ltr'><strong>cum</strong></span> <span class='ocrx_word' id='word_1_797' title='bbox 701 5347 915 5401; x_wconf 74' lang='lat' dir='ltr'><strong>czeteris</strong></span> <span class='ocrx_word' id='word_1_798' title='bbox 944 5344 1157 5400; x_wconf 85' lang='lat' dir='ltr'><strong>Lucifer</strong></span> <span class='ocrx_word' id='word_1_799' title='bbox 1188 5362 1203 5411; x_wconf 87' lang='lat'><strong>;</strong></span> <span class='ocrx_word' id='word_1_800' title='bbox 1232 5345 1485 5415; x_wconf 86' lang='lat' dir='ltr'><strong>ideoque,</strong></span> <span class='ocrx_word' id='word_1_801' title='bbox 1520 5344 1645 5415; x_wconf 89' lang='lat' dir='ltr'><strong>hinc</strong></span> <span class='ocrx_word' id='word_1_802' title='bbox 1669 5345 2016 5413; x_wconf 86' lang='lat' dir='ltr'><strong>cnnjicimns.</strong></span> <span class='ocrx_word' id='word_1_803' title='bbox 2042 5346 2145 5401; x_wconf 91' lang='lat' dir='ltr'><strong>du-</strong></span> 
     </span>
    </p>
   </div>
   <div class='ocr_carea' id='block_1_92' title="bbox 544 5414 2142 5476">
    <p class='ocr_par' dir='ltr' id='par_1_92' title="bbox 544 5414 2142 5476">
     <span class='ocr_line' id='line_1_94' title="bbox 544 5414 2142 5476; baseline -0.001 -2"><span class='ocrx_word' id='word_1_804' title='bbox 544 5418 678 5474; x_wconf 81' lang='lat' dir='ltr'><strong>riori</strong></span> <span class='ocrx_word' id='word_1_805' title='bbox 719 5417 915 5474; x_wconf 76' lang='lat' dir='ltr'><strong>exsilio</strong></span> <span class='ocrx_word' id='word_1_806' title='bbox 943 5416 1231 5472; x_wconf 85' lang='lat' dir='ltr'><strong>multatum</strong></span> <span class='ocrx_word' id='word_1_807' title='bbox 1261 5414 1429 5473; x_wconf 81' lang='lat' dir='ltr'><strong>fuisSe</strong></span> <span class='ocrx_word' id='word_1_808' title='bbox 1456 5458 1468 5476; x_wconf 91' lang='lat'><strong>.</strong></span> <span class='ocrx_word' id='word_1_809' title='bbox 1518 5426 1576 5473; x_wconf 89' lang='lat' dir='ltr'><strong>et</strong></span> <span class='ocrx_word' id='word_1_810' title='bbox 1602 5414 1855 5471; x_wconf 84' lang='lat' dir='ltr'><strong>Eudoxio</strong></span> <span class='ocrx_word' id='word_1_811' title='bbox 1884 5418 2142 5473; x_wconf 80' lang='lat' dir='ltr'><strong>traditum</strong></span> 
     </span>
    </p>
   </div>
   <div class='ocr_carea' id='block_1_93' title="bbox 544 5486 2144 5560">
    <p class='ocr_par' dir='ltr' id='par_1_93' title="bbox 544 5486 2144 5560">
     <span class='ocr_line' id='line_1_95' title="bbox 544 5486 2144 5560; baseline -0.001 -16"><span class='ocrx_word' id='word_1_812' title='bbox 544 5489 905 5545; x_wconf 69' lang='lat' dir='ltr'><strong>Germanicis:</strong></span> <span class='ocrx_word' id='word_1_813' title='bbox 928 5489 1220 5560; x_wconf 84' lang='lat' dir='ltr'><strong>episcopo,</strong></span> <span class='ocrx_word' id='word_1_814' title='bbox 1254 5500 1309 5544; x_wconf 91' lang='lat' dir='ltr'><strong>et</strong></span> <span class='ocrx_word' id='word_1_815' title='bbox 1339 5487 1753 5560; x_wconf 84' lang='lat' dir='ltr'><strong>Gathoticorum</strong></span> <span class='ocrx_word' id='word_1_816' title='bbox 1780 5486 1923 5542; x_wconf 90' lang='lat' dir='ltr'><strong>hosti</strong></span> <span class='ocrx_word' id='word_1_817' title='bbox 1970 5489 2144 5560; x_wconf 85' lang='lat' dir='ltr'><strong>infen-</strong></span> 
     </span>
    </p>
   </div>
   <div class='ocr_carea' id='block_1_94' title="bbox 544 5559 2145 5644">
    <p class='ocr_par' dir='ltr' id='par_1_94' title="bbox 544 5559 2145 5644">
     <span class='ocr_line' id='line_1_96' title="bbox 544 5559 2145 5644; baseline -0.001 -27"><span class='ocrx_word' id='word_1_818' title='bbox 544 5561 801 5627; x_wconf 88' lang='lat' dir='ltr'><strong>sissimo;</strong></span> <span class='ocrx_word' id='word_1_819' title='bbox 853 5559 976 5644; x_wconf 79' lang='lat' dir='ltr'><strong>qua</strong></span> <span class='ocrx_word' id='word_1_820' title='bbox 1003 5570 1293 5632; x_wconf 85' lang='lat' dir='ltr'><strong>propterea</strong></span> <span class='ocrx_word' id='word_1_821' title='bbox 1341 5560 1395 5616; x_wconf 95' lang='lat' dir='ltr'><strong>in</strong></span> <span class='ocrx_word' id='word_1_822' title='bbox 1449 5560 1582 5615; x_wconf 84' lang='lat' dir='ltr'><strong>urbe</strong></span> <span class='ocrx_word' id='word_1_823' title='bbox 1627 5559 1861 5614; x_wconf 89' lang='lat' dir='ltr'><strong>alterum</strong></span> <span class='ocrx_word' id='word_1_824' title='bbox 1893 5559 2145 5616; x_wconf 86' lang='lat' dir='ltr'><strong>exsilium</strong></span> 
     </span>
    </p>
   </div>
   <div class='ocr_carea' id='block_1_95' title="bbox 546 5642 2146 5761">
    <p class='ocr_par' dir='ltr' id='par_1_95' title="bbox 546 5642 2146 5761">
     <span class='ocr_line' id='line_1_97' title="bbox 546 5642 2146 5761; baseline 0.002 -5"><span class='ocrx_word' id='word_1_825' title='bbox 546 5645 843 5760; x_wconf 44' lang='lat'><strong>“9328;?</strong></span> <span class='ocrx_word' id='word_1_826' title='bbox 863 5642 978 5759; x_wconf 63' lang='grc' dir='ltr'><strong>ἔῖἶί.</strong></span> <span class='ocrx_word' id='word_1_827' title='bbox 1003 5704 1085 5761; x_wconf 82' lang='lat' dir='ltr'><strong>Ad</strong></span> <span class='ocrx_word' id='word_1_828' title='bbox 1114 5702 1239 5759; x_wconf 83' lang='lat' dir='ltr'><strong>Heli</strong></span> <span class='ocrx_word' id='word_1_829' title='bbox 1433 5704 1689 5760; x_wconf 82' lang='lat' dir='ltr'><strong>Revelans</strong></span> <span class='ocrx_word' id='word_1_830' title='bbox 1721 5691 1987 5758; x_wconf 77' lang='lat' dir='ltr'><strong>revelatus</strong></span> <span class='ocrx_word' id='word_1_831' title='bbox 2030 5721 2146 5759; x_wconf 89' lang='lat' dir='ltr'><strong>sum</strong></span> 
     </span>
    </p>
   </div>
   <div class='ocr_carea' id='block_1_96' title="bbox 544 5762 2144 5849">
    <p class='ocr_par' dir='ltr' id='par_1_96' title="bbox 544 5762 2144 5849">
     <span class='ocr_line' id='line_1_98' title="bbox 544 5762 2144 5849; baseline 0.005 -26"><span class='ocrx_word' id='word_1_832' title='bbox 544 5762 612 5849; x_wconf 66' lang='lat' dir='ltr'><strong>ad</strong></span> <span class='ocrx_word' id='word_1_833' title='bbox 627 5771 839 5849; x_wconf 66' lang='lat' dir='ltr'><strong>domum</strong></span> <span class='ocrx_word' id='word_1_834' title='bbox 855 5778 1021 5849; x_wconf 84' lang='lat' dir='ltr'><strong>patris</strong></span> <span class='ocrx_word' id='word_1_835' title='bbox 1051 5776 1289 5849; x_wconf 46' lang='lat' dir='ltr'><strong>tuiLcum</strong></span> <span class='ocrx_word' id='word_1_836' title='bbox 1318 5778 1566 5849; x_wconf 81' lang='lat' dir='ltr'><strong>essentin</strong></span> <span class='ocrx_word' id='word_1_837' title='bbox 1601 5786 1738 5849; x_wconf 85' lang='lat' dir='ltr'><strong>terra</strong></span> <span class='ocrx_word' id='word_1_838' title='bbox 1752 5773 1987 5849; x_wconf 26' lang='lat' dir='ltr'><strong>AeEgypti</strong></span> <span class='ocrx_word' id='word_1_839' title='bbox 2012 5774 2144 5847; x_wconf 80' lang='lat' dir='ltr'><strong>serui</strong></span> 
     </span>
    </p>
   </div>
   <div class='ocr_carea' id='block_1_97' title="bbox 544 5838 2139 5916">
    <p class='ocr_par' dir='ltr' id='par_1_97' title="bbox 544 5838 2139 5916">
     <span class='ocr_line' id='line_1_99' title="bbox 544 5838 2139 5916; baseline 0.003 -20"><span class='ocrx_word' id='word_1_840' title='bbox 544 5840 599 5897; x_wconf 81' lang='lat' dir='ltr'><strong>in</strong></span> <span class='ocrx_word' id='word_1_841' title='bbox 620 5838 772 5898; x_wconf 82' lang='lat' dir='ltr'><strong>domo</strong></span> <span class='ocrx_word' id='word_1_842' title='bbox 798 5838 1112 5901; x_wconf 73' lang='lat' dir='ltr'><strong>Pharaonis.</strong></span> <span class='ocrx_word' id='word_1_843' title='bbox 1135 5838 1208 5901; x_wconf 76' lang='lat' dir='ltr'><strong>Et</strong></span> <span class='ocrx_word' id='word_1_844' title='bbox 1236 5838 1367 5916; x_wconf 74' lang='lat' dir='ltr'><strong>elegi</strong></span> <span class='ocrx_word' id='word_1_845' title='bbox 1389 5846 1596 5903; x_wconf 78' lang='lat' dir='ltr'><strong>domum</strong></span> <span class='ocrx_word' id='word_1_846' title='bbox 1625 5844 1788 5915; x_wconf 75' lang='lat' dir='ltr'><strong>patris</strong></span> <span class='ocrx_word' id='word_1_847' title='bbox 1829 5838 1991 5902; x_wconf 49' lang='lat' dir='ltr'><strong>t&#39;u&#39;i&#39;ex</strong></span> <span class='ocrx_word' id='word_1_848' title='bbox 2031 5844 2139 5903; x_wconf 64' lang='lat' dir='ltr'><strong>out?-</strong></span> 
     </span>
    </p>
   </div>
   <div class='ocr_carea' id='block_1_98' title="bbox 2258 3391 3801 3466">
    <p class='ocr_par' dir='ltr' id='par_1_98' title="bbox 2258 3391 3801 3466">
     <span class='ocr_line' id='line_1_100' title="bbox 2258 3391 3801 3466; baseline -0.006 -15"><span class='ocrx_word' id='word_1_849' title='bbox 2258 3394 2442 3461; x_wconf 89' lang='lat' dir='ltr'><strong>bibus,</strong></span> <span class='ocrx_word' id='word_1_850' title='bbox 2472 3409 2610 3465; x_wconf 92' lang='lat' dir='ltr'><strong>quos</strong></span> <span class='ocrx_word' id='word_1_851' title='bbox 2642 3394 2916 3451; x_wconf 88' lang='lat' dir='ltr'><strong>ordinavit</strong></span> <span class='ocrx_word' id='word_1_852' title='bbox 2946 3393 3081 3451; x_wconf 85' lang='lat' dir='ltr'><strong>ille?</strong></span> <span class='ocrx_word' id='word_1_853' title='bbox 3127 3394 3210 3450; x_wconf 84' lang='lat' dir='ltr'><strong>An</strong></span> <span class='ocrx_word' id='word_1_854' title='bbox 3257 3394 3489 3466; x_wconf 85' lang='lat' dir='ltr'><strong>negabis</strong></span> <span class='ocrx_word' id='word_1_855' title='bbox 3532 3404 3579 3449; x_wconf 89' lang='lat' dir='ltr'><strong>te</strong></span> <span class='ocrx_word' id='word_1_856' title='bbox 3611 3391 3801 3449; x_wconf 81' lang='lat' dir='ltr'><strong>exhono-</strong></span> 
     </span>
    </p>
   </div>
   <div class='ocr_carea' id='block_1_99' title="bbox 2258 3487 3798 3560">
    <p class='ocr_par' dir='ltr' id='par_1_99' title="bbox 2258 3487 3798 3560">
     <span class='ocr_line' id='line_1_101' title="bbox 2258 3487 3798 3560; baseline -0.004 -15"><span class='ocrx_word' id='word_1_857' title='bbox 2258 3504 2411 3546; x_wconf 86' lang='lat' dir='ltr'><strong>rasse</strong></span> <span class='ocrx_word' id='word_1_858' title='bbox 2432 3488 2744 3554; x_wconf 89' lang='lat' dir='ltr'><strong>Dominum,</strong></span> <span class='ocrx_word' id='word_1_859' title='bbox 2792 3487 3011 3560; x_wconf 88' lang='lat' dir='ltr'><strong>quando</strong></span> <span class='ocrx_word' id='word_1_860' title='bbox 3058 3496 3251 3545; x_wconf 90' lang='lat' dir='ltr'><strong>contra</strong></span> <span class='ocrx_word' id='word_1_861' title='bbox 3288 3488 3502 3545; x_wconf 86' lang='lat' dir='ltr'><strong>sancita</strong></span> <span class='ocrx_word' id='word_1_862' title='bbox 3530 3487 3798 3559; x_wconf 63' lang='lat' dir='ltr'><strong>ipsiuscoev</strong></span> 
     </span>
    </p>
   </div>
   <div class='ocr_carea' id='block_1_100' title="bbox 2250 3683 3798 3764">
    <p class='ocr_par' dir='ltr' id='par_1_100' title="bbox 2250 3683 3798 3764">
     <span class='ocr_line' id='line_1_102' title="bbox 2250 3683 3798 3764; baseline -0.008 -15"><span class='ocrx_word' id='word_1_863' title='bbox 2250 3694 2398 3749; x_wconf 86' lang='lat' dir='ltr'><strong>nibus</strong></span> <span class='ocrx_word' id='word_1_864' title='bbox 2449 3694 2662 3764; x_wconf 87' lang='lat' dir='ltr'><strong>sceptris</strong></span> <span class='ocrx_word' id='word_1_865' title='bbox 2707 3689 2874 3748; x_wconf 91' lang='lat' dir='ltr'><strong>Israel</strong></span> <span class='ocrx_word' id='word_1_866' title='bbox 2924 3692 3051 3747; x_wconf 81' lang='lat' dir='ltr'><strong>mihi</strong></span> <span class='ocrx_word' id='word_1_867' title='bbox 3101 3692 3392 3764; x_wconf 73' lang='lat' dir='ltr'><strong>sacerdotio</strong></span> <span class='ocrx_word' id='word_1_868' title='bbox 3444 3689 3587 3761; x_wconf 79' lang='lat' dir='ltr'><strong>fungi</strong></span> <span class='ocrx_word' id='word_1_869' title='bbox 3748 3683 3798 3737; x_wconf 81' lang='lat' dir='ltr'><strong>ad</strong></span> 
     </span>
    </p>
   </div>
   <div class='ocr_carea' id='block_1_101' title="bbox 2248 3758 3799 3834">
    <p class='ocr_par' dir='ltr' id='par_1_101' title="bbox 2248 3758 3799 3834">
     <span class='ocr_line' id='line_1_103' title="bbox 2248 3758 3799 3834; baseline -0.006 -14"><span class='ocrx_word' id='word_1_870' title='bbox 2248 3768 2411 3821; x_wconf 87' lang='lat' dir='ltr'><strong>altare</strong></span> <span class='ocrx_word' id='word_1_871' title='bbox 2438 3758 2609 3820; x_wconf 83' lang='lat' dir='ltr'><strong>meum</strong></span> <span class='ocrx_word' id='word_1_872' title='bbox 2783 3774 2829 3818; x_wconf 92' lang='lat' dir='ltr'><strong>et</strong></span> <span class='ocrx_word' id='word_1_873' title='bbox 2860 3773 3147 3834; x_wconf 83' lang='lat' dir='ltr'><strong>portarent,</strong></span> <span class='ocrx_word' id='word_1_874' title='bbox 3174 3775 3281 3819; x_wconf 91' lang='lat' dir='ltr'><strong>etc.</strong></span> <span class='ocrx_word' id='word_1_875' title='bbox 3331 3758 3617 3818; x_wconf 38' lang='lat' dir='ltr'><strong>Verum&#39;ex</strong></span> <span class='ocrx_word' id='word_1_876' title='bbox 3654 3758 3799 3813; x_wconf 85' lang='lat' dir='ltr'><strong>Hiero-</strong></span> 
     </span>
    </p>
   </div>
   <div class='ocr_carea' id='block_1_102' title="bbox 2250 3834 3799 3908">
    <p class='ocr_par' dir='ltr' id='par_1_102' title="bbox 2250 3834 3799 3908">
     <span class='ocr_line' id='line_1_104' title="bbox 2250 3834 3799 3908; baseline -0.005 -16"><span class='ocrx_word' id='word_1_877' title='bbox 2250 3852 2417 3908; x_wconf 83' lang='lat' dir='ltr'><strong>nymo</strong></span> <span class='ocrx_word' id='word_1_878' title='bbox 2464 3839 2514 3891; x_wconf 92' lang='lat' dir='ltr'><strong>in</strong></span> <span class='ocrx_word' id='word_1_879' title='bbox 2561 3837 2721 3906; x_wconf 90' lang='lat' dir='ltr'><strong>epist.</strong></span> <span class='ocrx_word' id='word_1_880' title='bbox 2767 3834 2846 3908; x_wconf 15' lang='lat' dir='ltr'><strong>ad,</strong></span> <span class='ocrx_word' id='word_1_881' title='bbox 2880 3834 3187 3891; x_wconf 83' lang='lat' dir='ltr'><strong>Marcellam</strong></span> <span class='ocrx_word' id='word_1_882' title='bbox 3232 3834 3482 3908; x_wconf 70' lang='lat' dir='ltr'><strong>Luciferi</strong></span> <span class='ocrx_word' id='word_1_883' title='bbox 3512 3834 3673 3888; x_wconf 89' lang='lat' dir='ltr'><strong>versio</strong></span> <span class='ocrx_word' id='word_1_884' title='bbox 3706 3842 3799 3908; x_wconf 49' lang='lat' dir='ltr'><strong>sup:</strong></span> 
     </span>
    </p>
   </div>
   <div class='ocr_carea' id='block_1_103' title="bbox 2251 3901 3796 3982">
    <p class='ocr_par' dir='ltr' id='par_1_103' title="bbox 2251 3901 3796 3982">
     <span class='ocr_line' id='line_1_105' title="bbox 2251 3901 3796 3982; baseline -0.007 -19"><span class='ocrx_word' id='word_1_885' title='bbox 2251 3901 2445 3980; x_wconf 81' lang='lat' dir='ltr'><strong>plenda</strong></span> <span class='ocrx_word' id='word_1_886' title='bbox 2476 3901 2696 3964; x_wconf 75' lang='lat' dir='ltr'><strong>omnino</strong></span> <span class='ocrx_word' id='word_1_887' title='bbox 2727 3916 2811 3982; x_wconf 84' lang='lat' dir='ltr'><strong>est</strong></span> <span class='ocrx_word' id='word_1_888' title='bbox 2837 3907 2932 3974; x_wconf 85' lang='lat' dir='ltr'><strong>ita,</strong></span> <span class='ocrx_word' id='word_1_889' title='bbox 2965 3905 3541 3982; x_wconf 37' lang='lat' dir='ltr'><strong>utusensumefﬁcjat</strong></span> <span class='ocrx_word' id='word_1_890' title='bbox 3579 3922 3601 3982; x_wconf 39' lang='grc' dir='ltr'><strong>ε.</strong></span> <span class='ocrx_word' id='word_1_891' title='bbox 3631 3901 3796 3982; x_wconf 47' lang='lat' dir='ltr'><strong>etuelegi</strong></span> 
     </span>
    </p>
   </div>
   <div class='ocr_carea' id='block_1_104' title="bbox 2249 3973 3795 4053">
    <p class='ocr_par' dir='ltr' id='par_1_104' title="bbox 2249 3973 3795 4053">
     <span class='ocr_line' id='line_1_106' title="bbox 2249 3973 3795 4053; baseline -0.006 -18"><span class='ocrx_word' id='word_1_892' title='bbox 2249 3973 2460 4053; x_wconf 75' lang='lat' dir='ltr'><strong>domum</strong></span> <span class='ocrx_word' id='word_1_893' title='bbox 2513 3982 2673 4048; x_wconf 88' lang='lat' dir='ltr'><strong>patris</strong></span> <span class='ocrx_word' id='word_1_894' title='bbox 2709 3980 2783 4032; x_wconf 89' lang='lat' dir='ltr'><strong>tui</strong></span> <span class='ocrx_word' id='word_1_895' title='bbox 2812 3995 2876 4053; x_wconf 55' lang='lat' dir='ltr'><strong>ea:</strong></span> <span class='ocrx_word' id='word_1_896' title='bbox 2904 3973 3141 4053; x_wconf 87' lang='lat' dir='ltr'><strong>omnibus</strong></span> <span class='ocrx_word' id='word_1_897' title='bbox 3168 3977 3403 4053; x_wconf 70' lang='lat' dir='ltr'><strong>tribubus</strong></span> <span class='ocrx_word' id='word_1_898' title='bbox 3443 3973 3732 4053; x_wconf 80' lang='lat' dir='ltr'><strong>Israel_nn&#39;l_t_i</strong></span> <span class='ocrx_word' id='word_1_899' title='bbox 3758 3974 3795 4022; x_wconf 80' lang='lat' dir='ltr'><strong>in</strong></span> 
     </span>
    </p>
   </div>
   <div class='ocr_carea' id='block_1_105' title="bbox 2250 4043 3793 4119">
    <p class='ocr_par' dir='ltr' id='par_1_105' title="bbox 2250 4043 3793 4119">
     <span class='ocr_line' id='line_1_107' title="bbox 2250 4043 3793 4119; baseline -0.01 -10"><span class='ocrx_word' id='word_1_900' title='bbox 2250 4043 2623 4115; x_wconf 73' lang='lat' dir='ltr'><strong>sacerdotium.</strong></span> <span class='ocrx_word' id='word_1_901' title='bbox 2666 4061 2773 4107; x_wconf 90' lang='lat' dir='ltr'><strong>etc.</strong></span> <span class='ocrx_word' id='word_1_902' title='bbox 2834 4050 3092 4106; x_wconf 87' lang='lat' dir='ltr'><strong>Tribubus</strong></span> <span class='ocrx_word' id='word_1_903' title='bbox 3147 4066 3213 4104; x_wconf 81' lang='lat' dir='ltr'><strong>ex</strong></span> <span class='ocrx_word' id='word_1_904' title='bbox 3265 4049 3459 4106; x_wconf 63' lang='lat' dir='ltr'><strong>Graeco</strong></span> <span class='ocrx_word' id='word_1_905' title='bbox 3500 4045 3627 4119; x_wconf 86' lang='lat' dir='ltr'><strong>apud</strong></span> <span class='ocrx_word' id='word_1_906' title='bbox 3668 4043 3793 4100; x_wconf 81' lang='lat' dir='ltr'><strong>alium</strong></span> 
     </span>
    </p>
   </div>
   <div class='ocr_carea' id='block_1_106' title="bbox 2253 4122 3749 4197">
    <p class='ocr_par' dir='ltr' id='par_1_106' title="bbox 2253 4122 3749 4197">
     <span class='ocr_line' id='line_1_108' title="bbox 2253 4122 3749 4197; baseline -0.005 -16"><span class='ocrx_word' id='word_1_907' title='bbox 2253 4123 2611 4197; x_wconf 82' lang='lat' dir='ltr'><strong>Interpretem</strong></span> <span class='ocrx_word' id='word_1_908' title='bbox 2640 4124 2691 4178; x_wconf 92' lang='lat' dir='ltr'><strong>in</strong></span> <span class='ocrx_word' id='word_1_909' title='bbox 2719 4122 2945 4197; x_wconf 78' lang='lat' dir='ltr'><strong>Hexapl.</strong></span> <span class='ocrx_word' id='word_1_910' title='bbox 2980 4125 3035 4177; x_wconf 79' lang='grc' dir='ltr'><em>ὲκ</em></span> <span class='ocrx_word' id='word_1_911' title='bbox 3059 4130 3243 4197; x_wconf 78' lang='grc' dir='ltr'><strong>πασῶν</strong></span> <span class='ocrx_word' id='word_1_912' title='bbox 3267 4130 3370 4178; x_wconf 82' lang='grc' dir='ltr'><strong>τῶν</strong></span> <span class='ocrx_word' id='word_1_913' title='bbox 3393 4122 3571 4197; x_wconf 43' lang='grc' dir='ltr'><strong>φυλῶν)</strong></span> <span class='ocrx_word' id='word_1_914' title='bbox 3633 4190 3644 4197; x_wconf 93' lang='lat'><em>_</em></span> 
     </span>
    </p>
   </div>
   <div class='ocr_carea' id='block_1_107' title="bbox 2327 4187 3793 4270">
    <p class='ocr_par' dir='ltr' id='par_1_107' title="bbox 2327 4187 3793 4270">
     <span class='ocr_line' id='line_1_109' title="bbox 2327 4187 3793 4270; baseline -0.01 -19"><span class='ocrx_word' id='word_1_915' title='bbox 2327 4205 2351 4234; x_wconf 71' lang='grc' dir='ltr'><strong>ε</strong></span> <span class='ocrx_word' id='word_1_916' title='bbox 2380 4187 2533 4251; x_wconf 75' lang='lat' dir='ltr'><strong>Vers.</strong></span> <span class='ocrx_word' id='word_1_917' title='bbox 2552 4197 2695 4270; x_wconf 86' lang='lat' dir='ltr'><strong>_Ant.</strong></span> <span class='ocrx_word' id='word_1_918' title='bbox 2729 4187 2903 4270; x_wconf 72' lang='lat' dir='ltr'><strong>domui</strong></span> <span class='ocrx_word' id='word_1_919' title='bbox 3062 4196 3238 4270; x_wconf 78' lang='lat' dir='ltr'><strong>omnia</strong></span> <span class='ocrx_word' id='word_1_920' title='bbox 3265 4210 3381 4270; x_wconf 56' lang='lat' dir='ltr'><strong>qua;</strong></span> <span class='ocrx_word' id='word_1_921' title='bbox 3401 4187 3526 4270; x_wconf 65' lang='lat' dir='ltr'><strong>sunt</strong></span> <span class='ocrx_word' id='word_1_922' title='bbox 3548 4190 3664 4263; x_wconf 84' lang='lat' dir='ltr'><strong>ignis</strong></span> <span class='ocrx_word' id='word_1_923' title='bbox 3688 4187 3793 4270; x_wconf 73' lang='lat' dir='ltr'><strong>ﬁlio-</strong></span> 
     </span>
    </p>
   </div>
   <div class='ocr_carea' id='block_1_108' title="bbox 2253 4266 3793 4341">
    <p class='ocr_par' dir='ltr' id='par_1_108' title="bbox 2253 4266 3793 4341">
     <span class='ocr_line' id='line_1_110' title="bbox 2253 4266 3793 4341; baseline -0.01 -18"><span class='ocrx_word' id='word_1_924' title='bbox 2253 4285 2368 4341; x_wconf 88' lang='lat' dir='ltr'><strong>rum</strong></span> <span class='ocrx_word' id='word_1_925' title='bbox 2542 4266 2610 4321; x_wconf 85' lang='lat' dir='ltr'><strong>Et</strong></span> <span class='ocrx_word' id='word_1_926' title='bbox 2637 4276 2693 4322; x_wconf 88' lang='lat' dir='ltr'><strong>ut</strong></span> <span class='ocrx_word' id='word_1_927' title='bbox 2720 4266 2991 4341; x_wconf 74' lang='lat' dir='ltr'><strong>quid_._....</strong></span> <span class='ocrx_word' id='word_1_928' title='bbox 3020 4274 3068 4341; x_wconf 86' lang='lat' dir='ltr'><strong>et</strong></span> <span class='ocrx_word' id='word_1_929' title='bbox 3106 4266 3160 4319; x_wconf 90' lang='lat' dir='ltr'><strong>in</strong></span> <span class='ocrx_word' id='word_1_930' title='bbox 3202 4266 3520 4334; x_wconf 79' lang='lat' dir='ltr'><strong>sacriﬁcium</strong></span> <span class='ocrx_word' id='word_1_931' title='bbox 3554 4266 3793 4341; x_wconf 51' lang='lat' dir='ltr'><strong>meantim-</strong></span> 
     </span>
    </p>
   </div>
   <div class='ocr_carea' id='block_1_109' title="bbox 2254 4330 3793 4410">
    <p class='ocr_par' dir='ltr' id='par_1_109' title="bbox 2254 4330 3793 4410">
     <span class='ocr_line' id='line_1_111' title="bbox 2254 4330 3793 4410; baseline -0.007 -17"><span class='ocrx_word' id='word_1_932' title='bbox 2254 4340 2470 4410; x_wconf 88' lang='lat' dir='ltr'><strong>pudenti</strong></span> <span class='ocrx_word' id='word_1_933' title='bbox 2642 4349 2690 4394; x_wconf 90' lang='lat' dir='ltr'><strong>et</strong></span> <span class='ocrx_word' id='word_1_934' title='bbox 2729 4330 3034 4409; x_wconf 80' lang='lat' dir='ltr'><strong>gloriﬁcasti</strong></span> <span class='ocrx_word' id='word_1_935' title='bbox 3226 4330 3383 4410; x_wconf 79' lang='lat' dir='ltr'><strong>super</strong></span> <span class='ocrx_word' id='word_1_936' title='bbox 3409 4351 3491 4391; x_wconf 85' lang='lat' dir='ltr'><strong>me</strong></span> <span class='ocrx_word' id='word_1_937' title='bbox 3511 4377 3525 4401; x_wconf 88' lang='lat'><strong>,</strong></span> <span class='ocrx_word' id='word_1_938' title='bbox 3556 4330 3793 4410; x_wconf 67' lang='lat' dir='ltr'><strong>benedicere</strong></span> 
     </span>
    </p>
   </div>
   <div class='ocr_carea' id='block_1_110' title="bbox 2294 4397 3793 4479">
    <p class='ocr_par' dir='ltr' id='par_1_110' title="bbox 2294 4397 3793 4479">
     <span class='ocr_line' id='line_1_112' title="bbox 2294 4397 3793 4479; baseline -0.01 -13"><span class='ocrx_word' id='word_1_939' title='bbox 2294 4412 2515 4466; x_wconf 89' lang='lat' dir='ltr'><strong>rimitias</strong></span> <span class='ocrx_word' id='word_1_940' title='bbox 2541 4412 2707 4465; x_wconf 88' lang='lat' dir='ltr'><strong>omnis</strong></span> <span class='ocrx_word' id='word_1_941' title='bbox 2729 4397 2983 4479; x_wconf 32' lang='lat' dir='ltr'><strong>“sacriﬁcii</strong></span> <span class='ocrx_word' id='word_1_942' title='bbox 3011 4410 3065 4462; x_wconf 90' lang='lat' dir='ltr'><strong>in</strong></span> <span class='ocrx_word' id='word_1_943' title='bbox 3109 4397 3365 4465; x_wconf 56' lang='lat' dir='ltr'><strong>Israel&#39;in</strong></span> <span class='ocrx_word' id='word_1_944' title='bbox 3392 4397 3793 4479; x_wconf 54' lang='lat' dir='ltr'><strong>conspectumin!</strong></span> 
     </span>
    </p>
   </div>
   <div class='ocr_carea' id='block_1_111' title="bbox 2305 4471 3791 4551">
    <p class='ocr_par' dir='ltr' id='par_1_111' title="bbox 2305 4471 3791 4551">
     <span class='ocr_line' id='line_1_113' title="bbox 2305 4471 3791 4551; baseline -0.01 -11"><span class='ocrx_word' id='word_1_945' title='bbox 2305 4488 2421 4540; x_wconf 89' lang='lat' dir='ltr'><strong>ebr.</strong></span> <span class='ocrx_word' id='word_1_946' title='bbox 2450 4498 2580 4540; x_wconf 90' lang='lat' dir='ltr'><strong>vero</strong></span> <span class='ocrx_word' id='word_1_947' title='bbox 2603 4482 2769 4536; x_wconf 81' lang='lat' dir='ltr'><strong>habet</strong></span> <span class='ocrx_word' id='word_1_948' title='bbox 2794 4471 3084 4544; x_wconf 78' lang='lat' dir='ltr'><strong>Itonorasti,</strong></span> <span class='ocrx_word' id='word_1_949' title='bbox 3115 4482 3191 4551; x_wconf 85' lang='lat' dir='ltr'><strong>uti</strong></span> <span class='ocrx_word' id='word_1_950' title='bbox 3221 4479 3479 4546; x_wconf 76' lang='lat' dir='ltr'><strong>Lucifer;</strong></span> <span class='ocrx_word' id='word_1_951' title='bbox 3507 4471 3622 4551; x_wconf 79' lang='lat' dir='ltr'><strong>etin</strong></span> <span class='ocrx_word' id='word_1_952' title='bbox 3646 4471 3791 4551; x_wconf 58' lang='lat' dir='ltr'><strong>Greco</strong></span> 
     </span>
    </p>
   </div>
   <div class='ocr_carea' id='block_1_112' title="bbox 2254 4544 3792 4626">
    <p class='ocr_par' dir='ltr' id='par_1_112' title="bbox 2254 4544 3792 4626">
     <span class='ocr_line' id='line_1_114' title="bbox 2254 4544 3792 4626; baseline -0.008 -16"><span class='ocrx_word' id='word_1_953' title='bbox 2254 4555 2407 4611; x_wconf 90' lang='lat' dir='ltr'><strong>deest</strong></span> <span class='ocrx_word' id='word_1_954' title='bbox 2438 4553 2758 4626; x_wconf 73' lang='lat' dir='ltr'><strong>prmpositio</strong></span> <span class='ocrx_word' id='word_1_955' title='bbox 2784 4553 2839 4607; x_wconf 90' lang='lat' dir='ltr'><strong>in</strong></span> <span class='ocrx_word' id='word_1_956' title='bbox 2866 4552 3074 4609; x_wconf 82' lang='lat' dir='ltr'><strong>nomini</strong></span> <span class='ocrx_word' id='word_1_957' title='bbox 3104 4550 3298 4618; x_wconf 88' lang='lat' dir='ltr'><strong>Israel,</strong></span> <span class='ocrx_word' id='word_1_958' title='bbox 3333 4544 3475 4622; x_wconf 89' lang='lat' dir='ltr'><strong>quod</strong></span> <span class='ocrx_word' id='word_1_959' title='bbox 3502 4550 3650 4605; x_wconf 86' lang='lat' dir='ltr'><strong>etiam</strong></span> <span class='ocrx_word' id='word_1_960' title='bbox 3671 4544 3792 4600; x_wconf 87' lang='lat' dir='ltr'><strong>Luci-</strong></span> 
     </span>
    </p>
   </div>
   <div class='ocr_carea' id='block_1_113' title="bbox 2255 4626 3121 4683">
    <p class='ocr_par' dir='ltr' id='par_1_113' title="bbox 2255 4626 3121 4683">
     <span class='ocr_line' id='line_1_115' title="bbox 2255 4626 3121 4683; baseline 0.006 -1"><span class='ocrx_word' id='word_1_961' title='bbox 2255 4627 2335 4683; x_wconf 89' lang='lat' dir='ltr'><strong>ler</strong></span> <span class='ocrx_word' id='word_1_962' title='bbox 2363 4636 2567 4683; x_wconf 86' lang='lat' dir='ltr'><strong>servat.</strong></span> <span class='ocrx_word' id='word_1_963' title='bbox 3112 4626 3121 4631; x_wconf 77' lang='grc'><em>’</em></span> 
     </span>
    </p>
   </div>
   <div class='ocr_carea' id='block_1_114' title="bbox 2330 4691 3791 4754">
    <p class='ocr_par' dir='ltr' id='par_1_114' title="bbox 2330 4691 3791 4754">
     <span class='ocr_line' id='line_1_116' title="bbox 2330 4691 3791 4754; baseline -0.014 2"><span class='ocrx_word' id='word_1_964' title='bbox 2330 4697 2350 4737; x_wconf 72' lang='grc' dir='ltr'>ί</span> <span class='ocrx_word' id='word_1_965' title='bbox 2400 4699 2553 4754; x_wconf 84' lang='lat' dir='ltr'><strong>Vers.</strong></span> <span class='ocrx_word' id='word_1_966' title='bbox 2598 4707 2712 4752; x_wconf 89' lang='lat' dir='ltr'><strong>ant.</strong></span> <span class='ocrx_word' id='word_1_967' title='bbox 2770 4696 3022 4751; x_wconf 84' lang='lat' dir='ltr'><strong>Dominus</strong></span> <span class='ocrx_word' id='word_1_968' title='bbox 3076 4695 3211 4750; x_wconf 83' lang='lat' dir='ltr'><strong>Deus</strong></span> <span class='ocrx_word' id='word_1_969' title='bbox 3392 4691 3791 4749; x_wconf 84' lang='lat' dir='ltr'><strong>transibunt....et</strong></span> 
     </span>
    </p>
   </div>
   <div class='ocr_carea' id='block_1_115' title="bbox 2256 4761 3790 4837">
    <p class='ocr_par' dir='ltr' id='par_1_115' title="bbox 2256 4761 3790 4837">
     <span class='ocr_line' id='line_1_117' title="bbox 2256 4761 3790 4837; baseline -0.004 -14"><span class='ocrx_word' id='word_1_970' title='bbox 2256 4787 2391 4825; x_wconf 87' lang='lat' dir='ltr'><strong>nunc</strong></span> <span class='ocrx_word' id='word_1_971' title='bbox 2443 4772 2566 4825; x_wconf 89' lang='lat' dir='ltr'><strong>dicit</strong></span> <span class='ocrx_word' id='word_1_972' title='bbox 2595 4767 2851 4823; x_wconf 88' lang='lat' dir='ltr'><strong>Dominus</strong></span> <span class='ocrx_word' id='word_1_973' title='bbox 2889 4784 2907 4822; x_wconf 92' lang='lat'><em>:</em></span> <span class='ocrx_word' id='word_1_974' title='bbox 2947 4765 3295 4837; x_wconf 86' lang='lat' dir='ltr'><strong>Nequaquam</strong></span> <span class='ocrx_word' id='word_1_975' title='bbox 3322 4784 3343 4823; x_wconf 91' lang='lat'><strong><em>:</em></strong></span> <span class='ocrx_word' id='word_1_976' title='bbox 3379 4767 3470 4822; x_wconf 91' lang='lat' dir='ltr'><strong>sed</strong></span> <span class='ocrx_word' id='word_1_977' title='bbox 3506 4761 3790 4837; x_wconf 53' lang='lat' dir='ltr'><strong>gloriﬁcent“</strong></span> 
     </span>
    </p>
   </div>
   <div class='ocr_carea' id='block_1_116' title="bbox 2256 4826 3789 4914">
    <p class='ocr_par' dir='ltr' id='par_1_116' title="bbox 2256 4826 3789 4914">
     <span class='ocr_line' id='line_1_118' title="bbox 2256 4826 3789 4914; baseline -0.014 -13"><span class='ocrx_word' id='word_1_978' title='bbox 2256 4858 2335 4914; x_wconf 60' lang='lat' dir='ltr'><strong>me</strong></span> <span class='ocrx_word' id='word_1_979' title='bbox 2382 4841 2679 4914; x_wconf 83' lang='lat' dir='ltr'><strong>gloriﬁcabo</strong></span> <span class='ocrx_word' id='word_1_980' title='bbox 2705 4882 2720 4905; x_wconf 91' lang='lat'><strong>,</strong></span> <span class='ocrx_word' id='word_1_981' title='bbox 2771 4852 2819 4895; x_wconf 89' lang='lat' dir='ltr'><strong>et</strong></span> <span class='ocrx_word' id='word_1_982' title='bbox 2873 4826 3207 4914; x_wconf 52' lang='lat' dir='ltr'><strong>quisp&#39;ern&#39;it</strong></span> <span class='ocrx_word' id='word_1_983' title='bbox 3256 4855 3378 4914; x_wconf 66' lang='lat' dir='ltr'><strong>me,</strong></span> <span class='ocrx_word' id='word_1_984' title='bbox 3435 4826 3692 4914; x_wconf 56' lang='lat' dir='ltr'><strong>speraretur.</strong></span> <span class='ocrx_word' id='word_1_985' title='bbox 3744 4826 3789 4881; x_wconf 87' lang='lat' dir='ltr'><strong>ln</strong></span> 
     </span>
    </p>
   </div>
   <div class='ocr_carea' id='block_1_117' title="bbox 2252 4902 3785 4985">
    <p class='ocr_par' dir='ltr' id='par_1_117' title="bbox 2252 4902 3785 4985">
     <span class='ocr_line' id='line_1_119' title="bbox 2252 4902 3785 4985; baseline -0.012 -16"><span class='ocrx_word' id='word_1_986' title='bbox 2252 4902 2445 4969; x_wconf 58' lang='lat' dir='ltr'><strong>Graeco</strong></span> <span class='ocrx_word' id='word_1_987' title='bbox 2485 4902 2807 4985; x_wconf 72' lang='lat' dir='ltr'><strong>nequaquam</strong></span> <span class='ocrx_word' id='word_1_988' title='bbox 2857 4902 2983 4965; x_wconf 75' lang='lat' dir='ltr'><strong>mihi</strong></span> <span class='ocrx_word' id='word_1_989' title='bbox 3028 4902 3150 4967; x_wconf 59' lang='lat' dir='ltr'><strong>cum</strong></span> <span class='ocrx_word' id='word_1_990' title='bbox 3187 4902 3373 4967; x_wconf 27' lang='lat' dir='ltr'><strong>Lucif.’</strong></span> <span class='ocrx_word' id='word_1_991' title='bbox 3414 4902 3472 4965; x_wconf 82' lang='lat' dir='ltr'><strong>et</strong></span> <span class='ocrx_word' id='word_1_992' title='bbox 3509 4902 3785 4965; x_wconf 72' lang='grc' dir='ltr'><strong>διελεύσεται.</strong></span> 
     </span>
    </p>
   </div>
   <div class='ocr_carea' id='block_1_118' title="bbox 2253 4986 2515 5041">
    <p class='ocr_par' dir='ltr' id='par_1_118' title="bbox 2253 4986 2515 5041">
     <span class='ocr_line' id='line_1_120' title="bbox 2253 4986 2515 5041; baseline 0.004 -3"><span class='ocrx_word' id='word_1_993' title='bbox 2253 4986 2515 5041; x_wconf 85' lang='lat' dir='ltr'><strong>transibit.</strong></span> 
     </span>
    </p>
   </div>
   <div class='ocr_carea' id='block_1_119' title="bbox 2252 5042 3787 5184">
    <p class='ocr_par' dir='ltr' id='par_1_119' title="bbox 2252 5042 3787 5184">
     <span class='ocr_line' id='line_1_121' title="bbox 2252 5042 3787 5184; baseline -0.036 -35"><span class='ocrx_word' id='word_1_994' title='bbox 2252 5127 2295 5184; x_wconf 64' lang='grc' dir='ltr'><strong>ι</strong></span> <span class='ocrx_word' id='word_1_995' title='bbox 2324 5057 2497 5184; x_wconf 51' lang='lat' dir='ltr'><strong>“Cp”.</strong></span> <span class='ocrx_word' id='word_1_996' title='bbox 2518 5056 2772 5122; x_wconf 65' lang='grc' dir='ltr'><strong>ίνηῖῖδὲὺὶί,</strong></span> <span class='ocrx_word' id='word_1_997' title='bbox 2805 5066 2865 5110; x_wconf 84' lang='grc' dir='ltr'><strong>ιιι</strong></span> <span class='ocrx_word' id='word_1_998' title='bbox 2893 5054 3028 5110; x_wconf 89' lang='lat' dir='ltr'><strong>dicit</strong></span> <span class='ocrx_word' id='word_1_999' title='bbox 3058 5055 3261 5110; x_wconf 88' lang='lat' dir='ltr'><strong>deleam</strong></span> <span class='ocrx_word' id='word_1_1000' title='bbox 3295 5068 3394 5125; x_wconf 90' lang='lat' dir='ltr'><strong>pro</strong></span> <span class='ocrx_word' id='word_1_1001' title='bbox 3419 5050 3603 5108; x_wconf 80' lang='lat' dir='ltr'><strong>delebo.</strong></span> <span class='ocrx_word' id='word_1_1002' title='bbox 3635 5042 3722 5101; x_wconf 90' lang='lat' dir='ltr'><strong>&#39;l‘il.</strong></span> <span class='ocrx_word' id='word_1_1003' title='bbox 3744 5047 3787 5096; x_wconf 87' lang='lat' dir='ltr'><strong>et</strong></span> 
     </span>
     <span class='ocr_line' id='line_1_122' title="bbox 2298 5143 2553 5184; baseline -0.031 7"><span class='ocrx_word' id='word_1_1004' title='bbox 2298 5143 2327 5183; x_wconf 78' lang='lat' dir='ltr'><strong>a</strong></span> <span class='ocrx_word' id='word_1_1005' title='bbox 2400 5147 2481 5184; x_wconf 84' lang='lat' dir='ltr'><strong>ert</strong></span> <span class='ocrx_word' id='word_1_1006' title='bbox 2503 5146 2553 5184; x_wconf 85' lang='lat' dir='ltr'><strong>n.</strong></span> 
     </span>
    </p>
   </div>
   <div class='ocr_carea' id='block_1_120' title="bbox 2298 5130 2553 5185">
    <p class='ocr_par' dir='ltr' id='par_1_120' title="bbox 2298 5130 2553 5185">
     <span class='ocr_line' id='line_1_123' title="bbox 2298 5130 2553 5185; baseline 0 -2"><span class='ocrx_word' id='word_1_1007' title='bbox 2298 5143 2327 5183; x_wconf 90' lang='lat' dir='ltr'><strong>a</strong></span> <span class='ocrx_word' id='word_1_1008' title='bbox 2357 5130 2553 5185; x_wconf 88' lang='lat' dir='ltr'><strong>Cerda.</strong></span> 
     </span>
    </p>
   </div>
   <div class='ocr_carea' id='block_1_121' title="bbox 2322 5196 3783 5272">
    <p class='ocr_par' dir='ltr' id='par_1_121' title="bbox 2322 5196 3783 5272">
     <span class='ocr_line' id='line_1_124' title="bbox 2322 5196 3783 5272; baseline -0.004 -13"><span class='ocrx_word' id='word_1_1009' title='bbox 2322 5198 2351 5237; x_wconf 73' lang='lat' dir='ltr'><strong>h</strong></span> <span class='ocrx_word' id='word_1_1010' title='bbox 2381 5201 2541 5259; x_wconf 77' lang='lat' dir='ltr'><strong>Vers.</strong></span> <span class='ocrx_word' id='word_1_1011' title='bbox 2574 5200 2701 5257; x_wconf 86' lang='lat' dir='ltr'><strong>Ant.</strong></span> <span class='ocrx_word' id='word_1_1012' title='bbox 2728 5198 3082 5272; x_wconf 70' lang='lat' dir='ltr'><strong>exterminabo</strong></span> <span class='ocrx_word' id='word_1_1013' title='bbox 3236 5208 3286 5254; x_wconf 89' lang='lat' dir='ltr'><strong>et</strong></span> <span class='ocrx_word' id='word_1_1014' title='bbox 3331 5212 3498 5272; x_wconf 84' lang='lat' dir='ltr'><strong>semen</strong></span> <span class='ocrx_word' id='word_1_1015' title='bbox 3531 5196 3783 5272; x_wconf 47' lang='lat' dir='ltr'><strong>damus)”;</strong></span> 
     </span>
    </p>
   </div>
   <div class='ocr_carea' id='block_1_122' title="bbox 2246 5252 3781 5335">
    <p class='ocr_par' dir='ltr' id='par_1_122' title="bbox 2246 5252 3781 5335">
     <span class='ocr_line' id='line_1_125' title="bbox 2246 5252 3781 5335; baseline -0.009 -9"><span class='ocrx_word' id='word_1_1016' title='bbox 2246 5272 2339 5326; x_wconf 87' lang='lat' dir='ltr'><strong>tris</strong></span> <span class='ocrx_word' id='word_1_1017' title='bbox 2368 5252 2930 5329; x_wconf 59' lang='lat' dir='ltr'><strong>tui:</strong></span> <span class='ocrx_word' id='word_1_1018' title='bbox 2976 5268 3043 5325; x_wconf 82' lang='lat' dir='ltr'><strong>Et</strong></span> <span class='ocrx_word' id='word_1_1019' title='bbox 3071 5252 3253 5325; x_wconf 76' lang='lat' dir='ltr'><strong>virum</strong></span> <span class='ocrx_word' id='word_1_1020' title='bbox 3272 5252 3610 5324; x_wconf 71' lang='lat' dir='ltr'><strong>exterminabo</strong></span> <span class='ocrx_word' id='word_1_1021' title='bbox 3634 5252 3719 5315; x_wconf 81' lang='lat' dir='ltr'><strong>tibi</strong></span> <span class='ocrx_word' id='word_1_1022' title='bbox 3734 5252 3781 5335; x_wconf 52' lang='lat' dir='ltr'><strong>ab</strong></span> 
     </span>
    </p>
   </div>
   <div class='ocr_carea' id='block_1_123' title="bbox 2246 5332 3782 5415">
    <p class='ocr_par' dir='ltr' id='par_1_123' title="bbox 2246 5332 3782 5415">
     <span class='ocr_line' id='line_1_126' title="bbox 2246 5332 3782 5415; baseline -0.007 -19"><span class='ocrx_word' id='word_1_1023' title='bbox 2246 5344 2403 5415; x_wconf 85' lang='lat' dir='ltr'><strong>altari</strong></span> <span class='ocrx_word' id='word_1_1024' title='bbox 2429 5361 2541 5400; x_wconf 87' lang='lat' dir='ltr'><strong>meo</strong></span> <span class='ocrx_word' id='word_1_1025' title='bbox 2705 5355 2751 5398; x_wconf 92' lang='lat' dir='ltr'><strong>et</strong></span> <span class='ocrx_word' id='word_1_1026' title='bbox 2774 5344 2972 5415; x_wconf 85' lang='lat' dir='ltr'><strong>deﬂuat</strong></span> <span class='ocrx_word' id='word_1_1027' title='bbox 3123 5353 3173 5415; x_wconf 79' lang='lat' dir='ltr'><strong>et</strong></span> <span class='ocrx_word' id='word_1_1028' title='bbox 3198 5343 3363 5396; x_wconf 88' lang='lat' dir='ltr'><strong>omnis</strong></span> <span class='ocrx_word' id='word_1_1029' title='bbox 3398 5342 3482 5415; x_wconf 77' lang='lat' dir='ltr'><strong>qui</strong></span> <span class='ocrx_word' id='word_1_1030' title='bbox 3503 5332 3782 5415; x_wconf 57' lang='lat' dir='ltr'><strong>superductil</strong></span> 
     </span>
    </p>
   </div>
   <div class='ocr_carea' id='block_1_124' title="bbox 2248 5412 3776 5489">
    <p class='ocr_par' dir='ltr' id='par_1_124' title="bbox 2248 5412 3776 5489">
     <span class='ocr_line' id='line_1_127' title="bbox 2248 5412 3776 5489; baseline 0.003 -21"><span class='ocrx_word' id='word_1_1031' title='bbox 2248 5414 2429 5469; x_wconf 88' lang='lat' dir='ltr'><strong>domus</strong></span> <span class='ocrx_word' id='word_1_1032' title='bbox 2460 5427 2563 5472; x_wconf 77' lang='lat' dir='ltr'><strong>tute</strong></span> <span class='ocrx_word' id='word_1_1033' title='bbox 2713 5432 2817 5470; x_wconf 88' lang='lat' dir='ltr'><strong>una</strong></span> <span class='ocrx_word' id='word_1_1034' title='bbox 2839 5412 2941 5489; x_wconf 75' lang='lat' dir='ltr'><strong>die,</strong></span> <span class='ocrx_word' id='word_1_1035' title='bbox 2966 5423 3078 5489; x_wconf 71' lang='lat' dir='ltr'><strong>etc.</strong></span> <span class='ocrx_word' id='word_1_1036' title='bbox 3109 5413 3286 5470; x_wconf 61' lang='grc' dir='ltr'><strong>ϐιαιο.</strong></span> <span class='ocrx_word' id='word_1_1037' title='bbox 3315 5412 3618 5489; x_wconf 73' lang='grc' dir='ltr'><strong>πρεσϐύτης,</strong></span> <span class='ocrx_word' id='word_1_1038' title='bbox 3643 5414 3776 5461; x_wconf 61' lang='grc' dir='ltr'>δέπαι</span> 
     </span>
    </p>
   </div>
   <div class='ocr_carea' id='block_1_125' title="bbox 2247 5485 3418 5566">
    <p class='ocr_par' dir='ltr' id='par_1_125' title="bbox 2247 5485 3418 5566">
     <span class='ocr_line' id='line_1_128' title="bbox 2247 5485 3418 5566; baseline -0.004 -23"><span class='ocrx_word' id='word_1_1039' title='bbox 2247 5494 2305 5543; x_wconf 79' lang='lat' dir='ltr'><strong>et</strong></span> <span class='ocrx_word' id='word_1_1040' title='bbox 2332 5489 2501 5566; x_wconf 59' lang='lat' dir='ltr'><strong>inpia&quot;:</strong></span> <span class='ocrx_word' id='word_1_1041' title='bbox 2526 5491 2714 5566; x_wconf 66' lang='lat' dir='ltr'><strong>rius&#39;pa;</strong></span> <span class='ocrx_word' id='word_1_1042' title='bbox 2744 5489 2820 5566; x_wconf 75' lang='lat' dir='ltr'><strong>uti</strong></span> <span class='ocrx_word' id='word_1_1043' title='bbox 2845 5485 3089 5566; x_wconf 67' lang='lat' dir='ltr'><strong>l_._ucil&#39;er,</strong></span> <span class='ocrx_word' id='word_1_1044' title='bbox 3113 5489 3293 5566; x_wconf 54' lang='lat' dir='ltr'><strong>inungi</strong></span> <span class='ocrx_word' id='word_1_1045' title='bbox 3319 5485 3418 5539; x_wconf 83' lang='lat' dir='ltr'><strong>die.</strong></span> 
     </span>
    </p>
   </div>
   <div class='ocr_carea' id='block_1_126' title="bbox 2330 5556 3464 5630">
    <p class='ocr_par' dir='ltr' id='par_1_126' title="bbox 2330 5556 3464 5630">
     <span class='ocr_line' id='line_1_129' title="bbox 2330 5556 3464 5630; baseline -0.004 -17"><span class='ocrx_word' id='word_1_1046' title='bbox 2330 5559 2345 5596; x_wconf 73' lang='grc' dir='ltr'><strong>ί</strong></span> <span class='ocrx_word' id='word_1_1047' title='bbox 2382 5556 2691 5630; x_wconf 68' lang='lat' dir='ltr'><strong>Disperddn&#39;t</strong></span> <span class='ocrx_word' id='word_1_1048' title='bbox 2720 5560 2829 5614; x_wconf 88' lang='lat' dir='ltr'><strong>tibi.</strong></span> <span class='ocrx_word' id='word_1_1049' title='bbox 2858 5558 3031 5613; x_wconf 78' lang='lat' dir='ltr'><strong>Vatic.</strong></span> <span class='ocrx_word' id='word_1_1050' title='bbox 3051 5558 3143 5630; x_wconf 20' lang='lat' dir='ltr'><strong>inti</strong></span> <span class='ocrx_word' id='word_1_1051' title='bbox 3176 5558 3226 5612; x_wconf 90' lang='lat' dir='ltr'><strong>in</strong></span> <span class='ocrx_word' id='word_1_1052' title='bbox 3254 5556 3464 5612; x_wconf 73' lang='lat' dir='ltr'><strong>Graeco.</strong></span> 
     </span>
    </p>
   </div>
   <div class='ocr_carea' id='block_1_127' title="bbox 2329 5617 3774 5700">
    <p class='ocr_par' dir='ltr' id='par_1_127' title="bbox 2329 5617 3774 5700">
     <span class='ocr_line' id='line_1_130' title="bbox 2329 5617 3774 5700; baseline -0.012 -17"><span class='ocrx_word' id='word_1_1053' title='bbox 2329 5632 2344 5682; x_wconf 86' lang='lat' dir='ltr'><strong>l</strong></span> <span class='ocrx_word' id='word_1_1054' title='bbox 2383 5617 2569 5685; x_wconf 62' lang='lat' dir='ltr'><strong>Gla&#39;dio</strong></span> <span class='ocrx_word' id='word_1_1055' title='bbox 2596 5634 2826 5687; x_wconf 86' lang='lat' dir='ltr'><strong>virorum</strong></span> <span class='ocrx_word' id='word_1_1056' title='bbox 2849 5630 3021 5686; x_wconf 90' lang='lat' dir='ltr'><strong>demit</strong></span> <span class='ocrx_word' id='word_1_1057' title='bbox 3047 5629 3252 5696; x_wconf 83' lang='lat' dir='ltr'><strong>Latin.,</strong></span> <span class='ocrx_word' id='word_1_1058' title='bbox 3279 5644 3399 5700; x_wconf 68' lang='lat' dir='ltr'><strong>qua:</strong></span> <span class='ocrx_word' id='word_1_1059' title='bbox 3425 5624 3578 5683; x_wconf 86' lang='lat' dir='ltr'><strong>verba</strong></span> <span class='ocrx_word' id='word_1_1060' title='bbox 3618 5617 3774 5675; x_wconf 87' lang='lat' dir='ltr'><strong>desunt</strong></span> 
     </span>
    </p>
   </div>
   <div class='ocr_carea' id='block_1_128' title="bbox 2252 5701 3767 5759">
    <p class='ocr_par' dir='ltr' id='par_1_128' title="bbox 2252 5701 3767 5759">
     <span class='ocr_line' id='line_1_131' title="bbox 2252 5701 3767 5759; baseline -0.001 0"><span class='ocrx_word' id='word_1_1061' title='bbox 2252 5712 2309 5759; x_wconf 91' lang='lat' dir='ltr'><strong>et</strong></span> <span class='ocrx_word' id='word_1_1062' title='bbox 2341 5702 2392 5757; x_wconf 91' lang='lat' dir='ltr'><strong>in</strong></span> <span class='ocrx_word' id='word_1_1063' title='bbox 2434 5701 2639 5759; x_wconf 71' lang='lat' dir='ltr'><strong>Grzrcis</strong></span> <span class='ocrx_word' id='word_1_1064' title='bbox 2673 5703 2863 5759; x_wconf 85' lang='lat' dir='ltr'><strong>Bibliis</strong></span> <span class='ocrx_word' id='word_1_1065' title='bbox 2890 5713 2944 5757; x_wconf 86' lang='lat' dir='ltr'><strong>et</strong></span> <span class='ocrx_word' id='word_1_1066' title='bbox 2973 5702 3202 5757; x_wconf 84' lang='lat' dir='ltr'><strong>Latinis.</strong></span> <span class='ocrx_word' id='word_1_1067' title='bbox 3738 5738 3767 5757; x_wconf 65' lang='lat'><strong>,.</strong></span> 
     </span>
    </p>
   </div>
   <div class='ocr_carea' id='block_1_129' title="bbox 2283 5764 3767 5843">
    <p class='ocr_par' dir='ltr' id='par_1_129' title="bbox 2283 5764 3767 5843">
     <span class='ocr_line' id='line_1_132' title="bbox 2283 5764 3767 5843; baseline -0.012 -12"><span class='ocrx_word' id='word_1_1068' title='bbox 2283 5822 2288 5831; x_wconf 92' lang='lat'><strong>.</strong></span> <span class='ocrx_word' id='word_1_1069' title='bbox 2322 5772 2349 5811; x_wconf 67' lang='grc' dir='ltr'><strong>ι</strong></span> <span class='ocrx_word' id='word_1_1070' title='bbox 2377 5772 2551 5843; x_wconf 77' lang='lat' dir='ltr'><strong>Paulo</strong></span> <span class='ocrx_word' id='word_1_1071' title='bbox 2570 5789 2733 5843; x_wconf 88' lang='lat' dir='ltr'><strong>supra</strong></span> <span class='ocrx_word' id='word_1_1072' title='bbox 2764 5774 2907 5831; x_wconf 89' lang='lat' dir='ltr'><strong>idem</strong></span> <span class='ocrx_word' id='word_1_1073' title='bbox 2931 5772 3148 5830; x_wconf 84' lang='lat' dir='ltr'><strong>Lucifer</strong></span> <span class='ocrx_word' id='word_1_1074' title='bbox 3181 5788 3193 5827; x_wconf 86' lang='lat'><strong>:</strong></span> <span class='ocrx_word' id='word_1_1075' title='bbox 3230 5770 3333 5838; x_wconf 82' lang='lat' dir='ltr'><strong>Qui</strong></span> <span class='ocrx_word' id='word_1_1076' title='bbox 3358 5764 3669 5837; x_wconf 74' lang='lat' dir='ltr'><strong>honoriﬁcam</strong></span> <span class='ocrx_word' id='word_1_1077' title='bbox 3691 5769 3767 5813; x_wconf 72' lang='lat' dir='ltr'><strong>me.</strong></span> 
     </span>
    </p>
   </div>
   <div class='ocr_carea' id='block_1_130' title="bbox 2248 5838 2727 5915">
    <p class='ocr_par' dir='ltr' id='par_1_130' title="bbox 2248 5838 2727 5915">
     <span class='ocr_line' id='line_1_133' title="bbox 2248 5838 2727 5915; baseline 0 -16"><span class='ocrx_word' id='word_1_1078' title='bbox 2248 5838 2597 5915; x_wconf 69' lang='lat' dir='ltr'><strong>honoriﬁeubo</strong></span> <span class='ocrx_word' id='word_1_1079' title='bbox 2624 5838 2727 5900; x_wconf 76' lang='grc' dir='ltr'><strong>ἐοι-</strong></span> 
     </span>
    </p>
   </div>
   <div class='ocr_carea' id='block_1_131' title="bbox 2182 4731 2230 4791">
    <p class='ocr_par' dir='ltr' id='par_1_131' title="bbox 2182 4731 2230 4791">
     <span class='ocr_line' id='line_1_134' title="bbox 2182 4731 2230 4791; baseline 0 0"><span class='ocrx_word' id='word_1_1080' title='bbox 2182 4731 2230 4791; x_wconf 92' lang='lat' dir='ltr'><strong>D</strong></span> 
     </span>
    </p>
   </div>
  </div>
