4042 6338
264 255 380 317 833

1350 258 1486 319 PRO
1526 256 1800 320 S.\NCTO
1839 258 2233 323 ATHANASIO
2272 260 2402 319 LIB.
2446 256 2486 318 l.

3462 263 3575 325 83b

262 371 421 442 geris
469 369 788 428 sacerdotes
834 374 954 443 ejus
994 372 1261 430 damnare
1299 376 1586 435 absentem
1613 420 1629 445 ,
1662 378 1873 434 inaudi-
1901 380 1957 440 Α
1980 378 2147 433 millia
2172 379 2398 433 virorum
2439 397 2457 433 :
2502 388 2551 434 et
2595 394 2720 435 arca
2745 378 2845 437 Dei
2872 388 3024 454 capta
3053 388 3168 449 est,
3214 390 3263 439 et
3306 383 3459 440 ambo
3482 386 3586 454 ﬁlii

264 475 412 530 tum,
447 474 501 521 et
525 465 741 535 quidem
770 464 920 521 falsis
944 466 1268 525 criminibus
1296 484 1395 541 per
1422 479 1475 527 te
1499 485 1563 526 ac
1587 479 1709 526 tuos
1735 471 1878 541 peti-

262 567 387 613 tum
411 558 437 613 2
466 557 584 613 Non
614 573 746 630 ergo
772 567 800 598 ⁸
825 559 1180 616 esbonorasti
1204 562 1398 631 Deum,
1424 563 1646 634 quando
1680 564 1876 620 tuleris

262 650 631 721 apostolicam
657 661 821 723 atque
851 652 1223 724 evangelicam
1255 655 1629 723 traditionem,
1660 665 1719 712 et
1756 656 1875 712 ido-

261 743 571 813 lolatriam,
598 762 760 818 quam
790 746 818 785 ι)
850 748 1010 803 Arius
1039 748 1393 807 aediﬁcaverit
1429 751 1483 806 in
1511 750 1682 808 corde
1705 793 1722 820 ,
1751 751 1873 807 dia-

262 838 437 896 bolus
477 841 735 896 statueris
760 841 830 895 ab
860 841 1169 898 hominibus
1197 843 1498 900 cultoribus
1526 844 1700 900 teneri
1736 844 1875 900 Dei?

262 934 406 990 Cum
436 934 557 991 haec
585 935 658 990 ita
686 936 816 1003 sint,
839 935 952 1007 jam
976 946 1080 992 tua:
1108 937 1211 993 erit
1240 936 1548 1008 prudentia:
1569 938 1872 1005 aestimare,

262 1027 401 1100 quid
432 1028 528 1084 tibi
560 1028 830 1100 agendum
861 1029 1137 1101 expediat,
1171 1038 1353 1086 utrum
1380 1046 1448 1087 ne
1478 1030 1565 1087 hic
1590 1031 1875 1103 corrigens

262 1134 493 1178 errores
539 1130 700 1187 tuos,
749 1131 1080 1179 consecutus
1125 1124 1339 1179 veniam
1387 1133 1660 1180 tantorum
1699 1123 1873 1181 scele-

260 1230 416 1280 rum,
448 1217 595 1273 inter
625 1216 722 1272 Dei
756 1216 995 1273 inveniri
1024 1226 1234 1273 statuas
1261 1216 1631 1284 domesticos;
1684 1232 1754 1273 an
1782 1231 1873 1273 re-

260 1308 462 1365 dactus
489 1308 558 1365 ad
587 1308 816 1365 nihilum
844 1351 859 1374 ,
892 1309 1035 1366 sicut
1075 1309 1348 1380 promittit
1384 1309 1766 1381 spernentibus
1810 1322 1872 1366 se

262 1403 560 1471 Dominus,
611 1405 839 1475 incipias
874 1405 927 1459 in
957 1413 1275 1475 perpetuum
1306 1404 1437 1461 dare
1465 1417 1655 1475 poenas
1676 1446 1690 1471 ,
1735 1418 1873 1475 quas

259 1506 397 1561 dant
428 1503 482 1559 Iti
506 1519 736 1574 quorum
769 1512 959 1559 tenere
984 1503 1260 1574 delegeris
1286 1502 1504 1558 itinera.
1537 1501 1604 1557 Et
1630 1510 1687 1556 ut
1706 1501 1871 1571 plane

256 1597 455 1655 videre
482 1597 660 1669 possis
683 1638 699 1665 ,
732 1613 851 1669 quae
880 1606 932 1653 te
964 1611 1218 1654 maneant
1252 1597 1491 1668 pericula
1518 1641 1533 1665 ,
1582 1605 1868 1668 propterea

260 1690 413 1763 quod
459 1692 534 1746 sis
580 1689 928 1746 exhonorans
970 1688 1310 1745 divinitatem
1340 1732 1354 1755 ,
1404 1689 1591 1759 accipe
1622 1689 1867 1746 Samueli

1978 470 2103 525 Heli
2126 471 2316 526 mortui
2345 481 2464 527 sunt
2494 470 2687 544 (Ibid.,
2722 473 2835 545 10).
2870 474 2939 531 Ει
2965 475 3103 531 inira
3137 492 3151 531 :
3196 476 3264 531 Et
3291 478 3367 533 vir
3393 496 3581 551 prape-

1976 580 2097 619 rans
2124 566 2338 637 qccessit
2367 563 2435 619 ad
2467 564 2610 628 Heli.
2643 566 2874 639 dixitque
2899 569 2946 623 ei
2987 585 3006 624 :
3053 567 3168 642 Ego
3204 586 3320 625 sum
3349 572 3439 639 qui
3468 571 3583 628 veni

1977 654 2043 710 de
2062 656 2249 711 castris
2276 656 2480 727 fugiens
2507 656 2571 711 de
2598 658 2780 728 praelia
2804 656 2978 714 hodie.
3009 658 3081 716 Et
3107 661 3239 716 dixit
3271 660 3392 718 Heli
3422 678 3443 717 .'
3473 662 3578 732 Qui

1976 763 2144 802 sermo
2172 749 2343 819 factus
2370 757 2479 812 ,est,
2524 748 2728 819 ﬁliole?
2753 747 2825 804 Et
2848 734 3115 823 respondit
3143 753 3221 807 vir
3249 749 3302 821 ά,
3333 764 3380 809 et
3406 753 3540 809 dixit
3564 770 3585 812 .'

1976 836 2139 910 Fugit
2181 842 2259 894 vir
2288 837 2460 896 Israel
2509 857 2542 894 a
2570 842 2706 913 facie
2733 844 3182 917 alienigenarum,
3233 858 3279 902 et
3327 851 3465 919 facta
3504 856 3583 905 est

1974 929 2131 1001 plaga
2160 947 2348 1001 magna
2370 932 2423 986 in
2451 933 2644 1004 populo
2667 974 2683 1001 ,
2709 944 2760 990 et
2789 934 2937 991 ambo
2977 936 3077 1006 ﬁlii
3106 937 3181 992 tui
3201 940 3394 994 mortui
3417 950 3576 1008 sunt,

1974 1030 2023 1076 et
2052 1038 2173 1077 arca
2197 1021 2290 1078 Dei
2318 1036 2469 1097 capta
2494 1036 2591 1081 est.
2621 1025 2690 1081 Et
2712 1030 2912 1099 factum
2936 1039 3011 1085 est
3040 1047 3160 1086 cum
3188 1032 3449 1103 audisset,
3481 1035 3582 1090 Ar-

1974 1131 2037 1170 ca
2069 1114 2165 1171 Dei
2192 1129 2343 1188 capta
2370 1128 2462 1187 est,
2494 1119 2681 1176 cecidit
2704 1122 2922 1193 supinus
2939 1123 3002 1179 de
3028 1124 3158 1180 sella
3173 1128 3332 1199 juxta
3353 1138 3582 1198 portant,

1974 1218 2023 1264 et
2058 1219 2081 1247 θ
2107 1210 2509 1268 contribulatum
2537 1223 2612 1268 est
2661 1213 2873 1270 dorsum
2900 1219 3012 1291 ejus
3036 1258 3052 1285 ,
3107 1227 3156 1273 et
3187 1228 3422 1275 mortuus
3466 1231 3584 1290 est;

1972 1302 2217 1374 quoniam
2243 1320 2401 1360 senex
2428 1314 2540 1361 erat
2568 1317 2615 1362 et
2644 1309 2814 1379 gravis
2844 1310 2997 1365 homo
3022 1352 3039 1379 ,
3086 1320 3136 1366 et
3178 1312 3289 1384 ipse
3305 1314 3585 1387 judicabat

1974 1395 2027 1449 in
2054 1394 2224 1452 Israel
2251 1399 2433 1469 viginti
2455 1400 2607 1455 annis
2639 1399 2831 1468 (Ibid.,
2868 1402 2983 1474 16).
3038 1402 3095 1461 Si
3129 1403 3249 1462 hzrc
3292 1406 3437 1462 mala
3465 1406 3585 1465 Heli

1970 1495 2242 1551 sacerdoti
2272 1497 2519 1569 etjudici
2548 1498 2921 1557 Israelitarum
2970 1518 3079 1560 uno
3120 1503 3209 1563 die
3257 1518 3579 1578 venerunt,

1970 1595 2261 1657 propterea
2290 1589 2435 1661 quod
2468 1605 2575 1646 non
2611 1632 2626 1657 ,
2659 1601 2718 1647 ut
2745 1591 2923 1649 fuerat
2962 1594 3190 1667 dignum
3219 1639 3235 1666 ,
3267 1612 3397 1657 suos
3421 1602 3587 1659 casti-

1967 1690 2155 1749 gasset
2187 1682 2348 1752 lilios,
2372 1685 2502 1755 quid
2536 1686 2635 1742 tibi
2669 1688 2955 1760 religionis
2984 1690 3077 1746 Dei
3103 1692 3435 1753 destructori
3464 1712 3584 1755 cer-

259 1787 431 1842 etiatn
460 1801 583 1856 qua:
609 1785 862 1840 dicantur
886 1792 1109 1855 propter
1138 1784 1255 1840 Heli
1285 1783 1463 1839 ﬁlios:
1487 1782 1556 1837 Et
1586 1783 1723 1838 dixit
1754 1783 1859 1839 Do-

1971 1774 2055 1827 nis
2081 1784 2370 1832 venturum
2398 1820 2413 1844 ,
2464 1778 2571 1835 isto
2618 1781 2675 1857 in
2706 1782 2830 1839 loco
2863 1782 3201 1852 probandum
3236 1789 3335 1846 tibi
3364 1793 3581 1852 censui.

257 1881 440 1935 minus
482 1882 551 1934 ad
575 1880 789 1935 Samuel
819 1897 839 1935 :
869 1896 985 1935 ecce
1008 1896 1102 1952 ego
1128 1880 1264 1950 facio
1289 1879 1440 1935 verba
1460 1895 1573 1934 mea
1597 1880 1652 1934 in
1674 1877 1868 1948 Israel,

259 1984 310 2029 et
350 1974 519 2029 omnis
547 1975 637 2046 qui
662 1975 884 2030 audierit
911 1991 971 2029 ea
995 2016 1009 2040 ,
1042 1975 1258 2029 tinnient
1282 1984 1511 2047 utrmque
1538 1992 1688 2030 aures
1714 1976 1824 2047 ejus
1851 2017 1866 2043 ,

262 2067 319 2123 in
342 2068 441 2122 illo
469 2067 576 2133 die,
628 2085 731 2135 quo
758 2068 1017 2123 suscitabo
1046 2085 1201 2139 super
1225 2067 1349 2123 Heli
1376 2073 1549 2124 omnia
1577 2085 1691 2141 qua:
1720 2068 1865 2149 locu.

262 2169 347 2216 tus
369 2177 485 2216 sum
508 2161 564 2215 in
587 2160 740 2216 domo
771 2163 904 2235 ejus,
929 2171 977 2215 et
1006 2162 1374 2217 consummabo
1409 2179 1524 2231 qua:
1552 2163 1775 2233 praedixi
1796 2162 1864 2230 ei,

260 2255 508 2323 quoniam
539 2270 631 2327 ego
671 2253 892 2308 ulciscor
921 2254 975 2307 in
998 2254 1149 2308 domo
1180 2255 1295 2325 ejus
1331 2271 1492 2327 usque
1530 2256 1584 2309 in
1619 2264 1865 2310 teternum

262 2358 480 2419 propter
506 2348 828 2417 iniquitatem
849 2349 1073 2418 ﬁliorum
1098 2350 1236 2420 ejus,
1262 2367 1417 2422 quam
1447 2367 1537 2422 ego
1564 2354 1711 2418 scio;
1739 2368 1867 2422 quo-

261 2443 405 2498 niam
424 2452 804 2498 contemnentes
826 2440 1106 2497 Dominum
1130 2443 1265 2498 mala
1286 2444 1446 2499 locuti
1464 2455 1584 2499 sunt
1608 2445 1708 2515 ﬁlii
1728 2446 1861 2517 ejus,

266 2543 316 2589 et
345 2550 450 2589 non
482 2536 683 2590 monuit
709 2552 794 2591 eos
823 2552 983 2606 neque
1009 2536 1294 2607 castigavit.
1345 2535 1414 2590 Et
1438 2554 1573 2591 nunc
1599 2539 1673 2591 sic
1686 2538 1865 2612 juratn'

260 2629 440 2683 domui
474 2627 615 2697 Heli,
642 2630 688 2684 si
713 2629 1076 2703 prapitiabitur
1103 2631 1348 2701 iniquitas
1374 2632 1427 2686 in
1453 2632 1607 2686 domo
1640 2631 1782 2698 Heli,
1808 2634 1863 2688 in

260 2722 492 2789 incenso,
516 2733 606 2778 aut
626 2725 678 2778 in
693 2723 963 2795 sacriﬁciis
981 2725 1033 2778 in
1054 2726 1421 2796 sempiternum
1437 2726 1478 2797 (1
1497 2725 1625 2797 Reg.
1642 2742 1721 2789 nt,
1745 2726 1859 2797 11).

259 2815 319 2873 Si
344 2814 465 2871 haec
490 2816 606 2871 Heli
638 2825 764 2872 sunt
793 2816 1059 2886 promissa
1083 2825 1305 2888 pmpter
1326 2817 1585 2873 delictum
1602 2819 1859 2885 ﬁliorum,

255 2910 386 2983 quid
408 2911 503 2968 tibi
520 2921 742 2982 propter
758 2912 1104 2983 sacrilegium
1124 2912 1309 2967 tuum?
1327 2912 1384 2967 Si
1402 2912 1477 2967 illi
1495 2913 1611 2968 haec
1630 2914 1682 2968 in
1703 2921 1862 2968 aeter-

258 3018 392 3060 num
422 3012 548 3059 sunt
571 3004 862 3074 promissa,
889 3003 1020 3076 quid
1049 3004 1145 3061 tibi
1178 3005 1358 3077 agenti
1392 3006 1582 3061 tanta?
1631 3006 1686 3063 Si
1722 3006 1861 3061 ﬂlios

259 3097 379 3155 Heli
431 3099 567 3154 dixit
600 3098 741 3155 Deus
773 3099 914 3155 male
960 3099 1171 3155 locutos
1211 3098 1280 3155 de
1307 3114 1366 3155 se
1393 3142 1407 3166 ,
1450 3109 1654 3170 quanto
1687 3099 1859 3171 magis

1970 1870 2128 1938 Quod
2162 1872 2309 1929 enim
2338 1890 2405 1931 ex
2437 1876 2537 1933 Dei
2561 1879 2746 1935 veniat
2767 1880 3070 1950 voluntate,
3096 1896 3153 1939 ut
3178 1888 3420 1957 nosejus
3438 1888 3584 1946 servi

1968 1965 2331 2037 subjiciatnur
2354 1970 2511 2026 vobis
2542 1977 2992 2043 persecutoribus
3022 1978 3251 2047 nostris,
3286 1980 3499 2038 dixisse
3530 1991 3584 2039 te

1968 2075 2077 2117 non
2110 2064 2333 2136 negabis
2359 2082 2372 2119 :
2402 2064 2525 2122 Nisi
2550 2077 2728 2124 nostra
2751 2070 2904 2139 ﬁdes,
2936 2072 3033 2127 hoc
3056 2083 3162 2141 est,
3195 2076 3326 2142 lucc,
3355 2092 3473 2147 qua:
3500 2076 3584 2131 di-

1967 2155 2103 2210 citur
2130 2174 2163 2212 a
2192 2156 2437 2231 Lucifero
2480 2162 2681 2217 Ariana
2703 2206 2718 2231 ,
2746 2165 2926 2235 fuisset
2971 2166 3228 2223 catholica
3254 2209 3269 2236 ,
3300 2185 3581 2242 numquam

1964 2249 2020 2304 in
2045 2267 2220 2308 omnes
2252 2253 2425 2320 plebes
2448 2257 2756 2328 accepissem
2782 2268 3102 2329 potestatem.
3152 2262 3207 2318 Si
3238 2262 3313 2317 ita
3340 2272 3445 2331 est,
3475 2277 3578 2335 po-

1966 2343 2071 2398 tuit
2115 2353 2169 2400 et
2206 2344 2425 2402 illorum
2456 2348 2877 2420 allopltilorttm,
2933 2353 3026 2423 qui
3086 2367 3270 2409 arcam
3315 2363 3579 2426 ceperant

1969 2433 2067 2489 Dei
2094 2477 2109 2502 ,
2158 2438 2447 2509 quisquam
2481 2439 2650 2498 luisse
2681 2443 2913 2512 melior,
2946 2460 3109 2517 quam
3140 2457 3224 2502 est
3252 2447 3349 2503 Dei
3373 2448 3573 2505 cultor.

1964 2528 2167 2599 Utique
2197 2540 2254 2586 tu
2283 2531 2422 2589 dicis
2452 2533 2613 2592 tidem
2648 2545 2819 2607 tuam,
2853 2554 3017 2611 quam
3049 2554 3150 2596 nos
3179 2541 3434 2599 novimus
3457 2540 3571 2598 hm-

1965 2624 2191 2678 reticam
2225 2665 2240 2691 ,
2272 2624 2377 2681 hoc
2408 2626 2503 2682 tibi
2553 2632 2876 2700 praestitisse
2927 2652 2939 2687 :
2987 2634 3083 2690 sed
3126 2644 3183 2690 et
3224 2635 3571 2706 Maxentius,

1965 2713 2130 2783 Nero,
2161 2726 2216 2773 et
2241 2719 2424 2775 cuncti
2452 2720 2531 2776 illi
2560 2708 2946 2792 persecutores
2962 2726 3158 2784 domus
3187 2727 3286 2785 Dei
3311 2728 3573 2786 dixerunt

1964 2806 2192 2889 deorum
2221 2824 2446 2867 suorum
2477 2814 2723 2884 potentia
2754 2816 2924 2873 fuisse
2952 2818 3181 2887 factum,
3205 2820 3570 2880 utChristiani
3594 2875 3597 2878 .

1964 2903 2069 2957 sub
2096 2902 2315 2958 illorum
2345 2904 2609 2963 ditionem
2651 2908 2986 2966 veniremus.
3036 2910 3309 2969 Percurre
3331 2928 3454 2984 quae
3484 2927 3577 2970 ac-

1963 2994 2200 3051 ciderint
2231 2997 2363 3081 illis,
2396 2999 2490 3069 qui
2516 3015 2698 3057 arcam
2723 3016 2785 3059 se
2822 3002 2920 3060 Dei
2947 3006 3186 3077 coepisse
3216 3005 3569 3078 laetabantur,

1963 3088 2053 3157 qui
2087 3088 2286 3144 virtute
2331 3088 2561 3146 deorum
2590 3106 2816 3149 suorum
2847 3095 3048 3153 vicisse
3074 3111 3135 3153 se
3161 3097 3442 3155 Israelitas
3484 3098 3572 3156 di-

259 3192 411 3250 dicat
461 3202 511 3249 te
558 3194 648 3264 qui
679 3193 989 3264 susceperis
1015 3193 1129 3248 Arii
1162 3193 1550 3263 blasphemiam
1584 3193 1649 3249 ad
1684 3194 1859 3264 impu-
1884 3177 1930 3241 C
1962 3180 2187 3248 cellam,
2214 3191 2270 3237 ει
2293 3182 2536 3241 invenies
2564 3202 2730 3242 unum
2764 3196 2819 3243 te
2864 3204 2936 3245 ex
2970 3190 3080 3247 illis
3106 3192 3197 3262 qui
3230 3192 3327 3249 Dei
3355 3192 3563 3251 fuerint

256 3287 529 3360 gnandatn
558 3288 769 3344 scilicet
799 3286 981 3354 ﬁdem,
1008 3303 1167 3360 quam
1188 3286 1535 3358 patriarchae,
1555 3286 1859 3357 prophetae,

254 3383 533 3454 apostoli,
565 3391 623 3438 et
649 3396 841 3438 omnes
883 3390 1175 3438 tenuerunt
1220 3382 1531 3453 martyres!
1584 3379 1857 3452 Rogamus

257 3485 314 3533 te
343 3477 488 3533 inter
517 3476 634 3533 haec
663 3492 855 3548 gerere
881 3475 1143 3532 factorum
1168 3482 1403 3530 ‘tuorutn
1444 3475 1814 3544 paenitentiam
1838 3516 1854 3541 ,

255 3570 613 3627 considerans
658 3570 854 3626 saltem
904 3585 1025 3640 qua;
1074 3568 1197 3624 liliis
1228 3567 1346 3624 Heli
1383 3567 1856 3624 exltonorantibus

254 3662 428 3720 Deum
452 3662 773 3719 acciderint.
808 3660 931 3718 Heli
956 3660 1150 3729 (Ibid.,
1174 3662 1269 3731 21)
1292 3703 1305 3727 ,
1333 3661 1507 3732 inquit
1535 3661 1809 3732 scriptura
1839 3702 1854 3729 ,

251 3774 411 3817 senex
438 3770 547 3815 erat
574 3758 723 3814 valde
748 3800 763 3827 ,
788 3767 836 3813 et
867 3757 966 3827 filii
992 3758 1105 3830 ejus
1136 3767 1312 3812 euntes
1342 3758 1570 3811 abierant
1598 3798 1612 3823 ,
1652 3766 1700 3811 et
1745 3766 1857 3811 erat

253 3854 485 3927 maligna
514 3853 598 3909 via
624 3870 805 3910 eorum
836 3869 1012 3908 coram
1041 3850 1285 3907 Domino.
1341 3850 1409 3906 Et
1450 3857 1646 3925 factum
1692 3861 1764 3907 est
1801 3852 1856 3905 in

251 3946 435 4003 diebus
464 3947 571 4002 illis
594 3986 609 4010 ,
640 3956 689 4002 et
720 3955 1063 4001 convenerunt
1090 3944 1392 4018 alienigena:
1434 3945 1486 3999 in
1514 3961 1743 4017 pugnam
1786 3944 1856 3999 ad

248 4037 424 4097 Israel
452 4039 497 4114 (Ι
528 4040 658 4114 Reg.
694 4056 768 4109 ιν,
803 4041 879 4111 1).
930 4040 996 4095 Et
1026 4039 1165 4095 infra
1192 4056 1204 4092 :
1237 4038 1307 4093 Et
1334 4039 1601 4094 inclinavit
1639 4056 1811 4111 pugna
1836 4080 1850 4106 ,

248 4145 299 4190 et
344 4134 529 4189 cecidit
574 4136 652 4190 vir
701 4132 872 4189 Israel
902 4149 1078 4189 coram
1116 4133 1462 4204 alienigenis,
1506 4143 1553 4188 et
1600 4134 1855 4190 vulnerati

248 4236 372 4281 sunt
398 4227 455 4281 in
480 4227 587 4282 acie
616 4227 667 4282 in
705 4243 888 4297 campo
915 4269 930 4295 ,
979 4235 1202 4294 quatuor
1244 4225 1410 4281 millia
1454 4226 1721 4282 hominum
1760 4244 1779 4282 :
1808 4237 1855 4283 et

250 4319 385 4373 venit
403 4318 626 4392 populus
651 4318 704 4372 in
733 4328 922 4383 castra,
943 4327 989 4372 et
1012 4318 1252 4372 dixerunt
1270 4318 1491 4388 majores
1510 4325 1634 4373 natu
1652 4316 1853 4374 Israel:

249 4411 479 4486 PrOpter
506 4413 632 4485 quid
662 4412 880 4483 deficere
909 4412 1031 4483 fecit
1058 4429 1151 4466 nos
1201 4412 1352 4466 hodie
1379 4410 1635 4467 Dominus
1678 4429 1852 4467 coram

248 4509 605 4583 alienigenis?
628 4507 897 4565 Tollamus
923 4508 1081 4580 igitur
1102 4524 1277 4563 arcam
1308 4506 1520 4562 Domini
1548 4505 1649 4562 Dei
1687 4509 1853 4563 nostri

1960 3272 2180 3329 domum
2230 3277 2526 3345 persecuti.
2574 3276 2645 3332 Et
2692 3280 2996 3352 alienigena:
3022 3284 3345 3341 abstulerunt
3388 3301 3567 3342 arcam

1958 3367 2059 3425 Dei
2088 3387 2152 3426 ex
2192 3371 2449 3430 Abenezer
2474 3416 2488 3441 ,
2536 3384 2582 3430 et
2629 3376 2920 3433 intulerunt
2956 3378 3103 3434 illam
3132 3381 3187 3434 in
3213 3380 3477 3450 Aeolum;
3516 3391 3566 3440 et

1954 3465 2279 3520 sustulerunt
2306 3466 2611 3540 alienigena:
2638 3485 2854 3537 arcam,
2910 3480 2958 3526 et
3000 3472 3288 3529 intulerunt
3333 3474 3481 3529 illam
3506 3476 3563 3532 in

1957 3554 2169 3611 domum
2206 3554 2394 3631 Dagon
2420 3601 2436 3628 ,
2468 3572 2517 3615 et
2552 3562 2936 3618 collocaverunt
2963 3563 3110 3619 illam
3145 3568 3304 3639 juxta
3331 3564 3561 3641 Dugon:

1957 3663 2005 3710 et
2033 3672 2182 3711 mane
2205 3657 2545 3731 vigilaverunt
2571 3659 2718 3715 Azoti
2745 3699 2762 3727 ,
2810 3669 2859 3715 et
2898 3661 3221 3717 intraverunt
3263 3663 3318 3719 in
3347 3662 3561 3720 domum

1956 3751 2144 3825 Dagon
2171 3795 2186 3820 ,
2220 3763 2265 3810 et
2292 3754 2527 3811 viderunt
2564 3774 2583 3811 :
2623 3766 2670 3812 et
2697 3772 2813 3813 ecce
2842 3754 3030 3829 Dagon
3054 3757 3242 3814 cecidit
3286 3759 3340 3814 in
3370 3761 3559 3831 faciem

1956 3861 2104 3901 suam
2133 3856 2252 3901 ante
2280 3863 2459 3902 arcam
2491 3847 2586 3902 Dei
2607 3864 2629 3914 ;
2665 3850 2714 3904 et
2751 3851 3072 3905 sustulerunt
3112 3849 3301 3924 Dagon
3330 3867 3350 3907 :
3375 3862 3421 3908 et
3451 3863 3559 3909 sta-

1957 3946 2167 3995 luerunt
2192 3940 2247 3995 in
2276 3940 2447 3995 locum
2472 3957 2643 3997 suum.
2691 3926 3005 4015 Et'gravata
3031 3954 3108 3999 est
3132 3960 3315 4000 manus
3342 3943 3561 4001 Domini

1956 4048 2112 4103 super
2138 4032 2327 4088 Azotos
2351 4074 2366 4100 ,
2395 4043 2442 4089 et
2467 4033 2727 4089 cruciabat
2775 4034 2897 4091 illos
2918 4076 2935 4104 ,
2968 4045 3017 4091 et
3057 4037 3309 4107 percussit
3326 4052 3339 4070 κ
3357 4037 3479 4092 illos
3505 4037 3560 4091 in

1957 4124 2195 4181 domibus
2223 4142 2418 4192 eorum,
2450 4128 2505 4182 in
2533 4128 2755 4182 Azotum
2778 4170 2794 4196 ,
2832 4137 2881 4184 et
2916 4130 3150 4201 regiones
3178 4132 3311 4203 ejus.
3364 4129 3430 4185 Et
3470 4130 3558 4201 fa-

1955 4228 2095 4274 ctum
2121 4229 2214 4289 est,
2243 4237 2361 4276 cum
2386 4230 2504 4277 ante
2529 4222 2699 4278 lucem
2725 4223 3035 4296 vigilassent,
3068 4235 3116 4279 et
3142 4223 3332 4299 Dagon
3355 4226 3553 4282 cecide-

1957 4323 2041 4368 rat
2078 4316 2133 4370 in
2161 4316 2345 4387 faciem
2377 4325 2494 4371 ante
2516 4334 2692 4371 arcam
2718 4319 3009 4372 testamenti
3036 4317 3283 4385 Domini;
3314 4328 3361 4374 et
3398 4329 3555 4392 caput

1955 4405 2166 4480 Dagon,
2213 4421 2261 4465 et
2290 4408 2442 4464 ambo
2465 4410 2679 4484 vestigia
2704 4427 2887 4466 manus
2912 4411 3024 4478 eius
3052 4412 3228 4468 ablata
3274 4423 3417 4469 erant
3462 4430 3556 4487 per
3610 4409 3615 4413 ’

1956 4514 2128 4573 partes
2153 4514 2378 4572 centum,
2401 4514 2450 4559 et
2469 4505 2619 4561 ambo
2645 4506 2856 4561 articuli
2880 4522 3077 4572 manus
3090 4508 3234 4563 illius
3260 4509 3559 4566 ceciderunt

246 4626 312 4667 ex
338 4608 521 4678 Selon,
551 4619 598 4667 et
622 4620 770 4667 exeat
790 4611 845 4664 in
872 4609 1039 4665 medio
1060 4620 1314 4675 nostrum,
1343 4617 1390 4665 et
1419 4610 1655 4667 liberabit
1674 4626 1765 4666 nos
1786 4611 1851 4665 de

1964 4596 2007 4651 in
2029 4597 2184 4651 limen
2212 4597 2229 4670 (
2253 4597 2274 4652 Ι
2300 4597 2431 4671 Reg.
2463 4612 2520 4667 ν,
2552 4596 2629 4672 1).
2672 4598 2742 4654 Et
2771 4598 2915 4655 infra
2947 4615 2961 4654 :
2995 4598 3066 4654 Et
3094 4611 3307 4675 gravata
3333 4611 3410 4659 est
3440 4620 3553 4689 ma-

246 4712 484 4769 manibus
527 4712 853 4769 inimicorum
898 4721 1210 4769 nostrorum.
1261 4712 1326 4767 Et
1364 4713 1500 4769 misit
1529 4716 1750 4786 p0pulus
1780 4716 1848 4769 ad

247 4814 432 4881 Selon,
458 4824 505 4870 et
531 4815 851 4871 sustulerunt
880 4816 1000 4870 inde
1026 4833 1200 4871 arcam
1226 4814 1474 4882 Domini,
1517 4816 1604 4872 ubi
1640 4818 1846 4874 sedebat

246 4921 508 4978 Cherubin
529 4938 549 4977 :
567 4931 616 4977 et
638 4922 788 4977 ambo
808 4921 905 4993 ﬁlii
935 4920 1058 4977 Heli
1076 4938 1191 4977 cum
1206 4939 1329 4978 arca
1354 4920 1454 4977 Dei
1484 4921 1647 4990 ibant,
1670 4922 1797 4994 Ofni
1820 4934 1839 4962 α

244 5039 293 5086 et
333 5028 561 5085 Phinees
583 5028 746 5103 (Ibid.
776 5072 792 5097 ,
830 5028 913 5102 2).
948 5029 1013 5085 Et
1061 5030 1202 5086 inira
1235 5050 1249 5088 :
1287 5027 1728 5105 Expugnaverunt
1771 5032 1841 5086 il-

246 5136 345 5201 los,
376 5145 424 5192 et
449 5135 637 5207 defecit
662 5135 741 5189 uir
765 5133 936 5190 Israel
964 5152 997 5190 a
1020 5143 1301 5207 conspectu
1333 5136 1762 5209 alienigenarum,
1794 5145 1843 5192 et

244 5237 379 5311 fugit
408 5237 757 5308 unusquisque
784 5237 839 5291 in
860 5236 1249 5292 tabernaculum
1289 5253 1439 5292 suum
1462 5279 1479 5305 ,
1509 5247 1558 5293 et
1588 5241 1728 5311 facta
1771 5247 1844 5295 est

244 5342 401 5415 plaga
442 5358 632 5413 ntagna
668 5340 821 5397 valde
847 5384 863 5410 ,
912 5351 959 5396 et
987 5342 1282 5397 ceciderunt
1320 5358 1385 5398 ex
1417 5341 1586 5398 Israel
1630 5344 1843 5416 triginta

315 5465 343 5494 α
368 5456 474 5512 Pro
501 5472 693 5524 nonne,
718 5472 819 5513 suo
850 5472 1020 5513 more.
1058 5456 1162 5513 Til.

311 5525 340 5567 ι’
366 5527 535 5601 Quam
562 5529 671 5601 Arii
691 5530 1023 5601 aediﬁcaverit
1052 5529 1106 5583 in
1132 5530 1287 5585 corde
1310 5531 1582 5601 diabolus;
1626 5541 1721 5589 aut
1743 5577 1757 5600 ,
1786 5536 1841 5591 in

240 5602 395 5676 corde
420 5599 661 5676 diabolus
677 5599 913 5676 statuerit
936 5618 955 5667 ;
982 5610 1094 5676 aut,
1125 5619 1281 5672 quam
1311 5603 1466 5659 Arius
1505 5599 1841 5676 ludiﬁcaverit

241 5673 295 5730 in
317 5673 492 5738 corde,
517 5683 571 5728 tu
601 5674 859 5738 diabolus,
893 5683 1001 5730 etc.
1034 5672 1213 5732 Latin.

315 5755 336 5815 ς
374 5744 561 5815 Optme
586 5747 726 5815 apud
751 5746 818 5803 Sa
828 5746 936 5800 bat.

312 5812 339 5855 ἀ
374 5812 475 5871 Vir
496 5812 653 5874 abest
679 5833 709 5873 a
735 5816 918 5875 Sabnt.
958 5834 961 5837 λ

1952 4706 2048 4744 nus
2080 4687 2295 4745 Domini
2320 4707 2477 4761 super
2505 4693 2721 4747 Azotum
2740 4734 2755 4758 ,
2808 4702 2857 4749 et
2902 4692 3111 4749 induxit
3135 4694 3241 4750 illis
3268 4687 3555 4766 mures,“

1950 4784 2087 4853 facta
2110 4792 2187 4839 est
2212 4784 2454 4856 confusio
2480 4785 2662 4841 ntortis
2681 4784 2881 4855 magna
2898 4786 2952 4840 in
2971 4786 3174 4843 civitate
3198 4803 3218 4842 :
3237 4799 3289 4844 et
3319 4790 3557 4847 viderunt

1948 4875 2046 4931 viri
2075 4877 2245 4944 Azoti,
2275 4878 2518 4950 quoniam
2544 4880 2620 4935 sic
2638 4888 2735 4947 est,
2765 4888 2813 4935 et
2839 4880 3084 4937 dixerunt
3111 4898 3131 4937 :
3162 4882 3420 4950 Quoniam
3449 4900 3553 4939 non

1951 4967 2145 5024 sedebit
2170 4985 2293 5024 arca
2330 4969 2543 5026 Domini
2580 4970 2681 5028 Dei
2716 4970 2888 5028 Israel
2923 4974 3189 5031 nobiscum
3218 4991 3239 5030 :
3292 4974 3553 5042 Quoniam

1950 5062 2086 5117 dura
2112 5073 2187 5119 est
2212 5081 2396 5121 manus
2420 5066 2564 5123 illius
2590 5084 2746 5139 super
2770 5085 2884 5133 nos,
2915 5079 2964 5125 et
2986 5086 3141 5141 super
3169 5065 3356 5143 Dagon
3398 5072 3550 5128 deum

1951 5167 2207 5213 nostrum.
2233 5157 2300 5213 Et
2329 5160 2558 5226 mittunt,
2587 5170 2637 5216 et
2664 5170 2957 5217 convocant.
2975 5163 3203 5234 reliquos
3248 5161 3268 5201 ί
3300 5165 3554 5241 alienige-

1950 5268 2137 5307 narum
2159 5253 2227 5307 ad
2250 5270 2323 5323 se,
2354 5264 2402 5309 et
2429 5254 2628 5325 dicunt,
2659 5254 2787 5328 quid
2815 5257 3062 5330 faciemus
3087 5258 3151 5312 de
3177 5275 3302 5314 arca
3335 5258 3432 5316 Dei
3460 5257 3551 5316 Is-

1948 5347 2060 5401 rael
2082 5347 2108 5402 ?
2133 5356 2180 5402 et
2219 5348 2459 5404 dixerunt
2488 5348 2689 5406 Getluei
2720 5367 2740 5407 :
2782 5349 3035 5407 Transeat
3080 5368 3205 5407 arca
3239 5350 3340 5410 Dei
3379 5352 3555 5411 Israel

2020 5475 2044 5545 _°
2080 5465 2137 5521 id
2158 5466 2622 5545 _est,_con_fractum
2652 5478 2749 5538 est,
2778 5479 2930 5542 atque
2969 5480 3243 5526 contusum
3280 5487 3346 5528 ex
3374 5474 3546 5545 lapsu.

1943 5534 2051 5615 Til_.
2070 5546 2133 5615 _e_t
2158 5538 2230 5615 La
2259 5534 2456 5615 Certis.
2720 5534 2744 5615 ξ
2764 5611 2807 5615 __
2844 5534 2861 5615 ζ
3429 5534 3440 5545 ’
3480 5612 3483 5615 ,

2022 5608 2041 5648 ί
2059 5609 2328 5682 ίΜθιιὰοεθ
2357 5611 2587 5682 reliquos
2611 5654 2627 5680 ,
2655 5613 2731 5668 uti
2763 5611 3013 5670 Nobilius
3034 5657 3049 5681 ,
3103 5623 3159 5671 et
3201 5615 3389 5673 Sabat.
3430 5612 3551 5672 ani-

1946 5681 2295 5762 madvertunt
2316 5699 2332 5750 ;
2356 5681 2743 5762 corrigendum
2770 5684 2957 5762 itaque
2992 5688 3314 5762 regulosLin
3355 5686 3550 5745 Graeco

1947 5755 2261 5881 σὲιτρῗεπαςς
2306 5764 2365 5813 et
2413 5755 2576 5827 paulo
2625 5755 3301 5818 interius'idem'LuciIer
3349 5762 3552 5833 repetit

1948 5841 1976 5879 Υ
2008 5843 2072 5881 (Ill
2101 5844 2177 5881 οδ.
3354 5864 3355 5867 η

1948 5841 2177 5898 regulos.
3354 5864 3355 5867 η
