4042 6338
1622 244 1950 314 Luctrem
1987 249 2301 324 Epist;th
2339 233 2764 312 animum

3711 252 3800 328 836

541 376 599 432 in
625 373 777 430 Gelli.
825 372 890 428 Et
933 376 1128 443 factum
1155 379 1231 427 est
1253 411 1267 437 ,
1322 377 1594 443 postquam
1626 370 1884 436 translata
1922 378 1995 426 est
2023 385 2146 426 arca
2175 378 2218 445 Α
2251 367 2377 438 hoc,
2407 367 2553 440 quod
2585 367 2938 438 Athanasium
2965 367 3168 442 injuste
3197 372 3566 443 persequeris,
3595 388 3692 430 non
3714 379 3805 433 eris

547 467 665 534 Dei,
693 472 832 536 facta
855 475 880 504 ει
909 482 1093 520 manus
1125 464 1340 520 Domini
1365 466 1416 518 in
1447 465 1670 530 civitate,
1701 474 1748 519 et
1779 473 1850 528 est
1878 467 2016 536 facta
2039 475 2150 518 tur-

548 564 686 618 batio
728 545 920 633 magna
968 560 1116 616 valde
1144 575 1162 614 :
1193 572 1238 614 et
1283 559 1533 626 percussit
1564 559 1699 614 viros
1729 559 1948 612 civitatis
1989 575 2019 609 a
2050 557 2146 612 mi-

551 656 688 718 nimo
715 670 876 726 usque
903 653 970 710 ad
995 653 1297 717 niaximum,
1325 663 1374 707 et
1407 651 1630 722 ebulliuit
1663 650 1767 710 illis
1789 666 1959 706 mures
1988 651 2040 706 in
2067 666 2149 704 se.-

551 749 727 816 dibus,
760 757 810 803 et
839 749 1073 822 fecerunt
1091 745 1188 804 sibi
1211 745 1414 804 Getltazi
1458 744 1603 802 sedes
1633 745 1897 816 pelliceas,
1919 753 1969 800 et
2001 744 2153 796 misc-

523 851 668 898 .'runt
686 858 862 898 arcam
890 839 988 898 Dei
1008 842 1062 896 in
1086 840 1407 898 Ascalonem.
1429 836 1498 894 Et
1521 841 1716 908 factum
1744 829 1840 900 est,
1869 846 1920 889 ut
1942 836 2154 895 intrat-it

545 952 670 994 arca
698 933 797 990 Dei
825 933 994 988 Israel
1017 933 1073 989 in
1099 933 1402 990 Ascalonem
1427 973 1442 997 ,
1484 931 1902 986 exclamaverunt
1937 928 2152 984 Ascalo-

547 1045 727 1084 nenses
755 1028 981 1084 dicentes
1012 1045 1030 1082 :
1065 1025 1134 1083 Ut
1157 1027 1283 1097 quid
1312 1027 1525 1086 misistis
1546 1042 1721 1080 arcam
1757 1025 1851 1080 Dei
1881 1023 2051 1080 Israel
2083 1025 2156 1080 ad

549 1141 660 1190 uos,
697 1133 752 1178 ut
780 1121 930 1178 morti
960 1120 1133 1176 tradat
1164 1137 1278 1185 nos,
1308 1131 1357 1176 et
1381 1119 1631 1192 populum
1653 1128 1887 1174 nostrum
1914 1118 1939 1170 .9
1964 1127 2012 1174 et
2033 1120 2154 1174 mit-

545 1227 658 1284 tunt
685 1227 732 1272 et
759 1223 1038 1272 convocant
1070 1213 1274 1287 regulos
1301 1214 1738 1283 alienigenarum,
1771 1223 1818 1265 et
1861 1209 2102 1266 diaerunt
2133 1225 2151 1262 :

549 1309 814 1364 Remittite
841 1307 866 1347 δ
895 1323 1070 1362 arcani
1101 1305 1202 1362 Dei
1233 1305 1437 1372 Israel,
1488 1315 1534 1360 et
1580 1303 1860 1362 reducatur
1899 1303 1956 1356 in
1983 1302 2154 1378 locum

543 1421 718 1471 suum,
757 1413 804 1458 et
833 1419 935 1457 non
977 1401 1130 1456 morti
1174 1400 1316 1470 dabit
1351 1415 1445 1454 nos
1470 1439 1484 1462 ,
1514 1407 1560 1451 et
1602 1397 1852 1468 pupulum
1879 1406 2151 1451 nostram:

547 1497 670 1570 quia
697 1506 812 1551 acta
831 1505 905 1550 est
929 1495 1166 1564 confusio
1192 1493 1362 1565 gravis
1392 1491 1444 1546 in
1468 1492 1673 1546 civitate
1695 1500 1821 1558 tota,
1845 1491 2015 1561 gravis
2046 1489 2155 1544 val-

543 1591 628 1660 de,
665 1600 722 1645 ut
745 1591 959 1650 intravit
985 1605 1107 1644 arca
1136 1587 1231 1642 Dei
1256 1604 1274 1640 :
1303 1596 1351 1642 et
1375 1586 1460 1654 qui
1490 1585 1722 1640 vivebant
1751 1625 1764 1650 ,
1816 1593 1866 1637 et
1899 1600 2003 1640 non
2032 1590 2154 1636 sunt

548 1685 740 1744 mortui
767 1726 782 1749 ,
812 1683 1043 1756 percussi
1071 1689 1192 1738 sum
1219 1679 1427 1740 sedibus
1449 1678 1558 1733 suis
1583 1694 1600 1732 :
1625 1690 1672 1731 et
1695 1676 1924 1744 ascendit
1956 1675 2153 1729 clamor

2253 463 2402 536 Sauli
2429 465 2873 534 comparandus?
2901 467 3116 538 quando
3141 468 3216 523 sis
3243 468 3316 524 ita
3336 470 3586 540 jugulare
3614 473 3808 540 cupiens

2252 557 2599 626 binoceutem
2630 558 3013 632 Athanasium,
3043 559 3316 630 quomodo
3343 567 3403 616 et
3441 561 3532 628 ille
3559 561 3708 618 fuerit
3729 564 3799 621 in-

2252 651 2499 712 terﬁcere
2525 652 2846 712 desiderans
2870 696 2886 722 ,
2917 668 3030 718 non
3059 655 3239 716 solum
3269 655 3582 722 Samucletn
3607 698 3620 724 ,
3655 659 3742 716 sed
3765 669 3811 718 ct

2255 749 2442 806 David.
2493 750 2600 810 Eos
2631 749 2760 814 Saul
2791 767 2990 824 nempe
3017 752 3326 814 interﬁcere
3353 753 3678 822 minabatur,
3707 770 3810 814 cum

2252 845 2452 916 quibus
2467 847 2832 916 cognoscebat
2851 861 2972 904 esse
2995 847 3189 908 Deum.
3225 847 3287 904 Et
3314 848 3465 914 vidit,
3489 849 3654 918 inquit
3673 851 3812 920 scrip-

2264 946 2404 1008 tura,
2431 938 2587 1004 Saul,
2617 939 2863 1011 quoniam
2884 938 3142 1002 Dominus
3170 957 3287 994 cum
3318 939 3490 1008 David
3517 950 3587 994 est
3613 982 3624 1004 ,
3651 953 3692 996 et
3725 959 3812 996 Oll-

2259 1031 2343 1088 nis
2368 1029 2536 1094 Israel
2550 1031 2793 1102 diligebat
2819 1049 2934 1090 eum
2953 1049 2974 1088 .'
2997 1041 3045 1090 et
3067 1032 3234 1104 magis
3257 1032 3453 1103 adjecit
3471 1033 3600 1100 Saul
3619 1041 3768 1092 timere
3783 1053 3812 1088 a

2255 1123 2390 1194 faeie
2417 1122 2589 1186 David
2615 1122 2636 1195 (
2661 1121 2769 1190 1b.,
2803 1140 2952 1190 xvm,
2982 1124 3053 1182 28
3073 1125 3116 1196 ).
3168 1123 3233 1178 Et
3261 1124 3472 1190 locutus
3512 1139 3582 1180 est
3616 1125 3729 1180 Saul
3759 1127 3812 1180 ad

2253 1216 2520 1282 Jonatltan
2552 1219 2721 1288 ﬁlium
2751 1235 2923 1286 suum,
2957 1229 3008 1274 et
3036 1221 3105 1276 ad
3129 1235 3304 1286 omnes
3329 1235 3518 1291 pueros
3545 1235 3674 1288 suos,
3704 1221 3813 1276 occi-

2256 1308 2378 1368 dere
2408 1306 2578 1368 David
2617 1310 2635 1381 (
2659 1309 2769 1378 1b.,
2796 1327 2911 1374 xix.
2943 1310 3017 1382 i).
3066 1310 3360 1381 Responde
3383 1350 3402 1378 ,
3439 1313 3710 1380 imperator
3729 1313 3808 1366 im-

2259 1401 2697 1472 pudentissime;
2758 1403 2803 1460 si
2855 1404 2972 1459 lucc
3014 1419 3208 1476 gerere
3257 1412 3444 1475 potest
3497 1404 3586 1460 Dei
3643 1403 3812 1474 habens

2257 1496 2534 1566 spiritum.
2595 1496 2714 1566 Quo
2754 1495 2883 1564 Saul
2931 1496 3096 1566 etcepit
3154 1495 3270 1564 haec
3325 1512 3520 1568 gerere
3571 1497 3812 1566 tempore?

2257 1602 2452 1660 nempe
2489 1603 2597 1660 quo
2628 1601 2726 1660 per
2751 1586 2973 1658 Samuel
3021 1587 3350 1658 maledictus
3400 1587 3707 1662 reprobamus
3728 1597 3814 1662 est,

2257 1680 2450 1738 eadem
2517 1681 2722 1752 etenim
2785 1692 3033 1754 tempore
3091 1680 3363 1752 scriptum
3424 1691 3508 1738 est
3561 1681 3812 1748 recessisse

547 1780 818 1836 civitatum
841 1791 1000 1846 usque
1025 1774 1094 1829 ad
1125 1769 1810 1844 emtum(lbid.,6).Vides,
1838 1767 2146 1835 Constanti,
2182 1788 2229 1854 Β
2261 1774 2544 1846 nequimus;
2595 1774 2664 1846 ab
2717 1789 2786 1830 eo
2813 1815 2828 1842 ,
2890 1789 3011 1848 cum
3065 1773 3232 1852 David
3288 1788 3427 1848 vero
3473 1773 3650 1848 fuisse.
3711 1773 3812 1841 Qui-

547 1872 822 1945 quomodo
845 1870 1147 1930 sinatDeus
1169 1877 1357 1930 iioster
1379 1865 1716 1930 humiliatarn
1731 1863 1902 1918 videri
1935 1862 2152 1933 religio-

547 1984 676 2023 nem
721 1981 872 2022 suam
926 1980 955 2018 a
981 1964 1136 2020 vobis
1167 1963 1488 2033 alienigenis
1514 2003 1528 2027 ,
1557 1970 1611 2016 et
1641 1975 1708 2016 eo
1731 1958 1947 2030 quidem
1978 1973 2152 2028 usque

549 2059 915 2123 humiliatam,
943 2056 1114 2112 donec
1139 2055 1300 2124 etiam
1327 2070 1444 2121 vos,
1463 2061 1848 2124 persecutores
1869 2066 2010 2106 vera:
2025 2051 2152 2114 reli-

545 2153 726 2225 gionis
749 2193 764 2219 ,
795 2151 1027 2207 videatis
1053 2164 1158 2204 non
1189 2163 1311 2218 esse
1345 2149 1514 2214 Deum
1547 2147 1712 2200 alium
1745 2153 1944 2216 praeter
1975 2143 2148 2216 Deum

542 2258 816 2312 nostrum.
866 2249 973 2312 Sed
1022 2255 1080 2302 ut
1109 2246 1306 2302 iterum
1348 2243 1414 2300 ad
1445 2240 1731 2299 Athanasii
1755 2239 1976 2294 redeam
2021 2253 2150 2293 cau-

541 2358 701 2409 sam;
747 2339 1012 2412 numquid
1059 2353 1165 2394 non
1197 2337 1412 2392 sciebas
1441 2335 1706 2405 scriptum
1757 2333 1808 2387 in
1831 2331 2145 2401 Regnorum

545 2435 686 2498 libro
715 2437 927 2506 primo:
963 2433 1030 2488 Et
1059 2431 1279 2490 Samuel
1297 2427 1572 2503 judicabat
1597 2427 1853 2500 populum
1889 2422 2059 2480 Israel
2091 2424 2146 2477 in

539 2531 773 2590 omnibus
797 2526 1299 2598 sanctiﬁcationibus
1327 2522 1521 2594 (Ibid.,
1545 2537 1636 2588 vn,
1657 2519 1772 2591 16);
1795 2528 1851 2588 ut
1872 2519 2144 2590 imperan-

548 2625 673 2696 dum
691 2631 908 2694 putares
928 2638 1021 2691 per
1039 2620 1254 2682 Domini
1267 2617 1581 2676 sacerdotes
1598 2616 1763 2672 fuisse
1777 2612 2144 2682 damnandum

542 2715 936 2782 binocentem?
964 2712 1168 2783 Legisti
1195 2711 1437 2776 Samuel,
1471 2708 1614 2781 quod
1647 2709 1699 2762 in
1727 2708 1875 2766 omni
1905 2706 2146 2768 sanctiﬁ-

541 2804 1300 2875 cationejudicarit.ponulum
1326 2803 1449 2868 Dei;
1473 2812 1526 2858 et
1549 2802 1672 2872 quia
1695 2800 1950 2860 nolumus
1961 2799 2027 2854 ab
2043 2797 2148 2854 bac

542 2900 806 2974 recedi-re
829 2898 978 2969 justa
1006 2898 1087 2962 vis
1113 2895 1414 2966 iudicandi,
1449 2894 1787 2964 perpetimur
1809 2893 2144 2964 persecutio-

539 3009 664 3066 nem
695 3010 725 3048 a
755 3003 829 3050 te.
883 2995 953 3048 At
983 2992 1088 3046 hoc
1119 3005 1231 3047 non
1265 3004 1466 3046 novum
1496 3029 1509 3054 ,
1557 2986 1774 3058 quando
1803 2986 1929 3046 Saul
1957 3001 2144 3057 perse-

536 3095 695 3142 cutus
719 3085 887 3146 fuerit
910 3084 1116 3156 justum
1147 3081 1487 3148 Samuelem,
1517 3095 1616 3135 cur
1642 3090 1664 3119 ο
1687 3079 1737 3135 ei
1767 3095 1895 3142 vera
1919 3077 2140 3144 dixerit,

2264 1866 2364 1940 bus
2395 1867 2558 1940 rebus
2603 1866 2865 1942 probatur
2910 1882 3008 1926 vos
3056 1882 3179 1936 csse
3217 1868 3458 1938 Arianos
3503 1869 3616 1934 sine
3656 1867 3815 1942 spiritu

2255 1960 2392 2038 Dei,
2439 1960 2531 2034 qui
2573 1960 2969 2034 persequimini
2999 1960 3357 2034 Athanasium
3408 1963 3582 2034 virum
3630 1960 3811 2036 plenum

2252 2048 2454 2128 Spiritu
2483 2063 2694 2122 sancto.
2725 2052 2792 2114 Et
2821 2063 2954 2122 erat,
2982 2051 3176 2126 inquit,
3207 2051 3386 2114 David
3415 2053 3470 2112 in
3505 2037 3718 2128 omnibus
3741 2055 3813 2120 viis

2250 2147 2357 2198 suis
2381 2145 2612 2215 sapiens,
2643 2157 2690 2204 et
2711 2145 2970 2216 Dominus
2995 2158 3103 2208 erat
3129 2164 3245 2202 cum
3273 2147 3396 2212 illo,
3429 2157 3476 2218 et
3498 2147 3652 2216 ornnis
3681 2145 3813 2202 Israel

2249 2246 2298 2292 et
2325 2235 2469 2296 Iuda
2499 2237 2784 2311 diligebant
2817 2238 2984 2294 David
3012 2238 3145 2312 (1b.,
3181 2255 3339 2310 ξίνιη,
3365 2237 3483 2318 54).
3524 2239 3674 2314 [gitur
3699 2252 3742 2294 ul
3763 2254 3811 2310 ea

2252 2338 2303 2402 te
2328 2345 2490 2402 agere
2515 2333 2694 2410 possis
2733 2347 3066 2404 cognoscere
3112 2338 3255 2404 circa
3289 2334 3643 2404 Athanasium
3667 2376 3680 2401 ,
3717 2350 3810 2406 qua:

2249 2426 2423 2502 egerit
2453 2425 2580 2502 Saul
2615 2429 2756 2486 circa
2788 2429 2993 2494 David,
3023 2429 3213 2511 accipe
3241 2431 3511 2512 scriptum
3538 2448 3549 2481 :
3597 2428 3658 2486 Et
3679 2429 3811 2486 Iona.

2248 2517 2337 2588 tlta
2363 2520 2506 2590 ﬁlius
2541 2520 2678 2590 Squl
2703 2521 2952 2595 diligebat
2988 2520 3162 2578 David
3193 2523 3370 2596 valde,
3411 2534 3458 2578 ct
3479 2524 3708 2592 indicavit
3731 2521 3809 2580 lo.-

2247 2613 2405 2684 natlta
2431 2611 2604 2688 David
2629 2613 2805 2670 dicens
2830 2630 2845 2668 :
2874 2614 3009 2672 Saul
3033 2617 3220 2685 quierit
3249 2617 3494 2686 occidere
3521 2627 3570 2671 te
3596 2615 3691 2688 (Ib.
3720 2632 3808 2686 xu,

2248 2707 2324 2786 1).
2357 2707 2423 2762 Ει
2453 2706 2593 2782 infra
2624 2727 2636 2760 :
2671 2707 2738 2764 Et
2763 2711 2966 2766 locutus
2997 2721 3070 2766 est
3097 2708 3338 2788 lauat/ta
3368 2715 3438 2782 ad
3469 2721 3659 2786 patrem
3687 2728 3807 2766 suum

2246 2802 2421 2875 dicens
2460 2819 2478 2856 ε
2513 2801 2643 2870 Νοιὶ
2667 2819 2882 2875 peccare
2907 2846 2920 2870 ,
2955 2820 3047 2860 rea;
3069 2845 3087 2872 ,
3133 2806 3186 2860 in
3225 2822 3437 2862 servum
3471 2817 3606 2882 tuum
3633 2803 3805 2871 David,

2244 2896 2490 2965 quoniam
2523 2912 2625 2950 non
2651 2897 2880 2967 peccavit
2906 2897 2958 2951 in
2986 2906 3070 2970 te,
3116 2907 3162 2952 et
3207 2900 3356 2972 [acta
3399 2903 3512 2972 ejus
3557 2899 3678 2956 bona
3715 2905 3810 2962 sunt.

2243 2987 2414 3056 valde,
2449 2997 2498 3043 et
2527 2989 2700 3062 posuit
2730 2991 2956 3044 animam
2987 3007 3134 3054 suam
3161 2991 3213 3050 in
3245 2992 3489 3065 manibus
3517 2993 3619 3066 suis
3641 3032 3656 3058 ,
3679 3001 3719 3045 et
3741 3007 3806 3044 oc-

2244 3080 2368 3134 cidit
2400 3081 2767 3154 alienigenam,
2793 3091 2840 3136 et
2865 3083 2990 3154 fecit
3017 3081 3271 3158 Dominus
3302 3085 3528 3156 salutem
3559 3084 3607 3142 in
3631 3081 3805 3150 Israel;

535 3179 792 3251 equidem
825 3192 950 3244 eum
983 3190 1088 3256 per
1109 3190 1272 3246 quem
1301 3173 1462 3230 fuerit
1493 3172 1547 3228 in
1579 3187 1763 3244 regem
1797 3179 2010 3238 unctus,
2043 3185 2139 3240 per
2169 3179 2215 3242 ρ
2247 3180 2292 3226 et
2325 3173 2490 3227 omnis
2518 3170 2686 3230 Israel
2717 3175 2952 3230 viderunt
2977 3217 2990 3240 ,
3043 3185 3091 3244 et
3137 3176 3304 3248 gavisi
3363 3187 3504 3250 sunt.
3550 3175 3615 3248 Et
3641 3186 3687 3232 ut
3709 3174 3806 3250 quid

535 3291 696 3347 quem
728 3290 854 3336 eum
881 3273 1150 3334 Dominus
1173 3270 1240 3326 ad
1275 3280 1478 3325 tantam
1509 3275 1842 3339 provexerat
1883 3265 2138 3336 gloriam.

535 3367 978 3439 Persequebatur
1003 3365 1130 3428 Saul
1162 3364 1380 3434 Domini
1415 3363 1736 3436 prolibctzun
1767 3372 1930 3430 atque
1961 3374 2143 3424 sacer-

541 3462 751 3528 dotem,
781 3461 908 3530 quia
935 3475 1044 3528 non
1073 3473 1300 3529 compos
1334 3457 1511 3513 fuerat
1543 3456 1779 3512 mentis:
1821 3453 1952 3511 Saul
2001 3453 2142 3512 alio-

537 3557 668 3629 quin
691 3559 974 3626 quomodo
1004 3567 1197 3624 sospes
1225 3561 1648 3624 persequeretur
1672 3565 1818 3616 eunt,
1853 3561 2014 3618 quem
2037 3545 2145 3602 sci-

537 3659 620 3704 ret
651 3646 752 3710 Dei
783 3630 1092 3706 ministrum
1121 3685 1134 3710 ,
1167 3643 1264 3700 Dei
1315 3641 1507 3714 spiritu
1543 3640 1807 3710 plenum?
1849 3653 2145 3714 perseque-

539 3741 697 3798 batur
727 3756 878 3808 eum,
910 3753 1073 3810 quem
1097 3737 1301 3808 jugitcr
1343 3744 1566 3808 propter
1597 3734 1964 3808 persecutoris
1991 3733 2145 3803 igno-

548 3835 703 3896 rabat
727 3833 1064 3901 ingemuisse
1091 3831 1348 3888 salutem.
1400 3827 1667 3900 Loquitur
1695 3826 1750 3884 in
1802 3826 1939 3882 libro
1967 3825 2144 3897 primo

545 3926 861 3997 Regnorum
906 3924 1170 3996 scriptura
1203 3921 1410 3978 dixisse
1443 3919 1733 3974 Dominum
1778 3917 1845 3974 ad
1877 3915 2098 3990 Samuel
2130 3932 2144 3968 :

541 4018 817 4091 Usquequo
839 4017 983 4088 luges
1009 4024 1063 4086 tu
1094 4016 1147 4072 in
1183 4013 1363 4089 Saul?
1407 4029 1524 4068 ecce
1567 4013 1770 4088 expello
1798 4007 1825 4048 (1
1851 4011 2004 4082 illum
2030 4053 2045 4078 ,
2084 4027 2146 4066 ne

537 4120 717 4185 regnet
740 4126 899 4182 super
927 4106 1101 4172 Israel
1130 4123 1148 4162 :
1173 4106 1333 4178 imple
1361 4121 1521 4160 cornu
1547 4115 1694 4158 tuum
1724 4105 1836 4159 oleo
1863 4145 1877 4171 ,
1923 4113 1970 4156 et
1997 4103 2109 4157 ι·εηὶ
2127 4145 2143 4172 ,

539 4208 743 4266 mittam
773 4217 821 4262 te
849 4206 904 4264 in
935 4205 1091 4278 domo
1119 4201 1268 4258 Iesse
1295 4217 1456 4272 usque
1487 4201 1540 4254 in
1563 4198 1883 4274 Detltleltem,
1905 4197 2164 4269 quoniam,

434 4373 436 4376 ν
535 4306 639 4359 vidi
668 4306 721 4372 in
748 4304 873 4378 ﬁliis
902 4300 1053 4356 Iesse
1096 4297 1225 4356 mihi
1271 4297 1325 4352 in
1372 4311 1564 4370 regem.
1615 4292 1683 4358 Et
1713 4293 1843 4350 dixit
1888 4291 2146 4350 Samuel:

441 4425 449 4436 κ
540 4398 813 4464 Quomodo
840 4395 948 4461 ibo,
979 4409 1042 4447 ne
1071 4392 1254 4446 audiat
1283 4388 1436 4454 Saul,
1473 4400 1520 4442 et
1549 4387 1751 4448 occidat
1777 4402 1856 4441 me
1887 4383 2000 4464 (Ib.
2030 4399 2143 4452 xw,

543 4493 566 4544 1
600 4487 670 4560 )‘l
713 4486 852 4558 Eum
881 4488 1165 4557 quaerebat
1185 4497 1518 4558 consumere
1543 4524 1558 4550 ,
1614 4495 1774 4556 quem
1799 4478 1910 4550 jam
1958 4477 2146 4532 multis

2245 3281 2426 3334 peccas
2448 3265 2500 3320 in
2528 3267 2854 3340 sanguinem,
2883 3277 2928 3321 et
2961 3267 3194 3340 occidere
3225 3268 3296 3338 vis
3324 3267 3505 3324 David
3529 3270 3633 3324 sine
3646 3257 3806 3340 causa?

2245 3355 2313 3410 Et
2363 3358 2561 3414 audivit
2613 3359 2747 3416 Saul
2789 3377 2961 3416 vocem
2990 3358 3236 3433 Jonatha:
3278 3363 3382 3436 ﬁlii
3430 3365 3508 3438 sui
3536 3380 3554 3420 :
3583 3373 3627 3418 et
3646 3360 3808 3438 jurarit

2246 3451 2378 3507 Saul
2407 3453 2581 3508 dicens
2605 3471 2628 3520 ί
2669 3454 2803 3510 Vivit
2834 3452 3112 3522 Dominus,
3153 3457 3196 3512 si
3223 3467 3462 3532 mortuus
3493 3458 3644 3534 fuerit
3669 3455 3808 3528 David

2245 3545 2437 3619 (Ibid,
2465 3547 2544 3619 4).
2578 3548 2646 3604 Et
2673 3548 2813 3606 infra
2847 3566 2863 3608 ;
2910 3549 2982 3605 Et
3007 3553 3266 3622 adjectum
3291 3543 3380 3634 est
3403 3555 3591 3632 bellum
3613 3545 3808 3632 ﬁeri,“

2244 3644 2460 3700 invaluit
2485 3642 2680 3709 David,
2709 3654 2757 3700 et
2787 3648 3101 3722 expugnavit
3129 3649 3456 3722 alienigenas
3481 3693 3492 3714 ,
3520 3659 3569 3718 et
3593 3645 3806 3722 percussit

2243 3736 2364 3794 illos
2393 3737 2548 3809 plaga
2578 3755 2786 3811 magna,
2815 3749 2863 3795 ct
2885 3743 3130 3814 fugerunt
3157 3757 3188 3794 a
3210 3743 3347 3813 facie
3377 3741 3565 3808 David.
3595 3740 3655 3795 Et
3673 3743 3806 3811 [actus

2247 3841 2320 3886 est
2360 3830 2413 3884 in
2445 3830 2579 3886 Saul
2604 3833 2814 3904 spiritus
2846 3834 3014 3888 malus
3041 3873 3056 3898 ,
3087 3842 3134 3888 et
3173 3834 3284 3906 ipse
3323 3835 3379 3904 in
3410 3834 3564 3889 domo
3601 3815 3685 3906 sua
3707 3830 3805 3902 dpr-

2246 3921 2432 3994 miebnt
2467 3932 2513 3992 ο,
2541 3933 2587 3976 et
2621 3934 2730 3978 erat
2758 3925 2808 3978 in
2838 3941 2998 3996 manu
3030 3929 3142 3998 ejus
3172 3925 3352 3994 lancea
3381 3969 3395 3992 ,
3429 3938 3476 4000 et
3518 3943 3628 3996 ecce
3650 3923 3806 3998 psalle-

2247 4015 2330 4068 bat
2359 4017 2412 4070 in
2441 4016 2676 4074 manibus
2705 4020 2811 4090 suis
2839 4035 2857 4072 :
2902 4027 2947 4072 et
2973 4019 3235 4092 quazrebat
3261 4018 3401 4076 Saul
3439 3999 3691 4092 percutere
3717 4015 3806 4082 lanv

2245 4125 2335 4166 cea
2369 4109 2535 4184 David
2562 4153 2575 4178 ,
2614 4121 2662 4166 et
2689 4113 2985 4184 percussit,
3037 4123 3082 4168 et
3114 4111 3396 4167 declinavit
3442 4111 3612 4184 David,
3647 4127 3674 4180 ᾳ
3699 4108 3806 4180 facit

2249 4203 2381 4262 Saul
2408 4220 2426 4258 .·
2455 4215 2502 4262 et
2535 4204 2790 4274 percussit
2814 4205 2996 4259 lancea
3024 4205 3078 4258 in
3105 4205 3376 4276 parietem,
3408 4215 3456 4260 et
3490 4199 3654 4258 David
3678 4200 3802 4288 fugit,

2248 4305 2293 4352 et
2320 4295 2492 4352 salvus
2519 4300 2687 4368 [actus
2715 4304 2808 4360 est.
2835 4293 2904 4352 Et
2933 4300 3133 4370 factum
3173 4306 3247 4352 est
3275 4296 3326 4350 in
3354 4283 3451 4352 illa
3482 4307 3640 4376 nocte,
3671 4283 3803 4372 et

2246 4389 2310 4444 sit
2339 4387 2471 4445 Saul
2507 4391 2725 4454 nuncios
2753 4389 2822 4444 ad
2853 4388 3064 4448 domum
3095 4389 3295 4457 David,
3332 4401 3389 4444 ut
3417 4377 3714 4460 custodirent
3750 4383 3802 4437 il-
3855 4377 3863 4392 ⁸

2249 4480 2376 4549 lum,
2407 4498 2506 4550 quo
2529 4498 2678 4544 ntane
2708 4482 2961 4548 occideret
2989 4483 3133 4546 illum
3165 4483 3184 4555 (
3211 4481 3382 4556 Ibid,
3415 4481 3514 4554 8).
3561 4477 3624 4556 Et
3666 4463 3800 4534 David

537 4581 862 4637 meminerat
885 4578 1060 4634 modis
1089 4578 1186 4652 Dei
1219 4592 1340 4632 esse
1364 4575 1644 4648 hominem
1675 4591 1687 4626 :
1725 4573 1888 4644 homo
1918 4571 2012 4627 Dei
2047 4585 2136 4625 ve-
2165 4568 2221 4630 D
2245 4577 2398 4650 fugit,
2428 4586 2473 4631 et
2501 4577 2672 4632 salvus
2714 4580 2883 4648 [actus
2926 4587 3002 4632 est
3032 4594 3050 4630 :
3074 4586 3119 4630 et
3143 4577 3276 4632 venit
3308 4577 3377 4650 ad
3420 4575 3630 4633 Samuel
3657 4574 3702 4644 in
3730 4571 3800 4622 Αν-

537 4675 684 4742 niam
719 4671 1061 4741 persecutori
1087 4668 1369 4744 poscendo
1402 4683 1510 4724 non
1539 4667 1752 4742 desistit
1777 4707 1793 4733 ,
1826 4673 2018 4722 contra
2050 4678 2143 4734 pc-

536 4766 795 4826 stilentiw
824 4766 1002 4839 factus
1044 4765 1186 4820 illius
1226 4764 1349 4842 eius
1377 4762 1594 4832 auferre
1621 4762 1859 4818 animam
1889 4760 2089 4830 quaerit
2123 4777 2137 4813 :

537 4877 604 4918 eo
636 4859 841 4916 etenim
868 4871 1044 4932 neque
1067 4862 1393 4933 perseeutor
1426 4854 1630 4928 exstitit
1661 4851 1930 4928 §8llluell5
1956 4851 2139 4910 Domi-

539 4957 594 5014 ni
621 4955 923 5027 sacerdotis
951 4951 1080 5025 Saul
1105 4993 1122 5020 ,
1151 4958 1214 5020 ut
1253 4950 1455 5024 dixerit
1479 4949 1717 5026 Domino
1745 4947 1948 5020 dicenti
1991 4946 2094 5006 sibi
2124 4964 2135 5000 :

546 5049 674 5104 Veni
701 5091 716 5116 ,
746 5047 952 5119 mittam
977 5056 1028 5100 te
1069 5060 1087 5098 :
1135 5040 1202 5098 Et
1231 5041 1485 5116 quomodo
1518 5041 1640 5096 ibo?
1671 5041 1850 5114 audiet
1883 5041 2018 5096 Saul
2043 5082 2058 5107 ,
2089 5048 2138 5096 et

536 5141 732 5200 accidet
755 5134 1079 5209 me,(lbid.).
1111 5132 1398 5221 liguspieis
1421 5175 1435 5198 ,
1465 5131 1746 5202 Constanti
1773 5173 1789 5198 ,
1835 5130 2138 5202 recedenti-

538 5235 641 5310 bus
672 5235 824 5292 vobis
869 5248 900 5286 a
935 5231 1045 5286 Deo
1073 5244 1186 5288 non
1232 5242 1329 5296 vos
1371 5225 1622 5296 homines
1647 5267 1663 5298 ,
1697 5224 1791 5300 sed
1821 5225 1962 5284 feras
1985 5270 2001 5295 ,
2037 5224 2136 5298 sed

534 5329 744 5386 belluas
769 5369 786 5400 ,
815 5335 978 5398 atque
1021 5323 1264 5404 latrones
1292 5320 1570 5404 aestimari.
1621 5318 1726 5396 Aut
1775 5320 2034 5394 numquid
2079 5320 2136 5380 in

610 5548 633 5574 υ
670 5535 833 5589 Facta
851 5543 946 5600 est,
975 5531 1147 5587 Latin.

555 5649 562 5652 -
605 5607 633 5648 ι)
659 5607 852 5667 Sabat.
883 5596 1100 5658 remitte.
1131 5602 1311 5668 Graec.
1346 5600 1401 5657 in
1421 5597 1624 5670 plurali
1645 5639 1659 5666 ,
1689 5596 1787 5666 sed
1831 5598 1940 5656 alio
1967 5596 2135 5668 verbo

536 5679 946 5746 ἂξαποσκιίλατε,
973 5675 1204 5734 emittite.
1299 5743 1309 5746 _
1771 5706 1780 5712 .

553 5739 585 5808 ξ’
611 5763 635 5790 c
669 5739 946 5874 Profuit,
977 5756 1032 5803 et
1057 5743 1352 5874 aliauatédu
1375 5757 1478 5826 pro
1507 5757 1647 5810 cum,
1674 5747 1738 5842 ut
1763 5758 1866 5829 ξαρ
1883 5741 2020 5812 λοω
2051 5739 2134 5800 ἀί.

553 5832 708 5874 :etur.
731 5817 794 5874 Ti
823 5857 838 5874 .
857 5827 912 5874 et
937 5817 1010 5874 La
1027 5815 1131 5874 Cer
1173 5830 1224 5872 a.
1299 5825 1449 5874 tanta
1479 5827 1578 5874 pro
1595 5827 1686 5870 cur
1708 5829 1794 5871 ..ει
1812 5823 2015 5874 iustum
2038 5829 2134 5871 non

533 5811 708 5878 cetui.
731 5811 838 5876 Til.
857 5827 912 5877 et
933 5811 1010 5876 La
1027 5811 1224 5875 Cerda.
1248 5811 1449 5886 E’tquia
1479 5827 1578 5886 pro
1595 5827 1686 5870 cur
1708 5811 1794 5871 :-si
1811 5811 2015 5888 justum
2038 5829 2140 5871 non

2247 4649 2475 4737 mat/ten,
2531 4683 2578 4726 et
2607 4671 2927 4726 renunciavit
2954 4669 3001 4724 ei
3028 4670 3201 4746 omnia
3229 4649 3347 4741 qua?
3361 4649 3489 4740 fecit
3511 4661 3798 4746 Saul(lbid-.

2240 4763 2350 4836 I8).
2382 4764 2448 4818 Et
2479 4763 2618 4818 infra
2651 4781 2664 4817 :
2712 4761 2780 4816 Et
2808 4767 2977 4832 factus
3006 4773 3081 4818 est
3099 4739 3274 4817 iratus
3312 4739 3374 4816 in,
3407 4759 3663 4816 Ionathan
3685 4739 3798 4812 'Saul

2242 4858 2393 4914 valde
2421 4855 2610 4925 (Ibid,
2641 4874 2731 4926 xx,
2759 4855 2868 4928 50).
2902 4855 2967 4912 Et
2993 4856 3128 4912 infra
3173 4876 3186 4908 :
3221 4856 3288 4910 Et
3314 4857 3451 4912 dixit
3474 4873 3494 4912 :
3522 4855 3660 4910 Mitte
3682 4853 3792 4914 hac,

2241 4953 2419 5024 accipe
2432 4957 2674 5024 juvenem
2695 4995 2708 5018 ,
2737 4953 2982 5021 quoniam
3007 4951 3152 5022 ﬁlius
3183 4953 3363 5006 mortis
3387 4960 3483 5006 est.
3529 4949 3596 5003 Et
3615 4959 3795 5015 respon-

2245 5045 2321 5100 dit
2339 5043 2571 5099 Jonatba
2597 5045 2738 5117 patri
2761 5060 2858 5098 suo
2901 5060 2920 5099 :
2957 5043 3132 5110 Quare
3159 5045 3428 5112 morietur,
3451 5034 3739 5114 quidlecitl
3757 5041 3795 5088 et

2245 5137 2458 5194 sustulit
2487 5137 2625 5198 Saul
2671 5137 2904 5194 lanceam
2939 5138 2994 5192 in
3018 5135 3288 5203 lengthen
3335 5146 3406 5202 ut;
3427 5134 3796 5218 animi,”

2247 5230 2460 5304 (Ibid,
2491 5231 2625 5302 51).
2671 5230 2780 5302 Cui
2826 5239 3076 5304 parceret
3099 5231 3257 5296 Saul.
3290 5229 3556 5310 vera,
3585 5220 3790 5300 disse“.

2243 5322 2460 5404 quando
2502 5337 2602 5380 nec
2652 5321 2762 5394 lilio
2793 5321 3142 5406 pepercerit?
3171 5323 3250 5379 sic
3277 5323 3418 5402 estis,
3449 5309 3790 5410 pggtereuplel

2147 5547 2150 5552 ·
2241 5536 2335 5591 est,
2364 5526 2484 5598 quia
2515 5526 2655 5655 cogis
2677 5529 2852 5597 facere
2871 5541 2964 5582 nos
2992 5541 3107 5580 eam
3131 5542 3262 5594 rem,
3289 5534 3406 5608 etc.
3537 5491 3707 5595 Certis,

2311 5596 2338 5636 (1
2369 5597 2545 5655 Anud.
2616 5597 2763 5655 abat.
2797 5615 2888 5655 eao
2913 5597 3123 5655 expello
3144 5637 3159 5655 .
3193 5606 3255 5654 ut
3289 5613 3341 5652 In
3369 5583 3467 5650 lib.
3503 5594 3568 5655 de
3603 5585 3707 5655 Regi

2311 5581 2338 5636 (ί
2369 5581 2545 5680 Apud.
2797 5581 2888 5671 ego
2913 5597 3159 5680 capelle,

2241 5657 2556 5752 apostolicis.
2591 5657 2875 5752 Vide-sup.
2903 5657 3026 5742 pag,
3049 5661 3127 5741 35
3146 5657 3164 5738 ζ
3183 5659 3281 5732 tibi
3309 5657 3684 5743 :qpaedaqialia
3710 5667 3783 5722 va-

2245 5740 2389 5797 riant
2417 5742 2468 5795 in
2492 5740 2596 5796 hoc
2630 5748 2804 5796 textu.

2321 5821 2343 5850 ε
2375 5809 2620 5869 Sedebat.
2643 5805 2824 5868 Latin.
2855 5823 2980 5868 cum
3005 5807 3197 5869 Graeco
3235 5819 3292 5870 et
3322 5807 3470 5882 Vulg-
