4042 6338
502 244 609 303 839

1590 234 1926 297 LUCIFERI
1966 233 2275 295 EPISCOPI
2312 232 2740 293 CALARITANI
3655 238 3736 301 διο

501 378 642 418 nunc
661 363 790 434 jura
819 366 874 413 tu
898 356 1027 412 mihi
1052 355 1107 411 in
1136 352 1387 421 Domino,
1415 353 1460 408 si
1488 368 1591 409 non
1617 355 1910 411 eradicabis
1939 371 2111 411 semen
2138 357 2190 419 Α
2214 353 2458 425 quoniam
2476 352 2599 408 exiit
2624 367 2716 406 rex
2744 347 2919 405 Israel
2945 364 3174 422 quaerere
3212 328 3428 422 p-ulicem
3450 367 3609 419 unum,
3635 356 3738 411 sicut

504 470 676 511 meum
696 462 811 526 post
840 467 919 505 me
948 466 967 505 :
992 459 1038 505 et
1059 449 1104 505 si
1144 464 1247 503 non
1271 446 1632 504 exterminabis
1657 465 1840 504 nomen
1869 448 1931 504 de
1953 447 2105 504 domo

500 543 665 616 patris
689 540 807 597 ntei.
835 539 901 595 Et
919 539 1122 613 juravil
1147 537 1317 593 David
1339 537 1474 594 Saul
1499 535 1664 612 (Ibid.
1691 538 1807 610 17).
1839 540 1968 595 Post
1988 540 2107 596 hinc

499 634 690 705 utique
726 632 995 690 debuerat
1015 630 1130 704 jam
1161 631 1363 688 mutari
1385 630 1549 699 Saul;
1571 631 1667 688 sed
1685 631 1864 689 adhuc
1888 647 1989 689 nec
2006 633 2107 690 iste

497 728 700 786 desinit
719 728 996 799 persequi,
1018 742 1121 783 nec
1133 726 1556 797 deiicitparcere
1568 726 1760 782 David.
1776 725 2104 797 Etsurrexit,

498 822 634 880 dicit
654 822 961 893 Scriptum,
987 820 1140 882 Saul.
1161 830 1208 875 et
1223 820 1488 877 descendit
1506 820 1563 875 in
1583 824 1842 876 desertum
1862 836 2105 891 opacum,

500 925 549 972 et
573 932 689 970 cunt
718 931 778 971 eo
807 914 910 970 tria
940 913 1108 968 millia
1138 913 1365 968 virorum
1391 913 1669 969 electorum
1692 929 1757 968 ex
1779 912 1944 968 Israel
1966 929 2109 984 qua:-

499 1023 614 1063 rere
640 1006 809 1063 David
854 1004 1021 1080 (Ibid.
1053 1021 1199 1071 xxvi,
1232 1004 1314 1077 2).
1342 1004 1412 1061 Et
1450 1004 1591 1062 inira
1620 1022 1635 1061 :
1665 1004 1732 1061 Et
1774 1006 1914 1061 misit
1938 1005 2109 1061 David

500 1100 891 1173 exploratores,
933 1107 985 1155 et
1012 1099 1251 1171 cognovit
1277 1099 1523 1171 quoniam
1548 1099 1684 1154 venit
1723 1098 1856 1155 Saul
1881 1100 1935 1154 in
1963 1098 2109 1155 Sice-

501 1195 618 1249 let:
645 1202 693 1247 et
734 1192 958 1248 surrexit
1000 1190 1171 1247 David
1214 1191 1442 1259 occulte,
1480 1200 1528 1249 et
1555 1192 1682 1247 obiit
1726 1192 1783 1247 in
1825 1192 1995 1247 locum
2021 1194 2109 1249 ubi

502 1286 789 1342 dormiebat
834 1285 991 1354 Saul,
1019 1296 1071 1356 et
1103 1284 1275 1340 Abner
1319 1285 1461 1356 ﬁlius
1490 1284 1603 1341 Ner
1642 1286 1883 1357 princeps
1912 1286 2109 1342 militite

500 1381 614 1451 ejus
643 1390 732 1435 :et
763 1378 897 1436 Saul
918 1379 1207 1433 dormiebat
1229 1380 1283 1433 in
1308 1380 1557 1453 stragulis
1580 1379 1864 1451 praclaris,
1894 1388 1939 1433 et
1968 1378 2109 1450 plebs

500 1485 612 1529 erat
640 1473 780 1528 circa
808 1488 947 1528 eum.
983 1470 1050 1526 Et
1079 1469 1255 1526 David
1283 1470 1419 1526 dixit
1452 1470 1521 1524 ad
1547 1470 1795 1527 Amalech
1822 1469 2106 1539 Cetlttzutn,

501 1575 548 1623 et
575 1566 770 1622 Abessa
798 1565 969 1637 ﬁlium
991 1564 1193 1622 Sarvite
1222 1569 1438 1636 fratrem
1462 1564 1597 1619 Joab
1622 1565 1798 1619 dicens
1827 1581 1845 1619 :
1870 1564 2000 1631 Quis
2027 1565 2108 1618 in-

498 1660 673 1717 troibit
698 1676 899 1715 mecum
926 1661 982 1714 in
1029 1661 1214 1715 castris
1240 1660 1309 1713 ad
1351 1658 1527 1714 Saul?
1558 1667 1607 1713 et
1645 1658 1777 1713 dixit
1822 1658 2012 1713 Abessa
2038 1658 2109 1713 ad

2209 446 2527 519 persequitur
2539 454 2728 499 noctua
2750 444 2806 498 in
2826 443 3105 498 montibus.
3120 441 3187 497 Et
3209 442 3336 498 dixit
3365 443 3489 500 Saul
3501 460 3516 499 :
3535 442 3737 513 Peccavi;

2207 551 2461 608 converte,
2476 540 2555 611 ﬁli
2580 537 2773 606 David,
2801 539 3043 607 quoniam
3071 555 3172 593 non
3203 539 3510 611 molignabor
3527 540 3572 593 in
3587 552 3624 594 te
3633 544 3737 612 jam,

2205 635 2322 690 ideo
2346 635 2590 706 quoniam
2609 634 2783 689 anima
2807 650 2921 689 mea
2943 643 3155 703 accepta
3180 644 3253 690 est
3270 646 3387 689 ante
3412 635 3572 690 oculos
3596 646 3685 693 tuos
3700 639 3741 693 is

2208 727 2343 781 diem
2375 727 2533 793 hunc,
2564 728 2617 782 in
2642 744 2740 799 quo
2766 727 2951 782 stultus
2979 731 3146 798 factus
3161 743 3293 794 sunt,
3327 736 3373 781 et
3391 727 3601 800 ignoravi
3618 731 3741 785 multa

2208 820 2548 875 vehementer.
2601 818 2670 874 Et
2710 820 2977 889 respondit
3022 818 3186 873 David
3225 819 3435 874 dicens:
3464 818 3584 875 Ecce
3604 820 3742 878 lancea

2207 916 2343 988 regis
2368 932 2386 970 :
2416 915 2625 970 accedat
2653 931 2786 969 unus
2824 931 2889 970 ex
2915 914 3088 984 pueris
3118 923 3165 968 et
3196 914 3413 984 accipiat
3442 929 3561 968 eam.
3586 913 3639 967 Et
3658 913 3741 970 Do-

2209 1007 2380 1062 minus
2400 1007 2637 1063 restituat
2663 1006 2939 1074 unicuique
2958 1006 3214 1077 justitias,
3244 1016 3289 1059 et
3307 1003 3456 1075 ﬁdem
3473 1020 3621 1069 suam,
3646 1005 3744 1060 sicut

2208 1100 2424 1155 tradidit
2452 1110 2499 1156 te
2537 1100 2688 1154 hodie
2712 1100 2765 1153 in
2789 1098 3023 1153 manibus
3045 1098 3193 1163 meis,
3221 1106 3269 1153 et
3297 1098 3438 1151 nolui
3458 1097 3644 1167 injicere
3658 1115 3744 1152 mao

2209 1210 2333 1267 nunt
2349 1209 2515 1249 meam
2530 1193 2584 1248 in
2604 1193 2853 1247 christunt
2888 1190 3118 1247 Domini.
3153 1189 3290 1246 Ecce
3314 1192 3443 1245 sicut
3480 1191 3685 1245 exultavit
3708 1208 3746 1246 se

2208 1291 2384 1344 anima
2412 1299 2501 1343 tua
2524 1289 2576 1342 in
2599 1287 2736 1343 diem
2757 1287 2896 1342 hunc
2919 1297 3036 1342 ante
3058 1286 3235 1341 oculos
3264 1301 3400 1341 meos
3418 1329 3433 1353 ,
3458 1284 3526 1339 sic
3545 1285 3746 1357 signiﬁce-

2210 1396 2295 1440 tur
2323 1384 2496 1438 anima
2526 1399 2639 1438 mea
2660 1383 2712 1437 in
2748 1391 3024 1455 conspectu
3053 1380 3283 1448 Domini,
3312 1390 3357 1434 et
3385 1379 3588 1446 abripiat
3613 1394 3692 1441 me,
3713 1383 3747 1433 et

2210 1486 2352 1533 eruat
2393 1491 2473 1530 me
2510 1492 2573 1531 ex
2607 1475 2843 1529 omnibus
2870 1473 3306 1527 tribulationibus.
3337 1469 3407 1524 Et
3430 1470 3550 1524 dixit
3571 1469 3677 1525 Saul
3698 1470 3747 1522 ad

2210 1567 2380 1624 David
2414 1586 2427 1622 :
2452 1567 2761 1623 Benedictus
2782 1577 2857 1633 tu,
2882 1566 2981 1636 ﬁli,
3005 1576 3051 1621 et
3074 1566 3295 1636 faciens,
3319 1573 3367 1619 et
3399 1574 3562 1632 potens
3585 1564 3746 1632 poteris.

2211 1664 2399 1733 (lbid.,
2414 1663 2469 1735 4)
2488 1662 2613 1719 Haec
2639 1662 2844 1719 idcirco
2863 1661 3055 1727 indidi,
3073 1672 3131 1717 ut
3147 1660 3363 1740 tandem
3380 1658 3750 1729 possesconjice-

502 1752 675 1810 David
703 1769 723 1810 .'
757 1752 872 1826 Ego
892 1754 974 1809 ibo
1003 1763 1191 1809 tecum.
1216 1751 1283 1807 Et
1308 1753 1629 1807 intraverunt
1655 1751 1827 1807 David
1843 1761 1891 1807 et
1919 1752 2113 1808 Abessa
2140 1758 2187 1820 Β
2216 1758 2394 1827 re,sic
2413 1766 2487 1827 te,
2512 1759 2626 1813 sive
2651 1757 3029 1819 Athanasium,
3059 1756 3174 1811 sive
3204 1769 3304 1810 nos
3322 1753 3509 1825 injuste
3531 1750 3748 1824 persequi,

501 1848 574 1904 ad
602 1846 849 1921 populum
879 1858 1027 1903 nocte
1050 1889 1066 1915 ,
1098 1858 1148 1902 et
1172 1863 1287 1902 ecce
1308 1846 1445 1903 Saul
1472 1846 1759 1901 dormiebat
1781 1846 1836 1900 in
1864 1846 2110 1919 stragulis

502 1946 772 2018 pretiosis,
817 1954 863 1999 et
894 1944 1074 2000 lancea
1115 1943 1224 2013 ﬁxa
1270 1942 1339 1997 ad
1382 1951 1539 2015 caput
1582 1945 1695 2015 ejus
1745 1939 2033 2013 prwclara,
2065 1948 2113 1995 et

501 2038 674 2096 Abner
693 2038 980 2094 dormiebat
1005 2039 1148 2093 circa
1173 2054 1310 2092 eum.
1336 2034 1407 2091 Et
1434 2037 1568 2091 dixit
1589 2035 1780 2091 Abessa
1802 2035 1872 2089 ad
1902 2034 2071 2089 David
2094 2050 2112 2089 :

502 2133 769 2190 Conclusit
809 2131 1064 2188 Dominus
1113 2130 1270 2186 hodie
1297 2131 1567 2185 inimicum
1618 2141 1763 2184 tuum
1792 2130 1847 2183 in
1876 2129 2114 2183 manibus

498 2226 636 2282 tuis:
666 2234 715 2282 et
746 2242 882 2281 nunc
902 2224 1135 2280 occidam
1164 2224 1229 2279 de
1249 2224 1433 2278 lancea
1456 2223 1615 2279 semel
1633 2223 1687 2277 in
1710 2233 1901 2277 terram
1927 2222 2113 2293 ﬁgens,

501 2329 549 2375 et
575 2335 677 2375 non
710 2331 937 2390 repetam
965 2317 1133 2375 illam.
1158 2315 1229 2371 Et
1261 2317 1395 2372 dixit
1424 2314 1597 2371 David
1622 2314 1912 2371 aduAbessa
1940 2331 1959 2370 :
1992 2313 2115 2369 Non

498 2414 766 2484 continges
796 2409 949 2466 illum
978 2427 997 2465 :
1018 2412 1264 2481 quoniam
1293 2410 1409 2481 quis
1433 2409 1631 2481 injiciet
1658 2424 1862 2463 manum
1884 2423 2034 2463 suam
2063 2409 2115 2461 in

500 2505 755 2563 chr-istum
789 2505 1031 2574 Domini,
1075 2514 1121 2559 et
1152 2521 1314 2573 purus
1353 2504 1485 2560 erit?
1513 2502 1581 2558 Et
1610 2503 1742 2558 dixit
1768 2500 1939 2558 David
1970 2520 1989 2557 :
2019 2502 2117 2557 Vi-

501 2600 573 2655 vit
601 2597 883 2665 Dominus,
910 2598 1156 2670 quoniam
1184 2598 1287 2653 nisi
1321 2596 1582 2651 Dominus
1609 2597 1917 2669 percusserit
1942 2595 2116 2664 illum,

502 2701 595 2749 aut
620 2692 721 2747 nisi
753 2691 886 2747 hora
910 2691 1053 2746 illius
1075 2692 1303 2757 venerit,
1332 2698 1380 2746 et
1411 2690 1686 2758 moriatur,
1715 2690 1795 2744 vel
1818 2690 1872 2743 in
1894 2704 2119 2761 pugnant

502 2783 832 2839 descenderit
859 2793 907 2839 et
933 2794 1250 2856 apponatur,
1276 2782 1407 2837 ntihi
1428 2792 1600 2836 autent
1622 2797 1723 2837 non
1750 2781 1816 2836 sit
1835 2798 1868 2835 a
1898 2779 2119 2835 Domino

2211 1855 2291 1911 sic
2320 1864 2372 1911 te
2394 1853 2642 1909 famulari
2670 1853 2720 1907 in
2745 1860 2851 1907 tua:
2873 1850 3063 1907 salutis
3080 1864 3291 1912 necem,
3310 1848 3388 1903 sic
3405 1844 3752 1902 tibimetmnrtis

2212 1946 2353 2018 apud
2371 1945 2711 2002 divinitatem
2734 1943 3064 2001 contrahere
3084 1942 3348 2013 pericula,
3378 1950 3435 1996 ut
3451 1940 3546 1997 sibi
3568 1955 3647 2010 per
3667 1938 3751 1993 huc

2212 2040 2523 2113 quaeegerit
2543 2038 2883 2095 contraxerit
2912 2037 3067 2094 Saul.
3085 2035 3144 2092 Si
3172 2035 3291 2092 haec
3319 2051 3424 2091 non
3450 2035 3515 2091 ita
3542 2042 3671 2097 sunt,
3692 2033 3752 2087 dic

2215 2148 2313 2190 cur
2331 2148 2430 2188 nos
2460 2129 2855 2203 persequaris?
2880 2144 3076 2198 nempe
3098 2130 3226 2200 quia
3257 2143 3363 2183 non
3383 2126 3642 2183 fundamus
3662 2139 3754 2180 san-

2214 2229 2435 2300 guinem
2461 2224 3005 2294 innocentem.Quem
3020 2222 3104 2279 vis
3130 2224 3427 2289 imitemur,
3445 2233 3577 2286 tene,
3597 2220 3753 2275 autDa-

2214 2319 2337 2375 vid?
2358 2318 2428 2375 de
2468 2316 2633 2373 David
2664 2317 2812 2373 enim
2846 2315 3106 2387 scriptum
3141 2315 3361 2371 invenio
3390 2329 3403 2367 :
3438 2311 3502 2368 Et
3530 2311 3671 2367 David
3694 2326 3754 2364 re-

2218 2415 2390 2489 gnavit
2404 2415 2456 2469 in
2470 2411 2500 2467 Ι
2503 2412 2712 2480 srael,et
2725 2420 2833 2466 erat
2847 2410 3042 2482 faciens
3045 2410 3312 2481 judicium
3326 2418 3372 2463 et
3376 2407 3612 2482 justitiam
3625 2406 3667 2458 in
3679 2412 3753 2458 toto

2219 2509 2411 2582 populo
2437 2524 2529 2563 suo
2553 2505 2620 2580 (ll
2637 2504 2767 2578 Reg.
2784 2520 2903 2569 Vill,
2923 2504 3011 2575 15)
3043 2520 3057 2557 :
3087 2515 3142 2559 te
3157 2518 3294 2560 vero
3312 2517 3432 2559 esse
3447 2494 3754 2557 cernimusitv

2215 2604 2421 2676 justum
2470 2601 2742 2672 judicem,
2774 2598 3045 2654 cultorum
3100 2596 3199 2653 Dei
3255 2594 3652 2652 interfectorem.
3676 2586 3753 2643 Cur

2220 2712 2321 2752 nos
2365 2692 2758 2767 persequeris?
2788 2706 2983 2762 nempe
3009 2690 3135 2762 quia
3161 2688 3517 2753 uoluerimus,
3547 2695 3596 2740 ut
3618 2693 3663 2739 tu
3695 2694 3752 2745 es,

2223 2791 2339 2847 ﬁeri
2371 2799 2652 2862 apostatte,
2681 2789 2807 2859 quia
2837 2786 3180 2842 uoluerimus
3213 2783 3429 2841 unicum
3478 2779 3561 2835 Dei
3604 2787 3755 2846 negare

500 2877 718 2943 iniicere
756 2892 971 2931 ntanunt
1001 2884 1027 2913 ⁸
1055 2877 1109 2931 in
1135 2876 1391 2931 christum
1422 2874 1637 2932 Domini
1669 2890 1690 2930 :
1714 2884 1761 2930 et
1788 2891 1925 2929 nunc
1942 2876 2122 2945 accipe
2222 2882 2440 2939 Filium,
2470 2881 2641 2938 David
2668 2881 2880 2937 liberet
2899 2879 3225 2934 Trinitatem
3249 2876 3479 2948 loquitur
3497 2868 3752 2944 perlectam,

500 2972 773 3039 lanceam,
799 2985 916 3042 qua:
952 2978 1029 3025 est
1065 2969 1136 3023 ad
1176 2979 1336 3039 caput
1366 2969 1533 3037 illius,
1568 2980 1617 3025 et
1648 2969 1833 3025 lentem
1862 2985 2032 3039 aquae,
2072 2985 2120 3036 ej

2222 2984 2277 3031 et
2307 2991 2472 3031 unam
2501 2982 2687 3031 narrat
2728 2973 2992 3029 deitatem
3043 2970 3226 3026 Patris
3272 2978 3328 3026 et
3354 2967 3469 3023 Filii
3496 2973 3544 3021 et
3572 2961 3754 3032 Spiritus

503 3064 806 3121 recedamus
853 3079 968 3119 nos.
1015 3062 1084 3118 Et
1111 3063 1313 3134 accepit
1362 3060 1533 3117 David
1578 3063 1831 3130 lanceam,
1861 3072 1909 3117 et
1935 3062 2121 3117 lentem
2226 3071 2432 3136 sancti;
2459 3081 2512 3125 et
2542 3078 2599 3125 tu
2616 3083 2739 3124 esse
2769 3064 3037 3123 inveniris
3052 3073 3329 3135 apostata.
3354 3061 3538 3130 Quem,
3562 3056 3750 3124 inquam,

501 3176 651 3234 aqua:
670 3177 703 3215 a
730 3160 900 3232 capite
923 3162 1060 3233 ejus,
1093 3168 1140 3214 et
1162 3158 1398 3214 abierunt
1424 3159 1568 3230 ipsi:
1594 3168 1643 3214 et
1669 3174 1771 3213 non
1797 3166 1906 3214 erat
1931 3157 2018 3229 qui
2039 3157 2112 3211 vi-
2139 3154 2184 3217 C
2219 3177 2419 3235 sequar
2436 3206 2449 3231 ,
2482 3170 2628 3230 tene,
2670 3176 2739 3216 an
2767 3157 2981 3214 David?
3010 3155 3245 3211 illumne
3293 3152 3546 3210 cultorem
3570 3140 3751 3207 Domini,

502 3258 675 3324 deret,
702 3271 865 3327 neque
888 3255 977 3326 qui
1008 3254 1162 3310 sciret
1187 3296 1203 3323 ,
1232 3264 1281 3310 et
1310 3271 1414 3310 non
1437 3264 1548 3310 erat
1578 3255 1669 3325 qui
1689 3254 1923 3325 vigilaret
1953 3269 1973 3309 :
1996 3270 2107 3309 om-

504 3365 592 3406 nes
628 3348 765 3404 enim
784 3346 1126 3411 dormiebant,
1147 3346 1390 3416 quoniam
1413 3347 1570 3402 timor
1585 3345 1797 3401 Domini
1810 3348 2040 3401 irruerat
2056 3346 2110 3400 in

498 3441 619 3497 illos
648 3457 667 3496 :
701 3449 750 3496 et
791 3440 1030 3495 transivit
1067 3438 1241 3495 David
1283 3451 1494 3509 contra,
1522 3450 1571 3495 et
1598 3440 1737 3496 stetit
1763 3440 1814 3495 in
1845 3440 2111 3495 cacumine

502 3536 690 3592 montis
728 3535 905 3607 longe,
933 3543 984 3591 et
1011 3544 1123 3590 erat
1150 3549 1396 3607 magnum
1438 3536 1536 3591 iter
1559 3536 1691 3590 inter
1713 3551 1832 3591 eos:
1855 3543 1903 3589 et
1928 3535 2112 3605 deprc-

502 3638 649 3684 catus
671 3636 748 3684 est
774 3625 946 3683 David
995 3627 1281 3699 populum,
1320 3635 1369 3681 et
1391 3624 1597 3695 Abner,’
1612 3637 1660 3682 et
1688 3626 1888 3682 locutus
1917 3637 1989 3681 est
2031 3626 2112 3680 di-

503 3737 625 3777 cens
656 3736 676 3775 :
703 3718 827 3776 Non
863 3720 1160 3792 respondis,
1189 3720 1397 3776 Abner?
1426 3719 1497 3793 Et
1523 3722 1785 3792 respondit
1832 3720 2032 3789 Abner,
2063 3730 2111 3775 et

502 3814 672 3871 dixit:
696 3814 825 3881 Quis
846 3831 900 3870 es
928 3822 983 3868 tu
1006 3814 1097 3885 qui
1122 3829 1273 3869 vocas
1295 3812 1412 3868 me?
1440 3813 1582 3882 Quid
1609 3813 1728 3869 est?
1748 3812 1816 3869 Et
1843 3813 1975 3868 dixit
2000 3812 2109 3868 Da-

500 3909 589 3964 vid
620 3908 692 3964 ad
741 3908 951 3964 Abner:
1002 3907 1098 3963 Vir
1137 3916 1193 3963 tu
1218 3922 1306 3975 es;
1344 3916 1389 3963 et
1417 3909 1533 3980 quis
1565 3908 1698 3963 sicut
1729 3920 1781 3962 tu
1823 3909 1880 3963 in
1909 3908 2113 3964 Israel?

502 4019 664 4076 quare
692 4019 795 4058 non
814 4000 1039 4058 custodis
1066 4001 1331 4057 dominum
1354 4010 1499 4057 tuum
1524 4000 1731 4075 regem?
1756 4000 1998 4072 quoniam
2023 4002 2109 4057 in-

504 4096 658 4152 travit
678 4112 813 4153 unus
832 4096 896 4151 de
915 4096 1107 4169 populo
1136 4094 1435 4168 disperdere
1455 4094 1719 4150 dominum
1742 4104 1888 4150 tuum
1914 4111 2104 4167 regem.

504 4189 633 4247 Non
678 4200 753 4247 est
778 4189 971 4246 bonum
1000 4190 1096 4246 hoc
1121 4188 1263 4261 quod
1300 4190 1467 4264 fecisti
1499 4204 1519 4245 :
1547 4188 1669 4245 vivit
1699 4186 1957 4245 Dominus
1981 4205 2110 4261 quo-

504 4284 644 4339 niam
668 4283 769 4355 ﬁlii
807 4285 1223 4357 mortiﬁcationis
1253 4300 1341 4341 vos
1369 4284 1512 4352 estis,
1545 4284 1634 4356 qui
1664 4299 1769 4340 non
1794 4284 2110 4340 custodiistis

501 4376 532 4418 δ
563 4378 831 4433 dominum
858 4394 1031 4453 regem
1057 4388 1318 4449 vestrum,
1348 4379 1598 4434 christum
1618 4376 1831 4434 Domini
1854 4394 1872 4433 :
1894 4388 1944 4433 et
1973 4394 2110 4433 nunc

502 4472 618 4528 vide
646 4471 734 4526 ubi
774 4482 846 4527 est
878 4473 1058 4529 lancea
1094 4474 1252 4546 regis,
1284 4482 1333 4528 et
1378 4473 1527 4529 lentis
1574 4488 1722 4544 aquae
1748 4487 1865 4544 quas
1901 4482 2011 4528 erat
2041 4471 2109 4525 ad

2212 3255 2609 3313 misericordia:
2660 3262 2992 3320 amatorem;
3024 3257 3175 3305 ante
3226 3248 3561 3316 sacrilegum,
3587 3235 3753 3296 carniib

2212 3349 2536 3420 cem‘lcnjus
2560 3347 2842 3419 sapientiae
2877 3346 3042 3401 homo
3065 3342 3413 3415 persequeris
3428 3328 3751 3394 Athanasium?

2213 3442 2439 3498 Mirarer
2470 3452 2523 3497 te
2569 3442 2685 3496 hazc
2714 3453 2874 3511 agere
2894 3479 2910 3507 ,
2937 3437 2983 3493 si
3015 3452 3123 3492 non
3152 3445 3207 3492 et
3253 3433 3441 3490 Achab
3478 3445 3565 3487 rex
3582 3428 3648 3482 sic
3670 3422 3750 3478 He-

2210 3536 2339 3593 liam
2362 3546 2415 3592 et
2436 3545 2668 3592 czeteros
2690 3533 2905 3590 Domini
2930 3530 3225 3604 praphetas
3246 3530 3435 3585 luisset
3458 3529 3748 3598 persecutus:

2214 3630 2442 3686 mirarer
2466 3637 2523 3684 te
2550 3626 2802 3699 persequi
2834 3626 2927 3682 Dei
2952 3624 3254 3690 hominem,
3289 3623 3335 3679 si
3362 3637 3463 3677 non
3484 3619 3534 3675 in
3553 3613 3750 3672 omnibus

2213 3732 2267 3779 te
2298 3721 2485 3778 Achab
2512 3736 2635 3778 esse
2679 3735 2987 3777 cernerem.
3016 3717 3260 3789 Denique
3293 3714 3416 3771 talia
3442 3712 3528 3768 tibi
3554 3709 3749 3765 dicuntur

2212 3831 2243 3872 a
2287 3816 2467 3883 nobis,
2498 3813 2676 3884 qualia
2721 3822 2777 3869 et
2811 3813 2892 3868 illi
2933 3828 2963 3867 a
2994 3811 3095 3868 Dei
3141 3810 3289 3867 dicta
3320 3810 3429 3866 sint
3454 3798 3747 3864 domesticis:

2216 3909 2345 3965 Noli
2392 3907 2524 3963 Baal
2558 3906 2745 3975 colere,
2776 3906 2885 3962 noli
2928 3904 3084 3960 idolis
3122 3905 3344 3971 servire,
3385 3901 3470 3958 sed
3503 3889 3749 3963 Deo;serri

2214 4005 2325 4062 Deo
2348 4006 2587 4075 Abrahae,
2621 4003 2732 4060 Deo
2764 4002 2940 4071 Isaac,
2974 4003 3081 4058 Deo
3110 4001 3301 4068 Iacob,
3322 3999 3451 4057 servi
3478 3996 3575 4051 Deo
3605 3986 3746 4047 Israel.

2213 4099 2270 4156 Si
2286 4099 2410 4154 talia
2440 4097 2739 4154 meministi
2766 4095 2973 4153 dixisse
2998 4095 3209 4150 Heliam
3240 4103 3300 4151 et
3320 4100 3542 4149 caeteros
3564 4082 3747 4159 prophe-

2215 4203 2299 4250 tas
2344 4192 2563 4248 Domini
2591 4191 2658 4248 ad
2716 4190 2907 4248 Achab
2958 4198 3266 4262 apostatam
3318 4200 3522 4259 regem,
3577 4180 3749 4236 adverte

2212 4286 2407 4343 similia
2432 4286 2527 4341 tibi
2564 4285 2634 4342 ab
2658 4284 2766 4353 eis,
2793 4284 2988 4356 quibus
3010 4282 3244 4338 docendi
3276 4279 3481 4338 dederit
3515 4270 3747 4330 auctorita-

2213 4390 2321 4436 tem
2355 4379 2632 4445 Dominus,
2660 4378 2788 4435 dici.
2818 4376 2959 4443 Noli,
2984 4374 3289 4443 Constanti,
3322 4391 3439 4430 cum
3460 4366 3647 4428 Arianis
3670 4375 3743 4433 pu-

2212 4489 2377 4546 gnare
2404 4481 2597 4529 contra
2620 4473 2711 4529 Dei
2726 4472 2971 4539 domum,
2987 4471 3097 4526 noli
3125 4468 3476 4525 idololatriam
3501 4460 3600 4518 Arii
3618 4460 3745 4512 intro-

502 4574 660 4639 caput
679 4566 811 4637 ejus.
837 4565 907 4620 Et
930 4568 1168 4639 cOgnovit
1192 4582 1285 4623 rex
1311 4566 1624 4623 Saulvocem
1644 4566 1839 4635 David,
1861 4576 1910 4622 et
1934 4567 2065 4622 dixit
2089 4582 2108 4620 :
2132 4566 2185 4628 D
2211 4570 2411 4627 ducere
2435 4570 2489 4625 in
2517 4570 2825 4637 ecclesiam,
2855 4567 2963 4625 noli
2996 4581 3194 4638 negare
3234 4562 3444 4622 unicum
3472 4558 3639 4616 Filium
3660 4547 3741 4611 Dei,

512 4657 631 4715 Vox
659 4666 749 4714 tua
775 4657 906 4726 haec,
938 4659 1018 4728 ﬁli
1042 4657 1254 4714 David?
1280 4659 1468 4717 Servus
1494 4671 1633 4725 tuus,
1659 4660 1867 4716 domine
1889 4677 2001 4718 rex.
2036 4659 2105 4715 Et

504 4750 696 4825 adjecit
725 4748 898 4806 David
928 4766 948 4806 :
968 4748 1037 4806 Ut
1060 4752 1187 4816 quid
1215 4752 1311 4806 hoc
1340 4754 1659 4823 persequitur
1687 4753 1927 4809 dominas
1964 4770 2106 4809 nteus

503 4856 643 4905 retro
681 4862 885 4902 servum
932 4862 1081 4901 suum
1098 4846 1125 4899 ?
1146 4846 1395 4917 quoniam
1419 4846 1545 4917 quid
1572 4846 1787 4918 deliqui,
1815 4856 1863 4902 et
1886 4864 2003 4919 qua:
2033 4856 2107 4903 est

505 4956 539 4996 a
564 4955 645 4995 me
682 4938 917 4995 malitia?
946 4946 995 4994 et
1023 4953 1160 4993 nunc
1188 4938 1370 4993 audiat
1403 4937 1643 4993 dominus
1672 4956 1812 4995 meus
1839 4956 1931 4995 rex
1954 4939 2106 4995 verba

502 5034 676 5091 servi:
701 5032 762 5091 Si
790 5044 815 5073 ο
852 5031 1108 5090 Dominus
1146 5028 1288 5089 Deus
1317 5044 1436 5089 tuus
1466 5035 1651 5090 incutit
1675 5044 1725 5090 te
1747 5036 1801 5090 in
1827 5052 1994 5091 meum
2013 5036 2110 5091 do—

503 5128 689 5196 larem,
713 5137 761 5183 et
777 5126 1034 5183 victimam
1047 5127 1412 5185 immolationis
1432 5144 1451 5184 :
1477 5128 1616 5199 quod
1637 5129 1683 5182 si
1700 5128 1796 5198 ﬁlii
1812 5128 2098 5197 hominum,

506 5223 772 5280 maledicti
797 5224 851 5279 hi
864 5220 894 5262 ἀ
914 5224 971 5279 in
1000 5234 1280 5294 conspectu
1296 5221 1533 5291 Domini,
1553 5224 1798 5292 quoniam
1846 5225 2107 5296 ejecerunt

506 5337 589 5377 me
607 5319 763 5376 hodie
790 5336 896 5376 non
923 5319 1292 5390 conﬁrmatum
1317 5319 1496 5375 essein
1516 5326 1875 5374 testamentum
1926 5317 2107 5374 Domi-

505 5417 584 5481 ni,
615 5416 841 5472 dicentes
870 5432 889 5471 :
924 5414 1093 5483 Vade,
1116 5416 1246 5472 servi
1271 5415 1373 5470 diis
1392 5414 1596 5470 alienis.
1622 5412 1691 5468 Et
1722 5430 1859 5469 nunc
1885 5430 1989 5470 non
2015 5430 2106 5468 ca-

507 5510 595 5568 det
616 5512 831 5584 sanguis
871 5527 1014 5568 meus
1053 5512 1108 5568 in
1136 5521 1327 5569 terram
1354 5520 1473 5567 ante
1505 5520 1832 5582 conspectunt
1875 5509 2110 5580 Domini,

584 5656 612 5686 ι
640 5648 859 5705 Manum
879 5666 1066 5707 meam.
1099 5649 1277 5707 Vatic.
1307 5658 1367 5706 ut
1388 5649 1442 5705 in
1471 5648 1689 5707 Graeco.

578 5716 609 5756 ιι
635 5719 962 5777 Custodistis.
990 5721 1167 5779 Vatic.

582 5798 606 5828 ο
634 5789 958 5849 SiDominus
976 5790 1119 5849 Deus
1132 5802 1249 5849 tuus
1266 5793 1450 5849 incutit
1471 5804 1539 5863 te,
1552 5794 1606 5849 in
1619 5808 1701 5850 me
1719 5791 1961 5851 odoretur
1976 5791 2122 5849 victi-

2210 4663 2399 4721 desine
2419 4663 2667 4735 persequi
2683 4660 3036 4734 apostolicam
3060 4669 3222 4732 atque
3236 4656 3589 4729 evangelicum
3605 4646 3742 4735 tidem.

2211 4756 2338 4814 Haec
2384 4732 2510 4828 quia
2553 4732 2823 4823 dicamus,
2876 4753 3125 4810 videmur
3170 4767 3293 4809 esse
3334 4747 3433 4805 tibi
3460 4732 3745 4803 inimicizsic

2208 4848 2432 4907 fuerunt
2450 4850 2564 4922 regi
2610 4864 2737 4906 vera
2761 4849 2863 4905 sibi
2887 4848 3138 4905 dicentes
3163 4844 3390 4903 inimici.
3423 4838 3743 4897 Percurramus

2211 4943 2448 5016 denique
2470 4958 2718 5015 quaenam
2741 4942 2941 4999 fuerint
2959 4952 3097 5011 orta,
3124 4956 3245 5011 qua:
3266 4938 3400 4994 facta
3429 4935 3560 4991 inter
3581 4924 3742 4983 Heliam

2214 5037 2427 5095 Domini
2466 5036 2788 5109 prophetam
2816 5045 2872 5093 et
2909 5034 3100 5093 Achab
3149 5045 3297 5090 tuum
3327 5031 3682 5109 coapostatamt
3705 5019 3743 5066 ei

2208 5106 2537 5187 invenies'te
2570 5106 2703 5186 esse
2745 5129 2908 5186 hodie
2949 5127 3156 5185 Achab.
3207 5124 3375 5189 Vivit,
3404 5116 3562 5191 inquit
3585 5106 3739 5209 Helias.

2209 5226 2495 5295 Dominus,
2535 5227 2619 5281 cui
2665 5225 2850 5281 assiste
2896 5235 3015 5280 ante
3054 5230 3404 5295 conspectum,
3430 5216 3473 5272 si
3509 5210 3596 5268 erit
3628 5213 3741 5259 tum"

2206 5322 2319 5377 istis
2346 5337 2433 5377 ros
2475 5330 2521 5376 et
2547 5321 2746 5393 pluvia,
2796 5320 2897 5375 nisi
2940 5334 3029 5391 per
3071 5317 3276 5373 verbum
3302 5314 3403 5372 oris
3431 5309 3519 5366 mei
3541 5295 3737 5379 (111Ιῖ⁸9⁸

2208 5430 2341 5484 xvu,
2365 5414 2444 5487 1).
2470 5414 2626 5483 Quod
2668 5414 2855 5486 utique
2888 5429 3010 5471 cum
3043 5414 3322 5485 impletum
3353 5408 3558 5469 fuisset,
3581 5394 3741 5453 debue‘

2210 5520 2296 5568 rat
2334 5527 2529 5569 vecors
2572 5525 2906 5584 cognoscere
2922 5525 3115 5567 verum
3144 5510 3311 5565 Deum
3332 5504 3500 5563 solum
3520 5495 3737 5569 ρυιθιιιθιη

2216 5664 2372 5703 mam.
2401 5647 2582 5704 Latin.
2606 5662 2675 5704 ex
2705 5646 2865 5719 Vulg.
2895 5654 2951 5704 et
2978 5646 3197 5719 Grmco.
3228 5644 3472 5702 Dominus
3491 5635 3609 5691 Deus
3628 5626 3738 5682 incu-

2214 5720 2299 5777 tit.
2328 5719 2506 5776 Vatic.
2529 5721 2734 5777 omisso
2763 5717 2905 5785 tuus,
2936 5728 2994 5773 ut
3026 5719 3077 5772 in
3110 5717 3321 5775 Graeco.

2301 5788 2331 5830 ἀ
2351 5789 2530 5863 οὗτοι,
2561 5790 2741 5850 Graec.
2777 5784 2921 5864 quod
2949 5790 3221 5848 omittitur
3242 5806 3271 5847 a
3298 5784 3475 5848 Sabat.
