4042 6338
198 292 303 352 841

1289 290 1427 352 PRO
1464 290 1737 353 SANCTO
1776 288 2180 350 ATHANASIO
2219 288 2351 350 LIB.
2390 290 2434 350 Ι.

3406 290 3514 351 842

196 413 370 461 [Otum
425 418 536 460 non
576 402 765 472 fuisse,
823 401 926 459 nisi
958 404 1108 460 illum
1133 445 1146 469 ,
1192 404 1279 461 cui
1327 406 1559 464 serviret
1602 405 1803 461 llelias.
1834 408 1886 469 Α
1911 404 2059 460 illum
2080 405 2329 460 vocabam
2361 406 2415 459 in
2437 420 2557 460 voce
2584 420 2790 479 magna,
2815 413 2864 460 et
2888 407 3125 463 secabant
3151 423 3205 463 se
3237 409 3518 464 secundum

193 497 336 567 Quid
362 496 475 567 agit
500 495 726 553 Achab?
766 494 922 553 Videt
950 512 1046 567 per
1069 497 1361 553 triennium
1391 508 1447 555 et
1476 514 1543 555 eo
1571 499 1809 571 amplius

194 606 308 646 non
337 605 463 647 esse
507 589 769 661 pluviam,
799 601 853 645 et
895 591 1068 662 magis
1094 600 1178 648 est
1208 591 1368 647 idolis
1397 593 1664 660 serviens,
1696 594 1819 649 ma?

191 686 278 757 gis
319 698 408 742 est
433 689 660 758 cupiens
706 686 1019 743 interﬁcere
1067 686 1300 743 Heliam.
1331 686 1497 744 Audit
1547 689 1644 745 Dei
1681 704 1807 760 pro-

193 776 356 849 pheta
381 793 482 834 ore
509 778 764 850 sacrilegi
795 778 984 835 Achab
1012 795 1026 835 :
1058 779 1122 835 Si
1151 789 1177 818 α
1202 790 1257 835 tu
1287 798 1339 836 es
1364 782 1495 854 ipse,
1518 782 1607 855 qui
1627 783 1809 838 evertis

194 869 368 928 Israel
383 872 473 943 (Ill
490 872 619 947 Reg.
644 889 800 953 svnt,
818 872 943 945 l7)?
972 873 1066 931 Sic
1083 883 1140 931 et
1160 886 1215 930 tn
1238 874 1376 932 dicis
1393 877 1693 933 Athanasio
1721 876 1809 934 vel

194 967 381 1035 nobis,
415 965 562 1038 quod
586 966 731 1023 enim
776 980 878 1024 nos
903 965 931 1005 δ
963 983 1154 1025 sumus
1187 978 1471 1025 vertentes
1510 970 1606 1025 Dei
1640 985 1811 1041 popu-

190 1058 332 1125 lum,
385 1073 510 1114 cum
562 1069 619 1116 tu
663 1058 740 1115 sis
783 1058 851 1115 ad
903 1068 1050 1116 tuam
1098 1061 1502 1133 suscipiendam
1549 1061 1807 1120 hatresim

190 1150 548 1209 Christianos
572 1167 881 1209 convocans
911 1170 924 1207 :
972 1153 1069 1209 sed
1106 1152 1266 1210 audis
1295 1170 1324 1209 a
1374 1154 1534 1211 nobis
1562 1171 1683 1227 qua:
1713 1172 1810 1211 au-

194 1245 298 1302 diit
328 1245 516 1302 Achab
544 1246 635 1303 ille
671 1247 848 1302 cultor
880 1236 1209 1304 iddlolatrim
1238 1248 1309 1304 ab
1341 1249 1495 1306 llelia
1525 1250 1766 1319 glorioso
1794 1270 1806 1305 :

192 1338 321 1396 Non
351 1357 445 1394 nos
470 1341 741 1419 evertimus
769 1339 868 1396 Dei
894 1341 1127 1410 domum,
1153 1343 1243 1397 sed
1264 1345 1445 1399 evertis
1472 1353 1529 1399 tu
1549 1355 1596 1400 et
1627 1344 1811 1401 domus

191 1433 358 1503 patris
382 1433 479 1487 tui.
513 1434 620 1489 Aut
649 1433 875 1506 negabis
904 1434 1042 1491 nihil
1086 1446 1137 1491 te
1162 1437 1435 1507 cogitare,
1471 1436 1578 1493 nisi
1611 1446 1667 1493 ut
1695 1454 1813 1493 om-

192 1542 291 1583 nes
314 1541 418 1582 nos
449 1539 793 1598 conpostatus
812 1528 1017 1585 efﬁcias
1052 1531 1218 1586 ιιι(ιεῖ
1246 1529 1351 1586 Sed
1380 1540 1437 1586 nt
1457 1546 1728 1603 creperum
1747 1532 1817 1588 de

195 1620 373 1677 Heliae
400 1628 458 1675 et
476 1619 666 1679 Achab
694 1622 879 1679 dicere
905 1623 1156 1680 actibus:
1190 1622 1261 1679 Et
1281 1626 1411 1680 dixit
1445 1625 1629 1682 Helias
1654 1643 1674 1682 :
1700 1627 1813 1700 Ego

194 1730 302 1769 non
335 1727 476 1769 verto
507 1713 709 1782 Israel,
754 1717 845 1771 sed
883 1718 1069 1772 evertis
1116 1728 1172 1771 tu
1202 1729 1251 1773 et
1279 1717 1460 1774 domus
1504 1720 1667 1792 patris
1712 1721 1810 1788 tui,

1908 499 2327 581 consuetudinem
2349 515 2499 554 suam
2527 498 2715 570 gladiis
2745 508 2790 553 et
2814 501 3080 554 novaculis
3106 517 3268 571 usque
3293 503 3360 556 ad
3383 500 3519 568 effu-

1907 591 2106 646 sionem
2145 592 2412 664 sanguinis
2441 608 2599 663 super
2628 609 2704 658 se,
2730 602 2779 648 et
2799 594 3178 667 praphetabant
3207 611 3368 667 usque
3394 597 3521 650 dum

1908 687 2154 742 transiret
2180 687 2461 752 meridies;
2482 697 2527 741 et
2554 690 2750 759 factum
2770 697 2843 743 est
2866 690 3120 759 quomodo
3147 698 3169 726 ε
3189 698 3387 762 tempus
3411 700 3524 745 erat

1908 786 1964 831 ut
1992 779 2289 833 accenderet
2320 775 2700 848 ‘sacriﬁcium,
2725 788 2773 834 et
2797 779 3000 834 locutus
3038 790 3111 835 est
3145 779 3328 836 Helias
3356 780 3527 836 Thes-

1911 869 2039 925 bites
2089 873 2158 924 ad
2198 870 2478 942 prophetas
2518 871 2743 927 dicens:
2784 871 3044 928 Discedite
3089 874 3304 942 amodo,
3355 883 3400 929 et
3431 889 3527 945 ego

1910 965 2100 1037 faciam
2124 965 2588 1021 holocaustomata.
2624 964 2691 1020 Et
2732 966 3077 1022 discesserunt
3098 978 3144 1022 et
3171 969 3448 1033 abierunt;
3476 980 3525 1023 et

1911 1058 2043 1114 dixit
2070 1058 2258 1116 Helias
2286 1062 2354 1114 ad
2384 1061 2638 1131 populum
2660 1078 2678 1115 :
2708 1062 2950 1117 Accedite
2974 1062 3046 1116 ad
3071 1080 3170 1118 me.
3203 1063 3269 1117 Et
3299 1079 3530 1119 accesse-

1909 1164 2032 1209 runt
2053 1171 2227 1210 omnes
2250 1156 2434 1227 populi
2455 1155 2523 1209 ad
2549 1173 2685 1223 eum,
2714 1167 2760 1212 et
2787 1160 2987 1227 accepit
3031 1157 3212 1214 Helias
3252 1160 3527 1214 duodecim

1910 1246 2113 1317 lapides
2140 1248 2425 1304 secundum
2455 1266 2726 1305 numerum
2756 1250 2919 1305 tribus
2946 1248 3138 1319 Israel,
3164 1253 3293 1306 sicut
3324 1256 3530 1308 locutus

1912 1350 1988 1395 est
2018 1339 2274 1399 Dominus
2300 1343 2369 1398 ad
2402 1359 2522 1411 eum
2562 1343 2737 1399 dicens
2770 1360 2789 1398 :
2815 1343 2987 1400 Israel
3010 1346 3105 1400 erit
3142 1363 3329 1402 nomen
3354 1357 3522 1402 tuum.

1912 1433 1983 1489 Et
2005 1436 2280 1504 aediﬁcavit
2324 1438 2555 1510 lapides,
2585 1448 2634 1493 et
2678 1440 2900 1493 restituit
2927 1440 3095 1496 altare
3142 1440 3354 1497 Domini
3388 1445 3530 1516 quod

1913 1530 2220 1599 dissipatum
2235 1535 2425 1603 fuerat,
2448 1543 2495 1586 et
2518 1533 2642 1602 fecit
2661 1538 2881 1603 foveam,
2903 1550 3018 1604 qua:
3037 1546 3242 1605 caperet
3264 1537 3397 1593 duas
3419 1555 3529 1595 me-

1916 1635 2075 1682 tretas
2105 1627 2316 1683 seminis
2339 1629 2396 1682 in
2425 1644 2554 1699 gyro
2578 1627 2765 1683 altaris
2796 1640 2844 1684 et
2866 1631 3173 1701 constipavit
3195 1633 3360 1687 scisas
3383 1644 3408 1682 ε
3440 1650 3528 1689 su-

1915 1735 2005 1789 per
2030 1720 2195 1775 altare
2221 1722 2360 1791 quod
2385 1722 2542 1792 fecit,
2570 1731 2617 1776 et
2648 1722 3014 1778 demembravit
3054 1723 3444 1793 holocaustum,
3474 1736 3526 1781 et

192 1812 323 1865 dum
374 1811 666 1881 relinquitis
694 1827 780 1866 vos
830 1810 1111 1867 Dominum
1150 1811 1315 1867 Deum
1354 1822 1612 1879 nostrum,
1645 1823 1691 1867 et
1729 1813 1813 1869 itis
1842 1796 1890 1857 Β
1916 1813 2164 1880 imposuit
2186 1815 2412 1879 scisam,
2443 1825 2490 1867 et
2516 1815 2725 1884 stipavit
2746 1831 2902 1886 super
2929 1816 3093 1871 altare
3114 1858 3129 1883 ,
3160 1829 3205 1871 et
3228 1817 3359 1873 dixit
3387 1833 3407 1873 :
3433 1816 3538 1873 Ac-

194 1914 315 1969 post
343 1902 499 1959 Baal.
539 1903 610 1957 Et
656 1921 797 1959 nunc
828 1904 992 1972 mitte,
1042 1915 1087 1960 et
1115 1922 1372 1980 congrega
1393 1907 1462 1961 ad
1507 1924 1588 1961 me
1613 1924 1815 1963 onmem
1917 1906 2071 1978 cipite
2090 1907 2218 1962 mihi
2238 1918 2463 1980 quatuor
2487 1908 2703 1980 hydrias
2724 1925 2896 1977 aquw,
2919 1920 2968 1964 et
2990 1908 3239 1977 effundite
3261 1928 3419 1982 super
3440 1912 3540 1967 lio-

188 1994 366 2052 Israel
413 1997 470 2050 in
507 2007 733 2052 montem
777 1996 1021 2067 Carmeli,
1072 2009 1120 2054 et
1168 2001 1448 2069 praphetas
1493 2001 1816 2073 confusionis
1918 1999 2227 2068 locaustum,
2257 2011 2305 2056 et
2330 2018 2483 2073 super
2509 2003 2720 2057 scisam.
2755 1999 2823 2055 Et
2863 2002 2998 2057 dixit
3031 2017 3052 2056 .'
3079 2001 3281 2057 Iterum
3325 2003 3531 2071 afferte.

199 2090 605 2163 quadringentos
632 2091 1031 2163 quinquaginta,
1061 2102 1109 2148 et
1133 2093 1409 2165 praphetas
1430 2096 1663 2149 lucorum
1690 2112 1817 2167 qua-

191 2185 499 2259 dringentos
521 2228 536 2253 ,
564 2186 934 2242 manducantes
966 2196 1014 2241 et
1038 2188 1265 2244 bibentes
1290 2190 1343 2243 in
1373 2205 1552 2244 mensa
1578 2188 1813 2246 Iezabel.

193 2276 264 2334 Et
294 2278 435 2333 misit
460 2294 555 2335 rex
584 2277 758 2335 Achab
779 2280 849 2335 ad
869 2297 1073 2336 onmem
1100 2279 1302 2350 Israel,
1332 2291 1379 2337 et
1406 2284 1608 2357 collegit
1640 2300 1817 2340 omnes

193 2370 476 2444 prophetas
520 2372 575 2425 in
623 2382 846 2428 montem
877 2372 1102 2429 Carmeli
1135 2390 1154 2429 :
1194 2383 1241 2430 et
1268 2376 1480 2430 accessit
1522 2374 1705 2432 Helias
1747 2376 1819 2431 ad

193 2483 396 2534 omnes,
441 2476 489 2522 et
532 2467 665 2523 dixit
686 2469 761 2523 eis
785 2484 804 2522 :
852 2467 1131 2540 Usquequo
1175 2484 1262 2525 vos
1312 2469 1623 2525 claudicatis
1664 2486 1818 2525 sensu

196 2561 407 2616 vestro?
431 2560 475 2616 si
508 2570 586 2616 est
611 2558 869 2616 Dominus
904 2559 1071 2631 Deus,
1101 2563 1171 2618 ite
1197 2574 1310 2635 post
1341 2565 1529 2633 ipsum.
1558 2562 1619 2621 Si
1649 2575 1820 2620 autem

198 2649 336 2707 Baal
377 2662 474 2719 est,
511 2653 581 2709 ite
606 2654 915 2722 pastillum.
950 2654 1015 2709 Et
1045 2671 1149 2711 non
1188 2657 1456 2727 respondit
1482 2657 1561 2712 illi
1595 2659 1818 2727 populus

198 2745 412 2801 verbum
439 2763 459 2801 :
482 2755 531 2801 et
559 2746 691 2802 dixit
722 2746 912 2803 Helias
940 2748 1009 2803 ad
1037 2750 1288 2822 populum
1331 2750 1508 2825 digens
1535 2767 1554 2806 :
1584 2748 1700 2825 Ego
1732 2768 1820 2806 su-

203 2840 379 2910 peravi
412 2851 435 2880 ε
465 2842 610 2895 solus
637 2837 664 2878 ἀ
696 2844 1067 2914 praphetarum
1090 2841 1305 2899 Domini
1326 2861 1481 2912 unus,
1512 2856 1560 2900 et
1590 2847 1817 2918 prophe-

203 2942 270 2988 ιω
299 2934 461 3006 hujus
506 2932 640 2989 Baal
668 2936 1035 3006 quadringenti
1066 2939 1437 3010 quinquaginta
1461 2940 1556 2994 viri
1582 2980 1596 3004 ,
1625 2949 1672 2994 et
1699 2956 1821 3012 pro-

202 3026 373 3097 pheta:
400 3026 658 3082 lucorum
712 3029 1114 3102 quadringenti;
1159 3031 1348 3086 dentur
1374 3048 1495 3104 ergo
1539 3032 1685 3088 nobis
1712 3032 1818 3088 duo

202 3120 374 3186 boves,
402 3129 449 3174 et
475 3120 669 3192 eligant
697 3121 794 3176 sibi
823 3122 907 3176 illi
937 3139 1098 3178 unum
1117 3166 1132 3191 ,
1158 3134 1209 3179 et
1234 3124 1581 3179 demembrent
1599 3166 1614 3193 ,
1645 3135 1692 3181 et
1719 3125 1819 3180 im-

1921 2094 1986 2150 Et
2012 2096 2200 2151 iterum
2227 2097 2533 2151 attulerunt.
2578 2096 2647 2150 Et
2676 2097 2810 2151 dixit
2840 2112 2860 2150 :
2890 2096 3125 2168 Repetite
3150 2098 3322 2152 tertio.
3350 2096 3419 2152 Et
3448 2114 3535 2152 re-

1920 2188 2176 2259 petierant
2218 2189 2391 2257 tertio,
2420 2198 2469 2244 et
2496 2190 2738 2242 manabat
2761 2204 2895 2259 aqua
2936 2189 2990 2242 in
3025 2188 3249 2243 circuitu
3291 2189 3535 2254 sacrarii,

1918 2290 1965 2335 et
2016 2285 2218 2353 foveam
2271 2282 2614 2351 impleverunt
2660 2297 2815 2351 aqua.
2877 2278 2948 2334 Et
2996 2280 3237 2335 clamavit
3270 2279 3454 2336 Helias
3483 2282 3538 2336 in

1918 2372 2121 2440 caelum,
2175 2382 2227 2428 et
2256 2374 2386 2429 άὶωἰι
2410 2389 2429 2428 ;
2474 2371 2732 2429 Dominus
2758 2370 2902 2428 Deus
2931 2372 3196 2427 Abraham
3218 2416 3233 2437 ,
3267 2383 3315 2429 et
3340 2373 3528 2443 Isaac,

1918 2478 1969 2525 et
1994 2467 2393 2541 Israel,;exaudi
2419 2485 2519 2537 me,
2536 2468 2776 2537 Domine,
2804 2469 2992 2525 exaudi
3022 2487 3101 2525 ine
3128 2471 3285 2526 hodie
3312 2472 3367 2526 in
3387 2472 3533 2546 igne,

1920 2574 1976 2619 ut
2018 2565 2185 2619 sciant
2208 2561 2237 2601 h
2267 2564 2436 2619 omnis
2463 2565 2691 2637 populus
2712 2566 2816 2631 hic,
2843 2565 3090 2635 quoniam
3120 2576 3175 2620 tu
3196 2583 3249 2621 es
3279 2565 3537 2621 Dominus

1919 2654 2062 2712 Deus
2093 2655 2287 2725 Israel,
2327 2668 2378 2713 et
2404 2674 2497 2729 ego
2526 2674 2701 2713 servus
2728 2667 2869 2725 tuus,
2895 2668 2944 2712 et
2979 2670 3188 2729 propter
3216 2667 3266 2714 te
3295 2660 3395 2731 feci
3422 2658 3535 2714 hac

1920 2769 2100 2823 opera,
2129 2762 2174 2808 et
2204 2764 2259 2807 tu
2283 2754 2501 2808 versasti
2526 2750 2542 2791 ί
2569 2769 2659 2808 cor
2682 2754 2863 2823 populi
2888 2753 3048 2827 hujus
3074 2765 3234 2810 retro.
3263 2752 3331 2808 Et
3349 2755 3540 2810 cecidit

1918 2846 2055 2918 ignis
2074 2864 2105 2901 a
2133 2845 2357 2901 Domino
2379 2846 2445 2901 de
2460 2846 2610 2911 coelo,
2635 2856 2682 2901 et
2699 2847 3252 2915 comeditholocausta,
3277 2859 3328 2905 et
3346 2850 3535 2917 scisas,

1921 2950 1969 2995 et
1995 2957 2185 3013 aquam
2213 2956 2329 3012 qua:
2357 2952 2466 2995 erat
2483 2942 2539 2996 in
2565 2942 2750 3009 altare,
2783 2953 2831 2998 et
2861 2941 3063 3013 lapides
3088 2952 3135 2996 et
3167 2954 3358 2998 terram
3387 2944 3541 2998 linxit

1920 3033 2055 3107 ignis
2082 3050 2101 3089 .'
2140 3044 2187 3089 et
2227 3034 2411 3087 cecidit
2441 3044 2575 3088 totus
2601 3036 2827 3106 populus
2868 3052 3025 3106 super
3055 3037 3243 3109 faciem
3276 3054 3456 3106 suam,
3487 3048 3540 3094 et

1923 3128 2057 3183 dixit
2084 3144 2097 3181 :
2137 3126 2263 3182 Vere
2284 3126 2547 3183 Dominus
2574 3127 2718 3183 Deus
2748 3129 2859 3200 ipse
2879 3140 2957 3184 est
2987 3128 3144 3185 Deus.
3174 3129 3242 3184 Et
3265 3129 3401 3186 dixit
3431 3130 3541 3186 He-

204 3221 403 3283 ponant
427 3230 540 3268 eum
563 3231 719 3284 super
745 3215 966 3288 lignum,
995 3226 1044 3273 et
1070 3218 1244 3289 ignem
1272 3236 1375 3274 non
1417 3230 1747 3291 supponunt;
1772 3231 1821 3276 et
1849 3204 1894 3270 Ο
1926 3220 2025 3276 lias
2064 3220 2134 3275 ad
2160 3221 2413 3292 papulum
2443 3236 2461 3276 .'
2515 3221 2777 3291 Suscipite
2806 3224 3085 3293 prophetas
3110 3221 3266 3287 Baal.
3299 3241 3448 3281 nemo
3477 3231 3546 3283 sit

204 3326 298 3382 ego
329 3311 523 3381 faciam
548 3310 724 3367 bovem
748 3312 1059 3384 alterum,[et
1080 3313 1250 3383 ignem
1279 3331 1382 3370 non
1408 3332 1723 3387 supponant.
1756 3313 1823 3371 Et

202 3405 426 3460 clamate
449 3405 506 3459 in
530 3406 737 3461 nomine
758 3406 978 3462 deorum
1010 3419 1291 3463 vestrorum
1319 3421 1366 3463 et
1390 3426 1485 3481 ego
1512 3408 1746 3465 clamabo
1768 3410 1823 3464 in

204 3500 416 3555 nomine
443 3497 543 3555 Dei
573 3501 692 3569 mei,
724 3510 773 3555 et
797 3502 893 3557 erit
919 3501 1003 3557 hic
1031 3500 1171 3559 Deus
1194 3504 1503 3575 quicumque
1530 3504 1824 3560 exaudierit

204 3607 302 3647 nos
329 3592 386 3647 in
407 3593 560 3665 igne,
596 3592 682 3647 hic
706 3595 802 3649 erit
841 3593 1002 3649 Deus.
1036 3592 1107 3651 Et
1143 3598 1412 3666 respondit
1451 3598 1619 3652 omnis
1652 3615 1823 3668 popu-

204 3688 326 3752 lus,
392 3696 441 3741 et
491 3686 778 3765 dixerunt:
822 3688 1025 3745 Bonum
1072 3690 1280 3746 rerbum
1323 3691 1462 3762 quod
1504 3692 1708 3747 locutus
1747 3702 1823 3748 est

209 3781 413 3838 Helias.
442 3780 510 3836 Et
540 3782 670 3837 dixit
697 3781 884 3839 Helias
907 3784 977 3837 ad
1007 3784 1286 3856 praphetas
1311 3786 1630 3856 confusionis
1655 3801 1674 3842 :
1707 3784 1823 3841 Eli-

205 3874 314 3947 gite
340 3873 480 3929 vobis
506 3874 721 3930 vitulum
754 3891 913 3930 unum
938 3885 983 3931 et
1028 3878 1184 3948 facile
1212 3878 1431 3951 priores,
1461 3879 1705 3950 quoniam
1733 3895 1821 3935 vos

207 3967 361 4022 multi
390 3969 542 4035 estis,
567 3978 616 4023 et
643 3970 861 4025 clamate
883 3970 938 4025 in
961 3972 1167 4027 nomine
1194 3971 1410 4027 deorum
1431 3983 1714 4030 vestrorum
1736 4015 1750 4041 ,
1773 3986 1821 4030 et

206 4060 382 4133 ignem
411 4061 571 4116 nolite
592 4078 903 4133 supponere.
932 4061 999 4119 Et
1028 4076 1335 4132 acceperunt
1357 4067 1598 4134 vitulum,
1618 4080 1666 4123 et
1688 4071 1820 4141 {ece-

204 4167 363 4221 runt;
392 4163 440 4211 et
482 4156 788 4213 invocabant
822 4158 878 4212 in
906 4160 1109 4214 nomine
1138 4157 1273 4215 Baal
1308 4178 1341 4216 a
1380 4177 1528 4217 mane
1564 4179 1725 4228 usque
1750 4164 1819 4218 ad

205 4262 494 4317 vesperam,
523 4258 570 4303 et
597 4248 836 4305 dicebant
859 4265 877 4304 :
902 4248 1113 4306 Exaudi
1136 4267 1253 4319 nos,
1284 4250 1449 4320 Baal,
1478 4253 1670 4309 exaudi
1700 4270 1814 4310 nos.

208 4340 281 4396 Et
312 4357 414 4396 non
437 4342 538 4413 fuit
559 4343 671 4399 istis
695 4358 796 4400 vox
815 4361 977 4415 neque
996 4345 1197 4401 auditio
1229 4361 1247 4400 :
1273 4345 1339 4402 Et
1363 4346 1604 4419 apposuit
1636 4346 1820 4405 Helias

203 4433 477 4491 Thesbites
503 4435 677 4492 dicens
708 4452 727 4492 :
768 4436 1013 4493 Invocate
1038 4438 1094 4493 in
1122 4454 1245 4493 voce
1260 4455 1456 4511 magna
1497 4440 1714 4509 pariter,
1754 4456 1819 4496 ne

207 4533 347 4603 forte
374 4539 658 4602 occupatus
677 4532 764 4597 sit,
794 4532 871 4587 vel
900 4531 1267 4603 dormiatipse,
1286 4543 1334 4588 et
1363 4532 1715 4589 suscitabitur.
1745 4531 1816 4588 Et

1923 3316 2095 3371 salvus
2132 3332 2199 3371 ex
2225 3314 2356 3371 illis.
2386 3315 2453 3370 Et
2498 3328 2840 3385 susceperunt
2877 3317 3018 3382 illos,
3041 3327 3090 3372 et
3118 3318 3335 3373 deduxit
3367 3321 3381 3370 i
3418 3320 3541 3377 illos

1925 3408 2111 3465 Helias
2137 3408 2207 3464 ad
2232 3418 2513 3464 torrentem
2541 3405 2722 3472 Cison,
2756 3418 2803 3463 et
2825 3408 3016 3463 occidit
3036 3409 3159 3464 illos
3189 3409 3291 3478 ibi;
3318 3421 3368 3466 et
3408 3412 3543 3468 dixit

1921 3504 1989 3558 ad
2015 3503 2192 3559 Achab
2222 3520 2240 3558 :
2282 3503 2550 3558 Mandata
2594 3513 2639 3557 et
2680 3503 2811 3570 bibe,
2834 3504 3080 3572 quoniam
3119 3521 3220 3559 vox
3243 3515 3318 3560 est
3350 3509 3539 3575 pedum

1924 3598 2131 3667 pluviae.
2176 3596 2247 3652 Et
2272 3597 2503 3651 ascendit
2529 3594 2705 3651 Achab
2725 3639 2741 3663 ,
2773 3607 2829 3652 ut
2855 3597 3193 3654 ntanducaret
3224 3609 3271 3654 et
3294 3598 3486 3657 biberet
3519 3619 3537 3657 :

1920 3702 1969 3747 et
1997 3692 2179 3748 Helias
2206 3691 2437 3748 ascendit
2461 3693 2517 3747 in
2552 3690 2877 3760 Carmelum,
2913 3703 2961 3747 et
2984 3694 3250 3749 inclinavit
3276 3711 3332 3750 se
3356 3697 3410 3751 in
3437 3707 3543 3752 ter.

1919 3803 2060 3854 ram,
2091 3796 2137 3842 et
2162 3786 2334 3859 posuit
2359 3785 2546 3858 faciem
2580 3801 2726 3840 suam
2762 3785 2895 3840 inter
2924 3802 3114 3858 genua,
3141 3796 3190 3842 et
3215 3788 3346 3844 dixit
3374 3805 3538 3859 puero

1919 3896 2014 3935 suo
2044 3896 2063 3934 :
2085 3880 2318 3935 Ascende
2338 3888 2386 3933 et
2414 3877 2651 3949 prospice
2676 3878 2813 3932 viam
2838 3879 3021 3935 maris.
3047 3878 3113 3934 Et
3135 3882 3359 3950 respexit
3386 3898 3536 3953 puer,

1920 3982 1966 4028 et
2012 3973 2144 4028 dixit
2186 3989 2317 4045 puer
2344 3987 2363 4027 :
2395 3969 2519 4027 Non
2549 3969 2575 4007 ¹ί
2607 3979 2682 4026 est
2724 3970 2873 4026 nihil.
2909 3970 3216 4045 Circumage
3247 3983 3296 4029 te
3323 3977 3533 4045 septies.

1921 4065 1989 4120 Et
2019 4066 2216 4136 factum
2247 4073 2323 4119 est
2355 4065 2407 4119 in
2451 4064 2668 4136 septimo
2692 4104 2708 4130 ,
2739 4074 2788 4118 et
2816 4081 2936 4120 ecce
2962 4064 3113 4121 nubis
3142 4068 3357 4137 pusilla,
3388 4070 3537 4139 quasi

1920 4159 2188 4232 vestigium
2210 4157 2434 4213 hominis
2454 4156 2718 4211 adducens
2733 4172 2923 4226 aquam
2943 4158 3008 4211 de
3026 4158 3179 4214 mari.
3208 4157 3280 4212 Et
3306 4160 3438 4214 dixit
3455 4162 3537 4215 illi

1924 4250 2105 4307 Helias
2128 4266 2148 4305 :
2165 4250 2426 4316 Ascende,
2447 4260 2494 4305 et
2520 4251 2604 4305 dic
2625 4249 2695 4305 ad
2715 4238 2889 4304 Achab
2916 4266 2934 4305 :
2962 4249 3137 4322 Iunge
3155 4268 3367 4307 currum
3387 4263 3531 4309 tuum

1920 4355 1965 4400 et
1996 4343 2237 4411 ascende,
2270 4361 2333 4399 ne
2378 4344 2780 4416 comprehendat
2822 4355 2871 4400 te
2915 4346 3113 4414 pluvia.
3142 4344 3212 4400 Et
3235 4351 3432 4418 factum
3461 4362 3537 4406 est

1918 4438 2038 4493 hinc
2067 4446 2112 4493 et
2133 4437 2270 4502 inde,
2288 4447 2335 4491 et
2354 4437 2537 4492 ctelum
2566 4436 2996 4493 contenebricovit
3026 4434 3042 4474 ι
3075 4438 3316 4507 nubibus,
3341 4449 3389 4495 et
3406 4458 3531 4497 ven-

1918 4532 2006 4601 tis,
2033 4540 2082 4586 et
2109 4532 2246 4603 facta
2260 4538 2332 4583 est
2362 4529 2539 4599 pluvia
2559 4545 2747 4601 magna
2770 4545 2789 4585 :
2809 4538 2859 4585 et
2883 4530 3121 4601 plorabat
3147 4540 3193 4587 et
3218 4533 3336 4603 ibat
3355 4534 3534 4592 Achab

284 4647 392 4732 {A
437 4647 625 4733 Sabat.
679 4648 916 4705 omissus
956 4648 1294 4716 versiculus,
1334 4648 1428 4721 qui
1458 4663 1583 4704 cum
1627 4647 1822 4705 Graeco
1845 4649 1901 4710 D
1931 4717 1967 4733 η
1997 4643 2024 4683 ἀ
2056 4644 2414 4733 δοίηίάςιηῃ
2438 4643 2616 4733 Latin.
2652 4644 2761 4701 Sed
2789 4646 3075 4730 retinenda
3101 4664 3241 4733 vos,
3276 4654 3531 4733 quaepim

206 4723 419 4791 Opiimt‘
441 4721 702 4775 colueret.

288 4793 315 4832 ιι
357 4790 479 4846 Non
518 4808 695 4848 sumus
735 4799 984 4847 vertentes
1028 4791 1161 4848 dicit
1192 4807 1344 4848 more
1372 4792 1687 4848 Grmcorum
1718 4807 1817 4862 pro

209 4882 317 4921 non
359 4864 625 4929 vertimus,
665 4872 729 4935 et
774 4866 1014 4917 vertimus
1054 4879 1154 4935 pro
1192 4864 1499 4935 apriimus;
1545 4863 1684 4919 sicut
1739 4864 1813 4919 ait

208 4937 383 5021 paulo
432 4936 570 4990 inl'ra
602 4952 615 4989 :
654 4932 766 5021 Nos
790 4952 891 4989 non
931 4932 1200 5021 avertimus
1223 4933 1321 4989 Dei
1344 4937 1574 5021 domum.
1605 4935 1697 5021 sed
1719 4945 1814 5002 tu;

208 5005 269 5066 id
304 5018 388 5062 est
418 5024 517 5079 non
541 5006 897 5079 perturbamus
922 5005 1019 5059 Dei
1032 5008 1267 5079 domum,
1289 5023 1391 5079 non
1421 5008 1810 5077 confundimus,

210 5096 379 5151 neque
421 5077 731 5151 detinquere
764 5078 983 5151 facimus
1015 5077 1113 5151 Dei
1138 5078 1416 5151 populum,
1481 5079 1814 5151 quemadmo-

213 5149 347 5207 dum
372 5167 458 5205 vos
486 5150 690 5205 Ariani.
718 5149 929 5206 Deinde
974 5149 1146 5219 paulo
1171 5149 1394 5205 inferius
1421 5149 1616 5205 vertere
1660 5166 1818 5205 usur-

214 5230 316 5296 ρςιι
339 5237 435 5292 pro
464 5221 867 5296 mattertere,si5:
891 5222 1145 5296 inquiens
1165 5240 1178 5275 :
1204 5220 1316 5277 Nec
1334 5231 1447 5290 post
1478 5231 1620 5296 tanta
1640 5223 1819 5296 digna-

216 5292 310 5350 iur
334 5303 487 5352 semet
512 5303 706 5348 vertere
728 5293 796 5347 ad
815 5292 1002 5353 Deum,
1023 5294 1074 5347 id
1099 5304 1199 5358 est,
1223 5304 1514 5347 convertere
1528 5294 1597 5346 ad
1626 5292 1818 5360 Deum,

214 5378 268 5423 et
294 5383 410 5421 eum
431 5364 709 5432 obsecrari,
740 5374 798 5420 ut
817 5364 916 5435 ipsi
934 5365 1002 5419 sit
1020 5366 1326 5419 misericors.
1353 5364 1395 5419 Τ
1400 5364 1454 5420 il.
1476 5375 1530 5421 et
1548 5364 1596 5419 In
1617 5365 1817 5420 Cerda.

213 5440 464 5496 Advorte
494 5448 674 5491 tamen
700 5440 750 5492 in
774 5437 892 5506 ipso
920 5447 1072 5492 testu
1088 5436 1289 5491 editum
1318 5436 1483 5491 fuisse
1506 5454 1596 5491 nos
1621 5454 1821 5504 sumas,

215 5524 355 5573 etc.,
388 5524 549 5580 quam
579 5509 907 5567 locutionem
939 5510 1259 5571 retinemus,
1280 5522 1405 5562 cum
1435 5516 1490 5563 et
1514 5509 1825 5580 interpunce

215 5581 390 5637 tionis
413 5579 472 5635 et
499 5584 785 5636 sententiae
831 5588 975 5635 ratio
1017 5580 1066 5633 id
1102 5580 1343 5649 postulet
1373 5596 1386 5632 :
1422 5594 1584 5635 error
1618 5579 1825 5635 librarii

215 5653 364 5711 forte
388 5653 611 5723 irrepsit
644 5652 695 5706 in
728 5662 913 5707 notam
941 5650 1083 5708 Titii.
1108 5650 1197 5706 ubi
1223 5667 1343 5723 noni
1360 5666 1457 5720 pro
1479 5668 1569 5705 nos
1600 5652 1825 5707 editum.

299 5737 322 5765 ο
358 5726 467 5780 Pro
483 5722 776 5793 supersum,
810 5724 864 5777 id
893 5734 977 5777 est
998 5723 1137 5796 solus
1160 5723 1290 5776 inter
1314 5722 1419 5796 Dei
1438 5739 1581 5778 veros
1600 5726 1827 5796 praphe-

216 5808 300 5853 tas
344 5796 570 5851 remansi
598 5805 648 5850 et
674 5811 976 5861 supersum,

217 5868 360 5929 Baal
386 5867 664 5943 prophetas
690 5868 908 5922 vincam.
940 5866 1045 5923 Til.
1076 5875 1133 5924 et
1161 5866 1211 5923 la
1238 5866 1435 5925 Cerda.

517 5961 795 6026 Panos.
835 5959 1012 6023 Xlll.

1034 5795 1087 5849 ui
1116 5811 1202 5870 vos
1238 5795 1634 5870 quadringentos
1671 5798 1830 5870 falsos

1927 4717 2435 4792 amem-dictionis
2465 4720 2761 4792 μονώτατος
2810 4720 3032 4792 egregie
3077 4717 3337 4790 exiiritnit
3375 4725 3539 4783 alteri

1923 4790 2047 4846 voci
2078 4806 2210 4843 unus
2240 4789 2529 4856 conjuncta
2548 4830 2561 4851 ,
2592 4792 2743 4859 quasi
2771 4791 3048 4845 unissimus
3077 4789 3310 4851 diceres.

2000 4871 2024 4899 ο
2061 4863 2163 4916 l’ro
2195 4862 2421 4928 quando.
2457 4859 2561 4914 Til.
2594 4871 2647 4915 et
2670 4862 2719 4915 la
2745 4862 2943 4917 Cerdo.

1999 4931 2019 4972 τ
2052 4932 2241 4989 Sabat.
2272 4933 2572 4987 ascenderet
2598 4932 2751 4999 juxta
2781 4932 2961 4990 Gnec.
2986 4938 3258 4998 ἀναϐῆναι.

1997 5015 2021 5053 ις
2050 5005 2118 5080 l_d_
2140 5014 2242 5069 est,
2269 5004 2475 5073 collegit
2494 5003 2724 5080 scitius,
2752 5006 2801 5059 id
2829 5017 2912 5062 est
2944 5008 3084 5069 iiuna
3108 5025 3230 5080 quire
3255 5020 3530 5079 secuerat,

1921 5086 1978 5135 et
2006 5076 2245 5132 sciderat
2268 5091 2435 5152 super
2455 5076 2651 5152 altare.
2685 5075 2818 5132 Nam
2848 5083 3054 5152 σχίζειν
3069 5075 3301 5135 scindere
3330 5094 3414 5139 est
3444 5075 3531 5139 vel

1918 5165 2130 5233 secare,
2169 5156 2226 5202 et
2268 5150 2441 5233 Exige
2482 5148 2702 5233 ‘tig‘num
2751 5148 2960 5206 sectuin
2987 5192 3003 5219 ,
3045 5162 3101 5207 et
3145 5153 3198 5207 in
3233 5154 3531 5225 particulas

1918 5221 2236 5278 discissum.
2269 5217 2375 5273 Tit.
2406 5230 2453 5273 et
2475 5220 2526 5273 la
2548 5217 2737 5275 Cerdo.

1995 5290 2021 5365 ιξ
2047 5292 2185 5365 Qum
2208 5289 2737 5365 Graecovpénwm;
2768 5294 2900 5348 sciat
2930 5294 3126 5365 legitur
3147 5312 3177 5352 a
3210 5295 3400 5355 Sabat.

2004 5361 2155 5443 f_Pro
2181 5361 2444 5428 avertisti,
2472 5378 2535 5418 ac
2561 5368 2605 5418 si
2639 5366 2868 5443 diceret,
2899 5361 3120 5443 Propter
3154 5370 3410 5443 malitiam
3440 5389 3537 5443 po-

1924 5435 2035 5510 puli
2064 5437 2176 5506 ejus
2198 5451 2313 5511 eum
2334 5443 2469 5511 retro
2492 5447 2592 5490 ate
2619 5438 2847 5491 avertisti
2863 5454 2883 5503 ;
2910 5435 3029 5506 qua:
3060 5435 3451 5511 interpretatio
3470 5446 3538 5501 ad

1925 5506 2233 5580 versionem
2268 5506 2592 5580 Hebraicam
2622 5514 2849 5580 propius
2876 5512 3110 5567 accedit.
3144 5506 3250 5568 Tit.

2008 5579 2021 5629 i
2063 5578 2423 5635 Deduxerunt.
2465 5578 2636 5635 Vaticl

2004 5648 2211 5726 {Mure
2255 5651 2489 5726 Cra-co,
2516 5667 2615 5726 ρῳ
2667 5668 2770 5726 non
2811 5661 2884 5707 est
2932 5654 3161 5726 aliquid,
3193 5656 3283 5714 vel
3323 5673 3426 5714 non
3467 5671 3544 5717 est

1933 5721 2234 5851 quidquam.
2269 5725 2296 5777 'l
2315 5722 2372 5778 il.
2395 5736 2449 5778 et
2478 5723 2529 5777 la
2561 5720 2761 5779 Cerda.

2014 5793 2033 5833 1
2085 5795 2116 5850 d
2140 5808 2220 5851 eSt
2240 5836 2256 5851 .
2280 5793 2463 5849 cwlum
2493 5794 2757 5849 tenebrosa

2014 5793 2033 5833 1
2063 5793 2116 5874 l_d
2132 5808 2220 5874 ρει
2240 5793 2463 5874 ,cwlum
2493 5794 2819 5874 tenebrosum
2832 5798 3190 5874 etobscurum
3210 5803 3403 5874 factum
3431 5814 3505 5861 est
3530 5846 3545 5873 ,

1938 5867 2096 5926 sicuti
2125 5869 2184 5924 tit
2210 5867 2537 5926 adveniente
2558 5868 2760 5938 pluvia.
2790 5866 2932 5927 Ibid.

2984 5966 3065 6029 27
