4042 6338
637 249 745 308 8ιὸ

1737 245 2061 305 LUCIFERI
2100 243 2411 306 EPISCOPI
2449 243 2870 308 CALARITANI

3761 267 3833 325 Gil

634 369 694 421 in
710 375 734 404 κ
751 364 944 431 Israel,
957 372 1004 417 et
1023 375 1208 418 manus
1225 361 1429 416 Domini
1439 371 1548 417 erat
1561 361 1616 416 in
1629 359 1840 416 Heliam
1855 360 1942 431 (Ill
1955 362 2242 437 Regavm,
2269 361 2326 425 Α
2350 361 2446 418 Dei
2463 403 2479 429 ,
2506 363 2788 435 cognoscit
2817 361 3000 420 Helias
3024 363 3178 436 diligi
3217 378 3275 420 se
3301 381 3327 421 a
3359 368 3462 424 Deo
3485 387 3498 424 :
3522 381 3678 428 contra
3701 376 3834 437 Achab

635 461 752 531 is).
783 457 1078 529 Cognoscis
1097 455 1152 511 in
1171 471 1276 526 qua
1291 456 1648 526 perversitate
1669 453 1899 511 hodietu
1912 456 1988 510 sis
2013 470 2240 512 manens
2323 453 2516 512 Heliae
2541 466 2860 526 persecutor
2896 456 2969 511 ita
3002 465 3084 512 est
3119 457 3302 525 miser,
3325 469 3384 516 ut
3407 462 3456 516 in
3485 461 3654 520 diaboli
3682 482 3835 539 semper

635 553 688 606 in
719 566 824 620 qua
849 548 1178 604 manseritet
1203 547 1396 622 Achab
1423 564 1437 601 :
1461 547 1530 603 de
1557 547 1725 604 tantis
1748 548 1953 604 ctenim
1984 549 2156 620 signis
2176 563 2241 604 ac
2346 556 2614 617 potestate
2655 549 2838 604 fuerit.
2878 548 2969 605 Sic
2997 548 3348 607 Athanasium
3384 554 3516 624 juste
3565 559 3708 626 puniri
3732 576 3835 617 man-

632 647 898 718 prodigiis
923 645 1184 700 exhibitis
1215 661 1322 699 non
1352 643 1608 715 dignatur
1634 643 1878 715 gaudere
1905 659 2030 700 cum
2064 659 2236 714 p0pu-

627 740 706 807 lo,
732 739 828 796 sed
851 737 1020 803 dolet,
1035 753 1136 792 cur
1151 737 1334 794 llelias
1348 736 1669 794 sacerdotes
1683 752 1744 792 ac
1761 736 2055 807 prophetas
2067 737 2240 793 idolo-

2341 641 2482 700 dasti
2510 643 2784 715 quomodo
2810 652 2863 700 et
2909 643 3125 700 Jezabel
3169 643 3492 704 Nabutheutu
3521 659 3543 688 ο
3569 649 3832 712 lsraelitem:

2341 737 2424 792 sic
2458 745 2512 792 tu
2538 751 2701 793 veros
2733 743 2898 793 testes
2925 737 3233 807 produxisti
3261 750 3442 798 contra
3468 743 3778 812 Athanasium,
3797 760 3834 804 ut

631 851 756 892 rum
795 833 964 890 fuerit
987 831 1490 889 aususinterficere
1513 849 1528 888 :
1548 847 1655 888 nec
1681 841 1799 903 post
1819 840 1970 887 tanta
1987 831 2244 902 dignatur
2340 831 2416 888 illi
2448 831 2824 903 produxerunt
2851 832 2920 887 ad
2949 849 3088 904 quos
3129 833 3416 905 scripserat
3446 835 3642 894 Iezabel
3668 839 3832 898 dictas:

623 938 801 987 semet
831 937 1050 984 vertere
1069 927 1136 983 ad
1169 927 1364 993 Deum,
1390 925 1487 982 sed
1507 926 1678 998 magis
1705 923 1884 982 adhuc
1897 924 2024 996 ejus
2054 939 2240 993 perse-

619 1024 807 1096 quitur
851 1021 1144 1077 cultorem.
1195 1018 1363 1075 Videt
1403 1019 1528 1090 quia
1574 1030 1659 1076 est
1690 1019 1832 1074 Deus
1861 1019 1914 1073 in
1964 1017 2117 1072 llelia
2141 1027 2236 1083 ,et

623 1115 798 1187 magis
824 1113 1022 1186 quaerit
1046 1113 1164 1183 ejus
1189 1113 1447 1167 animam.
1473 1110 1756 1181 Conspicit
1777 1109 2074 1181 prophetas
2106 1109 2232 1165 Baal

621 1219 679 1266 et
698 1209 948 1265 lucorum
977 1206 1146 1263 fuisse
1170 1204 1567 1262 darmoniorum
1595 1204 1858 1269 cultores,
1879 1214 1935 1260 et
1965 1203 2090 1259 illos
2119 1217 2233 1258 ma—

615 1305 700 1376 gis
721 1306 884 1360 etiam
907 1303 1211 1359 exstinctos
1238 1300 1438 1370 diligit,
1463 1313 1625 1369 quam
1653 1313 1801 1362 eum,
1827 1311 1989 1369 quem
2011 1303 2092 1352 tot
2116 1310 2230 1351 mo-

613 1396 702 1454 dis
720 1395 1035 1453 adverterat
1063 1394 1161 1450 Dei
1190 1393 1571 1450 domesticum.
1604 1393 1680 1448 Ita
1703 1402 1758 1448 et
1785 1399 1841 1445 tu
1867 1405 1964 1446 eos
1989 1387 2230 1460 dignaris

615 1489 866 1561 diligere,
897 1503 1038 1559 quos
1073 1487 1298 1542 lueresis
1325 1485 1545 1542 Arianae
1575 1492 1738 1540 sectae
1769 1483 1922 1540 vides
1952 1481 2225 1549 homines,

615 1591 672 1642 et
705 1599 768 1640 es
793 1583 887 1639 Dei
913 1581 1162 1637 cultores
1183 1595 1344 1651 qnam
1377 1581 1646 1636 acerrime
1663 1593 2018 1650 persequens.
2048 1577 2226 1634 Pauca

612 1678 684 1734 de
713 1677 896 1733 multis
924 1675 1097 1747 gestis
1129 1674 1270 1730 inter
1301 1673 1488 1729 Achab
1521 1681 1580 1729 et
1614 1671 1826 1728 Heliam
1861 1671 2067 1728 idcirco
2096 1670 2223 1726 duxi

2337 923 2586 998 Jejunate
2615 924 2635 964 ί
2659 925 2946 997 jejunium,
2975 937 3022 980 et
3043 927 3217 982 sedeat
3249 927 3534 984 Nabutfmu
3556 933 3604 984 is
3630 933 3834 1003 primopr-

2341 1020 2485 1090 pulo,
2529 1031 2576 1075 et
2625 1021 2874 1076 collocata
2913 1022 3043 1075 duos
3065 1022 3200 1078 viros
3247 1023 3382 1090 ﬁlios
3423 1025 3681 1096 iniquorum
3711 1039 3834 1084 contra

2337 1130 2483 1178 sum,
2513 1124 2560 1169 ct
2587 1125 2834 1170 testantur
2877 1116 3120 1172 adversus
3169 1133 3284 1173 eunt
3321 1119 3533 1174 dicentes
3563 1137 3579 1174 :
3605 1122 3835 1178 lolcdiziai

2336 1204 2620 1261 Dominum
2660 1217 2707 1262 et
2728 1225 2931 1280 regem;
2971 1217 3020 1264 et
3048 1209 3286 1264 deducite
3326 1227 3436 1266 eum
3459 1253 3472 1276 ,
3503 1211 3834 1285 stilapitletumt

2336 1301 2588 1355 moriatur
2618 1298 2784 1372 (Ibid.
2817 1316 2932 1366 ut,
2958 1302 3037 1371 9).
3067 1301 3218 1357 Talia
3248 1312 3372 1359 sunt
3395 1319 3546 1374 opera
3573 1322 3692 1363 nunc
3713 1317 3834 1363 vestra

2333 1390 2662 1448 Arianorum
2701 1412 2714 1448 :
2745 1409 2872 1450 reos
2901 1409 3002 1450 nos
3021 1393 3232 1464 dicitis,
3267 1397 3553 1469 impingitis
3591 1399 3747 1466 multa,
3772 1416 3836 1458 nec

2325 1486 2568 1543 testibus
2597 1486 2753 1544 falsis
2799 1488 3007 1560 egetis,
3035 1488 3140 1558 ipsi
3185 1490 3333 1546 enim
3381 1500 3541 1548 testes
3579 1493 3624 1547 in
3656 1494 3837 1549 omnibus

2331 1579 2450 1635 falsi
2479 1579 2630 1636 estls.
2672 1579 2763 1636 Sic
2793 1595 2888 1636 vos
2923 1580 3017 1636 ﬁlii
3047 1581 3370 1652 perditionis
3409 1583 3584 1640 Ariani
3613 1584 3836 1642 interficere

2331 1673 2555 1729 tentatis
2585 1673 2979 1743 Athanasium,
3014 1676 3289 1743 quornodo
3320 1677 3636 1735 Nabutbeaut
3656 1679 3835 1745 letabel;

611 1770 720 1828 tibi
748 1768 1066 1840 ingerenda,
1087 1773 1146 1822 ut
1172 1766 1350 1838 possis
1377 1781 1605 1822 noscere
1624 1763 1654 1804 ι’
1679 1780 1799 1833 vos,
1823 1780 1890 1821 ex
1923 1779 2030 1834 quo
2060 1764 2224 1819 Deum
2259 1772 2306 1832 Β
2333 1777 2608 1840 tamquam
2651 1769 2884 1839 possetis
2927 1769 3108 1824 omnia
3139 1771 3522 1839 conspicienda
3543 1771 3742 1843 stfugere
3763 1787 3838 1828 ua-

613 1861 1016 1932 derolinquitis,
1041 1873 1217 1931 neque
1236 1859 1426 1930 signis.
1449 1873 1625 1928 neque
1649 1857 1906 1928 prodigiis
1925 1857 2081 1912 facile
2096 1871 2224 1913 con-

613 1957 752 2014 verti
773 1955 842 2030 ad
857 1970 1006 2020 eum,
1030 1953 1124 2011 sed
1151 1953 1325 2024 magis
1345 1953 1400 2008 in
1421 1951 1622 2007 vestris
1641 1950 1899 2008 durantes
1920 1949 2222 2015 erroribus,

609 2061 672 2109 ut
698 2050 902 2108 bestias
941 2050 1211 2104 immanes
1245 2047 1438 2102 smvire
1471 2049 1524 2101 in
1553 2059 1772 2115 gregem
1805 2043 1900 2099 Dei
1929 2043 2222 2099 cultorum.

608 2147 978 2218 Deprecamur
1002 2153 1076 2210 te,
1098 2141 1404 2207 Constanti,
1427 2155 1495 2197 ne
1521 2139 1699 2196 adhuc
1731 2138 1784 2193 in
1809 2138 1898 2194 his
1930 2137 2035 2194 tuis
2067 2135 2224 2192 malis

607 2242 849 2314 digneris
881 2240 1176 2306 demorari,
1212 2238 1306 2296 sed
1339 2238 1512 2308 magis
1551 2249 1799 2306 emergas
1847 2250 1876 2288 a
1919 2231 2224 2290 turbinibus

607 2337 836 2404 diaboli,
859 2351 926 2391 ne
949 2335 1039 2390 illa
1063 2330 1534 2404 comprehendant
1563 2340 1616 2386 te
1633 2330 1796 2395 mala,
1819 2343 1940 2400 quae
1963 2327 2149 2384 Achab
2170 2335 2222 2383 et

604 2430 850 2488 lesabel.
880 2427 995 2484 Nec
1021 2427 1072 2482 in
1098 2441 1166 2482 eo
1188 2426 1341 2482 dicas
1363 2424 1578 2481 felicem
1605 2434 1678 2491 te,
1698 2422 1822 2494 quia
1849 2431 2039 2493 potens
2061 2421 2136 2500 sis
2155 2420 2222 2478 ad

562 2581 567 2586 _
607 2524 708 2580 Dei
727 2521 1134 2592 persequendos
1153 2518 1402 2575 homines
1423 2537 1436 2574 :
1456 2515 1672 2587 quando
1692 2516 1875 2570 videas
1894 2513 2133 2583 potuisse
2153 2511 2222 2568 ad

605 2616 832 2686 petitum
863 2614 1030 2670 Helias
1069 2610 1344 2681 exstingui
1372 2608 1564 2665 Achab
1601 2617 1656 2663 et
1681 2606 1898 2662 Jcsabcl
1919 2645 1932 2671 ,
1961 2613 2016 2662 et
2045 2615 2220 2660 [utnon

603 2709 806 2764 fuerint
828 2703 1126 2769 reservati,
1156 2711 1216 2756 ut
1240 2701 1452 2772 plenius
1481 2711 1534 2756 et
1565 2699 1733 2754 Helia:
1760 2697 1857 2753 Dei
1883 2696 2118 2752 hominis
2141 2705 2223 2752 to-

599 2800 828 2858 lerantia
853 2799 1037 2854 fuisset
1068 2797 1370 2852 beatificata
1399 2805 1454 2851 et
1481 2794 1699 2850 illorum
1732 2793 1951 2862 impleta
1975 2791 2223 2862 impieta-

601 2895 674 2950 tis
713 2907 966 2950 mensura
1007 2909 1021 2946 :
1057 2893 1210 2962 quasi
1253 2904 1382 2945 vero
1429 2903 1536 2944 non
1585 2898 1769 2958 posset
1809 2885 1993 2942 Helias
2037 2893 2220 2955 petere

599 2990 794 3054 Deum,
814 2999 873 3044 ut
900 2987 1158 3044 arderent
1184 2992 1561 3057 persecutores
1590 2983 1870 3053 religionis
1893 2982 2010 3052 ejus
2043 2981 2217 3036 idolo-

601 3101 722 3140 rum
750 3083 1012 3140 cultores.
1048 3081 1228 3152 lgnem
1259 3079 1391 3149 petit
1421 3077 1536 3132 dari
1570 3075 1638 3132 de
1669 3075 1812 3132 casio
1855 3075 1922 3130 ad
1949 3073 2217 3130 sacrificia

597 3177 1004 3242 consumenda;
1032 3175 1178 3230 illico
1193 3170 1480 3228 descendit
1501 3169 1703 3239 pluvia,
1719 3183 1842 3238 quae
1859 3167 2091 3222 triennio
2111 3167 2216 3222 fue-

2331 1878 2485 1916 num.
2535 1862 2658 1919 Scis
2699 1862 3012 1919 vindicasse
3043 1864 3212 1918 Deum
3261 1865 3568 1936 sanguinem
3615 1864 3834 1931 Nabutbei,

2329 1962 2563 2011 mortem
2597 1955 2716 2026 ejus
2739 1955 2809 2011 de
2830 1955 3080 2012 manibus
3108 1956 3512 2012 interfectorum
3536 1957 3835 2030 exquisitis»:

2327 2057 2385 2105 et
2429 2049 2716 2104 arbitraris
2745 2065 2811 2105 es
2859 2050 2967 2106 tuis
2996 2049 3248 2105 manibus
3281 2067 3387 2108 non
3429 2051 3586 2107 Deum
3619 2051 3838 2121 exquisita-

2329 2157 2450 2198 rum
2481 2142 2803 2213 sanguinem
2849 2142 3151 2198 sacerdotis
3181 2145 3265 2198 sui
3295 2144 3598 2201 Athanasii?
3627 2144 3681 2199 fit
3702 2154 3724 2193 ε
3750 2144 3836 2198 dicit

2327 2232 2585 2290 Dominus
2611 2235 2680 2290 ad
2726 2234 2936 2292 Heliam
2971 2235 3268 2292 Thesbiten:
3306 2237 3478 2293 diserta
3510 2254 3527 2293 :
3554 2237 3699 2309 Surge
3723 2247 3758 2292 tt
3783 2237 3840 2290 dt-

2324 2327 2512 2383 scemle
2535 2327 2591 2383 in
2613 2327 2812 2382 obviam
2837 2328 3010 2383 Achab
3036 2329 3149 2400 regi
3175 2327 3367 2394 Israel,
3389 2331 3474 2399 qui
3492 2341 3558 2386 est
3582 2331 3628 2384 in
3647 2329 3839 2394 Samaria,

2325 2421 2452 2491 quia
2495 2419 2582 2475 hic
2629 2421 2682 2474 in
2708 2420 2910 2475 vincam
2955 2418 3225 2474 Nabuthci
3255 2421 3545 2488 descendit,
3580 2430 3627 2474 ut
3654 2418 3840 2491 possideat

2324 2531 2460 2570 eain.
2495 2513 2562 2570 Et
2584 2514 2721 2570 dices
2743 2514 2812 2568 ad
2842 2530 2960 2570 eum
2987 2527 3007 2569 :
3043 2512 3170 2570 Hm
3189 2514 3318 2570 dicit
3341 2513 3582 2570 Dominus
3605 2527 3621 2567 :
3645 2508 3840 2580 Quomodo

2325 2606 2560 2662 occidisti
2595 2605 2946 2671 NabuJIteum,
2977 2614 3028 2662 at
3055 2605 3330 2678 possedisti
3349 2607 3540 2664 vincam
3561 2606 3675 2677 ejus,
3695 2611 3842 2672 propin

2326 2701 2422 2756 ltoc
2448 2700 2556 2758 lucc
2579 2699 2988 2780 dicitpbomittua
3012 2715 3030 2754 :
3055 2697 3124 2754 In
3151 2704 3270 2754 loro
3291 2701 3345 2754 in
3368 2715 3466 2770 quo
3493 2700 3718 2754 domum
3737 2710 3840 2748 tants

2323 2803 2372 2848 et
2399 2811 2518 2848 sues
2549 2793 2854 2865 stmgttinem
2893 2791 3178 2858 Nabutltei,
3207 2793 3281 2848 ibi
3321 2793 3514 2865 litigent
3537 2809 3670 2848 canes
3690 2789 3842 2860 sangvi-

2323 2903 2436 2944 ttem
2463 2895 2630 2950 tuum,
2659 2896 2705 2939 et
2750 2886 3050 2958 fornicatus
3077 2884 3326 2940 favebunt
3353 2887 3408 2940 in
3435 2886 3664 2958 sanguine
3699 2893 3779 2936 tuo.
3799 2877 3841 2933 Et

2321 2978 2453 3036 dixit
2465 2980 2642 3036 Achab
2665 2980 2734 3034 ad
2751 2979 2958 3036 Heliam
2974 2995 2992 3034 :
3010 2978 3069 3036 Si
3091 2980 3335 3036 invenisti
3349 2997 3446 3047 me,
3465 2977 3711 3034 iniuriamtl
3725 2974 3842 3030 mest!

2323 3077 2391 3134 Et
2424 3077 2556 3135 dixit
2591 3074 2772 3131 Helias
2803 3083 2821 3130 ς’
2848 3073 3052 3140 Inveni,
3081 3076 3332 3144 quoidam
3362 3075 3586 3146 cogitasti
3609 3074 3744 3143 facere
3769 3083 3843 3122 ms-

2325 3174 2462 3244 ligue
2505 3180 2623 3226 ante
2653 3177 2984 3240 conspectum
3031 3167 3284 3231 Domini.
3340 3179 3396 3224 ut
3423 3168 3716 3223 macriora
3747 3179 3841 3218 tua.

597 3284 682 3331 rat
696 3274 878 3330 ablata
897 3280 952 3327 et
972 3241 1252 3326 mensibus
1279 3281 1408 3332 ses;
1435 3267 1591 3336 petit,
1617 3273 1672 3319 et
1696 3262 1843 3318 illico
1867 3261 2028 3318 datur
2049 3276 2208 3332 aqua,
2238 3241 2282 3303 Ο
2318 3241 2449 3324 Haec
2489 3265 2612 3320 dicit
2655 3263 2912 3320 Dominus
2941 3277 2962 3318 :
2991 3260 3129 3317 Ecce
3155 3279 3251 3335 ego
3279 3263 3472 3320 induco
3495 3279 3637 3332 super
3657 3273 3697 3316 ts
3729 3258 3840 3321 mala,

595 3367 992 3440 quamplurima
1047 3364 1201 3434 signa
1257 3361 1422 3426 fiunt;
1465 3368 1520 3414 ct
1565 3356 1838 3427 exstingui
1881 3354 1976 3410 Dei
2007 3353 2209 3409 inimici

598 3460 668 3516 ad
717 3459 944 3530 petitum
995 3455 1167 3511 Heliae
1216 3469 1324 3508 mm
1357 3458 1674 3522 patuerunt,
1707 3463 1828 3504 cum
1877 3448 2042 3503 etiam
2089 3445 2211 3502 illos

598 3554 898 3611 honoratos
919 3547 1418 3622 quinquagenarios
1451 3544 1518 3600 ad
1544 3543 1715 3599 Helice
1740 3542 1946 3597 dictum
1979 3540 2208 3596 descen-

596 3653 734 3706 dens
780 3629 921 3718 ignis
949 3641 1396 3713 consumpserit?
1431 3637 1618 3708 ,Vidcs
1665 3636 1829 3692 hodie
1858 3651 2054 3706 posse,
2082 3633 2208 3706 quia

601 3741 950 3814 persequaris
978 3734 1360 3800 Athanasium,
1392 3731 1479 3788 vel
1511 3746 1610 3786 nos
1634 3739 1686 3786 te
1709 3729 1936 3784 fulmine
1963 3738 2055 3782 aut
2076 3741 2212 3797 quo-

596 3838 731 3893 libet
760 3833 924 3889 modo
944 3829 1220 3900 exstingui
1249 3839 1294 3894 ε,
1325 3825 1422 3882 sed
1465 3822 1738 3881 reservari
1765 3821 1831 3877 ad
1871 3823 1996 3888 hoc,
2029 3829 2088 3875 ut
2117 3828 2212 3875 aut

597 3942 652 3986 te
679 3935 990 3992 convertas,
1013 3931 1110 3978 aut
1131 3919 1312 3976 omnis
1341 3917 1511 3989 possit
1529 3915 1741 3986 impleri
1772 3914 2072 3985 iniquitatis
2104 3922 2208 3970 tua:

597 4034 874 4080 mensura.
919 4013 1353 4085 Persequebatur
1393 4009 1582 4066 Achab
1633 4024 1728 4063 rex
1774 4007 2008 4074 Heliam,
2041 4017 2098 4063 ut
2151 4017 2206 4065 tu

594 4113 941 4190 persequeris
988 4123 1132 4165 nunc
1161 4103 1542 4164 Athanasium.
1580 4099 1724 4156 Dixit
1760 4114 1954 4169 nempe
1989 4098 2206 4154 Iezabel

590 4212 659 4268 ad
691 4205 910 4265 Domini
939 4201 1286 4276 prophetam,
1319 4205 1675 4268 posteaquam
1717 4191 2081 4262 comperisset
2112 4207 2208 4262 per

594 4303 808 4360 Heliam
837 4298 960 4354 illas
986 4296 1216 4350 virtutes
1244 4288 1517 4346 exhibitas
1546 4328 1560 4354 ,
1590 4295 1648 4342 et
1688 4284 1984 4356 pr0phctas
2013 4284 2204 4340 Confu-

593 4395 766 4452 sionis
797 4406 958 4462 atque
986 4380 1313 4459 religienum
1342 4380 1660 4439 sacerdotes
1691 4377 2012 4434 interfectos
2036 4397 2050 4432 ;
2078 4375 2206 4432 Ηωο

597 4489 624 4528 ιι
653 4489 781 4544 mihi
804 4488 999 4558 faciant
1029 4483 1104 4537 dii
1121 4492 1171 4538 et
1196 4481 1305 4535 laws
1331 4478 1458 4532 mihi
1483 4475 1804 4546 adaugeant,
1831 4474 1876 4528 si
1903 4489 2004 4526 non
2028 4472 2081 4526 in
2109 4471 2204 4524 hac

600 4589 730 4643 hora
744 4599 856 4637 cras
870 4596 1088 4654 posuero
1099 4579 1326 4633 animant
1339 4584 1501 4636 tuam,
1524 4569 1955 4638 quemadmodum
1973 4568 2204 4622 animam

2259 3360 2270 3369 ’
2315 3357 2687 3414 etsttccettdam
2705 3365 2818 3426 posl
2837 3367 2884 3412 te
2904 3355 3096 3428 ignem,
3117 3367 3164 3411 et
3181 3356 3484 3427 disperdam
3501 3366 3632 3412 tanta
3651 3354 3687 3420 ί,
3701 3351 3840 3414 Achab,

2317 3452 2624 3521 mingentem
2652 3448 2721 3504 ad
2744 3452 3021 3520 parietem,
3043 3457 3092 3502 et
3124 3459 3553 3522 contemptum,“
3577 3446 3784 3516 reliquis
3805 3443 3838 3494 in

2315 3542 2486 3598 Isracl
2511 3560 2529 3598 :
2559 3554 2606 3597 et
2637 3541 2770 3596 dabo
2787 3541 3001 3596 domum
3031 3549 3174 3596 tuam
3203 3542 3344 3598 sicut
3371 3543 3578 3598 domum
3605 3537 3841 3596 [limbus

2313 3636 2414 3705 [illi
2455 3634 2690 3702 Nabatlt,
2720 3634 2852 3688 sicut
2883 3633 3094 3689 domum
3134 3631 3277 3690 Saba
3316 3635 3420 3705 ﬁlii
3450 3635 3600 3699 Acis,
3627 3647 3704 3703 pro
3727 3627 3842 3683 outsi-

2313 3728 2408 3784 bus
2436 3725 2934 3792 exacerbationibus,
2965 3724 3151 3796 quibus
3195 3727 3548 3794 exacerbasti,
3590 3729 3844 3796 etpectatm

2313 3825 2506 3880 dedisti
2548 3825 2601 3879 in
2646 3821 2840 3878 Israel.
2890 3821 2958 3876 Et
2987 3822 3056 3876 ad
3084 3820 3302 3878 Iezabel
3345 3824 3547 3878 locutus
3565 3816 3842 3876 uillarum

2312 3919 2486 3972 dicens
2509 3933 2528 3976 ε
2550 3915 2715 3972 Canes
2739 3914 3126 3972 manducabunt
3147 3931 3260 3970 eam
3283 3923 3408 3974 ante
3429 3930 3622 3970 marum
3647 3905 3804 3966 Isratll
3830 3921 3842 3956 ε

2315 4019 2362 4062 et
2389 4018 2619 4062 mortuos
2660 4017 2775 4062 tuos
2805 4007 2858 4062 in
2885 4007 3088 4061 civitate
3117 4005 3504 4066 manducabtmt
3542 4003 3737 4060 volueras
3765 3994 3841 4050 ccli

2284 4103 2480 4176 ,(Ibid.
2517 4103 2628 4173 l7).
2659 4101 2798 4172 Quid
2830 4110 2908 4168 tu,
2937 4101 3252 4170 Constanti,
3278 4102 3426 4158 dicis
3445 4101 3512 4160 ad
3538 4099 3675 4156 haec?
3694 4094 3840 4152 minora

2311 4195 2512 4252 astruis
2533 4208 2652 4251 esse
2675 4202 2896 4265 peccata
2918 4202 3032 4260 tua,
3055 4207 3214 4264 quam
3243 4191 3470 4250 fuerunt
3487 4190 3660 4252 Achab
3677 4197 3721 4244 et
3735 4183 3841 4240 Jen-

2311 4289 2441 4346 bel?
2473 4289 2548 4346 illi
2576 4287 2888 4346 sacerdotes
2910 4287 3008 4344 Dei
3036 4296 3165 4344 sunt
3205 4286 3520 4358 persecuti,
3543 4281 3844 4342 interimcrunt

2314 4383 2408 4440 Dei
2437 4383 2798 4448 domesticos,
2835 4381 3160 4451 religionem
3185 4381 3286 4438 Dei
3339 4371 3842 4445 tulerunt,etidolola—

2311 4477 2468 4532 triam
2501 4485 2848 4542 statuerunt,
2884 4475 3145 4545 populum
3177 4483 3496 4532 averterunt
3523 4491 3552 4528 a
3581 4472 3714 4535 Dco.
3739 4473 3782 4523 et
3807 4471 3843 4518 tu

2311 4569 2427 4625 haec
2455 4568 2640 4626 omnia
2672 4569 2844 4624 fecisti
2891 4582 2955 4624 ac
2984 4568 3141 4623 facis.
3175 4567 3264 4623 Sic
3303 4583 3406 4624 nos
3439 4577 3497 4622 tu
3543 4578 3688 4620 vocas
3715 4556 3843 4615 inimi-

597 4680 753 4736 tutius
774 4692 840 4731 ea:
870 4645 986 4726 illis
1017 4669 1183 4742 (Ibid.
1218 4684 1327 4733 xu,
1361 4666 1444 4739 '2).
1476 4663 1584 4722 Sed
1615 4661 1744 4735 quid
1774 4662 1930 4718 audit
1960 4653 2142 4716 Helias
2173 4676 2200 4714 ιι
2231 4645 2281 4707 θ
2307 4679 2401 4719 cos
2427 4671 2546 4717 tuos
2571 4660 2842 4731 quntnodo
2867 4669 2922 4716 et
2951 4656 3136 4716 Achab
3160 4659 3388 4725 Heliam,
3421 4659 3510 4732 qui
3531 4674 3641 4714 cum
3663 4649 3844 4708 audissd

600 4774 713 4830 Deo
741 4775 865 4841 post
889 4763 1243 4836 quadraginta
1276 4759 1486 4815 dierum
1515 4772 1582 4812 ac
1615 4757 1852 4812 noctium
1867 4755 2200 4812 celebratum

590 4860 894 4935 jejunium?
924 4870 1120 4926 nempe
1160 4859 1215 4908 ut
1237 4860 1472 4924 nugeret
1515 4863 1694 4922 rcges,
1727 4863 1825 4920 per
1853 4859 1988 4920 quos
2015 4847 2203 4906 Achab

599 4967 656 5016 ct
682 4955 812 5013 socii
841 4949 1336 5021 exstinguerentur.
1370 4941 1467 4999 Est
1486 4959 1609 4999 cum
1633 4937 1787 4999 llelia
1819 4939 2192 4998 misericordia

672 5107 698 5136 τι
725 5095 953 5152 Jezrael.
985 5087 1168 5147 Latin.
1193 5083 1466 5160 etSabal.
1496 5087 1766 5160 ntigGrrec.
1792 5094 1847 5142 et
1877 5083 2036 5160 Vulg.

669 5169 696 5208 ιι
724 5170 826 5222 l’ro
857 5179 1196 5236 cognoscere,
1227 5159 1340 5236 sive
1369 5175 1536 5236 nosse.
1562 5153 1664 5213 ΤΗ.

677 5254 696 5279 ε
725 5229 1066 5307 Exstiuguere
1099 5231 1385 5307 legendum
1411 5229 1648 5307 videtur.

668 5311 693 5348 ά
723 5313 788 5365 Et
834 5297 935 5363 hic.
962 5297 1261 5372 versiculus
1292 5317 1322 5356 a
1353 5297 1538 5372 Sabat.
1577 5305 2008 5372 practermissus,
2041 5301 2133 5372 qui
2163 5316 2192 5355 a

598 5388 788 5448 Graeco
812 5381 1149 5448 aliquantum
1168 5371 1421 5448 differret
1439 5371 1608 5448 ferme
1631 5376 1879 5448 ctntgrnit
1899 5371 2189 5448 cumVulg.

671 5439 831 5510 tif-Pro
862 5439 1089 5506 Nobotlt.
1115 5444 1210 5502 'lta
1240 5456 1296 5500 et
1333 5439 1596 5515 Iosephus
1630 5445 1722 5498 lib.
1740 5439 1816 5500 ’8.
1849 5446 1992 5499 ΑιιιὶίΔ
2015 5485 2029 5498 .
2068 5439 2188 5513 αφ.

731 5543 796 5571 ιιι
837 5526 1008 5571 lrihtts
1061 5515 1234 5571 Codd.
1268 5516 1439 5571 Vatlc.
1481 5513 1826 5571 ilcnnebertt.
1882 5528 1936 5571 ct
1987 5462 2188 5571 bushe-

599 5533 684 5593 l5,
731 5526 1008 5583 extribus
1061 5515 1234 5593 Codd.
1268 5513 1826 5593 Vatlc.'llctttteberg.
1882 5528 1936 5571 ct
1987 5513 2192 5571 Dusbe-

595 5589 796 5671 quiane
819 5597 872 5651 in
902 5593 1036 5671 edit.
1069 5589 1467 5671 llavercantpii‘.

671 5653 892 5725 i"Vers.
936 5670 1060 5720 Ant.
1110 5655 1171 5718 Et
1213 5653 1502 5733 constituite
1549 5653 1790 5733 Nabal/te
1817 5663 1869 5713 in
1907 5660 2191 5733 principum

593 5741 804 5812 populi,
830 5750 877 5795 et
911 5737 1294 5812 constituite...
1322 5731 1614 5812 iniquitatis
1639 5745 1703 5812 eis
1739 5729 2108 5812 divcrsogcjus.
2139 5740 2192 5812 ut

590 5793 803 5890 falsum
827 5793 1175 5868 testimonium
1216 5793 1612 5879 perbiberunt...
1646 5793 1916 5859 Benedixit
1943 5793 2116 5858 Deum
2144 5807 2193 5856 et

2301 4769 2404 4812 ore
2431 4754 2711 4825 propheta:
2739 4753 2953 4809 Domini
2982 4752 3437 4823 indignationem,
3473 4751 3660 4807 dixerit
3688 4765 3698 4798 :
3723 4742 3843 4800 Siiu-

2309 4848 2493 4902 venisti
2518 4861 2616 4916 me,
2638 4847 2874 4901 inimicus
2895 4845 3068 4901 Achab
3086 4846 3196 4920 regi
3217 4843 3385 4918 (Ibid.
3409 4847 3540 4918 20)?
3567 4843 3742 4910 Nempe
3757 4835 3842 4906 qui:

2301 4941 2510 4996 diceret
2549 4955 2562 4992 :
2605 4935 2731 4994 Noli
2775 4937 2933 4994 idolis
2980 4941 3204 5006 servire,
3248 4939 3340 4994 sed
3388 4935 3496 4993 Deo
3525 4935 3620 4991 soli
3660 4926 3839 4990 Abrahc,

2299 5102 2470 5155 regem
2501 5101 2519 5140 :
2557 5094 2604 5140 et
2647 5083 2914 5151 producitc
2952 5082 3104 5138 illum
3132 5092 3180 5138 et
3208 5081 3464 5150 lapidata.
3495 5079 3690 5137 Lucifer
3710 5075 3841 5155 aptius

2302 5145 2417 5212 hic
2434 5171 2558 5244 cum
2585 5145 2774 5239 Graeco
2796 5175 2810 5210 ι
2829 5155 2904 5210 Ἐν
2932 5158 3078 5232 ἀρχῇ
3109 5161 3206 5214 τοῦ
3233 5145 3383 5221 nos,
3414 5157 3468 5210 in
3494 5156 3649 5244 primo
3671 5145 3840 5235 populo;

2297 5229 2642 5306 παρανόμων,
2685 5221 2978 5292 iniquortmi
3003 5221 3678 5306 ξ”καταμαρτυρησᾶτωσαύ
3708 5221 3838 5306 gini.

2299 5285 2546 5354 tesicntrir
2569 5285 2810 5354 adversus
2837 5285 3075 5366 ettmfet
3106 5285 3584 5358 addit'tno'riatur.
3624 5306 3673 5351 ut
3706 5285 3838 5348 Griec-

2299 5377 2386 5425 καὶ
2411 5373 2728 5425 ἀποθανέτω.

2299 5394 2386 5428 και
2411 5393 2728 5430 απουανετω.

2305 5503 2308 5506 ,
2371 5454 2396 5491 8
2431 5441 2580 5499 llnnc
2611 5439 2978 5506 versiculum.
3013 5435 3080 5497 Et
3126 5441 3256 5500 dixit
3294 5437 3547 5497 Dominus
3579 5439 3641 5494 ad
3679 5431 3839 5490 ΗεΙὶαηι

2300 5509 2590 5584 Tltesbitem
2620 5515 2791 5570 dicens
2811 5557 2826 5582 ,
2855 5513 3060 5570 omittit
3098 5515 3312 5582 Sabat.,
3347 5514 3440 5584 qui
3477 5527 3591 5569 cum
3621 5507 3780 5564 (ἐτεθοο
3801 5507 3840 5556 ct

2297 5583 2526 5660 Vulgata
2559 5589 2818 5660 cohaeret.

2369 5647 2608 5737 Ῑρνβιωο.
2641 5659 2665 5716 ὁ
2693 5660 2885 5737 ἐχθρᾲς
2913 5681 3036 5734 μου.
3060 5657 3217 5730 Legit
3239 5653 3432 5734 Sabat.
3457 5655 3704 5737 inimicum
3723 5647 3810 5737 li.“-

2373 5730 2388 5810 ξ
2425 5727 2486 5814 l_d
2509 5725 2884 5814 εδιηᾳᾎῖᾱιῂιὶιι
2911 5725 3176 5814 ὶιιιιηερεῐ,
3208 5749 3369 5806 usque
3391 5725 3706 5804 iningtutem,
3725 5728 3808 5776 cu.

2374 5803 2386 5852 i
2417 5795 2848 5861 JezraelCVat'ic.
2880 5816 3002 5859 cum
3035 5795 3276 5861 Graeco;
