4042 6338
204 280 315 344 alii

1268 285 1406 348 PRO
1440 283 1711 348 SANOI‘D
1751 278 2150 350 ATRANASIO.
2187 279 2394 349 LIBER
2435 281 2474 339 Ι·
2567 343 2569 345 ,

3408 279 3515 352 816

211 400 400 466 Isaac,
429 408 478 456 et
507 399 674 464 Israel
695 419 713 456 :
745 409 960 462 einunc
983 403 1110 472 quia
1138 403 1232 462 tibi
1267 404 1520 462 dicatur:
1546 401 1678 460 Noli
1703 420 1814 460 esse
1841 414 1894 475 Α
1919 414 2019 458 nos
2067 399 2413 470 persequaris
2461 397 2675 462 Domini
2727 395 3073 464 sacerdotes;
3103 410 3228 456 cum
3275 398 3333 456 in
3377 398 3522 456 libro

205 493 516 560 lueretirus,
543 495 632 550 sed
652 506 758 550 esto
789 495 1143 565 Christianus,
1168 498 1420 554 inimicos
1450 509 1634 565 vocas,
1667 496 1809 568 quod

209 587 308 644 tibi
339 586 705 646 idololatriam
731 588 967 646 tradenti
998 589 1112 646 haec
1132 591 1446 661 ingerentur
1473 599 1522 652 α.
1553 604 1673 660 qua:
1697 589 1808 645 fue-

206 684 320 744 rint
367 683 574 754 ingesta
604 693 661 740 et
706 699 802 756 per
836 684 1044 740 Heliam
1091 683 1204 754 regi
1234 685 1456 746 Achab;
1504 684 1595 755 qui
1623 681 1811 740 Achab

205 778 494 836 dilexisset
522 779 768 850 profeCto
795 779 1024 846 Heliam,
1048 780 1094 834 si
1125 780 1242 850 ejus
1260 779 1422 836 idolis
1445 779 1658 836 Domini
1683 789 1808 848 prc-

206 874 373 944 pbeta
412 875 718 932 censuisset
765 873 1134 942 serviendum,
1165 872 1654 944 derelinquendum
1683 887 1810 930 vero

205 965 409 1022 Deum.
437 966 644 1036 Negare
684 965 711 1007 b
749 977 806 1024 tu
835 967 888 1024 id
916 981 1025 1024 non
1055 976 1232 1038 potes,
1264 966 1407 1038 quod
1435 967 1582 1026 enim
1611 967 1657 1022 si
1689 981 1810 1022 esse

201 1058 564 1130 elegissemus
591 1061 732 1132 quod
763 1062 880 1132 ipse
902 1074 984 1127 es,
1011 1060 1212 1118 fuisses
1236 1076 1334 1118 nos
1365 1061 1622 1132 singulari
1645 1060 1810 1116 dilec—

205 1162 365 1208 turus
385 1153 606 1210 aﬂ’ectu.
629 1153 836 1222 Quibus
859 1154 1018 1210 rebus
1041 1154 1358 1223 intelligeris
1380 1169 1502 1210 esse
1522 1153 1662 1210 ﬁlius
1687 1168 1809 1224 pes-

201 1245 457 1313 tilentim,
483 1248 828 1308 tenebrarum
857 1247 996 1313 loris,
1025 1263 1224 1318 gurges
1250 1247 1489 1304 omnium
1517 1235 1823 1312 palorum,

199 1350 373 1412 caput
401 1342 570 1398 totius
615 1344 901 1414 nequitiae,
935 1343 1149 1400 sentina
1180 1346 1424 1400 omnium
1468 1343 1810 1414 blaspheme-

199 1450 348 1501 ruui,
379 1435 759 1494 bazreticornm
788 1437 979 1502 futues,
1010 1436 1165 1494 radix
1202 1435 1613 1503 amaritudinis;
1646 1437 1810 1492 arbos

200 1529 313 1601 igni
350 1530 658 1598 destinata,
688 1533 890 1603 quippe
935 1529 1172 1588 alierens
1212 1529 1422 1588 fructus
1462 1529 1804 1595 mortiferus;

198 1625 460 1683 inimicus
488 1626 606 1695 Dei,
642 1626 816 1684 hostis
844 1626 1097 1683 ecclesia:
1115 1667 1129 1692 ,
1158 1624 1402 1682 veritatis
1429 1625 1808 1695 interpolator.

200 1721 494 1793 pravitatis
508 1722 890 1786 conicinnator,
918 1720 1198 1790 iujustitizn
1219 1717 1694 1789 amator-,justitim
1717 1716 1812 1774 ad-

1912 493 2374 564 Paralipomenon
2417 492 2662 554 secundo
2707 491 3049 550 inveniamus
3095 491 3424 549 llieroboam
3463 503 3521 550 et

1911 589 2033 660 ejus
2061 589 2204 646 ﬁlios
2237 590 2353 648 haec
2381 588 2580 660 egisse.
2606 587 2775 646 Sacra
2807 588 3099 659 scriptura,
3130 587 3298 654 Iuda,
3321 588 3518 658 inquit,

1911 694 1958 738 et
1988 682 2284 756 Benjamin,
2318 694 2364 740 et
2391 684 2586 750 leuitte,
2617 693 2664 738 et
2695 682 2987 740 sacerdotes
3010 683 3098 752 qui
3124 692 3271 742 erant
3298 683 3351 738 in
3380 685 3523 738 omni
3585 698 3591 703 ‘

1911 775 2104 844 Israel,
2127 787 2476 834 conuenerunt
2527 792 2592 832 ea:
2614 776 2847 841 omnibus
2867 775 3088 847 ﬁnibus,
3109 777 3353 848 quoniam
3375 776 3523 832 dere-

1911 869 2173 940 liquerunt
2214 870 2402 934 ileritw
2461 881 2506 927 et
2549 869 2884 928 tabernacula
2929 887 3023 928 sua
3073 881 3126 926 et
3167 871 3519 942 possessiones

1908 979 2053 1030 suas,
2078 975 2124 1019 et
2151 965 2389 1022 abierunt
2419 965 2487 1020 ad
2508 963 2826 1026 Hieroboam
2857 964 2904 1033 ί,
2935 965 3184 1037 quoniam
3209 964 3412 1037 repellit
3436 981 3522 1020 eos

1913 1053 2246 1126 Hieroboam,
2277 1066 2325 1113 et
2349 1058 2450 1127 filii
2475 1061 2611 1128 ejus,
2652 1067 2842 1122 utnon
2877 1057 3130 1116 servirent
3168 1056 3414 1114 Domino.
3456 1059 3519 1112 Et

1889 1155 2174 1214 constituit
2211 1158 2282 1218 ibi
2310 1159 2601 1216 sacerdotes
2637 1160 2998 1225 excelsorum,
3037 1169 3084 1215 et
3113 1161 3409 1217 simlaeris
3429 1203 3442 1226 ,
3471 1174 3519 1216 et

1911 1248 2184 1306 danmziia
2205 1293 2218 1316 ,
2239 1261 2285 1306 et
2317 1253 2490 1310 vitulis
2507 1295 2522 1319 ,
2553 1270 2672 1320 qua
2699 1255 2822 1324 fecit
2843 1253 3159 1311 Hierome
3183 1273 3202 1310 :
3231 1265 3280 1312 et
3307 1258 3526 1330 projecit

1910 1360 1996 1400 eos
2023 1359 2054 1403 α
2086 1355 2110 1392 8
2143 1345 2274 1416 filiis
2301 1344 2496 1412 Israel,
2528 1359 2576 1404 et
2607 1365 2639 1402 α
2675 1349 2912 1405 tribubus
2940 1348 3132 1417 Israel,
3159 1351 3248 1421 qui
3274 1350 3524 1406 dederant

1910 1451 2001 1492 cor
2026 1454 2175 1494 suum
2203 1453 2436 1510 quarere
2467 1440 2748 1496 Dominum
2781 1441 2948 1496 Deum
2977 1439 3147 1499 Israel
3177 1442 3246 1514 (ll
3273 1441 3517 1514 Paralip.

1912 1545 1992 1595 si,
2029 1532 2144 1602 12).
2180 1531 2296 1588 Non
2326 1533 2437 1590 erit
2477 1535 2662 1606 itaque
2692 1535 3109 1603 admirandum,
3142 1537 3188 1592 si
3227 1545 3281 1592 tu
3305 1551 3408 1593 nos
3438 1537 3523 1592 vel

1913 1625 2072 1680 nobis
2100 1625 2364 1684 divinitus
2391 1629 2723 1685 commissos
2753 1631 3138 1702 persequeris,
3171 1631 3221 1688 si
3243 1631 3310 1687 de
3337 1647 3398 1688 re
3432 1648 3529 1688 no-

1913 1716 1998 1774 bis
2019 1720 2313 1778 commissa
2345 1735 2450 1778 nos
2482 1723 2662 1792 pellis,
2691 1724 2740 1784 si
2767 1723 3006 1796 denique
3036 1724 3176 1782 locis
3209 1726 3414 1784 nostris
3438 1741 3526 1782 or-

201 1816 760 1882 versariusuotusin
785 1816 1055 1884 tenebras,
1075 1825 1130 1872 ct
1153 1815 1372 1886 quidem
1399 1813 1810 1870 inextricabiles
1841 1813 1888 1874 B
1915 1812 2076 1872 dines
2120 1813 2218 1872 Dei
2266 1815 2524 1874 inimicos
2553 1831 2691 1888 eos,
2744 1819 2840 1890 qui
2883 1827 3062 1878 tecum
3111 1819 3530 1891 dereliqueruut

201 1926 535 1978 conversus;
565 1911 740 1966 factus
768 1926 896 1966 vero
921 1909 1100 1966 verius
1134 1908 1397 1979 templum
1427 1907 1669 1963 omnium
1697 1905 1807 1962 dic-

201 2020 457 2067 monum.
487 2021 720 2074 quorum
771 2005 1032 2060 instinctu
1081 2003 1197 2058 haec
1223 2013 1452 2066 cuncta,
1487 2011 1543 2058 ut
1583 1999 1804 2066 Achab,

202 2108 554 2172 perpetratus
583 2101 749 2156 fueris
773 2101 938 2166 mala,
961 2114 1023 2154 ac
1046 2097 1401 2171 perpetratis.
1426 2097 1532 2155 Sed
1559 2112 1663 2151 non
1693 2096 1806 2160 diu,

201 2194 308 2250 nisi
342 2201 396 2248 te
425 2193 766 2248 converteris
786 2192 854 2248 ad
885 2191 1076 2256 Deum,
1095 2205 1218 2248 esse
1246 2191 1451 2261 poteris
1481 2191 1807 2259 impunitus;

201 2299 326 2342 cum
377 2301 572 2342 cernas
629 2301 750 2354 quin
796 2284 1109 2355 receperint
1159 2282 1348 2340 Achab
1390 2281 1709 2338 ethsabel.
1754 2282 1807 2336 Si

201 2378 348 2434 etiim
381 2375 599 2444 Achab,
630 2377 771 2434 sicut
814 2377 864 2432 ei
911 2376 1085 2434 fuerat
1121 2375 1446 2448 promissum
1478 2391 1574 2430 ore
1618 2375 1806 2440 lle-lia).

201 2470 426 2536 interit,
455 2473 498 2528 si
527 2486 693 2528 canes
723 2469 1017 2528 comedunt
1047 2469 1298 2536 lczabel,
1334 2478 1388 2524 tu
1427 2470 1536 2523 eris
1567 2484 1593 2520 a
1646 2466 1810 2527 tantis

205 2562 508 2634 impunitus
536 2561 907 2620 facinoribus?
947 2562 1036 2630 qui
1067 2575 1171 2618 non
1202 2562 1375 2616 solum
1414 2561 1522 2616 non
1550 2559 1706 2618 doles
1733 2561 1814 2616 iu-

204 2657 492 2716 terfccisse
517 2666 568 2712 te
599 2657 708 2714 Deo
742 2657 1101 2726 mancipatus,
1130 2655 1226 2712 sed
1253 2666 1306 2710 et
1331 2653 1506 2712 adhuc
1535 2653 1811 2724 glorieris,

201 2752 530 2810 existimans
553 2751 690 2806 bene
713 2758 763 2807 te
795 2748 1012 2805 fecisse.
1045 2748 1157 2804 Nec
1184 2748 1380 2804 mirum
1407 2763 1527 2804 cum
1556 2745 1812 2817 praescius

203 2844 535 2910 futurorum,
561 2845 718 2913 cujus
743 2851 798 2898 tu
826 2851 1145 2914 negatores,
1171 2842 1365 2898 dixerit
1395 2841 1445 2896 in
1473 2839 1764 2910 Evangelia
1795 2857 1808 2892 :

207 2937 394 3004 Yeniet
425 2949 447 2976 ο
478 2937 608 2992 hora
627 2978 642 3004 ,
676 2945 732 2994 ut
757 2937 924 2992 omnis
950 2935 1038 3006 qui
1069 2951 1154 2990 uos
1182 2934 1428 2992 occiderit
1461 2943 1600 3004 putet
1628 2950 1681 2989 se
1705 2934 1813 3004 offi-

201 3036 350 3088 cium
373 3031 485 3088 Deo
517 3037 726 3104 facere;
753 3031 841 3088 sed
869 3032 963 3086 hoc
998 3030 1199 3102 faciunt
1242 3029 1364 3100 quia
1394 3030 1624 3088 nesciunt
1653 3045 1814 3099 neque

204 3129 447 3196 Patrem,
462 3144 620 3198 neque
635 3127 842 3184 unicum
858 3125 1056 3182 Filium
1067 3129 1179 3199 ejus
1196 3122 1250 3196 (Ι
1259 3143 1372 3181 cari.
1393 3140 1501 3190 ινι,
1516 3125 1574 3192 2)
1593 3140 1606 3178 :
1623 3123 1812 3180 Sciens

1915 1906 2117 1975 Deum,
2149 1909 2372 1979 quando
2422 1910 2611 1967 videas
2662 1910 2782 1969 hinc
2813 1922 2866 1970 te
2911 1913 3142 1984 implere
3171 1929 3296 1984 qusi
3335 1913 3531 1972 fecerit

1913 1999 2270 2058 Hioroboam.
2300 2003 2442 2069 Quid
2466 2013 2552 2060 est
2579 2005 2722 2062 enim
2747 2004 2933 2062 dicere
2967 2023 2982 2060 :
3022 2005 3211 2064 Fidem
3243 2007 3387 2078 apud
3418 2006 3526 2064 Ni-

1911 2109 2070 2149 caeam
2087 2095 2330 2151 damnate
2347 2098 2723 2168 conscriptam,
2739 2105 2790 2154 et
2805 2099 3058 2172 suscipite
3077 2115 3244 2156 nteant
3257 2117 3276 2166 ;
3291 2102 3394 2157 nisi
3421 2103 3526 2156 hoc

1909 2185 2055 2256 quod
2085 2187 2225 2243 dixit
2250 2187 2620 2244 Hicroboam:
2648 2190 2716 2246 lt‘t
2747 2193 3023 2261 relinquite
3054 2193 3250 2261 Deum,
3279 2204 3327 2249 et
3349 2195 3532 2249 seruile

1909 2281 2210 2336 simulacris
2238 2283 2404 2338 meis?
2427 2282 2564 2352 Quis
2587 2293 2644 2338 tu
2677 2286 2839 2342 Ιιιοιιιυ
2868 2285 3041 2343 dicis:
3070 2285 3326 2342 Danmate
3351 2289 3534 2343 absen-

1913 2382 2036 2439 tem,
2067 2374 2390 2441 inauditum,
2421 2376 2789 2432 innocentem?
2817 2386 2969 2432 certe
2997 2378 3064 2444 is,
3097 2379 3192 2448 qui
3219 2377 3336 2448 jam
3367 2378 3526 2434 [idem

1911 2470 2274 2539 apostolicam
2297 2484 2596 2540 negaveras
2617 2480 2781 2540 atque
2809 2470 3212 2542 evangelicum;
3237 2483 3437 2541 nempe
3459 2471 3526 2539 is,

1909 2562 2002 2632 qui
2023 2561 2375 2618 traditionem
2400 2563 2680 2618 beatorum
2699 2561 3078 2630 destruxeras,
3099 2572 3366 2634 quantum
3383 2563 3528 2634 apud

1913 2665 1969 2714 te
2002 2673 2066 2714 ac
2098 2665 2224 2714 tuos
2267 2668 2384 2721 est,
2427 2657 2802 2728 apustolorum
2829 2677 2844 2713 :
2875 2657 3004 2714 inde
3045 2657 3282 2726 denique
3321 2657 3526 2714 factum

1913 2758 2020 2814 est,
2052 2759 2112 2804 ut
2141 2749 2207 2803 ad
2241 2757 2450 2804 tantum
2482 2749 2703 2806 venires
2729 2749 3078 2815 vecordiam,
3112 2750 3240 2821 quia
3267 2750 3441 2807 fueris
3475 2760 3532 2806 ut

1914 2840 2247 2897 llieroboam
2272 2842 2394 2896 sine
2425 2841 2553 2897 Deo.
2577 2839 2846 2900 Ceterum
2874 2843 2920 2898 si
2947 2841 3114 2898 Deum
3146 2842 3458 2910 habuisses,
3489 2843 3534 2899 si

1914 2945 1965 2991 te
1980 2936 2100 3004 ejus
2115 2935 2466 2992 meminisses
2483 2923 2771 3006 cultorem,
2799 2953 3094 3006 numquam
3117 2938 3361 3009 profecto
3383 2937 3531 2996 dice-

1900 3043 2040 3096 res:
2066 3027 2321 3085 Damnata
2348 3031 2680 3086 innocentem
2698 3032 2984 3102 ,‘percutite
3007 3032 3324 3098 inauditum,
3349 3035 3531 3088 absen-

1915 3131 2037 3187 tem,
2054 3123 2471 3180 eoruncerdotem
2491 3134 2732 3180 vestrum.
2759 3124 2827 3180 Et
2841 3133 2902 3180 ut
2918 3124 3106 3182 videas
3131 3134 3184 3182 te
3207 3140 3316 3184 non
3331 3140 3454 3184 esse
3474 3125 3528 3180 in

205 3233 288 3293 tu,
315 3223 524 3293 degens
561 3224 682 3280 sine
713 3222 905 3278 nmitia
955 3221 1046 3278 Dei
1085 3221 1434 3299 persequeris
1459 3219 1818 3276 Athanasium
1845 3201 1890 3266 C
1927 3215 2063 3283 Deo,
2088 3216 2232 3273 unde
2254 3225 2310 3274 et
2333 3219 2457 3274 talia
2482 3217 2600 3274 fieri
2632 3219 2932 3283 mandaris,
2953 3218 3142 3288 accipe
3170 3235 3378 3291 regem,
3404 3234 3528 3274 cum

203 3331 338 3374 vera
369 3315 462 3372 tibi
505 3314 779 3371 dicentem
803 3355 818 3381 ,
848 3329 912 3370 ex
953 3321 1070 3372 toto
1108 3321 1389 3368 amantem
1433 3312 1602 3368 Deum
1633 3311 1817 3370 corde.

199 3409 298 3468 Sic
329 3421 384 3468 ct
431 3409 620 3468 Achab
662 3420 984 3482 persecutus
1035 3408 1265 3466 Heliam.
1300 3407 1410 3466 Sed
1440 3407 1564 3465 vide
1609 3407 1817 3464 exitum

201 3501 382 3559 llelia‘.
424 3512 586 3573 atque
637 3503 838 3558 inimici
869 3502 987 3572 ejus
1034 3500 1239 3557 Achab.
1295 3501 1502 3558 Heliam
1557 3485 1820 3570 eonsp‘nce

205 3595 536 3652 translatum
563 3593 630 3649 ad
658 3590 686 3631 ἀ
714 3595 988 3650 amicitias
1015 3592 1109 3650 Dei
1155 3593 1512 3664 perfruendas
1558 3603 1816 3660 aeternas;

205 3697 266 3747 et
310 3703 453 3746 nunc
479 3687 666 3750 Achab
714 3696 998 3759 torquetur
1039 3689 1091 3744 in
1141 3688 1508 3744 exterioribus
1551 3687 1816 3744 tenebris.

207 3785 310 3842 Est
346 3783 530 3840 Helias
577 3783 645 3839 de
684 3782 782 3838 Dei
811 3781 1064 3854 gaudens
1095 3780 1376 3848 amicitiis,
1421 3791 1474 3838 et
1507 3789 1592 3838 est
1635 3780 1821 3840 Achab

205 3879 508 3936 exsolvens
535 3885 826 3948 perpetuas
855 3889 1065 3946 plenas.
1095 3875 1216 3932 Erit
1243 3876 1362 3932 sine
1378 3874 1547 3932 dubio
1581 3875 1823 3932 Athana.—

202 3973 326 4030 sius
355 3971 410 4029 in
440 3970 694 4030 convivio
722 3971 814 4030 ub'i
845 3981 926 4028 est
959 3969 1164 4038 Helias,
1195 3979 1250 4028 et
1281 3980 1335 4027 tu
1358 3971 1469 4028 eris
1491 3971 1545 4028 in
1571 3971 1694 4026 loco
1728 3969 1820 4026 illo

205 4073 642 4132 tormentorum,
673 4065 778 4120 nisi
808 4064 902 4120 tibi
927 4065 1274 4122 consulueris
1294 4105 1309 4130 ,
1334 4064 1388 4118 in
1411 4079 1519 4134 quo
1543 4063 1821 4120 detinetur

204 4158 403 4220 Achab
420 4197 435 4224 ,
458 4157 613 4229 cuius
636 4159 689 4220 in
718 4158 980 4216 omnibus
1005 4157 1247 4213 imitator
1277 4157 1576 4228 reperieris
1599 4167 1644 4212 θ.
1673 4157 1818 4214 Istud

205 4261 296 4310 est
319 4267 538 4324 sapere,
565 4263 623 4310 ut
641 4253 908 4325 elegisses
933 4250 1312 4309 infelicitatem
1339 4258 1599 4307 aeternam
1632 4251 1821 4308 Acltsb

205 4349 392 4420 regis,
420 4348 590 4420 magis
619 4365 781 4422 quam
815 4349 921 4406 frui
945 4349 1207 4405 felicitate
1225 4357 1514 4418 perpetua,
1547 4363 1709 4419 quam
1736 4355 1822 4404 est

204 4450 550 4502 consecutus
615 4441 832 4500 Helias?
889 4441 1050 4512 cujus
1107 4440 1524 4496 translationem
1581 4441 1822 4512 loquitur

203 4535 485 4606 scriptura
519 4535 572 4592 in
601 4545 798 4607 quarto
837 4535 1150 4605 Regnorum
1199 4533 1338 4590 libro
1360 4533 1554 4590 dicens
1584 4551 1597 4587 :
1627 4533 1820 4590 Eunti-

1921 3321 2030 3380 quo
2063 3325 2163 3380 pro
2191 3309 2400 3368 iueritis
2429 3312 2600 3368 tuerit
2623 3311 2771 3372 Deus
2801 3326 2956 3376 suus,
2983 3311 3174 3382 accipe
3197 3320 3253 3370 et
3281 3311 3404 3380 ejus
3431 3312 3529 3368 ob-

1915 3405 2291 3462 secrationem
2321 3403 2390 3460 ad
2417 3405 2635 3462 Domini
2660 3405 3001 3472 sacerdotes.
3029 3421 3171 3476 quos
3195 3406 3400 3478 pepqu
3421 3406 3518 3464 Dei

1921 3497 2237 3568 impellebat
2251 3497 2459 3567 justum
2474 3498 2726 3568 judicare
2737 3499 3013 3570 judicium
3040 3517 3052 3553 :
3077 3501 3340 3572 ccnspice
3359 3503 3523 3558 etiam

1921 3599 2146 3648 tuorum
2189 3607 2219 3646 a
2269 3601 2324 3650 te
2371 3601 2566 3648 centra
2609 3593 2902 3650 ecclesiam
2954 3594 3336 3654 institutorum
3381 3594 3528 3665 judi-

1921 3685 2071 3742 cium
2107 3683 2156 3754 δ,
2185 3695 2242 3742 et
2273 3685 2426 3743 illius
2458 3687 2844 3744 ministrorum
2870 3697 3050 3756 actus,
3080 3698 3139 3747 et
3167 3689 3372 3760 poteris
3398 3705 3529 3762 per-

1922 3777 2186 3848 pendere,
2222 3779 2266 3834 si
2307 3788 2488 3835 tecnm
2527 3795 2638 3836 non
2670 3781 2936 3836 immundi
2979 3781 3210 3852 spiritus
3252 3793 3404 3851 sunt,
3433 3783 3529 3854 qui

1921 3869 2144 3928 fuerunt
2172 3887 2294 3928 cum
2325 3873 2675 3930 Hieroboam.
2702 3873 2774 3930 Et
2801 3875 3072 3942 habitauit,
3095 3875 3276 3945 inquit
3302 3877 3356 3932 in
3381 3876 3526 3934 libro

1922 3966 2170 4021 secundo
2210 3966 2696 4038 Paralipomenon,
2727 3967 2986 4041 Iosophat
3021 3969 3078 4024 in
3117 3969 3438 4039 Jerusalem,
3477 3980 3525 4026 et

1921 4074 2199 4115 conversus
2219 4070 2313 4122 est,
2348 4069 2397 4114 et
2428 4061 2554 4116 exciit
2585 4061 2640 4116 in
2670 4064 2860 4134 populo
2891 4081 2923 4116 η
2965 4061 3224 4120 Bersabee
3263 4080 3425 4136 usque
3455 4066 3524 4120 ad

1925 4164 2150 4208 iacntem
2169 4153 2427 4224 Ephrem,
2451 4167 2500 4211 et
2531 4158 2784 4212 conuertit
2820 4175 2904 4212 eos
2938 4158 3007 4212 ad
3045 4157 3324 4214 hominum
3351 4159 3522 4214 Deum

1925 4258 2132 4319 patrum
2156 4267 2390 4318 suorum,
2423 4262 2475 4306 et
2504 4253 2688 4306 statuit
2711 4251 2922 4323 judiees
2951 4253 3004 4306 iu
3028 4254 3272 4308 omnibus
3301 4254 3524 4308 ciuitati-

1923 4343 2018 4400 bus
2043 4343 2074 4399 J
2082 4344 2187 4398 uda
2214 4346 2446 4412 munitis,
2469 4352 2519 4400 et
2541 4361 2632 4415 per
2652 4335 2883 4416 singulas
2906 4346 3142 4401 ciuitates
3161 4346 3294 4402 dixit
3321 4349 3523 4418 judici-

1923 4437 2058 4494 bus:
2088 4438 2272 4495 Videte
2292 4439 2417 4510 quid
2447 4437 2462 4476 ί
2495 4439 2636 4494 vobis
2659 4439 2865 4511 facietis
2893 4456 2913 4495 :
2934 4457 3039 4496 non
3062 4442 3198 4496 enim
3219 4443 3416 4499 homini
3432 4447 3529 4518 ju-

1923 4530 2182 4597 dicabitis,
2227 4532 2318 4586 sed
2358 4531 2605 4598 Domino,
2653 4541 2706 4587 et
2745 4534 3006 4589 uobiscum
3048 4546 3126 4590 est
3173 4536 3228 4591 in
3269 4537 3442 4605 uerbo,
3477 4549 3530 4594 et

206 4627 308 4686 bus
349 4636 516 4684 autem
555 4606 740 4684 illis‘et
773 4627 1121 4697 loquentibus,
1167 4643 1284 4682 erce
1309 4641 1496 4682 currus
1521 4627 1702 4700 igneus
1721 4669 1734 4691 ,
1766 4637 1818 4683 et
1846 4606 1901 4669 D
1926 4643 2061 4681 nunc
2085 4627 2150 4682 sit
2175 4628 2330 4682 timor
2353 4626 2564 4682 Domini
2585 4643 2741 4699 super
2765 4644 2874 4694 vos,
2909 4639 2964 4684 ut
2985 4630 3193 4686 servetis
3219 4639 3268 4685 et
3295 4633 3522 4704 faciatis.

143 4729 150 4736 ‘
207 4721 330 4792 equi
351 4722 518 4792 ignei,
544 4731 595 4782 et
631 4722 890 4793 separauit
913 4723 1046 4780 inter
1067 4731 1305 4791 utrosque
1332 4739 1351 4776 :
1375 4731 1424 4776 et
1447 4721 1681 4778 ascendit
1697 4717 1817 4778 ‘Hs-

206 4817 314 4874 fias
340 4817 396 4872 in
411 4817 749 4874 commotione
769 4817 913 4884 quasi
935 4818 990 4872 in
1012 4819 1194 4873 celum
1217 4832 1236 4870 :
1255 4826 1300 4871 et
1328 4815 1580 4872 Heliseus
1594 4817 1817 4882 videbat,

206 4919 258 4966 et
279 4910 392 4983 ipse
411 4911 692 4977 clamabat,
715 4919 765 4967 et
785 4911 918 4965 dixit
942 4926 960 4965 :
987 4909 1169 4976 Pater,
1187 4917 1356 4982 pater,
1379 4910 1603 4982 agitator
1623 4910 1815 4966 Israel.

208 4999 283 5058 Et
314 5018 419 5060 non
447 5003 578 5060 uidit
615 5019 732 5058 eum
761 5004 988 5075 amplius
1015 5002 1106 5075 (IV
1135 5003 1269 5074 Reg.
1303 5019 1338 5058 ll
1359 5045 1374 5067 ,
1431 5001 1541 5075 il).
1575 5003 1693 5060 Non
1727 5017 1824 5060 no»

207 5111 342 5154 vum
373 5097 532 5154 nobis
562 5106 734 5162 tuum,
761 5098 1038 5163 hnretice,
1075 5098 1276 5154 factum
1311 5099 1518 5169 poterit
1547 5099 1750 5169 videri,
1777 5099 1822 5156 si

289 5295 316 5322 ⁸
348 5282 680 5356 Ingerantur.
708 5286 788 5342 Id.

284 5356 313 5396 δ
345 5353 598 5430 lilégaret,
625 5367 681 5412 ut
708 5358 915 5430 totidem
941 5373 1044 5412 non
1071 5372 1265 5427 posses.
1295 5353 1372 5410 ιιι.
1393 5362 1673 5430 corrupte.

209 5447 222 5462 ε’
287 5439 312 5468 ο
343 5426 502 5486 Vero.
534 5429 664 5485 Ant.
693 5428 840 5486 Hora
879 5447 1020 5494 mea,
1045 5426 1100 5483 ut
1143 5430 1342 5488 omnis.
1373 5428 1462 5497 qui
1507 5426 1814 5497 interfecerit

209 5518 336 5566 vos,
379 5500 656 5574 arbitretur
692 5504 985 5574 obsequium
1013 5509 1256 5574 praestare
1295 5499 1438 5564 Deo;
1471 5498 1561 5552 sed
1601 5498 1722 5574 htec_
1740 5502 1824 5563 fa-

211 5575 359 5630 ciunt
380 5573 520 5629 sobis
543 5591 561 5640 ;
591 5575 712 5646 quin
738 5570 839 5629 non
868 5584 1118 5646 noverunt
1145 5572 1352 5646 Patrem
1375 5583 1536 5638 neque
1567 5586 1664 5624 me.
1683 5570 1822 5646 C_um

209 5646 490 5719 Cypriane
515 5641 706 5716 epi56
755 5648 1005 5719 congruit
1049 5644 1264 5701 Lucifer
1309 5658 1484 5713 usque
1531 5657 1596 5696 ea
1626 5641 1822 5709 verba,

210 5719 304 5772 sed
331 5717 428 5771 hoc
450 5717 669 5785 faciunt,
703 5731 809 5773 etc.

285 5787 312 5827 ἀ
342 5789 508 5862 \fide.
533 5805 660 5862 quin
674 5789 750 5862 de
771 5791 873 5862 hac
917 5806 976 5847 re
999 5787 1362 5846 disseruimus
1385 5786 1442 5843 in
1465 5785 1685 5842 Przeiat.

289 5871 313 5899 θ
351 5859 637 5932 Martiis.
671 5861 849 5918 Latin.

1929 4721 2113 4794 Neque
2147 4723 2283 4778 enim
2329 4732 2403 4778 est
2447 4739 2564 4778 cum
2603 4722 2836 4778 Domino
2880 4723 2994 4780 Deo
3037 4734 3212 4780 nostra)
3254 4727 3524 4799 iniquitas,

1928 4834 2090 4890 neque
2126 4833 2358 4888 persona:
2385 4819 2640 4890 acceptio,
2677 4835 2842 4889 neque
2875 4837 3147 4876 munerum
3177 4822 3432 4892 acceptio.
3461 4821 3529 4876 Et

1923 4913 2131 4985 quidem
2168 4919 2222 4967 tn
2266 4910 2596 4967 Hierusalem
2626 4914 2806 4968 statuit
2851 4911 3110 4983 Iosophat
3148 4913 3212 4967 de
3248 4913 3435 4980 lenitis,
3478 4925 3524 4970 et

1927 5007 2299 5075 sacerdotibus,
2326 5015 2374 5062 et
2397 5008 2721 5079 principibus
2751 5007 2916 5064 Israel
2938 5009 2990 5063 in
3006 5009 3267 5082 judicium
3291 5007 3523 5074 Domini,

1929 5113 1974 5158 et
1989 5103 2235 5177 judicare
2265 5106 2278 5153 Ι
2316 5102 2604 5160 habitantes
2630 5104 2684 5158 in
2705 5103 3019 5159 Jerusalem.
3045 5103 3114 5159 Et
3139 5105 3401 5161 mandavit
3432 5119 3522 5161 su-

2006 5282 2026 5321 ί
2061 5285 2312 5366 Roboam.
2343 5284 2527 5366 ld._et_
2549 5297 2731 5354 recte;
2758 5287 2814 5344 in
2843 5288 3065 5366 Graeco,
3109 5291 3238 5366 Πρὸς
3258 5288 3422 5348 ’ἰούδα
3458 5295 3528 5355 εἰς

1929 5353 2404 5440 Ἱερουᾼσσελῄμῄυῠὶ
2427 5356 2674 5440 Mittin)
2705 5353 2985 5440 regnabat.

1925 5424 2254 5568 el'sthfiliis
2285 5424 2452 5482 Israel
2469 5473 2483 5499 ,
2513 5424 2799 5487 domitura
2819 5431 2997 5487 Latin.
3021 5439 3078 5488 ct
3104 5431 3259 5488 abest
3285 5445 3314 5488 a
3337 5433 3532 5492 Graeco

2065 5517 2094 5552 II
2163 5541 2178 5555 ο

2065 5517 2178 5555 1112.

2003 5569 2028 5607 h
2056 5570 2328 5627 Iudicum.
2359 5575 2535 5630 Valic.

2013 5642 2029 5724 ξ
2072 5642 2198 5724 Vos,
2225 5647 2415 5724 facitis.
2450 5646 2644 5724 _Latin.
2680 5656 2739 5702 ut
2781 5647 2835 5701 itt
2880 5646 3096 5717 Graeco,
3127 5650 3280 5724 ὑμεῖς
3313 5659 3528 5708 ποιεῖτε.

1936 5715 2086 5787 Infra
2108 5734 2123 5787 ς
2157 5714 2259 5770 Vos
2287 5719 2508 5787 facietis.

2003 5787 2029 5836 ~i
2067 5785 2261 5860 Idjcst,
2288 5785 2359 5860 ad
2395 5790 2757 5858 indicandam,
2789 5799 2842 5846 et
2871 5799 2925 5845 ut
2951 5792 3192 5860 iudicent
3219 5795 3536 5860 habitatores

1942 5851 2257 5913 Jerusalem.
2285 5859 2394 5916 τιι.

4018 31 4019 88 l

4017 535 4019 652 ἓ

4017 661 4019 794 l

4017 845 4019 926 ι

4017 931 4019 1002 l

4018 1047 4019 1104 ι
