4042 6338
621 247 727 309 8Π

1718 239 2042 304 LUCIFERI
2079 236 2388 304 EPISCOPI
2426 238 2851 302 CALARITANI

3730 252 3805 314 8l8

623 383 718 436 per
741 381 824 421 eos
846 365 1018 420 dicens
1045 379 1064 419 :
1088 361 1113 417 1
1122 370 1175 418 ta
1203 361 1405 433 facietis
1435 365 1489 417 in
1517 361 1700 418 timore
1729 362 1960 430 Domini,
1986 365 2042 418 in
2063 362 2218 419 corde
2242 366 2291 426 Α
2319 377 2434 417 cum
2459 361 2565 417 illis
2592 361 2784 418 librum
2807 359 2826 400 ί
2858 361 2986 436 legis
3015 359 3244 429 Domini,
3268 373 3313 420 et
3333 367 3682 437 pertransierunt
3700 371 3742 426 in
3759 376 3806 428 ci-

622 460 873 532 perfccto;
895 469 940 512 et
972 473 1122 511 omne
1133 457 1401 530 judicium
1422 457 1561 523 quod
1584 467 1853 529 acceptum
1879 459 2033 529 fuerit
2063 473 2216 528 super

617 568 706 609 vos
733 570 764 606 a
794 551 1042 620 fratribus
1074 552 1273 615 vestris,
1304 551 1394 620 qui
1418 551 1654 606 habitant
1675 554 1727 606 in
1759 553 2046 608 civitatibus
2083 553 2213 621 suis,

616 649 752 702 inter
797 647 1023 701 medium
1071 641 1344 719 sanguinis
1392 658 1439 702 et
1486 633 1771 720 stinguinis,
1821 650 1954 705 inter
1990 649 2216 703 medium

616 743 767 814 legis,
790 742 846 796 in
872 741 1132 796 mandatis
1167 760 1229 796 ac
1264 743 1750 812 justiﬁcationibus,
1787 753 1835 798 et
1873 743 1942 798 ad
1959 744 2166 818 judicia
2194 759 2215 799 :

616 845 663 890 et
685 835 1013 905 distinguetis
1037 836 1112 890 eis
1139 844 1187 901 α,
1219 845 1268 890 et
1301 853 1404 890 non
1447 838 1736 907 peccabunt
1771 836 2013 906 Domino,
2039 848 2084 893 et
2112 854 2215 894 non

613 931 712 985 erit
736 931 817 984 ira
841 945 998 998 super
1029 944 1117 984 vos
1143 937 1191 983 et
1227 932 1418 1000 fratres
1453 941 1644 986 vestros
1667 946 1684 985 :
1710 932 1785 985 sic
1811 932 1990 1000 facile,
2036 940 2084 985 et
2112 947 2216 985 non

617 1025 924 1096 peccabitis.
952 1023 1091 1078 Ecce
1111 1017 1355 1079 Amarias
1377 1025 1619 1080 sacerdos
1651 1027 1896 1096 princeps
1922 1042 2082 1098 super
2123 1041 2211 1081 vos

613 1121 670 1175 in
687 1136 839 1174 omne
853 1117 1063 1173 verbum
1081 1116 1320 1194 Domini,
1337 1129 1383 1173 et
1401 1117 1656 1174 Iabadias
1672 1117 1700 1157 δ
1717 1120 1857 1186 [ilius
1874 1117 2107 1181 Zmabel.
2125 1119 2213 1190 qui

612 1214 854 1285 princeps
865 1222 942 1267 est
956 1211 1133 1266 domui
1149 1209 1293 1266 Iuda
1303 1211 1359 1265 in
1373 1227 1524 1266 omne
1535 1213 1743 1267 verbum
1763 1213 1898 1283 regis
1913 1229 1930 1266 :
1948 1222 1995 1266 et
2010 1212 2211 1278 scribat,

611 1317 658 1361 et
681 1306 850 1361 levita:
878 1305 935 1360 in
957 1315 1238 1374 conspectu
1267 1315 1460 1360 vestro.
1486 1303 1866 1375 Confortamini
1891 1313 1940 1360 et
1963 1305 2141 1377 facile,
2165 1315 2216 1360 et

611 1401 710 1454 erit
733 1397 992 1454 Dominus
1024 1398 1287 1453 vobiscum
1307 1414 1426 1454 cum
1447 1397 1579 1452 bono
1608 1398 1674 1471 (ll
1711 1397 1948 1468 Paralip.
1984 1413 2102 1466 nx,
2131 1395 2212 1468 4).

608 1491 883 1564 Numquid
908 1491 1048 1547 dixit
1065 1491 1134 1546 ad
1156 1491 1727 1558 Dominisacerdotes,
1749 1491 1836 1546 vel
1853 1490 1920 1545 ad
1949 1491 2100 1562 regni
2129 1490 2214 1546 sui

607 1587 910 1659 principes,
932 1587 1018 1642 vel
1033 1585 1102 1640 ad
1115 1594 1349 1642 caeteros
1361 1585 1578 1656 judices
1595 1601 1609 1638 :
1625 1582 1798 1639 Condc
1807 1593 1978 1638 mnate
1983 1585 2012 1656 j
2018 1593 2210 1651 ustum,

607 1684 977 1758 persequimini
1025 1684 1379 1749 innocentem,
1416 1683 1693 1748 damnate;
1729 1677 2000 1751 interﬁcite
2038 1696 2213 1735 omnes

2316 455 2496 510 vitales
2521 453 2687 523 Iuda,
2713 466 2763 511 ct
2786 455 3038 510 docebant
3067 458 3332 528 populum.
3365 459 3426 514 Et
3450 465 3596 532 [actus
3617 473 3675 518 est
3693 483 3806 533 pavor

2318 549 2529 604 Domini
2573 551 2626 605 in
2668 550 2842 622 regnis
2887 559 3060 618 terrte,
3105 561 3153 604 ct
3191 553 3243 605 in
3279 553 3485 610 circuitu
3513 553 3651 624 Iuda,
3681 568 3806 614 etnon

2317 643 2634 698 bellaverunt
2677 641 2936 714 Iasaphat
2962 660 2981 699 :
3029 653 3076 698 et
3123 645 3184 700 ab
3235 646 3520 720 alienigenis
3555 649 3805 715 allereltantt

2311 735 2567 811 Iosaphat
2612 755 2850 803 munera,
2904 749 2955 794 et
2995 747 3303 810 argentum,
3331 749 3374 796 et
3422 741 3564 808 dona,
3597 754 3638 798 et
3672 744 3808 801 Arabes

2315 830 2600 901 affet-ebant
2620 833 2702 888 illi
2736 835 2922 889 arietes
2945 835 3117 889 ovium
3140 847 3331 906 septem
3351 836 3505 891 millia
3523 838 3809 910 septingentos;

2315 935 2363 980 et
2401 936 2512 981 erat
2553 926 2810 998 Iosophat
2857 927 3133 984 ambulans
3160 929 3508 1002 magnificatus
3536 946 3670 1001 usque
3699 933 3736 986 in
3756 935 3810 988 al-

2314 1028 2424 1073 tum
2453 1016 2618 1089 (Ibid.
2649 1020 2728 1091 8).
2763 1019 2906 1089 Quid
2939 1031 2997 1075 tu
3029 1019 3140 1075 tale
3169 1019 3340 1076 lacis?
3369 1037 3550 1089 nempe
3573 1022 3728 1079 misisti
3747 1039 3810 1095 per

2315 1126 2479 1167 omne
2510 1127 2743 1185 regnum
2765 1123 2942 1179 tuum,
2974 1123 3033 1168 ut
3059 1114 3245 1170 cuncti
3276 1113 3518 1170 mandata
3539 1114 3620 1171 Dei
3641 1117 3810 1188 despue-

2315 1221 2523 1274 remus,
2572 1207 3091 1278 susciperemusque
3141 1217 3468 1278 pra-ceptum
3515 1218 3674 1275 tuum,
3712 1209 3811 1282 quod

2316 1306 2556 1354 tentaret
2601 1299 2923 1371 impugnare
2969 1299 3190 1355 Domini
3247 1309 3583 1374 praeceptum.
3623 1301 3812 1374 Josapltat

2318 1393 2472 1448 misit
2502 1394 2782 1466 principes
2813 1393 3031 1451 virtutis
3057 1396 3210 1467 regni
3244 1395 3351 1462 sui,
3385 1396 3525 1452 misit
3549 1395 3813 1453 consiliarios

2315 1505 2470 1556 suos,
2505 1491 2652 1546 misit
2683 1491 2886 1548 levitas
2913 1507 2978 1548 ac
3013 1491 3224 1546 Domini
3253 1491 3568 1558 sacerdotes,
3593 1493 3812 1548 obsecrans

2315 1592 2378 1640 ut
2405 1582 2591 1639 cuncti
2617 1583 2864 1640 cultores
2896 1583 3108 1639 Domini
3143 1583 3377 1640 fuissent
3409 1586 3459 1640 in
3489 1599 3640 1656 regno
3660 1598 3751 1650 suo,
3775 1591 3814 1638 ut

2317 1689 2512 1732 omnes
2547 1676 2834 1732 unanimes
2878 1676 2995 1732 Deo
3037 1684 3247 1732 tantum
3279 1686 3450 1732 semet
3479 1679 3735 1747 prabereut
3763 1677 3816 1730 la-

606 1779 869 1835 credentes
893 1779 949 1832 in
985 1776 1191 1832 Deum?
1215 1775 1484 1848 Numquid
1511 1776 1649 1830 dixit
1675 1791 1690 1828 :
1714 1775 1916 1838 Amate,
1943 1774 2084 1844 quod
2110 1790 2212 1829 non
2241 1768 2290 1829 B
2319 1768 2493 1822 mulos
2517 1785 2532 1835 ;
2566 1769 2735 1825 mittit
2755 1769 2922 1825 etiam
2952 1769 3150 1825 librum
3189 1784 3366 1825 sacra:
3399 1769 3527 1841 legis
3559 1783 3641 1840 per
3671 1768 3815 1840 glorio-

607 1883 750 1931 amat
779 1872 944 1940 Deus;
967 1873 1106 1927 odite
1124 1871 1411 1944 justitiam,
1446 1870 1649 1944 diligite
1677 1869 2014 1943 injustitiam,
2045 1867 2208 1924 sicuti

608 1967 752 2024 dicis
799 1966 892 2022 tu?
921 1969 1031 2022 Aut
1077 1964 1343 2035 numquid
1374 1977 1579 2034 negare
1627 1961 1836 2032 poteris
1882 1971 1935 2016 te
1977 1959 2206 2029 dixisse,

609 2059 870 2116 Damnate
899 2057 1246 2112 Athanasium
1276 2055 1564 2122 absentem,
1589 2053 1918 2108 inauditum?
1943 2051 2209 2122 Iosaphat

603 2151 720 2208 Deo
748 2150 960 2207 dicatus
996 2165 1092 2206 rex
1130 2147 1290 2204 Iudas
1324 2147 1460 2204 dicit
1485 2145 1782 2202 secundum
1818 2143 2034 2199 Domini
2061 2141 2208 2212 judiv

600 2245 838 2303 candum
869 2232 1086 2316 legem;
1118 2251 1174 2298 et
1201 2250 1258 2297 tu
1285 2239 1428 2296 dicis
1457 2239 1512 2295 in
1536 2238 1873 2310 apostasiam
1900 2250 2211 2294 conversus

605 2355 726 2402 rex,
757 2327 1016 2393 D‘amnate
1057 2335 1372 2390 inauditum.
1423 2333 1574 2389 Pone
1618 2331 1854 2398 interea,
1895 2329 2204 2398 Constanti,

609 2433 773 2490 hodie
807 2434 860 2489 in
891 2446 1128 2502 corpore
1159 2445 1287 2486 esse
1324 2427 1594 2499 Josapltat
1622 2441 1835 2498 regem,
1866 2433 1920 2481 et
1947 2436 2207 2496 utrosque

604 2543 704 2585 vos
734 2528 921 2584 dicere
947 2526 1016 2583 ad
1045 2540 1166 2589 nos,
1192 2525 1288 2580 ille
1313 2523 1534 2595 quidem
1563 2522 1679 2577 haec
1711 2537 1726 2575 :
1761 2518 1940 2575 Videte
1967 2517 2092 2590 quid
2117 2534 2206 2573 vos

603 2621 808 2693 facietis
839 2637 858 2674 :
889 2635 993 2674 non
1023 2619 1159 2673 enim
1180 2616 1380 2672 homini
1397 2614 1727 2690 judicabitis,
1756 2612 1846 2668 sed
1872 2612 2124 2676 Domino,
2158 2619 2208 2666 et

601 2713 865 2768 vobiscum
891 2720 965 2767 cst
987 2712 1042 2765 in
1071 2710 1249 2774 verbo,
1274 2718 1320 2764 et
1355 2723 1493 2763 nunc
1529 2707 1593 2762 sit
1628 2707 1781 2761 timor
1817 2702 2026 2759 Domini
2052 2720 2208 2775 super

602 2822 713 2873 vos,
742 2817 797 2860 ut
820 2804 1027 2868 servetis
1052 2812 1100 2857 et
1121 2803 1351 2874 faciatis.
1382 2799 1567 2870 Neque
1589 2799 1726 2854 enim
1748 2807 1821 2854 est
1839 2813 1959 2852 cum
1983 2796 2204 2851 Domino

608 2901 713 2955 Deo
745 2908 922 2955 nostro
947 2898 1216 2968 iniquitas,
1243 2911 1403 2965 neque
1423 2909 1657 2966 persona:
1677 2892 1911 2958 acceptio
1935 2889 2101 2964 (Ibid.
2121 2889 2204 2962 6);

605 3003 666 3048 tu
691 3003 885 3049 contra
907 3006 1031 3048 esse
1057 2988 1426 3046 damnandum
1462 2987 1614 3042 dica‘s
1645 2985 1971 3052 inauditum,
1996 2994 2053 3041 et
2080 2998 2203 3041 eum

601 3091 822 3163 quidem
856 3103 1019 3160 quem
1048 3088 1213 3144 etiam
1238 3087 1354 3157 ipse
1381 3084 1524 3140 scias
1551 3084 1902 3139 innocentem
1924 3096 1939 3148 ;
1960 3082 2047 3137 cui
2074 3081 2204 3137 obe-

2311 1876 2430 1917 sum
2461 1863 2700 1936 Moyscm
2729 1864 3035 1929 traditum,
3073 1872 3131 1919 ut
3175 1865 3312 1920 nihil
3366 1875 3517 1922 extra
3558 1861 3813 1930 iecissent“,

2305 1972 2469 2029 quam
2493 1973 2618 2028 qua:
2644 1958 2763 2014 ﬁeri
2793 1960 3112 2015 mandasset
3135 1958 3305 2016 Deus.
3331 1959 3410 2015 Tu
3450 1974 3553 2016 non
3591 1959 3734 2013 solum
3767 1957 3815 2013 le-

2308 2066 2430 2122 gem
2452 2052 2674 2109 llomini
2699 2053 2965 2111 inveniris
2990 2056 3367 2128 impugnassc,
3394 2071 3510 2128 quas
3537 2053 3817 2127 prmeepitin-

2310 2158 2601 2204 nocentem
2643 2158 2699 2205 et
2733 2148 2941 2220 justum
2975 2166 3082 2205 non
3117 2149 3457 2214 necandum,
3489 2148 3577 2206 sed
3616 2158 3662 2205 et
3693 2148 3816 2220 ipsum

2307 2241 2669 2314 dercliquisse
2702 2243 2868 2300 Deum
2891 2261 2905 2310 ;
2932 2243 3200 2314 siquidem
3222 2261 3334 2301 non
3360 2245 3435 2300 sis
3454 2243 3750 2314 apostolicam
3766 2254 3819 2297 te-

2310 2350 2448 2392 nens
2478 2335 2664 2402 ﬁdem,
2694 2337 2792 2394 sed
2823 2337 2940 2393 Arii
2969 2337 3280 2408 perﬁdiam.
3311 2337 3408 2394 llle
3436 2337 3666 2410 pepulum
3687 2351 3819 2393 erran-

2312 2436 2422 2484 tem
2456 2428 2526 2482 ab
2557 2428 2721 2484 idolis
2757 2432 3031 2486 convertit
3075 2429 3142 2484 ad
3178 2428 3374 2498 Deum,
3407 2439 3461 2485 tu
3503 2429 3721 2502 populum
3746 2428 3820 2483 Deo

2310 2519 2550 2576 dicatum
2591 2530 2822 2577 conatus
2864 2537 2924 2578 es
2968 2522 3147 2579 facere
3193 2533 3524 2595 apostatam,
3549 2521 3672 2595 quod
3701 2531 3819 2586 estu,

2311 2614 2416 2668 lsoc
2441 2623 2546 2680 est,
2581 2615 2905 2686 sacrilegus.
2931 2614 3268 2671 Persecutus
3293 2631 3356 2672 es
3378 2624 3533 2688 atque
3557 2614 3822 2688 persequeris

2309 2706 2693 2776 Athanasium,
2728 2708 2853 2780 ejus
2898 2711 3097 2766 sitiens
3135 2725 3422 2768 cruorem.
3469 2711 3567 2768 Sed
3602 2711 3704 2766 vide
3734 2707 3822 2781 quid

2309 2801 2549 2872 Spiritus
2597 2813 2822 2859 sanctus
2860 2803 3008 2859 dicat
3051 2805 3104 2860 in
3146 2820 3302 2862 nono
3341 2806 3566 2879 psalmo,
3605 2806 3649 2861 in
3681 2820 3764 2876 quo
3785 2813 3824 2858 ιιι

2309 2894 2442 2951 mihi
2489 2895 2802 2964 snecialiter
2843 2896 3156 2970 descriptus
3201 2914 3331 2957 esse
3372 2900 3607 2956 videris:
3644 2897 3756 2952 Dixit
3790 2895 3823 2948 is

2308 2990 2463 3046 corde
2483 3008 2576 3046 suo
2605 3007 2624 3046 :
2657 2989 2782 3047 Non
2822 2992 3062 3049 movebor
3085 3011 3118 3050 a
3154 2993 3166 3032 ί
3201 2995 3400 3051 saeculo
3431 2997 3482 3050 in
3516 2995 3723 3051 stecultun
3750 2992 3824 3048 sint

2307 3087 2469 3154 malo,
2495 3090 2646 3161 cujus
2669 3105 2728 3143 os
2748 3088 3118 3144 maledictione
3139 3091 3354 3162 plenum
3376 3100 3470 3157 est,
3494 3100 3538 3146 et
3559 3086 3825 3144 amaritudine

601 3187 724 3242 dire
745 3183 1051 3256 poterimus
1080 3195 1182 3237 nos
1202 3177 1478 3235 antistites
1500 3175 1632 3232 Dei?
1651 3190 1932 3246 nos,qu03
1949 3182 2079 3230 anle
2101 3189 2199 3244 Ρο·
2227 3169 2273 3233 C
2305 3193 2354 3240 et
2384 3183 2506 3239 dolo
2535 3200 2554 3239 :
2583 3185 2678 3240 sub
2714 3185 2893 3258 lingua
2919 3187 3035 3256 eius
3065 3186 3211 3242 labor
3238 3196 3288 3243 et
3317 3187 3468 3243 dolor
3497 3186 3658 3244 :sedet
3680 3187 3720 3238 in
3741 3181 3826 3236 insi-

601 3283 734 3353 pulo
750 3295 850 3337 suo
863 3276 1230 3336 oreleremia:
1244 3273 1573 3346 promiserat
1589 3272 1780 3328 dicens
1798 3289 1811 3325 :
1829 3269 1897 3325 Et
1911 3269 2044 3325 dabo
2061 3269 2200 3324 vobis

602 3389 833 3449 pastores
857 3375 1140 3432 secundum
1159 3387 1250 3426 cor
1268 3385 1458 3433 meum,
1485 3377 1532 3422 et
1555 3375 1766 3433 poscent
1797 3382 1906 3434 vos,
1938 3373 2202 3434 pascentes

605 3485 723 3525 cum
764 3467 1048 3540 disciplina
1077 3462 1214 3537 (Ier.
1247 3478 1328 3527 ιιι,
1359 3459 1474 3532 l5).
1511 3459 1633 3521 Cui,
1669 3459 1916 3530 inquam,
1948 3455 2203 3512 obedire-

603 3579 750 3631 snus,
769 3562 865 3619 tibi
889 3575 961 3617 ne
992 3547 1059 3614 an
1081 3557 1346 3628 Josaphat
1374 3553 1558 3609 dicato
1591 3552 1706 3608 Deo
1731 3550 1874 3618 viro,
1899 3549 1996 3621 qui
2024 3549 2075 3604 id
2099 3561 2200 3604 nos

597 3659 780 3714 facere
805 3652 1188 3721 compelleret,
1222 3647 1367 3719 quod
1414 3644 1860 3702 meminissemus
1891 3641 2012 3698 ﬁeri
2041 3657 2198 3697 man-

605 3749 768 3806 dasse
801 3744 1010 3802 Deum?
1041 3743 1099 3800 Si
1123 3741 1312 3812 itaque
1343 3739 1496 3794 illum
1524 3737 1813 3808 cognoscis
1849 3735 2064 3790 Domini
2093 3736 2200 3790 im-

604 3842 757 3914 plere
802 3835 1138 3910 praecepisse
1181 3831 1460 3897 mandata,
1510 3840 1564 3886 te
1602 3845 1735 3885 vero
1775 3828 2052 3885 exstitisse
2089 3844 2200 3885 non

604 3933 782 3991 solum
813 3931 906 3986 Dei
935 3926 1320 3983 mandatorum
1346 3923 1772 3988 destructorcm,
1803 3936 1996 3976 verum
2028 3921 2195 3977 etiam

602 4028 777 4100 ipsius
804 4023 1171 4085 desertorem,
1200 4027 1458 4086 superest
1485 4025 1547 4072 ut
1574 4014 1780 4078 videas,
1809 4014 1932 4084 quis
1959 4022 2200 4070 vestrum

605 4119 773 4178 fuerit
801 4119 966 4174 homo
1001 4113 1119 4178 Dei,
1147 4111 1270 4184 quis
1301 4109 1424 4181 ejus
1453 4108 1762 4164 clementia:
1787 4106 1976 4162 fecerit
2005 4107 2200 4163 volun.

604 4223 796 4272 tatem.
832 4208 1086 4278 Legimus
1115 4204 1383 4274 scriptum
1422 4201 1506 4257 sic
1547 4199 1616 4256 de
1653 4200 1791 4256 illo:
1825 4197 1894 4254 Et
1923 4204 2090 4272 {actus
2127 4211 2201 4257 est

601 4309 852 4366 Dominus
877 4320 994 4360 cum
1021 4289 1301 4373 Iosaphat,
1329 4299 1573 4370 quoniam
1597 4297 1876 4352 ambulavit
1905 4298 1960 4352 in
1984 4299 2080 4354 viis
2101 4315 2198 4369 pa-

600 4403 692 4457 tris
719 4401 801 4456 sui
833 4409 855 4438 °
877 4398 1081 4471 primis,
1112 4405 1161 4450 et
1189 4411 1292 4450 non
1322 4393 1556 4465 quwsivit
1578 4393 1880 4460 simulacra,
1905 4391 1995 4447 sed
2019 4390 2201 4447 Domi-

601 4485 724 4550 num
753 4491 921 4546 Deum
963 4489 1127 4562 patris
1155 4488 1258 4555 sui,
1293 4495 1342 4542 et
1371 4486 1425 4540 in
1458 4484 1720 4540 mandatis
1750 4485 1865 4554 ejus
1894 4484 2194 4553 ambulavit,

2304 3277 2408 3333 diis
2434 3293 2552 3332 cum
2597 3279 2841 3335 divitibus
2882 3280 2934 3334 in
2972 3280 3216 3349 occultis,
3264 3292 3325 3337 ut
3368 3279 3825 3352 interﬁciatinuocat-

2268 3392 2274 3398 ·
2305 3379 2424 3425 tem.
2453 3369 2608 3426 Oculi
2642 3375 2755 3446 ejus
2780 3372 2833 3426 in
2871 3389 3154 3444 pauperem
3185 3375 3476 3445 respiciunt
3503 3391 3521 3429 :
3548 3369 3824 3428 insidiatoris

2303 3463 2551 3518 absconso
2577 3464 2711 3520 sicut
2754 3465 2832 3520 leo
2868 3467 2921 3521 in
2968 3467 3218 3536 spelunca
3247 3485 3377 3535 sua;
3402 3469 3658 3524 insidiatur
3690 3473 3733 3519 ut
3767 3477 3824 3515 rs-

2305 3555 2414 3627 piat
2451 3572 2755 3628 pauperem,
2793 3574 2978 3632 rapere
3009 3576 3317 3634 pauperem,
3354 3561 3513 3616 donec
3537 3559 3729 3613 adducat
3747 3569 3825 3608 esst

2303 3649 2357 3703 in
2384 3650 2772 3704 conversatione
2788 3667 2881 3706 sua
2903 3667 2922 3706 :
2950 3653 3004 3706 in
3026 3653 3210 3720 laqueo
3231 3670 3328 3709 suo
3349 3653 3627 3709 humiliavit
3649 3665 3757 3714 eunt,
3771 3646 3825 3700 itt-

2303 3740 2515 3796 clinavit
2543 3758 2618 3808 se,
2655 3752 2703 3797 et
2732 3745 2881 3798 cadet
2919 3745 3044 3799 dum
3073 3746 3381 3803 dominatur
3416 3763 3694 3820 pauperum.
3723 3738 3825 3795 Dixit

2303 3832 2358 3887 in
2387 3833 2544 3889 corde
2571 3850 2664 3888 suo
2689 3851 2708 3889 :
2739 3833 2942 3890 Oblitus
2985 3847 3059 3892 est
3089 3837 3251 3907 Deus,
3283 3841 3469 3896 avertit
3507 3839 3674 3912 {aciem
3703 3847 3823 3896 suam,

2303 3944 2367 3983 ne
2389 3929 2560 3984 videat
2579 3946 2740 3998 usque
2768 3931 2823 3986 in
2851 3932 3006 4001 ﬁnem
3032 3930 3164 4007 (Ps.
3189 3950 3262 4002 sx,
3289 3935 3346 4004 6,
3377 3947 3491 4008 post
3515 3935 3630 4008 21).
3655 3936 3718 3986 An
3739 3929 3773 3984 si
3789 3927 3824 3981 in

2303 4019 2406 4078 hac
2428 4022 2870 4092 perseveraveris
2890 4025 3157 4096 nequitia,
3187 4043 3296 4081 non
3321 4028 3432 4084 erit
3452 4027 3554 4084 dici
3584 4025 3763 4096 dignum
3778 4015 3823 4072 de

2305 4124 2358 4172 te
2410 4133 2424 4170 :
2467 4117 2661 4172 Avertit
2705 4118 2900 4190 faciem
2947 4135 3094 4174 suam
3135 4137 3199 4174 ne
3238 4121 3409 4177 videat
3453 4136 3604 4187 usque
3641 4119 3687 4172 in
3718 4115 3824 4185 ﬁnal

2303 4206 2534 4280 (Ibid)?
2567 4208 2738 4266 Tanta
2783 4219 2912 4266 sunt
2955 4209 3144 4268 l‘unera
3177 4221 3293 4282 tua,
3333 4212 3628 4278 Constanti,
3657 4217 3704 4264 ut
3739 4216 3822 4261 cum

2303 4300 2506 4358 dicitur
2536 4302 2589 4358 in
2623 4304 2836 4374 psalmo
2865 4290 3086 4362 decimo
3114 4322 3183 4363 ex
3208 4322 3446 4379 persona
3475 4306 3644 4382 populi
3671 4297 3824 4358 nostri:

2303 4393 2371 4450 In
2419 4395 2643 4451 Domino
2672 4397 2903 4468 confido,
2947 4399 3210 4470 quomodo
3259 4400 3435 4456 dicitis
3477 4401 3490 4452 i
3529 4399 3694 4454 anima
3720 4403 3824 4453 my

2306 4484 2644 4560 Transmigra
2663 4489 2716 4543 in
2739 4499 2963 4546 montem
2986 4491 3122 4546 sicut
3143 4495 3361 4564 passer?
3379 4493 3614 4566 quoniam
3633 4503 3726 4545 ecce
3744 4497 3827 4554 pto-

598 4595 648 4641 et
678 4601 782 4640 non
807 4582 882 4638 sic
901 4577 928 4618 ἀ
958 4597 1115 4654 opera
1145 4578 1313 4634 Israel
1339 4593 1358 4632 :
1385 4587 1429 4632 et
1459 4577 1648 4633 direxit
1678 4575 1938 4632 Dominus
1977 4593 2192 4650 regnum
2217 4583 2274 4646 D
2297 4594 2494 4640 catores
2514 4583 3103 4654 intenderuntkarcum,
3134 4599 3446 4660 paraverunt
3471 4587 3668 4662 sagittas
3683 4575 3826 4636 suasit

598 4681 712 4750 ejus
742 4691 762 4730 :
786 4682 835 4729 et
862 4671 1002 4727 dedit
1029 4673 1194 4725 omnis
1226 4669 1372 4724 Iuda
1403 4686 1618 4723 munera
1637 4667 1894 4738 Iosophat
1917 4685 1936 4724 :
1959 4679 2008 4724 et
2042 4669 2195 4740 facta

594 4780 714 4825 sunt
753 4767 832 4822 illi
857 4764 1051 4819 divitia:
1089 4773 1138 4817 et
1173 4762 1342 4835 gloria
1370 4761 1537 4815 multa
1559 4777 1578 4816 ι
1605 4771 1652 4816 et
1683 4761 1967 4816 exaltatum
2005 4773 2082 4817 est
2106 4779 2196 4817 cor

591 4864 704 4930 eius
723 4862 779 4916 in
792 4859 886 4914 viis
902 4855 1133 4922 Domini,
1155 4865 1201 4909 et
1219 4854 1391 4908 adhuc
1406 4854 1690 4927 amputavit
1705 4863 1752 4909 et
1774 4864 1796 4892 ε
1815 4857 1958 4911 lucos
1975 4873 2006 4910 a
2020 4855 2162 4912 Iuda
2179 4873 2198 4912 :

593 4965 642 5011 et
673 4953 822 5010 tertio
847 4967 986 5006 anno
1015 4947 1158 5021 regni
1190 4947 1269 5001 sui
1296 4947 1436 5001 misit
1474 4947 1629 5002 duces
1664 4964 1806 5012 suos,
1839 4957 1886 5003 et
1917 4949 2057 5017 ﬁlios
2084 4951 2191 5004 vir-

594 5056 759 5104 tutum
779 5043 848 5117 (ll
871 5042 1109 5112 Paralip.
1138 5055 1271 5106 xvu,
1301 5038 1380 5110 '5).
1415 5039 1481 5094 Et
1502 5039 1642 5097 infra
1669 5059 1683 5096 :
1709 5039 1779 5095 Et
1804 5057 1924 5096 cum
1951 5043 2058 5099 illis
2081 5042 2199 5100 Eli-

595 5150 784 5208 ntasat,
831 5147 878 5194 et
922 5135 1108 5192 Ioram
1155 5134 1470 5202 sacerdotes,
1515 5143 1567 5190 et
1607 5135 1856 5192 docebant
1901 5135 2119 5214 Iudam,
2151 5151 2200 5197 et

660 5311 688 5340 ἰ
718 5299 824 5357 Eos
850 5298 990 5371 apud
1018 5297 1228 5371 S_abat_.,
1263 5293 1366 5371 sed
1388 5294 1564 5371 G_r:nc.
1589 5298 1790 5362 αὐτοῖς.

663 5374 692 5413 ιι
721 5366 980 5428 Zabadias
1003 5369 1144 5440 ﬁlius
1169 5367 1384 5440 Ismael.
1419 5366 1596 5440 Latin.
1614 5384 1748 5440 cum
1781 5369 1996 5428 Grmco.

667 5458 689 5486 ε
723 5444 896 5500 Patris
924 5439 1222 5497 suir'David.
1256 5439 1334 5495 ld.
1367 5454 1490 5494 cum
1528 5439 1683 5512 Vulg.

659 5514 685 5555 δ
719 5517 892 5574 Sicut.
919 5514 1000 5570 Id.
1035 5526 1089 5568 et
1119 5512 1227 5568 Til.

663 5601 687 5627 ο
717 5589 989 5657 Particula
1015 5595 1061 5639 et
1083 5583 1401 5656 deestapud
1431 5583 1618 5640 Sabat.
1645 5585 1737 5655 qui
1760 5585 1890 5657 legit
1922 5586 2086 5644 etiam
2119 5588 2184 5644 de

583 5658 725 5717 Iuda
751 5677 847 5730 pro
876 5677 907 5712 a
933 5656 1099 5730 Iuda.

660 5731 676 5770 τ
707 5727 842 5802 Erat
861 5731 993 5786 liber
1020 5729 1170 5802 legis,
1193 5727 1337 5802 apud
1365 5727 1550 5802 saliat.

659 5814 682 5854 κ
711 5802 790 5859 lta
819 5801 1044 5860 Graecus
1069 5797 1089 5854 Ξ
1104 5797 1346 5858 suam
1371 5799 1654 5876 ἀλλοφύλων
1673 5798 1867 5875 ἔφερον.

2301 4677 2568 4749 pharetra,
2587 4687 2642 4732 ut
2652 4678 2896 4750 sagittent
2908 4679 2962 4734 in
2981 4681 3197 4736 obscuro
3211 4691 3377 4738 rectos
3391 4682 3541 4737 corde
3551 4676 3703 4752 (Psol.
3715 4666 3824 4739 x3)?

2301 4778 2356 4826 tu
2379 4770 2510 4829 mihi
2533 4769 2840 4843 descriptus
2857 4786 2978 4828 csse
2997 4788 3122 4828 cum
3143 4774 3415 4830 scelerum
3438 4782 3640 4829 tuorum
3662 4759 3825 4838 partici-

2302 4864 2461 4935 pibus
2508 4864 2764 4922 videaris.
2823 4864 3216 4938 Cognoscimus
3261 4869 3473 4925 etenim
3523 4880 3615 4922 vos
3651 4861 3828 4919 Ariani)!

2301 4973 2425 5014 esse
2452 4959 2714 5028 temporis
2745 4960 2914 5014 nostri
2952 4959 3315 5018 antichristus
3345 4979 3359 5015 :
3392 4971 3486 5018 aut
3523 4960 3566 5016 si
3596 4971 3688 5013 non
3714 4952 3826 5006 ises.

2303 5050 2394 5120 qui
2423 5051 2688 5107 merearis
2734 5051 3013 5107 numerari
3052 5052 3198 5109 inter
3220 5052 3598 5117 antichristus,
3624 5034 3822 5104 3515"“!

2305 5143 2402 5200 Dei
2452 5145 2598 5201 ttnici
2645 5144 2770 5202 Filii
2803 5143 3055 5218 negator.
3084 5148 3227 5204 Dicit
3270 5147 3514 5220 Spiritus
3541 5153 3732 5203 sanctus
3756 5145 3824 5206 ραι

2372 5302 2399 5378 l1
2427 5305 2531 5378 Pro
2561 5310 2789 5378 facerent
2814 5323 2915 5364 suo
2946 5325 3118 5367 more.
3152 5311 3260 5368 Til.
3794 5367 3802 5377 .

2367 5377 2380 5414 ί
2422 5377 2576 5455 _Vers.
2601 5377 2742 5455 ‘Ant.
2772 5379 2850 5455 De
2882 5385 3216 5452 generatione
3255 5385 3308 5438 in
3345 5381 3762 5455 generationem...
3789 5383 3827 5421 ικ

2286 5449 2560 5504 occulto...
2593 5451 2650 5505 in
2682 5449 3045 5509 occulto'sicut
3077 5457 3155 5509 leo
3191 5456 3244 5510 in
3283 5449 3444 5510 cubili
3484 5471 3636 5510 suo...
3674 5455 3823 5520 ραιρε*

2285 5537 2395 5599 rem
2416 5523 2543 5599 dum
2567 5522 2819 5599 abstrahit
2855 5525 3026 5580 illum.
3056 5525 3124 5582 In
3162 5527 3344 5599 laqueo
3379 5524 3625 5597 aﬂiictabit
3649 5519 3819 5573 illum...

2287 5592 2411 5647 dum
2438 5594 2808 5658 dominabitur,
2842 5609 2949 5652 etc.

2361 5663 2376 5714 i
2421 5663 2578 5720 Vers.
2604 5666 2732 5721 Ant.
2767 5665 2989 5724 Dicetis.

2359 5733 2386 5817 ¹ξ
2419 5735 2575 5817 xers.
2607 5736 2737 5793 Ant.
2764 5737 3187 5817 Tetenderunt...
3216 5741 3511 5817 sagittaiin
3535 5740 3803 5817 pharetrate-

2366 5803 2383 5844 ι
2416 5805 2491 5863 Es
2518 5817 2686 5866 tamen
2716 5825 2735 5865 :
2761 5809 2942 5869 Latin.
2977 5820 3034 5870 et
3060 5823 3249 5884 recte;
3277 5803 3371 5873 sed
3401 5812 3503 5870 Til.
3529 5803 3745 5870 Phrasis,
3768 5803 3824 5853 iu-
