4042 6338
183 319 289 384 849
1216 323 1352 381 PRO
1392 321 1661 380 SANC'I‘O
1701 320 2105 380 ATHANASIO
2147 322 2349 380 LlllER
2390 324 2431 378 l.
3381 319 3489 380 850

184 443 513 516 prophetam
542 463 556 499 :
593 442 847 498 Dominus
874 444 925 497 in
950 442 1140 514 templo
1168 451 1347 497 sancto
1373 457 1492 510 suo,
1527 439 1782 496 Dominus
1808 443 1860 504 Α
1885 442 2046 506 malo,
2079 440 2127 495 et
2164 442 2298 496 labia
2344 452 2433 495 tua
2472 458 2534 496 ne
2578 442 2858 512 loquantur
2900 441 3079 497 dolum
3119 458 3137 497 :
3167 450 3215 495 et
3260 451 3429 497 averte
3458 457 3492 494 a

188 546 215 574 λ
245 539 298 594 in
345 540 471 594 caelo
511 538 655 594 sedes
688 540 803 605 ejus
834 554 852 592 :
881 538 1027 592 oculi
1066 538 1181 607 ejus
1219 536 1271 589 in
1303 550 1585 607 pauperem
1626 534 1788 605 respi-

188 630 355 697 ciunt,
391 640 440 685 et
468 629 497 669 δ
524 630 785 703 palpebra:
812 633 925 703 ejus
970 629 1295 699 interrogant
1327 628 1467 697 ﬁlios
1497 625 1787 681 hominum.

188 722 448 779 Dominus
468 726 753 797 interrogat
772 726 981 797 justum
1001 734 1047 778 et
1070 723 1288 796 impium
1318 738 1336 776 :
1361 723 1448 793 qui
1475 732 1646 775 autem
1665 721 1788 775 dili-

187 820 267 889 git
289 821 639 891 iniquitatem,
664 820 777 875 odit
804 820 1037 873 animam
1066 835 1212 872 suam
1244 816 1415 883 (Psal.
1446 833 1501 883 χ,
1532 815 1613 887 5).
1638 816 1704 872 Ει
1736 825 1790 871 ιιι

186 915 433 972 statuisti
458 930 582 971 eum
615 914 976 986 puniendum,
1007 928 1167 983 quem
1204 927 1304 968 nec
1333 911 1450 983 ipse
1476 911 1795 982 cognoveris

189 1024 373 1073 reum,
407 1009 511 1065 nisi
536 1018 744 1064 tantum
774 1010 831 1064 in
869 1022 958 1075 eo,
988 1006 1130 1079 quod
1169 1013 1276 1062 ture
1314 1004 1670 1076 blasphemia!
1700 1020 1791 1061 re-

189 1104 418 1169 stiterit,
468 1105 674 1160 factum
708 1103 850 1173 apud
890 1110 949 1160 te
990 1102 1182 1159 mortis
1212 1117 1386 1158 reum.
1428 1100 1566 1156 Audi
1609 1100 1797 1155 dicere

192 1196 290 1252 Dei
320 1198 575 1268 spiritum
602 1214 617 1251 :
649 1197 753 1267 Qui
778 1205 950 1253 autem
973 1196 1145 1267 diligit
1175 1195 1522 1266 iniquitatem,
1556 1192 1662 1247 odit
1683 1193 1798 1247 ani-

190 1306 336 1345 mam
381 1306 531 1344 suam
570 1288 740 1363 (Ibid.
773 1289 838 1361 6)
878 1307 890 1342 :
924 1297 979 1345 et
1022 1288 1176 1359 cogis
1223 1287 1566 1358 iniquitatem
1611 1301 1798 1341 amare

189 1384 371 1455 magis
393 1397 554 1455 quam
580 1382 880 1453 justitiam.
908 1381 963 1437 Si
992 1397 1100 1437 non
1124 1392 1209 1437 est
1239 1380 1502 1451 iniustum
1534 1379 1798 1436 damnare

193 1475 534 1542 inauditum,
584 1472 972 1530 accusantibus
1018 1473 1177 1528 vobis
1224 1471 1518 1537 haereticis,
1560 1469 1798 1526 catholi-

192 1585 320 1627 cum
355 1572 645 1626 convince.
679 1569 795 1642 Ego
818 1572 1021 1627 etenim
1055 1583 1177 1624 cum
1209 1567 1388 1623 adhuc
1423 1567 1686 1638 scriptum
1720 1565 1801 1621 in-

194 1665 363 1720 venio
397 1682 409 1719 :
440 1663 601 1719 Pluet
627 1680 785 1735 super
816 1673 1116 1736 peccatores
1139 1664 1349 1735 laqueos
1377 1680 1390 1717 :
1422 1662 1578 1735 ignis,
1608 1672 1655 1717 et
1687 1662 1799 1717 sul-

194 1761 361 1829 phur,
393 1767 443 1813 et
466 1758 681 1827 spiritus
706 1758 1080 1831 procellarum,
1112 1767 1158 1812 et
1186 1768 1221 1829 ολ
1232 1772 1353 1829 pars
1375 1755 1553 1810 calicis
1581 1770 1759 1809 eorum
1784 1770 1803 1809 :

1894 536 2055 607 malo,
2094 545 2141 589 et
2182 539 2267 608 fac
2306 536 2493 591 bonum
2526 535 2643 607 (Ps.
2672 553 2867 605 χχχιιι,
2902 536 3024 609 13);
3076 547 3129 592 ιιι
3166 547 3345 593 tamen
3378 551 3489 593 non

1894 629 2134 701 quietem
2160 632 2343 701 capias
2370 630 2485 686 ha‘c
2513 630 2776 702 gerendo,
2808 647 2927 702 quae
2954 642 3002 685 te
3026 631 3368 703 prohibuerit
3394 646 3488 701 ge-

1894 738 2018 778 rere
2051 723 2214 779 Deus.
2251 723 2363 778 lloc
2393 733 2477 779 est
2511 723 2655 778 nolle
2689 722 2877 779 videre
2910 723 3027 780 dies
3055 724 3250 789 bonos,
3280 722 3385 777 hoc
3407 731 3494 778 est

1896 815 2044 870 nolle
2072 818 2261 881 vitam,
2296 816 2398 871 hoc
2422 826 2508 871 est
2529 826 2717 887 petere
2740 815 2842 871 sibi
2878 816 3039 872 tribui
3068 825 3324 872 mortem.
3354 816 3489 872 Cum

1896 909 2080 978 itaque
2108 910 2184 965 sis
2215 910 2359 977 talis,
2384 909 2478 980 qui
2502 910 2570 965 ad
2594 919 2825 966 mortem
2852 920 3109 967 arternam
3134 910 3492 966 hauriendam

1899 1020 2113 1070 curras,
2138 1005 2303 1060 etiam
2335 1005 2387 1059 in
2415 1020 2557 1060 xxxv
2588 1016 2641 1059 ιιι
2666 1005 2795 1060 mihi
2819 1006 3025 1061 videris
3048 1020 3172 1061 csse
3195 1016 3497 1077 prtcosten-

1898 1114 2015 1155 sus.
2053 1099 2194 1154 Dixit
2217 1101 2466 1170 injustas,
2497 1110 2552 1153 ut
2580 1100 2843 1170 delinquat
2866 1101 2921 1157 in
2947 1103 3282 1174 semetipsum
3305 1111 3330 1150 8
3356 1119 3369 1157 :
3394 1118 3497 1156 non

1900 1203 1971 1249 est
2003 1194 2156 1247 timor
2180 1191 2281 1249 Dei
2301 1203 2419 1249 ante
2441 1193 2617 1248 oculos
2648 1197 2762 1267 ejus
2792 1210 2812 1249 :
2839 1196 3084 1267 qubniam
3111 1194 3289 1249 dolose
3314 1195 3420 1265 egit
3446 1193 3499 1248 in

1901 1294 2179 1357 conspectu
2206 1289 2341 1359 ejus,
2378 1296 2434 1341 ut
2467 1286 2760 1341 inveniatur
2791 1287 3036 1359 iniquitas
3065 1291 3179 1361 ejus
3220 1296 3267 1342 et
3294 1287 3495 1342 odium.

1911 1378 2077 1434 Verba
2119 1379 2224 1433 oris
2252 1387 2364 1450 ejus
2400 1379 2648 1448 iniquitas
2684 1390 2731 1433 et
2759 1379 2910 1434 dolus
2944 1396 2963 1435 :
2994 1380 3160 1435 noluit
3191 1380 3502 1450 intelligere,

1903 1479 1959 1526 ut
1988 1472 2110 1525 bene
2132 1482 2301 1543 ageret
2328 1486 2346 1527 :
2369 1472 2693 1542 iniquitatem
2715 1473 2991 1527 meditatus
3019 1483 3094 1529 est
3119 1474 3174 1527 in
3205 1472 3361 1526 cubili
3384 1488 3501 1537 suo,

1903 1568 2097 1623 assistit
2117 1568 2257 1621 omni
2288 1568 2382 1622 rite
2410 1584 2512 1623 non
2552 1568 2719 1635 bonaz,
2754 1569 3008 1623 malitiam
3029 1580 3201 1624 autem
3223 1584 3326 1622 non
3348 1567 3507 1621 adivit

1886 1659 2027 1732 ~(Ps.
2059 1676 2224 1728 xxxv,
2253 1662 2332 1735 2).
2361 1660 2549 1731 Qualis
2573 1676 2631 1718 es
2660 1663 2906 1730 adverte,
2934 1663 3237 1734 justissimc
3267 1659 3295 1698 ιι
3327 1662 3506 1731 impe-

1906 1764 2078 1822 rator,
2115 1766 2339 1826 propter
2368 1771 2528 1826 quem
2557 1771 2684 1812 esse
2713 1756 2856 1813 dicta
2890 1757 3201 1812 sentiantur
3224 1756 3388 1811 etiam
3419 1755 3508 1810 illa

193 1852 446 1922 quoniam
458 1855 640 1927 justus
670 1850 948 1920 Dominus,
979 1862 1026 1906 et
1038 1851 1304 1922 justitiam
1330 1849 1511 1904 dilexit
1541 1849 1799 1920 :tequita-
1838 1855 1881 1915 Β
1908 1862 2028 1918 qua:
2068 1847 2122 1902 in
2154 1847 2461 1904 Scariotem
2502 1847 2513 1885 ί
2546 1848 2740 1905 Judam
2784 1858 2842 1906 et
2893 1849 3149 1921 populum
3192 1848 3513 1905 Judteorum

198 1956 299 2000 tem
319 1944 446 1999 vidit
471 1944 638 1999 vultus
660 1948 773 2018 ejus
804 1943 971 2017 (Ibid.
1005 1943 1095 2014 7);
1134 1950 1186 1998 te
1207 1953 1375 2014 atque
1399 1955 1592 1997 omnes
1624 1950 1801 1995 tecum

197 2039 471 2096 iacientes
499 2040 551 2094 in
586 2040 687 2095 hac
714 2050 871 2110 parte
908 2053 1033 2095 esse
1067 2052 1362 2110 cognosco.
1392 2035 1589 2093 Veniet
1616 2035 1805 2105 utique

199 2148 374 2204 super
402 2149 501 2189 vos
530 2134 669 2203 ignis
699 2144 754 2189 et
779 2133 1030 2205 sulphur,
1063 2141 1119 2188 et
1148 2133 1375 2205 spiritus
1408 2129 1803 2201 procellarum,

203 2229 306 2285 nisi
336 2230 593 2284 conversi
620 2226 836 2283 fueritis
865 2227 932 2282 ad
967 2226 1161 2293 Deum,
1195 2225 1320 2297 quia
1352 2226 1427 2280 sit
1457 2237 1583 2295 pars
1615 2222 1806 2277 calicis

200 2322 374 2379 vestri
411 2330 734 2389 negatorum
778 2319 922 2376 unici
964 2319 1088 2374 Filii
1131 2318 1253 2383 Dei,
1287 2319 1408 2389 ejus
1446 2316 1647 2372 divinze
1687 2331 1804 2370 ma-

197 2417 419 2489 iestatis
465 2414 770 2470 dicatorum
805 2411 1260 2483 persecutoribus
1303 2429 1316 2466 :
1349 2411 1440 2481 qui
1468 2424 1592 2465 cum
1619 2408 1808 2464 sciatis

202 2509 380 2566 Deum
406 2508 637 2579 justum.
665 2505 936 2577 justitiam
969 2505 1220 2576 diligere,
1248 2518 1435 2559 amare
1466 2503 1805 2575 aequitatem,

203 2618 301 2658 vos
330 2599 665 2659 censueritis
707 2599 973 2655 damnare
1005 2599 1377 2661 innocentem,
1409 2596 1664 2667 persequi
1700 2594 1809 2649 Do—

203 2698 341 2754 mini
375 2696 753 2753 ﬁdelissimum
784 2692 1151 2749 sacerdotem.
1183 2690 1418 2763 Ditigite,
1453 2689 1653 2761 inquit,
1700 2688 1807 2742 Do-

202 2798 424 2865 minum,
480 2796 532 2851 in
591 2793 807 2865 psalmo
857 2807 989 2847 xxx.
1039 2790 1279 2861 Spiritus
1334 2798 1580 2853 sanctus,
1627 2802 1806 2840 omnes

202 2891 373 2948 sancti
395 2891 529 2962 ejus,
557 2888 803 2957 quoniam
829 2885 1094 2941 veritatem
1119 2882 1335 2954 requirit
1363 2880 1642 2945 Dominus,
1670 2888 1718 2933 et
1738 2895 1813 2934 re-

203 2986 395 3043 tribuet
434 2983 741 3057 facientibus
771 2977 798 3018 δ
826 2980 1155 3035 abundanter
1185 2977 1481 3048 superbiant
1520 2975 1641 3046 (Ps.
1668 2991 1808 3042 xxx,

201 3080 324 3153 24).
358 3080 430 3136 Et
457 3089 514 3136 tu
561 3092 661 3133 nos
703 3074 1011 3147 impuleras
1054 3074 1120 3129 ad
1162 3069 1608 3128 interﬁciendum
1651 3070 1811 3125 inno-

202 3185 443 3239 centem,
468 3172 534 3227 ad
561 3170 879 3241 superbiam
904 3178 1051 3224 tuam
1081 3164 1495 3237 possidendam.
1520 3163 1637 3219 Non
1661 3164 1812 3219 enim

1911 1940 2114 1997 fuerint
2172 1941 2334 1997 dicta.
2392 1942 2680 2012 Quomodo
2732 1952 3133 2015 potueramus,
3187 1946 3510 2012 ConSIanti,

1908 2034 2169 2091 damnare
2215 2036 2563 2093 innocentem
2607 2037 2673 2093 ad
2722 2038 3000 2107 superbia:
3045 2048 3153 2094 tua:
3183 2038 3517 2093 consilium?

1908 2145 2031 2186 cum
2062 2132 2327 2189 sciremus
2354 2128 2617 2205 scriptum
2650 2132 2793 2203 apud
2824 2132 2992 2188 David
3020 2150 3033 2187 :
3069 2131 3329 2187 Ostendei
3362 2134 3517 2187 mise-

1907 2228 2189 2281 ricordiam
2230 2238 2377 2283 tuam
2414 2229 2697 2284 scientibus
2740 2238 2810 2294 te,
2849 2238 2897 2282 et
2929 2228 3195 2302 justitiam
3236 2237 3379 2282 tuam
3411 2227 3514 2297 his,

1908 2321 1996 2392 qui
2025 2331 2161 2375 recto
2188 2331 2307 2376 sunt
2336 2322 2511 2377 corde.
2540 2321 2666 2377 Non
2688 2323 2865 2378 veniat
2894 2322 3023 2377 mihi
3051 2338 3141 2391 pes
3168 2322 3446 2394 superbiae,
3470 2332 3519 2377 et

1910 2433 2095 2471 manus
2145 2420 2428 2485 peccatoris
2466 2417 2491 2456 ¹ι
2538 2436 2641 2474 non
2690 2432 2890 2474 moreat
2932 2435 3011 2473 me
3055 2418 3173 2474 :ibi
3222 2418 3520 2473 ceciderunt

1911 2528 2085 2567 omnes
2114 2515 2202 2582 qui
2231 2524 2519 2581 operantur
2548 2514 2897 2585 iniquitatem,
2923 2514 3135 2586 expulsi
3156 2522 3275 2569 sunt
3301 2529 3393 2568 nec
3421 2529 3517 2584 po-

1912 2615 2081 2661 terunt
2116 2603 2134 2643 ¹
2166 2616 2303 2661 stare
2331 2605 2499 2677 (Ibid.
2534 2607 2647 2680 11).
2681 2606 2824 2674 Quid
2864 2606 3045 2662 dicis?
3079 2606 3206 2662 talis
3234 2614 3320 2662 est
3349 2606 3519 2661 mise-

1880 2726 1887 2737 ·
1911 2700 2147 2756 ricordia
2179 2702 2272 2756 Dei
2301 2717 2365 2757 ac
2387 2701 2622 2771 iustitia,
2649 2711 2710 2756 ut
2739 2701 2996 2757 absentes
3026 2708 3080 2755 et
3103 2699 3330 2755 inauditi
3361 2700 3517 2755 dam-

1913 2792 2151 2848 nentur?
2202 2802 2257 2847 et
2310 2792 2534 2863 quidem
2586 2794 2929 2861 innocentes,
2977 2806 3115 2863 quos
3162 2792 3359 2863 punire
3417 2807 3521 2849 nec

1914 2897 2216 2959 praesentes
2248 2888 2400 2944 licet.
2438 2886 2545 2943 Sed
2577 2887 2709 2957 quid
2741 2887 2938 2943 mirum
2969 2886 3016 2943 si
3055 2868 3174 2943 haec
3204 2885 3321 2942 ﬁeri
3357 2901 3514 2941 man-

1915 2982 2083 3048 dasti,
2118 2982 2281 3037 homo
2310 2983 2573 3039 nesciens
2606 2982 2820 3038 Deum?
2850 2982 2988 3051 Quid
3027 2982 3251 3050 mirum,
3282 2983 3327 3038 si
3359 2982 3517 3054 igno-

1916 3088 2045 3128 rans
2068 3073 2187 3142 ejus
2216 3074 2651 3130 miscricordiam
2683 3084 2846 3146 atque
2864 3074 3152 3146 justitiam,
3181 3075 3511 3147 praeceperis

1920 3180 2184 3236 perversa
2219 3166 2359 3231 ﬁeri,
2386 3166 2590 3237 iniqua,
2620 3166 2819 3237 injusta
2839 3166 2863 3222 ’t
2885 3166 2999 3222 Non
3035 3177 3087 3223 te
3110 3182 3138 3221 a
3172 3177 3323 3222 tanto
3348 3168 3523 3236 potuit

204 3279 258 3325 te
288 3282 493 3339 negare
518 3265 699 3337 possis
725 3278 849 3321 esse
878 3263 1200 3332 Superbum,
1237 3274 1362 3315 cum
1392 3266 1448 3313 et
1473 3257 1525 3311 in
1567 3255 1661 3312 Dei
1690 3254 1809 3309 cnl-
1839 3263 1885 3328 ς,
1918 3276 2203 3317 removere
2226 3260 2437 3316 scelere
2468 3261 2877 3333 psalmographi
2906 3276 3092 3317 sermo
3122 3260 3358 3317 dicentis
3390 3280 3405 3318 :
3438 3258 3520 3316 Ibi

204 3373 356 3420 tores
385 3361 629 3417 funestas
662 3359 882 3414 miseris
907 3371 1122 3420 manus,
1154 3363 1209 3410 et
1237 3352 1610 3422 evangelicam
1643 3349 1807 3405 Iidem

202 3457 501 3514 desuuerc
528 3454 695 3510 fueris
723 3460 972 3517 conatus,
1012 3460 1177 3521 atque
1213 3449 1429 3503 firmare
1470 3444 1804 3500 hmreticam.

202 3552 262 3609 In
297 3566 449 3606 χχχιι
476 3549 686 3621 psalmo
722 3563 830 3603 non
862 3547 1078 3618 legeras
1109 3562 1123 3600 :
1153 3543 1340 3614 Diligit
1370 3541 1626 3596 Dominus
1657 3551 1681 3578 ι’
1708 3540 1806 3593 mi-

202 3644 543 3701 sericordiam
569 3653 617 3698 et
636 3642 922 3714 judicium,
946 3651 995 3695 et
1017 3639 1377 3694 misericordia
1410 3635 1622 3690 Domini
1648 3635 1804 3708 plena

201 3748 281 3795 est
317 3749 454 3791 terra
481 3734 605 3806 (Ps.
644 3750 817 3801 χχχιι,
849 3733 939 3805 5);
974 3742 1034 3787 ιιι
1066 3731 1289 3802 juberes
1329 3729 1577 3784 damnari
1608 3728 1807 3782 absen-

202 3831 361 3887 tem?
389 3831 677 3900 Cognosce
705 3842 805 3898 per
840 3825 959 3881 huc
986 3839 1153 3896 opera
1185 3836 1272 3878 tua
1306 3839 1467 3893 quam
1495 3822 1575 3877 sis
1615 3820 1811 3877 incon-

202 3923 506 3988 sideratus,
553 3935 826 3993 quamque
877 3927 985 3974 tute
1034 3917 1224 3972 salutis
1277 3915 1474 3980 hostis,
1536 3915 1625 3984 qui
1683 3928 1806 3968 cum

202 4018 474 4088 scriptum
507 4014 827 4071 memineris
861 4029 874 4068 :
904 4014 1032 4080 Quis
1073 4021 1150 4067 est
1178 4010 1333 4065 homo
1372 4010 1461 4080 qui
1490 4008 1602 4062 vult
1626 4008 1804 4071 vitam,

201 4122 254 4167 et
281 4120 422 4166 amat
448 4112 469 4148 τ
508 4109 680 4165 ridere
718 4110 828 4164 dies
861 4107 1052 4162 bonos?
1082 4092 1295 4176 prohibe
1335 4104 1569 4176 linguam
1595 4113 1737 4157 tuam
1775 4119 1807 4156 a

201 4258 351 4329 quit,
382 4252 662 4329 rudiscst,
686 4250 840 4329 quasi
871 4249 1019 4329 dicat
1051 4265 1063 4302 :
1096 4246 1325 4329 ‘Tumihoi
1350 4243 1808 4329 uiderisiille‘ess‘e,

202 4315 270 4383 de
300 4315 401 4398 quo
431 4315 717 4398 Psalmista
740 4323 953 4393 loquens
982 4320 1045 4375 de
1070 4317 1415 4398 _Antichristis
1449 4318 1604 4396 verba
1642 4315 1810 4384 facit:

200 4392 490 4456 velvetiatn
527 4414 541 4450 :
573 4392 809 4451 .Estima
832 4408 951 4447 num
976 4402 1028 4445 tu
1064 4392 1106 4444 is
1136 4406 1190 4444 es
1217 4392 1304 4460 qui
1345 4392 1590 4460 mer_earis
1634 4401 1814 4438 nume—

202 4473 319 4527 rari
368 4472 502 4525 inter
545 4467 911 4531 Antichristos,
964 4464 1051 4535 qui
1093 4460 1189 4515 Dei
1228 4456 1375 4515 unici
1423 4456 1553 4511 Filii
1600 4465 1817 4529 negator

202 4543 407 4599 existis.

212 4636 243 4656 ι»
279 4624 306 4651 ει
335 4613 619 4669 Omittitur
647 4608 903 4663 Dominus
931 4606 982 4662 in
1015 4606 1173 4661 Vers.
1206 4602 1361 4670 Ant.,
1393 4601 1488 4658 sed
1520 4601 1721 4672 legitur
1754 4601 1806 4655 in

201 4686 404 4742 Grtrco
432 4695 484 4737 et
512 4684 760 4753 Vulgata.

278 4757 306 4797 δ
337 4756 406 4810 Et
434 4757 590 4810 deest
618 4746 674 4809 in
706 4753 866 4808 Vers.
892 4751 1021 4807 Ant.
1053 4757 1109 4805 et
1139 4746 1396 4810 Vulgata.

281 4842 303 4868 ε
338 4827 405 4881 Ει
432 4828 702 4881 omittitur
731 4824 782 4878 in
815 4823 967 4877 Vers.
1001 4823 1129 4877 Ant.
1160 4829 1217 4874 et
1247 4815 1502 4889 Vulgata,
1532 4815 1624 4871 ubi
1644 4815 1810 4888 justi-

206 4900 312 4957 tias
342 4900 542 4966 legitur
570 4914 669 4969 pro
692 4895 979 4969 justitiam,
1087 4964 1097 4969 _
1284 4967 1295 4969 ξ
1363 4964 1375 4969 Δ
1653 4958 1695 4969 η

276 4969 305 5010 δ
340 4960 496 5025 Vers.
523 4960 651 5024 Αῖιι.
687 4960 785 5021 His
808 4964 1246 5037 quiabundanter
1269 4964 1469 5037 faciunt
1490 4960 1777 5037 superbias.

282 5055 305 5081 ο
342 5042 594 5097 Dominus
618 5032 877 5094 utnittuitt
908 5035 1066 5091 Vers.
1091 5035 1219 5090 Ant.
1250 5032 1305 5089 et
1337 5034 1494 5105 Vulg.
1532 5035 1620 5088 ubi
1652 5032 1807 5085 mise-
1840 5076 1845 5077 ν

201 5106 442 5171 ricordia
470 5122 678 5167 tantum
708 5111 904 5179 legitur
933 5123 1030 5178 pro
1061 5117 1108 5161 et
1135 5106 1517 5179 misericordia.

284 5184 306 5225 τ
342 5186 497 5240 Vers.
528 5184 656 5240 Ant.
693 5176 1207 5252 Cupit...‘Cohibe...
1239 5177 1437 5252 dolum.
1468 5176 1702 5232 Deverte.

282 5266 307 5303 8
342 5257 499 5313 Vers.
527 5259 652 5312 Ant.
681 5249 865 5310 Sibi...
890 5262 944 5306 ut
966 5252 1214 5306 inveniret
1240 5249 1565 5318 iniquitatem
1589 5264 1810 5303 suam...

204 5332 362 5389 adiit.

284 5402 311 5441 ιι
344 5403 457 5457 Hoc
506 5400 639 5476 dicit
687 5401 974 5476 εἰρωιεικτςις,
1014 5410 1159 5476 cum_
1196 5408 1318 5476 eum
1370 5392 1812 5476 iniustissimumz

206 5486 377 5542 atque
410 5462 791 5542 impiissimu'm
816 5469 1041 5542 indicet,
1074 5468 1196 5542 quia
1225 5462 1534 5542 absentem,
1560 5472 1635 5529 et,
1668 5462 1814 5542 quod

205 5536 369 5675 gaius
392 5536 503 5611 est,
526 5536 874 5598 innocentem
901 5536 1149 5594 damnari
1172 5536 1408 5592 voluerit
1431 5538 1810 5591 Athanasium.

261 5638 276 5673 t
308 5659 321 5671 .

261 5617 321 5673 il.

296 5691 312 5729 ί
353 5687 666 5750 Scariotem,
716 5683 825 5738 iota
867 5682 1074 5746 ablato,
1109 5680 1262 5745 dicit,
1304 5689 1358 5736 et
1406 5680 1476 5734 ita
1515 5677 1817 5750 sepissime

220 5762 449 5828 nomina
482 5749 699 5828 propria
730 5753 1054 5828 corrumpit,
1092 5762 1154 5828 ut
1180 5752 1529 5828 tuncs'ulg‘us
1562 5749 1819 5828 loqueba—

364 5812 599 5907 ldqurt;
617 5812 979 5907 scitarioten'.
1016 5812 1277 5907 gaudens
1302 5812 1614 5907 dimidiare.
1636 5812 1820 5907 :Undei

228 5884 481 5957 ὀῦἓῑὶιίιυὲ
510 5884 652 5969 apud
684 5884 982 5951 Arnobiunt
1011 5884 1106 5965 pro
1128 5884 1452 5962 histriculus,
1484 5890 1700 5947 trionem
1726 5886 1821 5963 prd

1918 3355 2210 3409 ceciderunt
2241 3371 2421 3409 omnes
2467 3356 2558 3425 qui
2602 3364 2889 3425 operantur
2931 3355 3276 3425 iniquitatem,
3319 3356 3525 3425 expulsi

1915 3461 2037 3506 sunt
2064 3467 2157 3507 nec
2184 3460 2458 3520 potuerunt
2483 3461 2626 3507 stare
2651 3450 2817 3525 (Ibid.
2859 3451 2985 3523 l5)?
3017 3467 3118 3507 nec
3147 3451 3240 3507 ille
3271 3452 3325 3506 in
3359 3452 3526 3524 trige-

1914 3544 2056 3598 simo
2092 3553 2250 3598 sexto
2288 3561 2299 3597 :
2335 3542 2520 3599 Desine
2554 3544 2619 3598 ab
2657 3545 2757 3611 ira,
2786 3555 2833 3597 et
2865 3543 3161 3614 derelinque
3183 3553 3223 3581 ω
3256 3546 3526 3615 furorem;

1914 3634 2024 3689 noli
2046 3634 2288 3690 aemulari
2314 3646 2367 3689 ut
2397 3635 2720 3709 maligneris,
2746 3635 2992 3703 quoniam
3028 3636 3117 3706 qui
3144 3634 3521 3707 malignantur,

1915 3728 2401 3783 exterminabuntur
2433 3727 2550 3801 (Ps.
2581 3744 2773 3795 xxxvi,
2808 3728 2903 3800 8)?
2936 3727 3064 3783 Haec
3098 3726 3282 3799 itaque
3310 3728 3522 3799 legens,

1914 3823 2042 3892 quia
2095 3836 2194 3891 pro
2231 3822 2402 3877 nihilo
2447 3821 2701 3878 habenda
2740 3829 2945 3877 statuta
2972 3818 3262 3878 censueris
3284 3822 3519 3889 Domini,

1919 3916 2125 3972 idcirco
2155 3926 2207 3971 te
2231 3931 2357 3973 esse
2379 3915 2566 3987 judico
2591 3916 2764 3984 illum,
2791 3915 2860 3972 de
2892 3931 3001 3988 quo
3027 3916 3233 3971 dictum
3262 3925 3346 3971 est
3370 3933 3383 3970 :
3418 3914 3525 3971 0b-

1914 4012 2135 4065 serrabit
2166 4022 2404 4081 peccator
2435 4016 2632 4082 justum
2661 4021 2712 4066 et
2739 4011 2979 4066 stridebit
3008 4020 3037 4047 ιι
3059 4027 3219 4082 super
3248 4027 3362 4064 eum
3391 4010 3521 4065 den-

1917 4103 2051 4159 tibus
2077 4104 2224 4171 suis;
2252 4101 2510 4159 Dominus
2542 4113 2717 4159 autem
2746 4102 3001 4158 deridebit
3025 4110 3049 4139 ο
3075 4118 3216 4169 eum,
3239 4104 3359 4174 quia
3400 4119 3523 4173 pro-

1917 4243 2239 4299 histrionem.
2281 4243 2489 4300 Glossm
2536 4252 2756 4307 veteres
2800 4241 2942 4307 apud
2989 4240 3255 4295 lsidorum
3290 4256 3301 4292 :
3344 4238 3514 4305 Strio,

1918 4317 2212 4380 mimarius,
2263 4315 2435 4370 lerme
2470 4316 2722 4369 scenirus.
2768 4312 3011 4369 Scarioth
3057 4311 3221 4365 etiam
3271 4309 3409 4364 dixit
3454 4308 3516 4365 S.

1916 4384 2034 4442 Odo
2066 4387 2271 4441 Abbas.
2303 4386 2547 4441 Cluniae.
2584 4400 2749 4440 serm.
2782 4388 2850 4438 de
2884 4382 3115 4450 Magdal.
3153 4400 3167 4437 :
3208 4381 3361 4449 Quod
3396 4397 3516 4435 uero

1919 4457 2091 4512 Judas
2123 4457 2364 4513 Scarioth
2388 4466 2567 4511 contra
2589 4458 2722 4510 hanc
2744 4455 3123 4509 sanctissimam
3147 4454 3414 4507 mulierem
3437 4454 3518 4506 in-

1923 4530 2167 4603 dignatus
2198 4528 2550 4603 dicererlnde
2588 4531 2751 4583 etiam
2781 4526 3072 4603 Spaniscus
3103 4540 3216 4603 pro_
3235 4524 3517 4603 His_pan_is-

1868 4624 1882 4669 ;
1925 4594 2031 4663 συὶ,
2063 4612 2155 4656 aut
2188 4600 2526 4669 Hispanicus,
2556 4611 2607 4653 ut
2643 4614 2765 4655 cum
2799 4597 2931 4652 dixit
2966 4595 3286 4652 Anastasius
3324 4594 3377 4650 in
3419 4596 3519 4651 Be-

1840 4663 2138 4727 Dnedicto
2190 4663 2300 4737 nr,‘
2335 4663 2639 4744 Spaniscas,
2692 4686 2807 4737 qua:
2858 4668 3515 4744 pendent_super‘altar_e.

1915 4744 2053 4798 Item
2100 4753 2286 4799 vestem
2330 4739 2393 4797 de
2445 4742 2703 4812 Spanisco
2744 4752 2980 4796 ornatam
3008 4756 3027 4794 :
3060 4739 3112 4795 id
3143 4739 3251 4805 eSt,
3282 4739 3359 4812 de
3396 4740 3519 4794 velo

1916 4816 2243 4887 Hispanico;
2275 4824 2333 4870 ut
2354 4811 2499 4887 enim
2524 4824 2681 4887 erant
2713 4817 2826 4869 vela
2852 4812 3015 4882 Tyria
3038 4820 3095 4866 et
3123 4811 3514 4876 Alexandrina,

1912 4887 1987 4942 ita
2013 4884 2064 4943 et
2095 4887 2407 4957 Hispanica.
2435 4884 2509 4957 La
2532 4885 2718 4941 Cerdo.

1990 4958 2003 5009 i
2060 4951 2218 5014 Vers.
2266 4957 2394 5013 Ant.
2448 4956 2734 5011 Prwtendit
2782 4954 3139 5010 misericordia
3176 4961 3285 5007 tua.
3330 4951 3509 5009 Graec.

1913 5030 2355 5106 cutn__Lttcilero,
2388 5031 2691 5106 ςαρὰτεινον
2719 5030 2777 5086 τὸ
2796 5027 2939 5089 ἔλεός
2962 5048 3079 5083 σου.

1986 5101 2012 5139 ¹ι
2043 5102 2201 5157 Vers.
2234 5100 2362 5157 Ant.
2396 5100 2806 5156 Pe'ccatorum...
2840 5114 3015 5153 omnes
3043 5104 3333 5162 operantes.

1995 5172 2013 5212 1
2048 5174 2150 5229 Hic
2187 5190 2309 5229 cum
2350 5172 2508 5228 Vers.
2543 5173 2677 5244 (Ant.
2724 5181 3002 5244 poterunt;
3034 5169 3129 5225 sed
3165 5167 3327 5239 paulo
3379 5165 3519 5223 infe-

1916 5247 2034 5301 rius
2065 5256 2341 5313 potuerunt
2371 5260 2497 5298 cum
2522 5243 3016 5300 (ἓνενεοίδύνωνται.

1989 5327 2030 5355 ω
2051 5309 2210 5372 Vers.
2240 5317 2370 5373 Ant.
2395 5314 2709 5385 Derelinque
2735 5315 3145 5386 indignationem
3174 5328 3193 5367 :
3220 5328 3282 5366 ne
3310 5309 3524 5366 temule-

1917 5391 1992 5471 ris
2032 5399 2087 5471 ut
2129 5390 2356 5471 nequiter
2385 5389 2570 5471 facitis,
2600 5388 2845 5471 quoniam
2887 5386 3174 5471 quiAinique
3201 5390 3522 5471 aguntLelc.

1918 5460 2135 5517 Lucifer
2164 5455 2393 5531 propius
2415 5461 2480 5512 ad
2509 5455 2684 5515 Graec.
2717 5455 3162 5531 furoremﬂupbv;
3195 5455 3249 5531 ut
3272 5455 3524 5531 maligne-

1918 5534 2013 5593 ris.
2039 5526 2179 5590 ὧστί
2208 5526 2616 5608 πόνηριύεσθαι;
2645 5526 2732 5602 qui
2764 5526 3136 5601 malignantur,
3159 5528 3207 5583 oi
3244 5526 3529 5603 πονηρευό-

1986 5628 2081 5661 νοι.

1922 5626 2232 5752 “ﬁmoﬁmo.
2261 5690 2386 5752 rum
2418 5673 2805 5752 ξλιιᾳίιηβρίξει.
2839 5671 2998 5727 Vers.
3031 5671 3159 5752 ᾼιιι,
3204 5669 3457 5752 frentebit.

2005 5757 2029 5784 ο
2060 5749 2214 5803 Vers.
2246 5745 2375 5803 Ant.
2419 5741 2673 5801 Irridebit'
2713 5762 2851 5809 eum,
2894 5745 3157 5816 quoniam.
3184 5741 3450 5816 prospicit
3472 5756 3531 5803 eo

1932 5821 2073 5887 quod
2094 5822 2281 5875 veniat.
2312 5818 2494 5873 Sabat.
2526 5831 2743 5887 quoque
2774 5813 2921 5884 legit,
2955 5813 3198 5879 quoniam
3228 5813 3490 5883 prospicit.
