4042 6338
225 306 326 365 855

1248 305 1384 362 PRO
1418 296 1690 375 ΒΑΜ]Το
1729 298 2125 364 ATHANASlO
2166 302 2370 363 LIBER
2410 304 2446 361 1.

3415 304 3524 361 834

222 422 334 475 bam
359 418 534 487 verba,
567 436 659 475 nec
681 419 1020 475 attendebatis
1056 435 1072 473 :
1102 419 1192 473 sed
1228 421 1381 475 irrita
1418 410 1681 491 faciebatis
1706 434 1817 475 mea
1848 423 1887 482 Α
1922 422 2053 491 peri,
2084 421 2250 476 irritat
2274 436 2411 489 eum,
2444 422 2532 492 qui
2572 422 2689 493 fecit
2720 421 2869 476 illum
2901 420 3068 494 (Ibid.
3103 418 3229 491 3i):
3269 427 3331 476 ut
3359 418 3521 475 iuno-

219 514 455 578 consilia,
488 513 614 567 meis
641 524 811 567 autem
844 511 1282 581 increpationibus
1314 528 1415 566 non
1448 512 1811 566 intendebatis.

219 603 405 676 Itaque
448 614 496 658 et
542 618 637 678 ego
682 614 848 659 t'estra
898 603 1190 674 perditione
1236 601 1416 658 ridebo
1456 619 1474 657 :
1514 603 1816 673 gratulabor

217 708 390 753 autem
408 698 658 754 adversus
680 713 787 765 vos,
822 716 935 753 cum
958 700 1153 754 venerit
1172 698 1314 754 vobis
1336 698 1506 754 subito
1534 699 1811 767 tumultus,

214 793 414 847 eversio
460 802 631 847 autem
670 793 859 846 similis
895 792 1156 861 procella,
1199 806 1315 845 cum
1345 792 1608 845 aduenerit
1642 801 1815 846 autem

214 885 357 941 vobis
384 885 628 942 interitus
663 905 676 941 :
706 888 799 941 erit
826 886 962 940 enim
985 901 1103 940 cum
1129 901 1207 940 me
1228 885 1558 953 invacabitis,
1593 901 1687 957 ego
1713 900 1810 938 uu-

215 989 315 1033 tem
346 995 452 1035 non
484 979 802 1046 exaudiam;
829 989 1057 1051 qutcrent
1077 995 1160 1034 me
1182 980 1307 1033 mali
1330 988 1378 1033 et
1404 994 1507 1034 non
1529 978 1810 1034 invenient.

216 1075 456 1130 Oderunt
485 1076 621 1129 enim
652 1076 990 1146 sapientiam,
1026 1074 1235 1130 verbum
1265 1084 1435 1128 autem
1471 1073 1683 1128 Domini
1710 1089 1811 1127 non

210 1174 639 1236 ussumpserunt,
682 1182 846 1238 neque
887 1168 1163 1222 voluerunt
1204 1168 1330 1222 meis
1379 1166 1613 1220 consiliis
1647 1166 1812 1220 inten-

210 1258 341 1312 dere
382 1274 400 1313 :
441 1266 739 1329 spreverunt
772 1261 907 1314 enim
948 1275 1088 1313 meas
1127 1260 1510 1330 increpationes
1545 1275 1563 1313 :
1595 1258 1813 1331 ideoque

207 1349 362 1404 edent
389 1351 484 1405 uite
504 1365 610 1403 suae
630 1351 858 1421 fructus,
888 1361 934 1405 et
958 1368 1052 1406 sua
1074 1352 1338 1424 impietate
1360 1351 1669 1405 saturabuttt
1695 1351 1811 1405 ani-

206 1459 340 1496 mas.
393 1442 533 1497 Nam
573 1444 694 1514 quia
747 1444 1071 1515 decipiebant
1122 1442 1389 1512 parvulos,
1434 1443 1812 1513 interﬁcientur

205 1531 398 1607 (Prov.
429 1551 467 1602 t,
496 1535 613 1606 2t).
651 1535 885 1592 lnterlici
919 1546 1074 1592 certe
1102 1546 1280 1592 tecum
1333 1536 1708 1601 merebantur,
1756 1545 1812 1591 et

201 1630 432 1700 quidem
457 1646 487 1685 a
517 1631 653 1697 Deo,
678 1633 722 1686 si
740 1639 919 1688 tecum
940 1632 1036 1688 Dei
1063 1630 1340 1687 hominem
1366 1631 1663 1686 fuissemus
1683 1644 1807 1700 pert

198 1726 404 1782 secuti.
443 1727 550 1783 Sed
591 1728 866 1798 quomodo
896 1728 1040 1783 istud
1074 1726 1439 1783 fecissemus?
1465 1726 1557 1796 qui
1595 1724 1811 1780 scieba-

200 1840 328 1878 mus
362 1825 624 1894 scriptum
661 1844 671 1879 :
708 1824 835 1880 Noli
860 1826 1117 1897 fabricare
1144 1825 1200 1879 in
1226 1824 1451 1877 amicum
1471 1830 1618 1876 tuum
1640 1821 1799 1888 ntala,

195 1917 251 1970 in
292 1919 519 1972 incolam
558 1926 607 1973 et
644 1919 1010 1988 conﬁdentem.
1052 1916 1181 1972 Noli
1217 1916 1522 1972 inimicitias
1561 1930 1801 1969 exercere

193 2008 453 2065 adversus
493 2010 751 2066 hominem
780 2013 890 2065 sine
937 2028 1114 2079 causa,
1157 2027 1222 2065 ne
1259 2010 1382 2080 quid
1422 2009 1514 2063 tibi
1560 2020 1801 2075 operetur

193 2104 403 2157 malum
447 2103 556 2173 (Ib.
604 2110 698 2170 in,
734 2102 852 2177 29).
902 2105 1011 2160 Aut
1055 2102 1321 2175 numquid
1366 2116 1474 2157 non
1516 2109 1637 2156 erat
1680 2102 1801 2157 sine

190 2212 386 2267 causa,
414 2198 457 2253 si
484 2207 645 2269 prout
676 2201 898 2255 insanus
925 2200 1074 2254 furor
1100 2198 1553 2253 colitereticorum
1580 2206 1799 2251 tuorum

192 2305 298 2359 per
341 2299 397 2346 te
431 2291 693 2361 iusserat,
740 2293 795 2347 iu
843 2293 1194 2348 innocentem
1249 2292 1444 2346 mortis
1484 2288 1800 2345 tulissemus

188 2383 569 2438 sententiam?
597 2384 688 2440 Va:
717 2385 834 2448 tibi,
861 2386 984 2456 quia
1015 2385 1228 2440 dictum
1262 2385 1330 2440 de
1360 2394 1410 2439 te
1443 2392 1799 2453 persecutore

191 2486 399 2531 noetro
436 2475 637 2535 video:
677 2479 875 2533 Oculus
908 2478 1345 2543 contumeliosus,
1381 2477 1560 2547 lingua
1595 2476 1796 2545 iniqua,

186 2587 383 2625 manus
408 2581 530 2626 sunt
555 2578 580 2609 ⁸
604 2572 931 2641 effundentes
955 2574 1260 2643 sanguinem
1276 2572 1431 2637 justi,
1454 2580 1500 2624 et
1518 2586 1611 2624 cor
1637 2569 1801 2639 [abri-

186 2681 321 2719 cans
364 2667 703 2736 cogitationes
734 2668 923 2733 malas,
954 2652 1017 2720 et
1043 2667 1197 2735 pedes
1226 2666 1528 2737 festinantes
1564 2665 1632 2717 ad
1664 2664 1798 2717 male

185 2758 495 2829 faciendum
524 2759 632 2829 (Ib.
671 2776 742 2827 rt,
783 2759 895 2831 17).
931 2760 1129 2831 Legisti
1161 2775 1175 2812 :
1212 2758 1341 2825 Fili,
1374 2760 1574 2812 honora
1615 2756 1798 2811 Domi-

186 2868 346 2918 num,
394 2862 442 2904 et
486 2853 675 2908 ualebis
699 2869 718 2908 :
749 2865 937 2925 prteter
965 2869 1080 2908 eum
1111 2868 1174 2907 ne
1210 2854 1391 2907 timeas
1431 2854 1652 2905 alterum
1683 2849 1794 2921 (Ib.

183 2961 289 3013 vn,
323 2944 409 3019 t);
440 2956 497 3002 et
527 2953 707 3004 tamen
736 2955 788 3004 te
819 2947 997 3003 timeri
1028 2946 1273 3012 voluisti,
1307 2944 1474 3000 Deum
1506 2958 1639 2999 vero
1664 2959 1794 2999 con-

184 3041 393 3096 temni.
431 3039 583 3097 Unde
611 3043 812 3099 etenim
845 3042 1023 3097 solum
1057 3042 1225 3098 Deum
1252 3041 1594 3111 potuerimus
1634 3052 1797 3108 repe-

183 3133 292 3190 riri
329 3138 660 3202 metuentes,
694 3136 737 3191 si
781 3135 946 3191 minis
974 3136 1082 3190 tuis
1112 3134 1559 3198 succutnbentes,
1598 3132 1796 3188 absen-

1922 525 2135 570 centem
2169 524 2348 570 tecum
2382 528 2482 569 nos
2506 514 2818 569 interliccre
2846 512 3119 568 traheris?
3148 512 3203 568 Si
3227 514 3375 567 enim
3396 525 3534 566 cou-

1921 608 2196 662 tnmeliam
2239 605 2462 661 facienti
2502 606 2756 661 irascitur
2799 604 2960 669 Deus,
3002 613 3205 674 quanto
3252 605 3426 674 magis
3471 603 3521 657 ci

1918 699 2009 773 qui
2063 698 2401 754 interfecerit
2443 699 2562 768 ejus
2608 698 2993 753 sacerdotem!
3030 697 3306 768 Scriptum
3346 694 3526 757 adhuc

1919 810 2025 848 non
2062 793 2339 849 retinebas
2369 811 2381 846 :
2417 791 2633 847 Initium
2673 793 2767 847 via:
2805 792 2970 859 bonae,
3004 793 3175 861 facere
3197 796 3347 865 justa
3374 807 3393 846 :
3426 807 3531 845 ac»

1917 896 2063 955 cepta
2092 896 2267 940 autem
2305 896 2427 940 sunt
2454 886 2598 956 apud
2629 884 2912 940 Damian
2949 886 3111 957 magis
3141 901 3298 954 quam
3337 885 3523 939 immo-

1914 982 2024 1037 lare
2050 979 2379 1052 ltostias.(lb.
2416 997 2527 1047 xvi,
2550 980 2639 1051 5);
2674 990 2732 1035 ut
2764 991 2816 1034 tu
2854 980 3052 1050 injusta
3086 996 3185 1035 nos
3210 980 3392 1034 lacere
3418 993 3515 1033 co-

1914 1075 2111 1147 geres?
2141 1073 2246 1131 Sed
2273 1073 2456 1129 etalio
2483 1074 2638 1128 loco:
2670 1073 2772 1141 Qui
2786 1076 2992 1147 justum
3015 1083 3160 1127 uocat
3182 1071 3210 1110 ὶ)
3241 1074 3515 1143 injustam.

1916 1170 2172 1239 iniustum
2224 1177 2394 1222 autent
2446 1177 2502 1221 ut
2550 1170 2796 1237 justum,
2845 1167 3206 1221 abaminubilis
3259 1176 3333 1221 est
3376 1166 3517 1237 apud

1915 1258 2085 1316 Deum
2116 1259 2225 1333 (Ib.
2257 1276 2391 1326 xvu,
2424 1257 2537 1332 15).
2570 1259 2986 1315 Abominabiles
3021 1260 3141 1315 sine
3170 1258 3335 1315 dubio
3367 1273 3515 1314 esse-

1915 1370 2058 1422 mus,
2093 1356 2136 1410 si
2173 1364 2223 1410 te
2260 1355 2467 1424 justum
2522 1355 3042 1425 pronuntiaremus,
3083 1364 3136 1409 et
3185 1355 3359 1409 virum
3404 1355 3515 1409 Deo

1916 1458 2200 1520 acceptum
2227 1448 2583 1504 Athanasium
2606 1448 2865 1519 injustum
2886 1448 3278 1519 judicaremus.
3306 1447 3515 1516 Mirari,

1915 1545 2107 1615 inquit,
2138 1559 2414 1615 personam
2443 1543 2592 1613 impii
2620 1559 2723 1597 non
2754 1554 2829 1597 est
2858 1541 3073 1611 bonum,
3098 1558 3258 1613 neque
3278 1552 3514 1597 sanctum

1915 1640 2177 1694 declinare
2216 1639 2419 1708 justum
2460 1639 2515 1692 in
2552 1637 2763 1711 judicio
2809 1636 2919 1709 (Ib.
2955 1652 3109 1705 xvm,
3155 1637 3235 1707 5).
3272 1637 3350 1691 Tu
3379 1636 3515 1692 dicis

1914 1742 2109 1788 contra
2157 1732 2247 1803 qni
2290 1733 2344 1787 in
2397 1730 2551 1803 impii
2604 1746 2834 1800 persona
2889 1730 3090 1786 videris
3138 1729 3453 1800 descriptus
3493 1747 3506 1784 :
3560 1750 3561 1753 η

1835 1829 1882 1890 Β
1909 1826 2166 1881 Damnata
2202 1828 2493 1891 insontem,
2526 1826 2716 1880 imitati
2743 1841 2911 1879 meam
2949 1824 3131 1895 injusti
3177 1839 3452 1894 personam
3493 1839 3511 1877 :

1908 1933 1965 1979 et
1991 1922 2119 1978 licet
2148 1926 2264 1978 hzec
2288 1937 2389 1977 nos
2424 1922 2607 1977 facere
2645 1920 2913 1992 coegeris,
2945 1934 3066 1991 quae
3093 1919 3254 1976 nobis
3288 1928 3513 1989 possent

1912 2018 2081 2073 Deum
2109 2031 2358 2088 quaerere
2383 2017 2604 2083 iratum,
2627 2024 2808 2070 tamen
2834 2014 3119 2069 hortamur
3144 2023 3199 2068 te
3225 2012 3510 2068 inimicum

1906 2109 2189 2181 sospitatis
2238 2112 2461 2175 nostris,
2501 2123 2570 2163 ex
2617 2105 2779 2177 impio
2824 2106 2971 2175 pium
3014 2104 3154 2173 ﬁeri,
3188 2105 3398 2159 salvum
3440 2118 3508 2158 ex

1905 2217 2076 2273 aegro,
2112 2202 2290 2256 vivunt
2324 2217 2389 2256 ex
2437 2208 2676 2266 mortuo,
2714 2198 3041 2269 religiosum
3097 2214 3168 2253 ex
3209 2197 3507 2268 sacrilego.

1908 2296 2081 2364 Unde,
2131 2296 2333 2367 inquis,
2369 2294 2487 2350 hinc
2522 2294 2740 2364 assequi
2792 2292 3021 2364 potero?
3066 2291 3267 2362 quibus
3311 2291 3513 2347 rebus?

1903 2392 2101 2447 Desine
2130 2387 2384 2461 persequi
2405 2387 2498 2442 Dei
2521 2386 2745 2442 domum
2766 2402 2780 2453 ;
2805 2385 2997 2442 desine
3020 2384 3388 2455 proscribere,
3412 2382 3506 2439 de.

1903 2493 2143 2555 portare,
2174 2482 2489 2537 interﬁcere
2519 2481 2638 2552 ejus
2669 2495 2895 2546 servos;
2929 2478 3106 2537 fatere
3139 2488 3192 2533 te
3236 2476 3506 2533 (.‘hristia-

1902 2595 2052 2646 num,
2081 2592 2372 2633 exsecrare
2402 2577 2689 2633 uobiscum
2722 2585 2999 2632 catervam
3036 2584 3355 2630 commento
3387 2573 3505 2628 dia-

1900 2672 2010 2729 boli
2061 2672 2349 2743 qumsitam
2401 2668 2971 2736 Arinnorum;crcde
3017 2668 3178 2723 sicuti
3229 2665 3506 2723 credimus

1900 2782 2021 2831 nos,
2055 2766 2144 2837 qui
2176 2781 2246 2821 ex
2284 2765 2570 2821 beatorum
2604 2762 2988 2833 Apostolorum
3020 2760 3374 2816 successione
3405 2774 3501 2814 su-

1900 2873 2024 2914 mus
2069 2856 2319 2928 episcopi
2348 2873 2363 2923 ;
2389 2855 2653 2912 conﬁtere
2697 2852 2917 2909 unicum
2953 2851 3053 2907 Dei
3098 2849 3318 2917 Filium,
3350 2850 3512 2905 sicuti

1897 2951 1974 3007 illi
2002 2951 2240 3006 confessi
2269 2958 2418 3016 sunt,
2447 2963 2511 3004 ac
2532 2963 2634 3003 nos
2654 2946 3011 3013 conﬁtemur;
3039 2952 3101 3000 et
3127 2944 3341 2999 veniam
3370 2957 3499 2998 con-

1898 3043 2146 3114 sequeris
2180 3050 2457 3097 tantorum
2486 3040 2783 3097 scelerum.
2815 3037 3019 3109 Legisﬁ
3052 3036 3198 3091 enim
3227 3034 3369 3106 apud
3402 3034 3503 3089 Sa-

1897 3134 2172 3190 lomonem
2205 3149 2218 3185 :
2249 3131 2394 3187 Mors
2416 3140 2463 3186 et
2482 3132 2595 3187 ‘vita
2621 3130 2676 3185 in
2704 3129 2944 3185 manibus
2971 3127 3165 3197 lingua:
3186 3124 3352 3197 (Ibid.
3378 3124 3495 3197 2t),

185 3237 330 3293 tem,
364 3227 688 3293 inauditum,
712 3236 767 3283 et
795 3228 1015 3300 quidem
1039 3242 1189 3293 eum,
1221 3242 1384 3298 quem
1418 3224 1787 3294 sciremusju-
1819 3218 1864 3281 C
1897 3239 1953 3285 et
1996 3215 2136 3299 apud
2184 3229 2403 3283 beatum
2453 3226 2677 3281 Paulum
2714 3246 2725 3281 :
2764 3221 2935 3278 Corde
2969 3222 3199 3276 creditur
3235 3220 3304 3274 ad
3336 3221 3502 3291 justi—

183 3334 364 3384 smm,
416 3321 833 3378 daumarcmus?
878 3323 1137 3380 Salomon
1186 3324 1318 3378 dicit
1367 3339 1379 3375 :
1425 3321 1636 3377 Stateru
1682 3321 1793 3376 doli

183 3416 514 3469 abominatio
540 3426 611 3471 est
638 3433 811 3470 coram
834 3416 1061 3471 Domino
1093 3435 1105 3472 :
1140 3419 1346 3489 pondus
1377 3427 1549 3471 autem
1587 3432 1793 3487 sequam

183 3514 467 3579 acceptum
496 3519 569 3562 est
602 3510 648 3562 ei
689 3507 796 3580 (Ib.
827 3525 900 3576 II,
936 3510 1011 3581 1).
1045 3510 1126 3564 Tu
1150 3518 1342 3565 eontra
1381 3509 1642 3564 mandare
1683 3524 1790 3564 non

183 3601 439 3668 dubitas,
475 3601 728 3657 Damnata
754 3604 947 3674 injrsto
974 3603 1182 3677 judicio
1216 3604 1404 3668 uirum,
1440 3602 1544 3657 hoc
1580 3610 1789 3658 rectum

186 3704 417 3766 putans,
447 3697 590 3768 quod
623 3708 939 3767 perversum
983 3709 1090 3753 est.
1123 3697 1316 3752 Adhuc
1350 3694 1610 3753 Salomon
1641 3694 1711 3750 de
1739 3703 1792 3751 te

182 3804 254 3845 ac
315 3789 415 3845 tibi
474 3791 741 3846 similibus
786 3810 797 3844 :
856 3790 968 3845 Via:
1014 3792 1368 3864 insipientium
1419 3800 1571 3844 recta:
1614 3802 1791 3844 coram

183 3885 322 3953 ipsis
354 3899 376 3939 :
404 3884 616 3939 exaudit
653 3895 826 3938 autem
872 3883 1091 3938 consilia
1129 3885 1339 3954 sapiens
1386 3881 1494 3954 (Ib.
1541 3898 1639 3950 ιιι,
1671 3882 1785 3951 15).

184 3977 474 4045 Damnata,
527 3979 729 4050 inquis,
781 3980 1125 4051 Athanasium
1155 3996 1167 4035 :
1201 3990 1255 4034 et
1295 3979 1516 4050 quidem
1560 3979 1650 4033 ubi
1691 3993 1780 4035 va-

184 4070 309 4127 lere
362 4086 470 4127 non
525 4072 749 4143 potuisti
802 4074 1027 4143 ingenio
1075 4072 1415 4129 detestanda:
1469 4072 1791 4128 subtilitatis

185 4177 320 4233 tuae,
354 4166 564 4223 Viribus
604 4166 816 4238 imperii
852 4170 927 4223 tui
959 4167 1197 4238 coepisti.
1232 4169 1305 4225 De
1343 4176 1396 4223 te
1436 4169 1618 4238 itaque
1653 4168 1790 4223 scri-

185 4270 347 4331 ptum
381 4261 607 4330 accipe:
644 4260 817 4316 Malus
856 4277 971 4315 cum
1013 4261 1322 4315 contumelia
1362 4260 1468 4331 agit
1508 4260 1649 4314 mala
1677 4258 1783 4331 (Ib.

186 4367 311 4419 xm,
350 4350 468 4425 l0);
497 4363 549 4408 et
575 4356 796 4417 iterum,
827 4355 966 4424 quod
992 4365 1157 4410 temet
1180 4356 1261 4409 sic
1283 4355 1603 4425 iaqueojam
1632 4352 1794 4409 neca-

187 4449 358 4512 veris,
395 4447 655 4505 luerendo
681 4450 923 4519 Arianis,
958 4450 1119 4505 sicuti
1140 4451 1202 4505 ‘et
1232 4451 1399 4506 Iudas
1419 4449 1675 4506 Scarioth
1697 4450 1795 4506 .lu-

184 4540 327 4595 dmis
362 4557 375 4591 :
409 4540 517 4595 Lex
538 4542 761 4610 sapienti
783 4546 899 4611 fons
924 4544 994 4596 (st
1026 4544 1162 4609 sine,
1190 4543 1378 4597 stultus
1404 4553 1577 4598 autem
1615 4544 1796 4613 laqueo

1902 3321 2047 3385 tiam,
2069 3336 2157 3375 ore
2179 3330 2350 3374 autent
2375 3318 2630 3391 confessio
2648 3318 2706 3386 ﬁt
2721 3316 2789 3370 ad
2811 3316 3027 3371 salutem
3051 3323 3072 3351 ο
3098 3311 3278 3384 (Rom.
3302 3328 3358 3375 x,
3387 3312 3498 3382 l0).

1904 3412 2196 3470 Meministi
2229 3411 2492 3482 scriptum
2517 3429 2528 3465 :
2549 3411 2716 3465 Testis
2743 3410 2909 3480 falsus
2936 3424 3037 3462 non
3062 3406 3344 3478 impunitus
3363 3405 3497 3471 erit;

1899 3519 1946 3566 et
1970 3510 2057 3580 qui
2087 3517 2299 3564 accusat
2328 3508 2519 3577 inique,
2554 3522 2656 3560 non
2689 3502 2894 3576 eﬁ'ugiet
2937 3499 3124 3574 (Prov.
3163 3514 3276 3567 ιιι,
3312 3498 3371 3569 5)
3402 3515 3416 3551 :
3447 3506 3501 3554 et

1902 3614 2082 3657 tamen
2115 3600 2261 3657 luisti
2292 3614 2455 3655 ausus
2485 3596 2711 3655 inﬁciari
2737 3595 2763 3634 (ι
2787 3594 3169 3651 Athanasium.
3203 3590 3321 3646 Non
3349 3592 3493 3646 enim

1899 3693 2054 3750 nobis
2103 3694 2277 3749 fuerat
2327 3692 2508 3761 aliqua
2556 3704 2721 3746 causa
2766 3702 2890 3744 cum
2934 3685 3162 3757 collegis
3192 3692 3355 3740 sectae
3389 3691 3488 3738 tua:

1897 3788 2136 3854 Arionis,
2162 3802 2285 3842 cum
2312 3784 2538 3841 eosdem
2564 3784 2675 3854 jam
2706 3783 2917 3853 pridem
2952 3780 3048 3835 Dei
3081 3778 3325 3851 potentia
3364 3793 3483 3835 cunt

1897 3883 2027 3937 Ario
2055 3879 2197 3951 apud
2231 3879 2486 3941 Nicaeam,
2522 3888 2768 3946 tempore
2797 3888 2906 3945 quo
2946 3887 3053 3928 non
3095 3870 3276 3925 solum
3297 3876 3487 3924 contra

1896 3975 2287 4047 blasphemiam
2318 3982 2577 4035 vestram,
2602 3970 2699 4027 sed
2728 3978 2784 4025 et
2811 3977 3005 4026 contra
3033 3979 3229 4027 omnes
3252 3965 3493 4018 hatreses

1897 4072 2031 4128 ﬁdes
2061 4070 2335 4141 descripta
2362 4076 2466 4135 est,
2495 4065 2868 4138 prreuuiverit.
2896 4061 3035 4128 Non,
3066 4060 3309 4131 inquam,
3338 4055 3498 4117 nobis

1896 4184 2019 4227 cum
2066 4168 2174 4224 illis
2227 4162 2732 4237 pseuduepiscopis,
2783 4157 3023 4214 inimicis
3062 4154 3183 4219 Dei,
3218 4150 3497 4221 magistris

1900 4269 2028 4334 tuis,
2066 4266 2247 4334 aliqua
2294 4262 2468 4316 iuerat
2505 4258 2757 4329 quaestio,
2800 4264 2859 4309 ut
2900 4254 3097 4309 iterum
3139 4256 3325 4303 contra
3367 4259 3493 4299 ees-

1898 4362 2021 4417 dem
2052 4356 2488 4426 conﬁigeremus,
2528 4365 2664 4422 quos
2700 4347 2872 4404 semel
2906 4347 3051 4401 Deus
3098 4339 3385 4413 pepulerat
3425 4336 3494 4392 de

1898 4452 2095 4526 populo
2142 4463 2263 4505 suo.
2312 4447 2500 4516 Itaque
2544 4458 2689 4497 nunc
2732 4440 2891 4499 nobis
2943 4447 3119 4492 tecum
3165 4441 3249 4489 est
3305 4430 3447 4526 ratio
3475 4470 3494 4500 ,

1900 4523 2022 4619 quia
2069 4555 2123 4599 te
2168 4548 2445 4596 auctorem
2495 4533 2822 4599 institueris,
2864 4528 3009 4603 quod
3058 4526 3205 4583 enim
3253 4523 3499 4619 Athana.

184 4639 439 4691 morietur
473 4630 636 4710 (ibid.
670 4637 780 4709 14).
812 4639 1007 4695 Adhuc
1035 4640 1233 4695 dicitur
1262 4638 1329 4695 de
1354 4649 1443 4697 te:
1476 4639 1589 4695 Rea:
1612 4641 1790 4695 audax
1820 4625 1867 4683 Ι)
1896 4616 2008 4696 sius
2032 4638 2223 4692 inisset
2246 4646 2371 4688 reus
2395 4640 2446 4686 ες
2471 4643 2632 4701 quem
2670 4623 2976 4682 inauditum
3014 4620 3140 4692 quia
3169 4616 3365 4689 punire
3399 4628 3498 4669 no-

184 4730 384 4783 iucidet
427 4731 480 4784 in
512 4732 652 4784 mala
690 4730 854 4801 (Ibid.
900 4733 1011 4803 l7).
1044 4730 1241 4803 Utique
1289 4731 1537 4787 incidisti
1579 4732 1631 4785 in
1673 4731 1789 4788 lucc

188 4824 359 4888 mala,
392 4824 513 4894 quia
550 4824 685 4879 nihil
724 4826 1014 4895 sapientia}
1045 4825 1144 4879 tibi
1184 4824 1505 4895 reliqueris,
1538 4824 1789 4895 negando

188 4918 414 4972 unicum
467 4916 562 4972 Dei
611 4916 828 4982 Filium,
874 4916 968 4972 sed
1022 4926 1193 4971 totum
1240 4926 1408 4971 temet
1461 4916 1695 4971 verteris
1736 4916 1789 4971 ιιι

185 5010 505 5073 stultitiam,
540 5026 660 5080 quae
686 5024 777 5065 res
803 5008 1047 5064 eil‘ecerit
1079 5022 1128 5064 te
1160 5010 1408 5064 mactare
1438 5008 1549 5062 Deo
1570 5008 1789 5062 charos.

187 5105 467 5175 Scriptum
514 5117 595 5160 est
631 5123 643 5158 :
678 5104 903 5174 Sapiens
946 5103 1174 5159 timendo
1220 5103 1499 5159 declinabit
1546 5110 1578 5155 α
1626 5103 1787 5171 mulo,

186 5182 447 5268 insipiens
465 5210 636 5252 autem
661 5199 899 5252 miscetur
920 5198 1184 5262 conﬁdens
1203 5198 1377 5264 iniquo
1396 5192 1502 5269 (Ib.
1534 5211 1647 5264 xtv,
1673 5196 1785 5267 16).

190 5291 308 5347 Non
338 5292 554 5362 legeras
594 5292 859 5363 scriptum
897 5307 910 5344 :
948 5291 1050 5357 Qui
1095 5290 1462 5345 contumeliam
1494 5292 1619 5361 facit
1656 5304 1785 5360 pau-

263 5448 285 5473 η
323 5436 460 5491 Sunt
488 5435 634 5491 delet
656 5434 842 5491 Sahat.

262 5506 480 5633 bbﬁllers.
517 5511 646 5562 Ant.
669 5508 951 5562 Iudicat...
981 5507 1232 5578 injustam
1260 5520 1377 5560 uera
1394 5510 1616 5581 justum,
1646 5521 1792 5561 exse-

262 5600 283 5633 u
320 5597 334 5632 t
362 5596 426 5633 is.

197 5580 426 5635 crabilis.

268 5664 289 5689 ε
314 5652 480 5706 νει-8.
508 5652 639 5707 Ant.
675 5649 741 5704 In
766 5652 1006 5705 salutem.

265 5724 292 5761 ά
326 5723 433 5777 Pro
460 5724 582 5794 falsi
609 5723 842 5794 criminis
877 5738 1123 5778 accusare
1161 5722 1522 5787 Athanasium,
1557 5731 1602 5775 et
1641 5721 1686 5775 ei
1715 5720 1795 5775 in-

197 5796 388 5867 iuriam
421 5792 609 5867 facere.
638 5792 746 5867 Tit.

273 5877 296 5905 ε
329 5867 407 5925 Ex
435 5866 617 5926 Latin.
646 5875 701 5923 et
726 5866 831 5925 Tit.
868 5877 1026 5925 antea
1059 5883 1219 5925 meus.

1899 4731 2181 4797 Iuerimus,
2231 4726 2395 4782 homo
2416 4725 2507 4795 qui
2542 4730 2710 4777 temet
2749 4727 2941 4775 testem
2971 4714 3156 4797 scires
3181 4711 3406 4773 falsum,
3438 4717 3497 4763 ut

1898 4823 2009 4878 fera
2040 4793 2293 4875 immanis
2326 4832 2389 4871 ac
2425 4793 2601 4871 bellua
2643 4810 2856 4880 cmpisti
2892 4793 2990 4862 nos
3030 4820 3157 4861 cum
3190 4798 3494 4858 Athanasio

1893 4918 2035 4973 velle
2084 4914 2302 4986 punire,
2366 4920 2637 4981 tamquam
2695 4903 3042 4961 frendoribus
3087 4902 3106 4940 τ
3161 4898 3266 4952 tuis
3319 4891 3496 4986 possis

1893 4985 2180 5066 servorum
2214 5005 2308 5061 Dci
2343 5006 2580 5075 rigorem
2626 5014 2904 5070 superare.
2950 4995 3106 5050 Licet
3144 4990 3290 5047 enim
3334 4985 3488 5043 Salo-

1896 5120 2020 5160 mon
2050 5102 2225 5157 dicat:
2259 5099 2418 5170 Regis
2443 5106 2468 5145 κ
2493 5097 2645 5150 mina:
2675 5092 2868 5148 similes
2898 5095 3013 5144 sunt
3037 5081 3310 5158 gemitibus
3326 5077 3491 5133 leonis

1896 5195 2058 5268 (Ibid.
2091 5188 2179 5264 12)
2200 5235 2213 5260 ,
2238 5202 2419 5255 tamen
2451 5188 2687 5260 gemitus
2709 5182 2783 5240 tui
2815 5179 3018 5238 leonini
3050 5182 3242 5233 contra
3271 5185 3373 5226 nos
3398 5170 3495 5222 ha-

1896 5294 2027 5348 bere
2054 5290 2307 5345 virtutem
2334 5302 2439 5343 non
2473 5292 2749 5356 poterunt.
2775 5275 2988 5349 Quare?
3017 5272 3141 5347 quia
3167 5271 3242 5326 sis
3264 5276 3320 5323 ttt
3356 5278 3496 5337 pra:—

1974 5429 1991 5469 ί
2026 5428 2081 5484 Id
2111 5436 2215 5492 est,
2240 5426 2437 5481 rabidis
2476 5422 2806 5478 clamoribus.
2831 5416 2960 5492 ‘Yox
2992 5409 3222 5492 barbara
3262 5398 3493 5492 avet-bo

1897 5476 2089 5559 Latino
2114 5476 2614 5572 "(rendus—frendens
2638 5492 2786 5572 enim
2815 5488 3036 5572 dicitur,
3068 5480 3212 5554 quod
3248 5476 3497 5534 minando

1900 5558 2349 5647 frattgal'denles}
2376 5558 2609 5647 ἶςιῃιείᾳ.
2638 5558 3032 5647 ίιὶιεῑϊξηξξιοῂ
3086 5624 3266 5647 Amr“
3304 5614 3487 5647 “nam.

2384 5616 2743 5707 'Iniqitiﬁregis
2782 5616 3039 5707 minitatio
3081 5624 3266 5707 similis
3303 5616 3498 5707 κιρξηιὶ

1903 5698 2099 5774 leonis.
2122 5715 2271 5770 Alius
2303 5698 2573 5777 Interprcs
2600 5698 2774 5763 Gr'wc.
2811 5698 3121 5777 in_llex_apl.
3158 5710 3253 5765 pro
3276 5698 3495 5777 rugitu‘i,

1904 5762 2328 5867 animus
2347 5762 2864 5867 έὲεθξινμῷρτοιίιξε
2879 5762 3503 5867 ἓὲξὶεέῑξέεὶοὲξ¹εὲἒῖυ¹⁰

2354 5834 2666 5919 (stagnis),
2696 5834 2857 5915 mina,
2886 5844 2976 5902 ubi
2994 5842 3150 5901 Vers.
3173 5834 3300 5896 Ant.
3329 5837 3426 5891 ira.
