4042 6338
567 290 676 350 853

1648 290 1975 368 LUQIFERI
2015 288 2325 349 EPISCOPI
2365 289 2788 349 CALARITANI
3723 299 3805 360 856

561 424 757 466 cursor
804 406 1144 475 antichristi,
1198 416 1253 464 et
1298 421 1399 463 nos
1446 420 1636 463 sumus
1687 407 1890 464 milites
1935 405 2160 464 Christi.
2192 409 2243 471 Α
2268 413 2460 479 ptum:
2491 405 2676 462 Libera
2699 423 2784 464 eos
2809 408 2896 478 qui
2924 409 3182 464 ducuntur
3209 410 3279 464 ad
3299 418 3526 480 mortem,
3549 421 3590 466 et
3608 414 3807 472 redimere

564 503 786 572 Quare?
814 502 938 572 quia
963 501 1212 557 homines
1237 500 1332 556 Dei
1366 500 1588 558 vincere
1621 515 1726 557 nou
1756 500 1937 557 valeas
1961 511 2015 557 tu
2042 515 2166 571 per-

563 605 786 654 secutor
815 595 933 667 ejus
959 595 1259 667 religionis.
1294 594 1426 650 Item
1449 595 1557 649 alio
1585 595 1726 664 loco,
1761 593 1934 663 Nihil,
1966 594 2163 666 inquit,

561 693 774 746 interest
794 691 929 746 inter
950 691 1119 745 minas
1148 689 1284 762 regis
1309 699 1356 744 et
1373 692 1504 745 iram
1523 690 1689 745 leonis
1715 691 1774 760 λ(
1783 688 1940 746 Prov.
1961 706 2052 755 xx,
2081 688 2163 762 2).

563 783 707 854 Quid
740 786 844 840 hoc
871 783 939 840 ad
972 783 1066 840 Dei
1097 799 1312 852 servos,
1343 783 1434 854 qui
1467 795 1665 855 praeter
1695 784 1866 840 Deum
1891 787 2166 842 neminem

561 893 687 935 esse
709 861 1013 934 timendum
1043 878 1428 934 statuerimus?
1451 879 1540 950 qui
1565 878 1619 933 in
1642 894 1803 933 manu
1836 878 1927 933 Dei
1955 879 2166 934 animas

565 975 770 1044 positas
802 983 1022 1030 nostras
1053 973 1504 1030 meminerimus?
1537 983 1767 1044 possunt
1806 975 2016 1046 rugitus
2045 984 2167 1030 tuos

567 1069 760 1124 timere
787 1067 1028 1123 coariani
1062 1066 1173 1134 tui,
1202 1068 1328 1137 quia
1363 1065 1482 1122 sitis
1510 1067 1629 1123 sine
1660 1067 1848 1122 notitia
1880 1067 2008 1132 Dei,
2041 1067 2165 1138 quia

560 1162 666 1217 sint
697 1161 918 1216 minime
941 1176 1090 1217 arma
1115 1160 1143 1199 δ
1180 1161 1274 1216 Dei
1302 1160 1495 1216 indttti.
1515 1159 1785 1218 Caeterum
1822 1161 1913 1218 Dei
1944 1160 2166 1218 domes-

564 1257 654 1312 tici
689 1256 934 1312 ridemus
967 1256 1174 1327 rugitus
1213 1265 1338 1312 tuos
1367 1256 1508 1313 leoni
1540 1257 1768 1313 similes.
1798 1257 2018 1325 Quare?
2040 1259 2166 1330 quia

565 1351 740 1408 feram
775 1359 826 1407 te
857 1361 1272 1422 cognoscentes,
1303 1352 1460 1422 cujus
1490 1354 1704 1424 rugitus
1729 1352 1932 1408 habere
1959 1353 2168 1409 descri-

562 1445 728 1509 beris,
761 1445 1040 1501 rideamus
1069 1454 1123 1501 te
1153 1445 1328 1516 magis
1355 1446 1458 1502 sub
1489 1445 1660 1518 figura
1691 1445 1930 1501 hominis
1961 1446 2167 1502 consti-

561 1546 733 1594 tutam
759 1538 1005 1594 rabidam
1053 1537 1223 1594 feram
1271 1547 1592 1606 cernentes,
1633 1553 1795 1610 quam
1843 1539 2164 1608 timeamus,

562 1649 792 1690 necesse
813 1644 916 1690 est.
951 1633 1058 1690 Sed
1083 1633 1128 1688 si
1176 1647 1284 1689 non
1331 1648 1392 1689 es
1435 1633 1546 1689 fera
1585 1633 1687 1688 sub
1729 1633 1964 1704 imagine
1993 1634 2167 1691 latens

560 1727 835 1792 hominis,
865 1727 1056 1782 dicito.
1100 1726 1300 1798 Legisti
1345 1725 1484 1796 apud
1518 1724 1912 1782 Salomonem:
1957 1724 2166 1781 Miseri-

2267 517 2356 556 eos
2383 501 2471 571 qui
2499 502 2883 572 interﬁciuntur
2903 543 2920 568 ,
2951 520 3015 558 ne
3039 521 3224 574 parcas
3251 500 3301 558 ά.
3333 504 3394 562 Si
3429 515 3589 561 autem
3624 508 3806 578 dixeris,

2270 592 2462 650 Nescio
2501 595 2671 663 hunc,
2699 598 2826 651 scito
2872 597 3121 667 quoniam
3155 596 3408 655 Dominus
3445 599 3594 654 corda
3620 603 3805 659 omnium

2269 689 2408 744 nouit
2430 705 2449 744 :
2479 699 2526 744 et
2552 690 2641 760 qui
2665 690 2909 761 ﬁgurauit
2940 691 3182 763 spiritum
3202 694 3440 750 omnibus
3463 695 3582 762 illis,
3608 697 3690 751 scit
3715 717 3802 753 ont-

2270 787 2358 840 nia
2376 828 2391 853 ,
2419 787 2507 858 qui
2527 787 2698 843 reddit
2742 788 3018 860 unicuique
3043 790 3328 845 secundum
3369 808 3523 860 opera
3545 792 3649 862 ejus
3675 793 3804 864 (Ibid.

2270 896 2420 945 xstv,
2457 881 2514 936 11
2540 880 2583 953 ).
2613 882 2695 937 Ad
2725 883 2874 947 tunc,
2912 893 2963 938 te
2993 883 3241 952 dicente,
3272 882 3523 940 Damnate
3559 883 3649 941 Dei
3682 890 3808 944 culto-

2269 990 2396 1041 rem,
2413 973 2750 1047 derelinquite
2769 975 2926 1045 ﬁdem
2948 977 3312 1046 apostolicam,
3336 979 3571 1049 suscipite
3591 981 3809 1050 perﬁdiam

2270 1083 2467 1132 meam,
2501 1069 2688 1140 utique
2726 1077 2779 1124 te
2818 1071 2998 1140 aperit
3043 1084 3167 1125 esse
3193 1069 3468 1127 hominem
3499 1072 3806 1140 pestilentem.

2271 1158 2416 1215 Deus
2447 1160 2602 1216 nobis
2644 1162 2936 1219 subvenire
2967 1171 2991 1200 ι·
3025 1163 3139 1219 vult
3178 1164 3230 1219 in
3280 1163 3551 1234 pressuris
3577 1173 3717 1233 atque
3737 1180 3808 1220 sn-

2269 1252 2461 1323 gnstiis
2486 1252 2837 1320 constitutis;
2871 1263 2928 1310 et
2955 1263 3012 1310 tu
3038 1269 3158 1321 eos,
3192 1269 3334 1325 quos
3366 1253 3667 1313 benefacere
3690 1271 3813 1327 opor-

2271 1352 2372 1412 tet,
2403 1347 2543 1402 male
2570 1346 2748 1402 facere
2771 1363 2956 1418 urges,
2989 1357 3045 1403 et
3070 1347 3293 1419 quidem
3319 1348 3610 1404 admovens
3627 1363 3700 1414 ea,
3723 1366 3811 1420 qua:

2271 1438 2466 1495 timere
2499 1437 2519 1476 ί
2554 1454 2716 1510 posse
2740 1438 3100 1496 existimaris.
3124 1440 3374 1497 Adverte
3398 1439 3510 1512 jam
3538 1440 3580 1496 si
3601 1454 3692 1496 non
3717 1441 3812 1498 inte

2270 1531 2342 1588 sit
2365 1533 2586 1588 morbus
2611 1533 2701 1589 ille
2721 1534 2815 1605 qui
2843 1544 3070 1590 vocatur
3095 1535 3295 1607 pestis,
3325 1543 3412 1591 est
3441 1533 3649 1590 morbus
3663 1533 3726 1596 ad
3738 1533 3812 1590 hoc

2272 1625 2484 1692 valens,
2512 1635 2571 1681 ut
2599 1642 2706 1681 non
2738 1626 2912 1682 solum
2945 1641 3204 1698 corpora,
3233 1626 3331 1682 sed
3355 1635 3412 1682 et
3440 1625 3636 1682 animas
3659 1627 3815 1682 morbi-

2270 1720 2370 1776 das
2397 1721 2575 1792 possis
2601 1719 2825 1777 efficere
2847 1763 2862 1790 ,
2887 1737 3075 1778 eorum
3109 1721 3366 1778 videlicet
3394 1721 3484 1792 qui
3510 1732 3558 1777 te
3582 1721 3726 1776 velint
3747 1736 3815 1776 au-

561 1821 744 1876 cordia
772 1830 820 1876 et
860 1828 1048 1875 ueritas
1078 1821 1244 1875 tutela
1283 1829 1361 1875 est
1397 1821 1538 1892 regi,
1590 1830 1639 1875 et
1677 1821 1997 1875 circumeunt
2029 1821 2168 1894 justi
2196 1819 2245 1880 B
2271 1815 2390 1872 dire
2415 1815 2690 1871 dicentem
2719 1833 2731 1870 :
2763 1815 3019 1872 Damnata
3043 1816 3252 1871 Domini
3281 1817 3580 1884 antistitem,
3603 1815 3817 1884 repudiate

559 1915 733 1970 sedem
761 1917 872 1987 ejus
919 1911 1093 1982 (Ibid.
1123 1911 1248 1984 28).
1283 1912 1417 1967 Cum
1462 1922 1514 1968 te
1553 1923 1743 1968 contra
1784 1923 2002 1968 caterva
2053 1927 2169 1967 ma-

563 2007 834 2078 lignorum
864 2007 1310 2076 circumsepserit
1342 2005 1668 2061 Arianorum
1692 2047 1707 2072 ,
1736 2017 1792 2062 et
1821 2020 1943 2062 esse
1973 2019 2169 2062 cerua-

562 2114 684 2157 mus
733 2099 1124 2157 misericordia:
1173 2100 1516 2170 puuitorem,
1561 2097 1809 2154 veritatis
1849 2106 2169 2156 exsecrato-

564 2209 681 2250 rem
708 2237 722 2255 ,
750 2193 878 2265 quid
911 2207 1035 2250 esse
1063 2192 1209 2248 aliud
1244 2202 1295 2248 te
1319 2191 1726 2264 jndicabimus,
1760 2191 1861 2248 nisi
1903 2192 2072 2248 feram
2107 2207 2170 2248 ac

563 2290 839 2345 belluam?
863 2289 1121 2345 excitaris
1150 2289 1203 2344 in
1233 2304 1363 2356 nos,
1395 2297 1454 2343 ιιι
1483 2288 1568 2344 leo
1599 2288 1852 2359 rugiens,
1886 2287 2033 2358 quod
2067 2286 2171 2343 mi-

561 2382 919 2439 sericordiam
949 2391 1005 2437 et
1034 2383 1322 2438 veritatem
1353 2380 1674 2452 diligamus,
1702 2379 1850 2452 quod
1877 2394 1983 2434 non
2011 2379 2166 2434 inno-

559 2478 773 2531 centem
795 2483 853 2531 et
878 2475 1086 2546 justum
1128 2474 1532 2544 pnniverimns,
1558 2483 1613 2529 et
1653 2473 1941 2529 arbitraris
1973 2489 2080 2528 non
2116 2482 2170 2529 te

563 2585 686 2627 esse
726 2570 1020 2626 immanem
1063 2568 1237 2626 feram
1275 2583 1338 2624 ac
1365 2567 1604 2624 belluam
1637 2567 2033 2624 saevissimam?
2061 2565 2170 2623 Sed

564 2679 689 2736 quae
738 2674 790 2719 te
831 2663 1089 2719 voluntas
1137 2662 1206 2718 ad
1247 2662 1366 2720 hinc
1404 2664 1768 2735 perpetranda
1821 2662 2170 2734 perduxerit,

565 2773 794 2829 prorsus
823 2758 1011 2813 videre
1032 2773 1138 2813 non
1163 2772 1408 2829 possum,
1436 2767 1496 2814 ut
1522 2759 1692 2815 totius
1709 2759 1936 2829 justitia:
1962 2759 2175 2832 episco-

566 2865 696 2920 pum
747 2848 1116 2914 catholicum,
1170 2848 1384 2904 ltomini
1430 2850 1770 2906 sacerdotem
1825 2851 2024 2908 fuisses
2077 2852 2172 2908 tali

565 2941 735 2998 exitio
755 2951 1094 3012 persecutus.
1116 2941 1386 3013 Numquid
1407 2957 1513 2998 non
1533 2945 1864 3001 memineras
1881 2945 2169 3016 scriptum:

567 3032 766 3089 Facere
774 3035 1060 3105 justitiam,
1076 3044 1121 3089 et
1145 3050 1373 3090 ueracem
1387 3051 1515 3101 esse,
1534 3037 1701 3107 placet
1719 3035 1826 3092 Deo
1843 3039 2007 3109 magis
2019 3055 2175 3109 quam

569 3128 858 3183 hostiarum
892 3129 1104 3201 sanguis
1127 3127 1295 3203 (Ibid.
1327 3145 1439 3197 xxi,
1471 3129 1564 3200 3)?
1591 3130 1853 3203 Displicet
1882 3131 1975 3187 tibi
1999 3131 2173 3187 Atbao

2271 1907 2428 1978 ﬁdem
2458 1924 2612 1980 quam
2640 1924 2842 1977 semper
2872 1899 3034 1963 tenuit
3063 1909 3280 1962 ecclesia
3302 1949 3317 1974 ,
3335 1917 3401 1962 τι
3445 1907 3669 1974 suscipite
3691 1923 3814 1960 meant

2270 2015 2426 2070 quant
2478 1999 2691 2054 tradidit
2738 2000 2912 2054 Arius.
2956 1999 3307 2065 Erubescere,
3336 1998 3509 2071 inquit
3536 2001 3818 2056 sanctascri-

2273 2105 2454 2166 plura,
2487 2110 2762 2167 personant
2787 2096 2841 2150 in
2858 2094 3065 2165 iudicio
3091 2111 3195 2150 non
3223 2104 3298 2148 est
3327 2094 3553 2149 bonum:
3576 2104 3620 2150 et
3636 2095 3710 2164 qui
3730 2094 3818 2147 dicit

2272 2189 2492 2259 impium
2507 2192 2714 2263 justum
2743 2205 2881 2257 esse,
2911 2188 3222 2244 maledictus
3247 2189 3346 2244 erit
3377 2189 3429 2242 in
3455 2187 3661 2262 pepulis,
3679 2198 3717 2242 et
3737 2186 3820 2241 odi-

2275 2283 2391 2339 bilis
2416 2283 2673 2358 gentibus.
2707 2281 2847 2338 Nam
2875 2285 2961 2354 qui
2988 2291 3238 2355 arguunt,
3263 2283 3482 2337 meliora
3513 2291 3538 2328 8
3565 2279 3819 2353 sperabunt:

2273 2378 2328 2432 in
2371 2377 2512 2448 ipsos
2561 2386 2736 2432 autem
2780 2377 2948 2432 ueniet
2980 2375 3266 2432 benedictio
3314 2374 3510 2448 optima
3555 2372 3699 2446 (Ibid.
3731 2368 3817 2442 23).

2276 2472 2342 2530 Et
2375 2483 2430 2529 tu
2460 2474 2788 2530 existimasti
2811 2473 3139 2534 erubescere
3177 2489 3283 2529 nos
3316 2474 3557 2545 potuisse
3593 2484 3818 2542 personam

2275 2575 2446 2634 tuam,
2479 2576 2536 2623 et
2565 2566 2826 2623 damnare
2855 2581 2980 2623 eum
3000 2581 3163 2637 quem
3190 2566 3374 2622 scires
3403 2565 3562 2622 etiam
3589 2567 3686 2635 ipse
3704 2560 3819 2616 inno-

2276 2670 2491 2716 centem
2513 2699 2529 2726 ,
2554 2665 2715 2730 qttem
2754 2659 3028 2715 retineres
3056 2672 3178 2714 esse
3221 2673 3390 2714 reum
3423 2659 3478 2712 in
3508 2658 3604 2712 hoc
3629 2665 3817 2716 tantum,

2275 2757 2420 2829 quod
2464 2757 2700 2813 noluerit
2742 2770 2801 2812 se
2849 2770 2976 2810 esse
3017 2769 3218 2826 negare
3262 2751 3635 2808 christianum.
3660 2748 3821 2805 Interea

2277 2850 2400 2923 quia
2435 2859 2488 2906 te
2517 2863 2808 2920 arguamus
2843 2849 3039 2903 mortis
3077 2848 3179 2903 iter
3211 2856 3529 2911 tenentem,
3558 2842 3667 2915 quia
3691 2839 3820 2896 corri-

2260 2939 2524 3014 ‘piamus,
2556 2939 2831 3010 conspicis
2868 2953 2994 3011 qua:
3037 2937 3197 2993 nobis
3238 2951 3464 2994 merces
3504 2934 3819 3008 promittatur:

2279 3038 2461 3108 Aperi,
2492 3039 2625 3094 dicit
2654 3035 2950 3108 PrOpbeta,
2997 3051 3052 3090 os
3093 3044 3237 3090 tuum
3278 3033 3443 3089 verba
3485 3031 3598 3099 Dei,
3619 3039 3660 3084 et
3683 3027 3822 3102 judice

2280 3132 2514 3187 omnibus
2533 3132 2728 3203 integre
2748 3145 2767 3184 :
2799 3130 2945 3200 aperi
2967 3145 3024 3184 os
3055 3138 3196 3182 tuum
3219 3137 3264 3182 et
3281 3127 3477 3198 judica
3511 3127 3646 3200 justa
3679 3119 3813 3194 (Ibid.

567 3219 935 3289 nasins,quod
956 3221 1307 3278 traditionem
1343 3221 1625 3278 beatorum
1657 3225 2028 3295 apostolorum
2055 3239 2181 3280 cus-
2204 3223 2251 3286 C
2285 3242 2436 3292 χχχι,
2460 3225 2538 3298 8).
2568 3224 2636 3279 Et
2666 3235 2718 3280 ttt
2757 3224 2892 3279 dicis
2913 3265 2926 3291 ,
2963 3221 3217 3278 Damnata
3254 3220 3624 3277 innocentem?
3650 3217 3822 3274 Retittco

570 3315 773 3381 todiat,
796 3315 941 3388 quod
973 3329 1034 3372 se
1063 3314 1417 3372 christianum
1442 3315 1697 3382 fateatur,
1721 3317 1864 3388 quod
1895 3318 2030 3373 nolit
2057 3333 2178 3374 esse

566 3419 876 3482 coapoStata
909 3420 1053 3466 tuus.
1081 3410 1197 3467 Non
1229 3412 1555 3478 mirandum;
1585 3413 2019 3485 quandoquidem
2044 3414 2181 3470 scri-

573 3513 722 3574 ptum
766 3512 1052 3560 teneamus
1091 3523 1103 3560 :
1147 3505 1370 3561 Sanctus
1412 3516 1582 3560 autem
1609 3507 1906 3562 immundus
1936 3517 2010 3562 est
2039 3508 2180 3579 apud

572 3597 739 3652 malos
759 3595 929 3670 (Ibid.
962 3596 1073 3671 l5).
1100 3599 1266 3655 Vobis
1297 3599 1548 3671 malignis
1575 3599 1830 3671 displicet
1861 3601 1925 3668 is,
1950 3602 2040 3672 qui
2068 3601 2181 3658 Deo

571 3689 817 3761 placeat,
853 3691 945 3745 tibi
993 3692 1297 3762 praesertim
1346 3693 1641 3748 temerario
1683 3708 1748 3750 ac
1786 3695 2057 3766 superbo,
2088 3695 2181 3766 qui

575 3783 901 3838 temerarius
941 3783 1070 3840 hinc
1105 3799 1227 3840 esse
1254 3784 1576 3857 intelligeris
1615 3800 1679 3839 ac
1704 3788 2010 3858 superbus,
2035 3787 2180 3860 quod

577 3886 768 3932 contra
817 3878 912 3932 Dci
957 3877 1356 3935 ordinationem
1400 3880 1698 3937 tetenderis
1739 3896 1996 3948 manum,
2038 3880 2182 3954 quod

571 3971 930 4041 apostolicam
947 3970 1293 4027 traditionem
1315 3974 1592 4043 putaveris
1610 3973 2019 4038 destruendam,
2039 3975 2182 4046 quod

574 4064 864 4138 episcopos
883 4108 899 4134 ,
927 4066 1030 4122 sub
1070 4082 1302 4138 quorum
1351 4078 1402 4123 te
1432 4068 1799 4125 sollicitudine
1828 4085 1990 4142 agere
2019 4086 2182 4141 oporo

575 4165 785 4222 luerat,
832 4159 934 4215 sub
985 4168 1129 4215 tuam
1177 4159 1442 4216 ditionem
1493 4163 1774 4219 censueris
1825 4163 2181 4235 redigendos.

571 4253 713 4324 Quid
755 4253 920 4325 igitur
968 4254 1046 4310 sis
1099 4253 1374 4326 intellige,
1407 4255 1638 4311 audiens
1682 4271 1782 4328 per
1827 4256 2181 4313 Salomonem

574 4345 720 4418 quod
754 4346 850 4402 tibi
878 4348 950 4403 sit
971 4348 1210 4418 superbo
1241 4363 1437 4406 nomen
1465 4367 1477 4403 :
1514 4349 1840 4406 Temerarius
1858 4361 1908 4408 et
1935 4352 2185 4423 superbus

575 4441 866 4511 pestilentia
908 4443 1173 4498 vocabitur
1207 4443 1389 4514 (Ibid.
1441 4443 1572 4519 24).
1618 4444 1892 4503 Pestilens
1939 4447 2066 4504 licet
2109 4448 2186 4503 sis

574 4531 770 4598 homo,
807 4542 985 4590 tamen
1035 4536 1228 4591 morbo
1259 4547 1351 4592 tuo
1393 4553 1593 4596 vexare
1633 4553 1733 4595 nos
1778 4555 1888 4595 non
1938 4541 2180 4612 poteris,

2282 3319 2501 3393 quidem
2525 3319 2701 3376 sacris
2726 3315 2749 3354 ι’
2776 3318 3064 3375 continens
3094 3317 3388 3388 scripturis
3415 3335 3429 3372 :
3460 3315 3583 3371 Noli
3617 3310 3823 3386 superbire

2284 3431 2460 3470 coram
2480 3431 2596 3488 rege
2637 3412 2805 3484 (Ibid.
2835 3429 2961 3479 xxv,
2991 3411 3050 3484 6)
3081 3429 3095 3466 :
3129 3410 3226 3468 sed
3255 3413 3304 3467 si
3335 3413 3478 3468 intra
3511 3410 3735 3467 terminos
3756 3419 3822 3475 p0-

2287 3509 2500 3564 testatis
2527 3516 2630 3562 tua:
2655 3521 2776 3562 esse
2803 3505 3092 3573 voluisses,
3116 3513 3172 3560 et
3200 3504 3480 3573 superbus
3506 3502 3521 3540 ί
3553 3498 3820 3559 exstitissem

2287 3613 2340 3658 te
2367 3609 2556 3658 contra
2575 3642 2590 3668 ,
2623 3616 2681 3656 re
2711 3615 2839 3656 vera
2880 3600 2998 3670 ipse
3037 3612 3124 3654 me
3155 3606 3212 3652 ut
3244 3596 3703 3668 praevaricatorem
3726 3589 3822 3660 lrgis

2285 3676 2758 3753 condemna'sscm.
2817 3693 2971 3750 Nunc
3018 3708 3149 3748 vero
3191 3693 3321 3762 quia
3364 3688 3642 3747 homicida:
3675 3686 3750 3741 tibi
3779 3696 3823 3737 ac

2287 3790 2556 3862 sacrilego
2577 3804 2705 3846 vera
2733 3788 3006 3850 dicamus,
3027 3803 3134 3842 non
3156 3786 3354 3858 utique
3377 3795 3641 3857 tamquam
3659 3776 3824 3850 superbi

2289 3885 2466 3958 puniri
2497 3884 2856 3949 merebimur,
2883 3883 2978 3940 sed
3005 3883 3177 3953 magis
3201 3881 3446 3952 pra-miis
3465 3878 3825 3937 afﬁt-iemurctr-

2289 3979 2518 4036 lestibus
2537 4021 2552 4045 ,
2583 3976 2726 4049 quod
2754 3976 2855 4033 tibi
2882 3975 3090 4032 erranti
3121 3991 3230 4030 non
3277 3973 3689 4046 pepercerimus.
3716 3966 3823 4022 Scri-

2288 4084 2438 4148 ptum
2462 4083 2548 4130 est
2571 4092 2582 4128 :
2609 4072 2907 4145 Flagellum
2929 4088 3076 4144 equo,
3091 4081 3139 4126 et
3160 4071 3436 4126 stimulum
3460 4071 3473 4121 i
3505 4071 3662 4134 asino,
3679 4065 3824 4136 virga

2288 4182 2460 4226 autent
2485 4173 2622 4242 genti
2646 4169 2913 4238 insipienti
2933 4166 2959 4205 ιι
2988 4165 3156 4240 (Ibid.
3185 4182 3335 4232 xxvr,
3363 4165 3444 4238 15).
3475 4164 3584 4221 Vos
3603 4168 3824 4232 negatores

2290 4264 2386 4320 Dei
2418 4263 2560 4319 unici
2595 4263 2717 4319 Filii
2751 4270 2902 4317 recte
2946 4261 3274 4331 insipientes
3317 4273 3607 4325 vocamus,
3634 4266 3746 4328 quos
3771 4250 3826 4304 ti-

2289 4358 2513 4415 deamus
2541 4358 2594 4412 in
2638 4364 2792 4411 tanto
2821 4355 3024 4411 versari
3069 4352 3382 4426 sacrilegio.
3431 4351 3562 4410 Nam
3603 4364 3708 4406 cum
3739 4358 3825 4400 esse

2291 4453 2556 4522 scriptum
2587 4448 2778 4514 video,
2806 4447 2950 4520 qttod
2994 4447 3126 4503 sicut
3157 4447 3305 4502 canis
3345 4447 3438 4517 qui
3475 4441 3753 4500 convertitur
3777 4434 3826 4488 ad

2288 4545 2532 4600 vomitum
2549 4559 2722 4607 suum,
2747 4551 2795 4597 et
2821 4540 3030 4596 odibilis
3051 4540 3302 4612 efﬁcitur,
3323 4539 3400 4594 ita
3431 4538 3615 4594 stultus
3647 4550 3727 4588 sua
3749 4544 3825 4583 Illit-

577 4625 705 4694 quia
749 4625 975 4681 tutelam
1028 4628 1184 4684 nobis
1230 4629 1302 4685 sit
1343 4632 1592 4702 praebens
1634 4632 1814 4688 divina
1864 4633 2178 4690 clementia.
2209 4629 2264 4690 D
2289 4641 2403 4696 litia
2429 4655 2702 4694 conversus
2739 4637 2810 4692 ad
2851 4651 3001 4692 suum
3041 4643 3311 4707 peccatum
3353 4631 3522 4704 (Ibid.
3565 4629 3681 4700 ll);
3707 4625 3761 4680 de
3789 4630 3825 4675 te

579 4717 822 4776 Tcntasti
847 4720 1083 4793 denique
1112 4725 1374 4794 pestilens
1397 4725 1579 4810 facere
1601 4743 1702 4783 nos
1731 4729 2182 4800 compestileutes

575 4821 738 4878 tuos;
773 4812 869 4868 sed
908 4813 1030 4880 ille,
1060 4816 1145 4870 cui
1191 4815 1358 4874 dicati
1405 4819 1673 4888 vivimus,
1706 4835 1814 4876 non
1857 4823 1985 4876 sivit
2034 4833 2057 4862 ο
2093 4832 2181 4878 tna

574 4915 914 4963 tentamenta
957 4907 1109 4964 adire
1148 4909 1314 4966 corda
1341 4921 1488 4968 recta
1522 4929 1537 4967 :
1578 4914 1828 4984 suggerit
1859 4914 2008 4972 enim
2040 4917 2182 4972 scri-

648 5082 676 5144 ξι
704 5071 864 5129 Vers.
898 5072 1183 5144 AntsNon
1209 5073 1366 5128 distat
1394 5074 1474 5129 ira
1498 5073 1631 5144 regis
1655 5073 1720 5128 ab
1745 5075 1824 5128 ira
1857 5073 2040 5130 leonis.

647 5143 677 5182 δ
709 5144 814 5199 Pro
837 5145 998 5198 armis
1027 5143 1120 5200 Dei
1147 5145 1336 5211 induti,
1365 5144 1420 5200 in
1448 5143 1754 5201 accusativo
1781 5161 1934 5201 more
1954 5146 2177 5202 Graeco-

573 5232 718 5292 rum.
752 5215 854 5272 Til.
900 5216 1180 5292 Poeticum
1209 5226 1311 5292 est.
1353 5216 1553 5292 iterum
1579 5217 1688 5284 ait,
1719 5229 1990 5287 coopertus
2022 5217 2179 5292 judi-

573 5290 864 5361 cium,_pro
881 5287 1107 5361 judicio.
1137 5287 1212 5343 La
1240 5289 1432 5361 Cerdo.

647 5371 669 5399 ο
703 5356 897 5424 Ιάίθςιζ
918 5356 1081 5424 Deus,
1109 5362 1191 5413 cui
1227 5359 1387 5413 dicati
1416 5359 1662 5426 vivimus,
1696 5376 1800 5415 non
1831 5361 2063 5425 permisit
2091 5377 2180 5416 co-

570 5442 727 5487 natus
755 5441 870 5486 tuos
896 5432 1170 5504 pestiferos
1196 5432 1394 5504 ingredi
1419 5430 1577 5485 corda
1604 5442 1802 5498 nostra;
1826 5433 2065 5488 liberauit
2086 5448 2182 5489 nos

571 5505 790 5629 uinariis,
803 5502 1071 5558 conatibus
1102 5504 1228 5569 tuis;
1259 5503 1348 5558 ttbi
1378 5511 1686 5559 tentamenta
1716 5519 1815 5574 pro
1843 5516 2060 5559 conatus
2089 5504 2177 5559 di-

576 5589 609 5629 c
635 5586 672 5629 l.
751 5593 768 5628 t
795 5613 810 5628 .

576 5575 672 5630 cit.
704 5575 810 5629 Tit.

645 5645 675 5684 d
707 5645 792 5716 Ne
820 5661 1007 5710 cesses,
1036 5645 1165 5716 legit
1199 5644 1384 5703 Sabat.

651 5728 674 5754 θ
707 5715 998 5773 Subveniri.
1030 5715 1205 5774 Latin.

654 5787 670 5825 τ
704 5787 913 5844 Timeri.
946 5788 1026 5843 Id.

644 5857 667 5900 ’ξ
703 5835 1256 5928 Maliacas-parebunt.
1321 5859 1396 5916 Id.
1466 5851 1587 5917 cum
1646 5862 1874 5933 Grarco,
1935 5835 2170 5922 lerlous

2290 4733 2602 4805 specialiter
2636 4731 2845 4786 dictum
2879 4729 3088 4800 judico.
3113 4727 3329 4795 Quare?
3358 4727 3567 4799 inquis;
3593 4723 3700 4794 quia
3723 4719 3826 4773 litte-

2290 4827 2368 4882 ris
2404 4822 2423 4863 ὶ
2457 4824 2566 4879 tuis
2588 4823 2783 4895 jurasti
2815 4819 3197 4877 Alexandrinis
3225 4820 3360 4875 nihil
3393 4827 3447 4874 te
3478 4817 3603 4874 mali
3627 4814 3825 4879 deinceps

2292 4917 2558 4973 facturum
2587 4913 2906 4984 Athanasio,
2929 4923 2985 4971 et
3007 4927 3153 4970 nunc
3177 4913 3377 4986 qtueris
3403 4925 3530 4968 eum
3556 4908 3825 4966 interﬁcere.

2278 5098 2685 5274 ?:E°&i§iizeits
2719 5144 2850 5202 dicit
2878 5158 2975 5216 pro
3002 5153 3300 5201 contentum
3335 5161 3466 5212 esse,
3499 5145 3580 5200 vel
3606 5134 3822 5197 contineri.

2288 5219 2300 5239 '
2340 5220 2352 5272 i
2385 5258 2398 5273 .
2431 5230 2482 5272 et
2561 5219 2694 5272 alin.

2288 5219 2398 5273 'l'il.
2431 5230 2482 5272 et
2515 5219 2694 5273 Latin.

2363 5290 2379 5328 ί
2411 5289 2627 5346 Clarius
2655 5288 2869 5354 fuisset,
2898 5289 2941 5343 si
2970 5288 3230 5354 dixisset,
3263 5298 3310 5344 et
3338 5297 3521 5344 contra
3555 5296 3600 5341 te
3631 5279 3824 5354 super?”

2287 5363 2588 5418 exstitissem
2613 5377 2631 5416 :
2655 5351 2944 5416 verum’sic
2963 5351 3342 5432 smpenumero
3369 5358 3660 5432 transponit
3682 5351 3821 5412 verba.

2289 5445 2344 5490 et
2367 5435 2611 5505 implicat
2641 5433 2929 5488 dictiones.
2957 5431 3082 5505 Iil,
3617 5503 3624 5505 Α
3663 5500 3674 5505 ,
3756 5494 3767 5505 ,

2359 5504 2374 5557 i
2417 5500 2672 5578 S'timulus
2699 5515 2748 5561 et
2779 5505 2943 5578 uirga.
2967 5503 3146 5561 Latin.
3175 5515 3231 5562 et
3254 5505 3415 5563 Vers.
3443 5506 3570 5562 Ant.
3595 5500 3728 5557 Asino
3750 5500 3822 5547 il‘

2283 5576 2814 5654 perat1Vers_.Ant_._
2859 5576 2893 5654 '_
2971 5649 2982 5654 _
3029 5649 3040 5654 _
3221 5649 3231 5654 _
3323 5649 3335 5654 _
3615 5648 3626 5654 _

2355 5647 2381 5687 ¹ι
2412 5648 2565 5721 vers.
2598 5650 2730 5721 Ant.
2760 5647 2982 5703 Nationi
3022 5649 3368 5721 imprudenti;
3396 5664 3578 5708 vocem
3609 5643 3822 5712 insipienti

2281 5719 2449 5792 habet
2476 5719 2795 5782 'l‘beodotio,
2828 5721 2922 5776 sed
2953 5719 3301 5792 conjunctam
3328 5722 3552 5790 corpori.
3604 5789 3629 5792 __
3686 5787 3695 5792 _
3741 5780 3766 5792 ι,

2357 5791 2372 5830 ¹
2409 5793 2584 5848 Innuit
2633 5793 2844 5866 litteras
2875 5808 2909 5866 a_
2950 5784 3277 5866 Constantio
3322 5784 3548 5866 scriptas
3592 5784 3820 5866 Catlt‘ol‘itt'

2279 5862 2526 5922 Ecclesia:
2550 5863 2912 5934 papulonpud
2939 5863 3307 5920 Alexandriam
3324 5880 3410 5922 an.
3431 5855 3554 5933 3‘9,
3575 5877 3668 5935 quo
3690 5855 3817 5912 Allia:
