4042 6338
503 253 612 317 863

1577 254 1900 316 LUCIFERI
1938 252 2246 314 EPISCOPI
2287 253 2420 313 CAL
2429 252 2708 314 ARITANl
3669 257 3753 317 864

505 371 709 446 poteris
729 371 914 430 dicere
942 389 956 428 :
983 371 1107 428 Non
1143 388 1260 427 sum
1290 371 1424 428 inter
1453 369 1568 428 illos
1587 371 1716 444 quos
1740 371 1979 427 describit
2017 372 2108 442 per
2132 379 2188 440 Α
2211 371 2415 441 quando
2442 386 2546 426 non
2574 371 2773 444 fuerit:
2808 379 2996 428 contra
3037 379 3223 428 noster
3254 371 3505 430 Salvator
3535 373 3758 434 Dominus

510 465 842 523 Salomonem
866 466 1097 540 Spiritus
1123 478 1358 534 sanctus;
1371 466 1589 536 quando
1605 466 1794 522 audias
1810 466 1993 523 dicere
2010 485 2023 520 :
2039 466 2120 522 Ad

510 574 603 615 vos
622 576 765 633 ergo,
784 577 815 614 o
829 559 955 615 mali
969 561 1196 632 tyranni,
1215 570 1335 614 sunt
1357 576 1616 616 sermones
1632 562 1732 615 mei
1749 560 1905 633 (Sap.
1922 560 2118 632 thtl).

507 652 626 710 Non
656 653 863 725 poteris
893 654 1077 725 itaque
1119 670 1320 726 negare
1343 663 1396 711 te
1417 655 1660 711 omnium
1687 669 1810 711 esse
1832 667 2125 726 contyran-

510 762 708 806 norum
739 757 956 804 tuorum
983 748 1306 820 principem,
1342 748 1387 804 si
1429 748 1590 805 modo
1620 750 1839 822 penitus
1860 749 2122 804 intuearis

507 855 674 914 opera
699 851 810 898 tua.
835 840 1146 910 Custoditio,
1173 843 1350 915 inquit
1376 843 1671 915 Propheta.
1712 843 1904 916 legum,
1931 844 2122 914 conﬁr-

509 935 668 991 matio
699 945 723 972 ἰ
765 936 1169 1006 incorruptionis
1205 947 1299 1004 est,
1318 937 1640 1008 incorruptio
1663 945 1834 991 autem
1882 938 2035 1006 faciet
2076 946 2124 991 te

513 1029 810 1099 proximum
838 1025 950 1083 Deo
973 1026 1139 1100 (Ibid.
1181 1027 1292 1101 l9).
1314 1028 1393 1084 Tu
1417 1028 1483 1084 ad
1504 1027 1640 1096 haec,
1669 1027 2015 1100 Coi-rumpite,
2042 1029 2124 1085 ἰη-

517 1121 662 1194 quis,
679 1120 777 1176 Dei
806 1121 1006 1195 legem;
1027 1130 1086 1178 ut
1109 1123 1434 1195 corrupistis
1465 1137 1582 1188 vos,
1615 1134 1996 1195 persecutores
2028 1139 2125 1181 no-

521 1215 640 1272 stri.
666 1215 800 1283 Quis
829 1224 937 1271 tam
966 1229 1160 1273 vecors
1189 1226 1293 1284 est,
1323 1216 1415 1288 qui
1446 1217 1573 1272 velit
1597 1225 1890 1288 corruptus
1920 1233 1950 1272 a
1983 1228 2036 1273 te
2068 1219 2122 1273 in

514 1317 780 1365 aeternum
811 1307 1032 1379 perire?
1080 1309 1171 1379 qui
1227 1307 1364 1364 nolit
1411 1308 1682 1365 manendo
1730 1309 1782 1364 in
1812 1307 2126 1380 integritate

514 1402 797 1474 proximus
839 1400 957 1458 fieri
997 1401 1150 1458 Deo?
1177 1383 1442 1458 Cur'htec
1471 1409 1566 1458 aut
1610 1401 1730 1472 ipse
1773 1401 1981 1468 fecisti,
2031 1410 2125 1456 aut

514 1512 618 1554 nos
677 1498 858 1554 facere
920 1497 1103 1553 fueras
1179 1497 1517 1568 compellere
1591 1498 1796 1554 ausus?
1851 1497 2124 1570 Numquid

515 1606 626 1649 non
658 1591 872 1663 legeras
914 1591 1130 1648 dixisse
1163 1592 1216 1646 in
1262 1591 1404 1648 libro
1433 1591 1732 1662 Sapientia:
1771 1592 2124 1650 Salomonem

517 1684 584 1742 ad
619 1684 824 1742 Deum:
856 1684 1001 1740 Deus
1019 1696 1294 1756 parentum
1320 1682 1372 1748 δ.
1403 1695 1451 1742 et
1482 1685 1706 1743 Domine
1733 1687 2126 1742 misericordia-

2221 480 2285 521 ac
2310 465 2451 521 Deus
2479 465 2574 521 Dei
2599 465 2794 522 unicus
2821 464 3023 534 Filius,
3055 480 3161 522 non
3189 475 3293 534 est,
3329 478 3386 524 ut
3418 478 3471 524 tu
3499 468 3599 536 vis,
3621 467 3762 526 Cons-

2223 560 2380 627 tanti,
2409 571 2660 618 creatura
2685 605 2701 627 ,
2727 563 2822 618 sed
2849 573 2933 620 est
2979 563 3237 620 Dominus
3279 573 3570 632 creaturae;
3607 576 3684 622 est
3703 583 3764 622 te-

2225 661 2434 720 ternus,
2469 653 2894 723 inaestimabilis,
2923 655 3066 712 sicut
3089 666 3206 723 est,
3239 665 3297 712 et
3318 656 3474 728 cujus
3499 657 3764 725 estFilius;
3847 721 3852 730 α

2225 747 2401 803 induit
2431 763 2564 804 sane
2613 749 2916 820 perfectum
2972 751 3246 807 hominem
3281 752 3582 808 novissimis
3612 753 3768 812 diebus

2224 839 2295 896 de
2323 851 2482 897 utcro
2505 842 2765 913 virginis;
2797 843 2891 899 sed
2919 854 2974 899 et
2999 857 3122 898 cum
3149 844 3485 914 suscepisset
3516 845 3766 915 hominem,

2229 932 2350 990 talis
2379 943 2464 989 est
2492 933 2870 1002 immutabilis,
2909 936 3369 1008 incorruptibilis,
3399 937 3770 1006 inenarrabilis,

2224 1035 2280 1080 et
2300 1025 2759 1094 inconvertibilis,
2783 1027 2960 1099 qualis
2987 1037 3072 1084 est
3099 1037 3158 1084 et
3191 1027 3351 1098 cujus
3380 1037 3465 1085 est
3485 1025 3666 1097 Filius;
3691 1047 3773 1087 non

2226 1132 2350 1174 eum
2405 1121 2645 1191 suscepti
2701 1120 2940 1176 hominis
2970 1135 3132 1176 causa
3163 1121 3218 1176 in
3263 1119 3413 1176 aliud
3441 1163 3458 1189 ,
3486 1137 3636 1193 quam
3662 1123 3775 1192 quod

2227 1227 2446 1284 semper
2475 1213 2577 1269 fuit
2602 1256 2616 1279 ,
2652 1215 2830 1285 potuit
2868 1226 3222 1281 convertere;
3280 1214 3698 1286 quandoquidem
3735 1217 3776 1273 in

2227 1305 2402 1364 forma
2434 1307 2506 1362 sit
2536 1307 2635 1363 Dei
2665 1308 2832 1378 patris
2855 1307 2939 1362 sui
2965 1348 2981 1375 ,
3024 1307 3474 1378 quandoquidem
3527 1309 3594 1363 sit
3635 1322 3779 1379 mqua-

2227 1401 2298 1457 lis
2323 1401 2495 1456 Filius
2543 1401 2717 1467 Patri,
2763 1410 2821 1456 ut
2879 1401 3053 1458 refert
3099 1401 3460 1458 beatissimus
3500 1401 3776 1472 Apostolus:

2231 1494 2334 1560 Qui
2356 1494 2558 1558 cumin
2590 1497 2760 1566 forma
2787 1491 2888 1549 Dei
2917 1501 3047 1550 esset
3085 1504 3133 1562 ε,
3164 1511 3268 1548 non
3299 1504 3379 1550 est
3425 1495 3651 1566 rapinam
3673 1495 3782 1548 arbi-

2229 1594 2392 1641 tratus
2419 1603 2526 1642 esse
2551 1602 2606 1640 se
2634 1587 2882 1656 a‘qualem
2913 1585 3053 1654 Deo,
3078 1587 3172 1641 sed
3192 1587 3524 1660 semetipsum
3549 1587 3781 1643 exinanieit

2229 1684 2448 1752 formam
2464 1679 2724 1750 accipiens
2739 1680 2870 1736 servi
2904 1679 3134 1753 (Philip.
3159 1697 3222 1748 It,
3258 1680 3481 1752 6).Non
3520 1664 3662 1737 enim
3687 1681 3783 1750 quis

515 1795 655 1843 rum,
688 1779 777 1850 qui
803 1777 972 1848 fecisti
998 1779 1176 1834 omnia
1217 1779 1369 1834 verba
1401 1790 1520 1848 tuo,
1565 1790 1614 1836 et
1647 1781 1901 1852 sapientia
1945 1792 1966 1819 ο
1996 1796 2117 1834 con-
2147 1769 2195 1829 Β
2222 1774 2380 1839 dixit,
2409 1775 2744 1846 semetipsum
2773 1776 3075 1842 exinaniuit,
3125 1779 3356 1848 formam
3403 1777 3534 1832 servi
3574 1776 3784 1847 accipiens

515 1870 728 1926 stituisti
752 1871 1028 1937 hominem,
1052 1883 1108 1926 ut
1137 1871 1428 1928 dominetur
1445 1882 1696 1928 creatura:
1719 1890 1834 1944 qua:
1856 1891 1889 1928 a
1911 1883 1958 1930 te
1982 1873 2121 1946 facta

521 1973 619 2031 est,
647 1972 705 2019 ut
727 1964 970 2037 disponat
995 1965 1169 2020 orbem
1196 1974 1450 2021 terrarum
1481 1967 1533 2021 in
1546 1967 1762 2040 justitia
1787 1976 1832 2022 et
1857 1968 2119 2036 aequitate,

2225 1868 2369 1924 Deus
2385 1867 2477 1922 Dei
2493 1869 2684 1923 unicus
2697 1867 2864 1923 Filius
2875 1867 3020 1924 aliud
3041 1868 3156 1926 fieri
3176 1871 3358 1940 potuit
3378 1886 3446 1926 ex
3465 1870 3574 1938 illo,
3589 1869 3711 1940 quod
3725 1870 3786 1924 est

2221 1963 2657 2034 incorruptibilis
2681 2005 2696 2030 ,
2724 1964 3110 2020 inenarrabilis
3140 2007 3156 2031 ,
3191 1963 3575 2032 immutabilis,
3601 1979 3704 2020 cum
3734 1963 3787 2020 sit

522 2069 569 2115 et
599 2059 654 2114 in
685 2059 970 2115 directione
992 2062 1156 2116 animi
1177 2062 1443 2136 judicium
1472 2063 1678 2136 judicet
1703 2061 1814 2134 (Ib.
1844 2078 1918 2130 ιι,
1951 2059 2027 2134 1).
2054 2060 2124 2117 Et
2224 2070 2446 2128 semper
2478 2056 2534 2112 in
2565 2071 2633 2112 eo
2655 2064 2802 2112 statu
2830 2068 3054 2114 mternte
3081 2059 3479 2129 magnitudinis
3503 2074 3727 2125 manens,
3748 2060 3787 2113 in

524 2154 750 2211 iterum:
785 2150 1027 2211 Docuisti
1054 2156 1313 2227 populum
1339 2165 1485 2210 tuum
1515 2173 1606 2228 per
1629 2156 1761 2212 talia
1787 2173 1970 2228 opera,
1998 2173 2120 2227 quo-

528 2247 672 2303 niam
717 2258 921 2319 oportet
938 2253 1147 2324 justum
1178 2265 1291 2307 esse
1317 2291 1332 2318 ,
1363 2261 1410 2306 et
1441 2250 1689 2306 humana:
1716 2247 1743 2288 ἀ
1770 2260 1818 2306 et
1849 2251 1995 2307 bonte
2020 2252 2131 2320 spei

525 2343 699 2415 fecisti
728 2344 866 2414 ,‘t‘lios
896 2353 1011 2401 tuos
1038 2343 1150 2418 (Ib.
1179 2361 1277 2414 xu,
1308 2345 1421 2420 19).
1449 2344 1565 2401 Non
1586 2388 1601 2413 ,
1637 2345 1860 2416 inquam
1891 2389 1906 2413 ,
1935 2346 1983 2402 si
2012 2345 2130 2403 lucc

525 2438 726 2507 scripta
756 2437 1079 2507 iuvencras,
1103 2439 1340 2495 auderes
1363 2438 1430 2494 ad
1462 2447 1670 2496 tantam
1701 2453 2005 2510 provocare
2033 2455 2132 2496 nos

517 2527 1014 2586 inhumanitatem.
1069 2529 1362 2600 Quomodo
1389 2546 1526 2588 vero
1568 2532 1728 2590 bona:
1757 2533 1871 2602 spei
1902 2531 1997 2589 filii
2025 2532 2134 2588 eri-

531 2625 688 2681 mus?
716 2624 1008 2694 Quomodo
1032 2625 1218 2696 justos
1251 2640 1352 2682 nos
1383 2635 1438 2682 et
1466 2625 1740 2683 humanos
1785 2635 1913 2683 ante
1965 2627 2134 2683 Deum

534 2733 729 2775 servos
757 2719 900 2774 illius
923 2717 1348 2774 exhibebimus?
1373 2734 1498 2775 eum
1524 2720 1974 2790 praevaricatores
2001 2719 2137 2787 legis

2227 2167 2336 2223 qtto
2374 2151 2444 2205 sit
2478 2165 2708 2206 manens
2736 2161 2791 2207 et
2827 2153 2945 2222 ejus
2973 2151 3162 2210 Pater.
3203 2153 3318 2210 Sed
3352 2153 3536 2226 utique
3576 2153 3790 2225 intelligi-

2230 2261 2352 2300 mus
2393 2245 2538 2317 quod
2561 2245 2634 2301 sit
2658 2242 2711 2312 ιι,
2745 2249 2835 2300 sed
2863 2247 3194 2318 semetipsum
3239 2249 3550 2314 exinanirit,
3574 2247 3666 2304 hoc
3688 2257 3788 2312 εει,

2231 2352 2354 2394 cum
2389 2337 2405 2376 ί
2440 2339 2511 2394 sit
2541 2338 2737 2395 similis
2759 2348 2920 2410 atque
2973 2340 3202 2412 :equalis
3239 2339 3397 2396 Patri
3429 2339 3625 2406 Filius,
3648 2351 3787 2396 tamen

2233 2433 2379 2506 quod
2401 2444 2458 2489 et
2504 2432 2778 2489 hominem
2809 2447 2868 2489 se
2921 2443 3152 2504 prapter
3181 2444 3436 2490 nostram
3466 2434 3676 2490 salutem
3700 2432 3788 2488 ﬁeri

2235 2527 2496 2583 voluerit.
2554 2524 2689 2582 Cum
2747 2526 2930 2598 itaque
2992 2536 3046 2582 tu
3098 2527 3490 2584 antichrislum
3537 2527 3789 2598 susceperis

2238 2636 2339 2693 pro
2359 2621 2602 2686 Christo,
2636 2620 2760 2685 quia
2789 2635 2847 2676 re
2871 2635 3000 2675 vera
3026 2619 3118 2676 ille
3150 2621 3339 2692 fuerit,
3375 2621 3578 2692 quando
3598 2637 3686 2675 non
3703 2623 3789 2691 fue-

2237 2717 2331 2781 rit,
2361 2730 2465 2788 qua
2493 2714 2674 2770 fronte
2720 2712 2903 2769 adhuc
2944 2729 3004 2768 es
3033 2713 3308 2770 resistens
3351 2712 3680 2770 cbristiauis?
3713 2711 3792 2768 nisi

535 2829 714 2884 neque
741 2811 871 2885 justi
899 2828 1080 2885 neque
1105 2814 1199 2870 lilii
1221 2813 1316 2870 Dei
1343 2814 1620 2870 dicantur.
1646 2816 1929 2886 Cognosce
1957 2816 2138 2887 itaque
2240 2808 2336 2866 illa
2362 2850 2376 2875 ,
2420 2824 2527 2881 qua
2575 2809 2752 2864 solent
2787 2815 2843 2863 et
2892 2807 3159 2864 adultera:
3188 2808 3444 2878 pudicis?
3487 2811 3650 2862 Ausus
3675 2804 3792 2861 luisti

533 2923 565 2964 a
591 2907 741 2980 quali
771 2921 872 2962 nos
900 2907 1048 2964 bono
1077 2907 1321 2966 volueris
1363 2909 1686 2978 pertrahere
1708 2908 1773 2964 ad
1799 2918 2059 2978 mortem,
2087 2919 2142 2965 et
2242 2915 2492 2975 tentare,
2523 2905 2795 2962 dominari
2830 2903 2973 2961 velle
3001 2904 3097 2960 Dei
3130 2901 3372 2973 populo,
3404 2902 3658 2970 subjicere
3684 2897 3792 2955 velle

533 3001 754 3074 quidem
795 3004 1212 3073 sempiternam.
1251 3003 1538 3076 Siquidem
1593 3005 1778 3062 omnis
1806 3005 1898 3078 qui
1939 3005 2142 3062 desiuit
2243 3002 2535 3060 ecclesiam
2570 3002 2662 3058 Dei
2694 3010 2785 3056 tuo
2808 3016 3003 3070 regno,
3035 2997 3276 3054 divinam
3323 2997 3657 3069 majestatem
3683 2993 3794 3049 illius

533 3110 658 3154 esse
681 3097 822 3152 inter
853 3112 973 3164 eos,
999 3113 1139 3169 quos
1172 3099 1225 3153 in
1257 3097 1495 3155 ﬁliorum
1527 3102 1878 3172 adoptionem
1909 3116 2140 3158 vocave-
2247 3105 2456 3153 tantum
2487 3104 2819 3152 metuentem
2849 3103 2944 3149 tuo
2995 3091 3134 3148 futili
3166 3091 3448 3162 imperio:
3494 3099 3546 3146 et
3591 3087 3680 3144 hoc
3704 3083 3794 3156 qui-

537 3189 608 3246 rit
637 3190 812 3259 Deus,
852 3191 926 3246 sit
959 3193 1219 3248 amittens
1247 3193 1412 3249 vitam
1431 3236 1448 3260 ,
1477 3193 1548 3249 sit
1590 3205 1907 3266 perpetuam
1961 3196 2138 3266 possi-
2169 3173 2213 3234 (ἶ
2247 3191 2370 3248 dem
2395 3190 2573 3247 iecisti
2599 3230 2615 3257 ,
2646 3188 2770 3260 quia
2803 3187 3058 3243 nesciens
3083 3185 3160 3241 sis
3190 3185 3460 3254 scriptum
3507 3197 3622 3239 esse
3646 3181 3704 3236 de
3724 3193 3794 3232 vo-

535 3280 676 3338 dens
704 3291 963 3338 mortem.
1021 3283 1156 3339 Cum
1191 3285 1355 3356 igitur
1406 3284 1529 3341 sitis
1561 3286 1750 3340 Ariani
1806 3286 2088 3342 inhumani
2121 3329 2136 3352 ,
2241 3286 2326 3342 his
2358 3283 2634 3358 tyrannis:
2684 3279 2908 3354 Propter
2930 3281 3028 3338 hoc
3053 3278 3469 3348 indisciplinata:
3491 3276 3662 3332 animo:
3685 3288 3792 3328 erra-

536 3375 713 3448 Ῐιηιιίίν
753 3376 1025 3444 crudeles,
1061 3377 1367 3447 homicida),
1403 3379 1812 3450 quomododici
1855 3380 2138 3437 christiani
2240 3374 2603 3433 verunt:dum
2625 3374 2760 3428 enim
2795 3388 3100 3444 persuasum
3142 3369 3339 3425 habent
3369 3371 3535 3440 iniqui
3573 3363 3784 3441 possesel

539 3470 835 3541 poteritis?
865 3469 964 3527 sed
988 3481 1042 3526 et
1068 3486 1194 3526 cunt
1229 3473 1440 3544 negetis
1475 3472 1753 3530 Christum
1789 3475 2006 3530 unicum
2050 3473 2144 3528 Dei
2241 3471 2504 3528 dominari
2531 3469 2730 3524 nationi
2755 3478 3077 3533 sanctorum,
3104 3465 3264 3520 vincti
3283 3465 3605 3520 tenebrarum
3622 3457 3792 3523 catenis,

539 3561 761 3629 Filium,
792 3573 850 3619 et
872 3564 1253 3620 confiteamini
1285 3565 1590 3622 credidisse
1635 3581 1733 3622 vos
1759 3567 1812 3622 in
1851 3566 2146 3622 antichris-

540 3665 652 3713 tum
680 3698 697 3723 ,
727 3656 875 3712 unde
918 3667 1012 3712 aut
1041 3657 1318 3730 quomodo
1351 3673 1450 3714 vos
1495 3659 1746 3729 poteritis
1771 3659 1976 3716 Christi
2010 3675 2136 3731 pro-

539 3751 679 3808 bare
717 3765 910 3806 servos
942 3793 957 3818 ,
1000 3766 1125 3808 cum
1181 3753 1607 3810 manifestaretis
1636 3762 1662 3794 ο
1700 3763 1916 3810 vosmet
1961 3765 2140 3810 vestra

537 3841 884 3913 professione
921 3858 1044 3900 esse
1088 3843 1322 3901 famulos
1377 3846 1724 3902 antichristi?
1770 3847 2144 3904 Antichristus

544 3933 772 4005 etenim,
802 3935 857 3992 in
887 3953 1052 4008 queat
1099 3938 1264 3994 Arius
1300 3939 1643 4007 crediderit,
1687 3953 1747 3995 re
1779 3955 1908 3996 vera
1941 3937 1960 3977 ί
1997 3941 2099 4012 fuit
2129 3982 2144 4007 ,

615 4183 842 4242 aGrtec.
891 4183 1193 4256 βεϐᾳίωσις.
1253 4179 1408 4256 Vers.
1452 4184 1601 4256 Ant.
1628 4186 2033 4241 consummatio.
2084 4187 2152 4243 Et

549 4257 716 4332 paulo
737 4265 883 4332 post,
894 4255 1038 4328 facit
1067 4270 1198 4319 esse,
1232 4270 1330 4326 pro
1353 4255 1512 4324 faciet
1543 4255 1613 4309 te.

551 4328 565 4332 ⁷
607 4330 650 4457 ἒ
675 4328 828 4384 Vers.
857 4329 990 4383 Ant.
1018 4335 1227 4399 patrum
1257 4341 1525 4383 meorum:
1551 4343 1787 4383 meorum
1813 4328 1970 4386 abest
1987 4330 2149 4386 etiam

545 4417 576 4458 a
657 4415 822 4455 rreco.
895 4443 903 4451 .
1770 4445 1772 4447 .

858 4445 988 4527 Abt.
1013 4469 1289 4539 Sapientia
1311 4481 1404 4526 tua
1579 4481 1636 4526 ut
1656 4445 2012 4528 dominaretur

551 4543 834 4598 directione
857 4542 1052 4606 cordis,
1083 4553 1190 4598 etc.

2245 3577 2294 3620 et
2316 3567 2474 3638 longa
2516 3574 2663 3618 nocte
2695 3563 2974 3630 compediti
3004 3603 3020 3628 ,
3072 3560 3262 3615 inclusi
3292 3560 3392 3614 sub
3423 3559 3563 3614 tectis
3586 3601 3599 3624 ,
3637 3551 3792 3627 fugitiri

2249 3657 2406 3731 (Sap.
2429 3671 2564 3723 xvtt,
2597 3653 2672 3727 1).
2705 3652 2998 3724 Cunspieis
3016 3653 3126 3723 jam
3160 3663 3212 3707 te
3249 3666 3380 3707 esse
3416 3649 3556 3706 inter
3598 3647 3700 3702 illos
3721 3643 3792 3699 Dei

2247 3749 2437 3823 populi
2464 3757 2873 3821 persecutores,
2897 3745 2967 3802 de
2996 3744 3196 3815 quibus
3227 3744 3434 3814 legisti,
3468 3741 3604 3812 quod
3631 3755 3714 3792 una
3730 3751 3794 3790 ca-

2248 3855 2366 3900 tena
2398 3843 2723 3898 tenebrarum
2767 3850 2887 3896 sunt
2913 3839 2939 3877 ¹ι
2990 3856 3170 3894 omnes
3212 3839 3451 3910 colligati
3480 3835 3582 3909 (Ib.
3614 3832 3710 3904 l7).
3745 3828 3794 3884 Et

2248 3937 2484 3995 iterum:
2518 3935 2676 4006 Digni
2701 3934 2906 4005 quidem
2951 3932 3032 3987 illi
3063 3928 3080 3968 ι
3114 3946 3292 3987 carere
3336 3931 3508 3986 lumen
3529 3939 3576 3982 et
3602 3926 3792 3999 patian-

2254 4187 2535 4244 Catboliea
2557 4196 2612 4243 et
2634 4187 2828 4242 Ariaua
2853 4196 3061 4256 poterat
3093 4187 3309 4244 censeri
3329 4187 3432 4252 :‘et
3480 4183 3748 4256 complures
3769 4192 3792 4232 e

2257 4260 2640 4319 Semiarianis.
2669 4249 2939 4328 ext-dicato
2968 4273 3081 4314 suae
3113 4261 3312 4314 mentis
3332 4249 3505 4315 sensu
3534 4301 3548 4319 .
3582 4249 3701 4311 inter
3716 4249 3793 4328 βει-

2255 4331 2491 4407 thulicos
2541 4324 2831 4407 propterea
2881 4330 3151 4407 admissi,
3183 4347 3305 4386 cum
3362 4331 3640 4407 ὁμριούσξον
3672 4324 3791 4407 idem

2255 4405 2416 4475 plane
2446 4418 2568 4477 esse
2591 4418 2654 4477 ac
2680 4402 2956 4477 ῥμοούσιον
2979 4401 3401 4477 conﬁterentur.
3434 4401 3636 4477 Lucifer
3672 4401 3792 4477 i‘gilnl’

2256 4471 2478 4530 similem
2503 4473 2648 4529 Patri
2679 4471 2875 4528 Filium
2908 4476 3041 4528 dicit
3068 4476 3217 4542 juxta
3251 4474 3551 4544 periei-tam
3588 4471 3791 4544 similitu-

2256 4547 2460 4613 dinem,
2495 4561 2599 4616 qua
2632 4547 2858 4616 proinde
2887 4555 2943 4600 et
2971 4547 3196 4616 aequalis
3225 4542 3329 4607 est.
3369 4556 3426 4600 et
3453 4542 3676 4616 ejusdem
3697 4550 3789 4590 cum

623 4611 649 4651 ά
681 4613 750 4687 ΕΙ
778 4613 1079 4687 humanum.
1114 4613 1233 4668 Lat.
1264 4623 1320 4670 et
1353 4613 1504 4687 Vers.
1537 4614 1667 4687 Aut.
1693 4614 1799 4672 Sed
1832 4629 2048 4680 vereor,
2082 4632 2150 4671 nc
2175 4609 2228 4671 D
2254 4617 2416 4673 Patre
2443 4609 2687 4681 natura};
2736 4616 2879 4672 unde
2922 4609 3173 4686 wqublem
3217 4619 3373 4671 etiam
3401 4609 3627 4687 appellat
3650 4618 3793 4687 ,__tal_ll-

556 4685 814 4743 mendum
846 4685 1150 4754 irrepserit,
1175 4701 1296 4739 cum
1329 4686 1491 4754 paulo
1534 4685 1765 4742 inferius
1814 4687 1962 4742 dicat
1991 4687 2149 4744 Luci-

554 4760 671 4822 fer,
702 4756 1148 4828 qttomodojustos
1179 4773 1272 4810 nos
1299 4768 1345 4810 et
1387 4757 1639 4810 humanos
1671 4799 1686 4822 ,
1734 4768 1844 4814 etc.
1889 4759 2032 4815 unde
2061 4775 2148 4814 ar-

553 4827 840 4902 guas‘eunt
873 4827 1158 4902 Scripsisse
1177 4830 1379 4902 justum
1403 4840 1448 4882 et
1477 4827 1777 4886 humanum.

630 4913 654 4940 ε
682 4899 811 4955 Cum
838 4899 1195 4970 manifestetis.
1228 4899 1407 4954 Latin.

633 4971 652 5010 ι
684 4971 867 5028 l‘titur
902 4985 964 5025 ea
1014 4971 1239 5024 formula
1275 4970 1490 5030 Lucifer
1530 4973 1789 5030 adversus
1844 4972 2150 5029 Antichris-

557 5053 694 5109 tum,
726 5057 828 5114 qua
863 5043 1222 5114 Ariani._cum
1255 5041 1386 5098 Jesu
1429 5047 1625 5102 (lbristi
1671 5043 1908 5101 divinant
1933 5046 2150 5101 tuleriti-

557 5125 718 5172 tatetu
746 5111 1230 5186 negarent:_Fuit,
1258 5118 1465 5184 quando
1487 5135 1588 5172 non
1615 5129 1743 5171 erat.

631 5197 657 5260 ξς
693 5183 844 5260 )‘ersI
872 5183 1350 5260 Ant._Constitutus
1381 5205 1477 5260 pro
1508 5197 1658 5244 esset.

629 5255 656 5295 1³
683 5258 821 5324 Quid
850 5259 936 5312 sit.
973 5257 1145 5312 Vatic.

641 5329 878 5386 llesunt
929 5329 1207 5384 Christum
1273 5332 1419 5389 Patri
1499 5331 1844 5388 solummodo
1911 5331 2146 5387 similem

560 5402 735 5478 ὅμοιον
761 5418 907 5478 esse,
940 5402 1162 5478 quidam
1204 5417 1270 5458 ex
1299 5404 1516 5478 Arianis
1539 5403 1819 5478 dicebant,
1854 5402 1999 5478 nulla
2022 5408 2147 5457 sub-

560 5471 766 5530 s'tantia:
795 5474 874 5528 vel
926 5474 1054 5528 asiae
1104 5471 1245 5528 facta
1294 5477 1568 5532 mentione
1599 5495 1612 5530 :
1639 5476 1771 5531 κατὰ
1817 5475 1991 5532 πάντα
2022 5489 2151 5528 vero

562 5545 881 5618 ὅμοιονίίρεεθ
908 5544 1125 5618 ῐθὶΙὶιιῐῐξ⁸
1141 5544 1282 5601 Patri
1308 5545 1662 5614 Semiariani,
1697 5561 1749 5601 et
1785 5547 2156 5603 llotumusias-

567 5616 637 5672 tte
671 5617 1057 5688 affirmabant,
1089 5616 1327 5688 Eusebio
1374 5618 1699 5674 κωκυ-ἰοηεί
1749 5621 2051 5688 magistro,
2089 5620 2156 5671 At

570 5701 694 5758 cum
726 5689 961 5756 perfecta
986 5687 1288 5758 similitudo
1319 5689 1456 5746 nihil
1481 5694 1549 5744 ab
1578 5686 1886 5758 :equalitate
1916 5701 1966 5742 et
1989 5686 2156 5758 iden-

570 5757 726 5829 tjtate
772 5756 1245 5829 naturtedilierat,
1293 5757 1417 5816 ideo
1449 5764 1562 5829 llaec
1599 5756 1898 5829 propositio
1927 5799 1943 5826 ,
1979 5756 2027 5829 If
2031 5760 2152 5813 ilius

572 5817 743 5896 3pm:
769 5822 914 5881 Patri
941 5834 1035 5893 est,
1069 5839 1168 5896 pro
1191 5817 1412 5886 diverso
1458 5817 1792 5888 cultu-limitis
1830 5817 2059 5888 con'sillo
2098 5840 2151 5885 et

2249 4705 2410 4760 quam
2438 4705 2532 4756 per
2550 4679 2866 4761 a'quttlitatis
2891 4679 3207 4761 vocabulum
3235 4679 3514 4760 perfectam
3541 4679 3790 4761 similitudi-

2250 4751 2366 4814 nem
2394 4751 2634 4817 iudicare
2662 4760 2918 4815 voluerit.
2949 4759 3054 4817 Sed
3092 4751 3298 4816 Hilario
3327 4751 3622 4815 Arelatensi
3647 4751 3791 4822 hujus-

2251 4833 2395 4888 modi
2429 4847 2592 4888 voces
2640 4843 2751 4888 tum
2777 4831 2992 4905 ὁμοίου.
3025 4840 3138 4887 tum
3172 4832 3473 4905 ὁμοιουσίου
3496 4828 3650 4905 valde
3671 4829 3792 4905 et:an

2251 4913 2550 4974 suspectae;
2577 4921 2744 4976 quare
2772 4895 2829 4976 in
2854 4907 3135 4976 responsis
3175 4895 3791 4976 a'pologeticispro11.13115

2251 4965 2364 5030 Suis
2386 4976 2455 5048 de
2483 4965 2720 5048 Svttodis
2775 4975 2890 5048 huic
2943 4965 3009 5048 aid
3061 4965 3372 5030 Luciferum
3431 4965 3635 5048 scribit;
3682 4965 3792 5048 Salii

2251 5039 2743 5120 absonum-domine
2764 5047 2924 5116 frater
2951 5044 3162 5120 Lucifer
3188 5089 3204 5111 ,
3220 5047 3465 5120 cognosci
3486 5041 3660 5120 potuit,
3674 5039 3789 5120 iuri.-

2254 5129 2361 5174 tum
2387 5137 2465 5174 nte
2494 5114 2772 5174 hontwusii
2794 5114 3101 5175 mentionem
3140 5114 3344 5172 habere.
3391 5117 3496 5173 Sed
3527 5114 3638 5184 quia
3665 5119 3708 5162 tu
3739 5121 3791 5158 st-

2254 5192 2599 5247 militudinem
2627 5189 2754 5244 Filii
2794 5191 2862 5244 ad
2889 5188 3100 5244 Patrem
3133 5189 3449 5259 pra'dicabas
3477 5231 3490 5252 ,
3531 5187 3791 5259 demonstra-

2256 5264 2328 5317 tio
2357 5265 2468 5334 ejus
2490 5281 2520 5316 α
2545 5279 2624 5318 me
2647 5267 2747 5334 fuit
2778 5262 3082 5334 exponenda
3112 5250 3222 5316 sine
3250 5262 3404 5316 vitio:
3435 5250 3570 5330 quod
3595 5250 3790 5326 pluribus

2255 5334 2310 5390 in
2337 5337 2469 5412 locis
2500 5335 2615 5412 ipse
2645 5345 2930 5412 pruistat.‘
3435 5402 3450 5412 ,
3508 5401 3519 5412 .
3574 5407 3585 5412 _

2333 5407 2347 5456 i
2389 5408 2459 5461 Se
2483 5395 2685 5460 oiuittit
2715 5405 2876 5462 Vers.
2903 5404 3032 5461 Ant.
3061 5416 3180 5475 qua:
3221 5414 3404 5474 postea
3435 5401 3609 5467 habet,
3640 5395 3789 5451 Vim-

2261 5477 2675 5552 lis_tenebrarut_u
2703 5488 2750 5533 et
2772 5480 2943 5552 longa:
2972 5479 3136 5533 noctis
3165 5476 3458 5546 compediti.

2331 5547 2358 5586 ¹ί
2389 5548 2573 5604 Erant.
2607 5549 2763 5606 Vers.
2795 5547 2924 5606 Alit.

2334 5618 2352 5693 3
2383 5621 2486 5675 Pro
2511 5623 2701 5675 lumine
2732 5633 2781 5677 et
2807 5625 2921 5676 luce
2945 5623 3177 5693 priuari;
3223 5621 3314 5676 tibi
3359 5614 3694 5693 accusativqu
3716 5618 3788 5693 ΡῙ⁰

2257 5691 2505 5772 ablativo
2535 5693 2923 5772 usurpat..Til.
2945 5682 2998 5748 et
3027 5682 3206 5772 Latin.
3227 5693 3364 5772 _Sun_t
3385 5692 3473 5760 qui
3500 5682 3783 5772 etttelttizllljz

2255 5768 2438 5895 ἷξπξῖε
2466 5746 2703 5828 “Milli?
2742 5746 3182 5835 massiliam
3230 5746 3282 5819 in
3311 5746 3434 5817 "bo'c
3477 5764 3690 5814 auctore.
3729 5746 3786 5803 ια

2299 5841 2352 5885 οι·
2391 5849 2439 5888 α.

2299 5841 2439 5888 πᾶα.
