3836 6348
49 307 164 365 865

1154 310 1289 368 ΡΙὶο
1328 304 1597 368 ΞᾹΝΩΤΟ
1636 302 2032 367 ΑΤΙΙΛΝΔΞῙΟ
2073 304 2202 367 LIB.
2246 305 2288 367 Ι.

3262 306 3368 369 866

46 443 225 480 ειη-ειη
259 426 615 493 tenebrarum,
648 425 737 499 qui
762 428 989 484 inclusos
1006 427 1303 482 custodiunt
1324 436 1349 464 ε
1374 427 1510 496 ﬁlios
1538 437 1671 491 tuos,
1704 440 1752 498 Α
1784 425 1983 481 venio?
2014 424 2119 479 nisi
2152 435 2209 480 ut
2234 425 2551 490 crederem,
2580 422 2702 490 quia
2751 442 2872 483 cum
2907 434 2960 483 tu
3002 442 3088 484 me
3120 444 3370 499 premere

45 535 145 590 per
181 536 321 587 quos
380 521 656 590 incipiebat
711 522 1069 593 incorruptum
1128 520 1255 593 legis
1302 519 1475 574 lumen
1502 518 1672 575 uitwb

43 614 300 670 omnibus
324 614 447 670 dari
470 614 624 687 (Sap.
652 632 807 683 svnt,
827 614 907 688 4).
933 617 1017 670 An
1048 614 1269 685 negabis
1290 613 1379 667 Dei
1403 612 1675 671 antistites

46 714 101 761 te
121 713 329 762 tenere
362 717 384 746 ε
414 707 470 761 in
501 708 794 762 claustris?
826 707 890 763 Et
919 723 1041 762 cum
1072 722 1135 763 es
1155 705 1408 763 detinens
1438 722 1506 763 ne
1531 722 1670 777 pra:-

43 800 312 856 dicemus
341 812 491 857 certe
522 801 619 858 Dei
649 802 849 873 populo
880 803 1189 867 veritatem,
1220 817 1317 858 cur
1346 817 1446 858 nos
1467 801 1673 858 retines

46 892 103 949 in
130 893 418 951 carcere?
456 910 555 950 cur
584 895 753 950 mittis
782 893 850 950 ad
878 895 1106 951 exsilia?
1152 894 1255 948 nisi
1304 894 1431 964 quia
1458 896 1535 949 sis
1560 908 1674 949 me-

48 998 219 1043 tuens
250 1004 329 1046 ne
360 1005 455 1044 vos
487 989 645 1060 lupos
677 990 912 1048 Arianos
936 1032 950 1057 ,
983 1004 1208 1060 rapaces
1234 1004 1406 1044 canes
1450 987 1673 1043 rabido-

52 1100 146 1140 sos
172 1080 201 1121 d
224 1093 397 1156 atque
422 1085 780 1140 antichristus
822 1100 945 1141 esse
978 1095 1081 1144 tem
1095 1084 1244 1155 poris
1266 1082 1459 1146 nostri.
1492 1081 1668 1137 mani-

52 1177 336 1231 festemus
368 1177 545 1231 sacris
572 1176 947 1231 revolantibus
975 1174 1285 1246 scripturis.
1313 1176 1498 1231 Sacrae
1528 1172 1671 1229 enim

46 1267 358 1340 scripturm
386 1269 620 1339 probant
651 1284 747 1324 vos
776 1286 842 1324 ex
890 1268 1105 1324 actibus
1153 1268 1353 1324 vestris
1399 1282 1506 1322 non
1546 1281 1673 1325 esse

52 1363 148 1418 Dei
181 1377 406 1430 servos,
431 1362 526 1418 sed
561 1363 722 1434 plane
749 1363 889 1420 filios
930 1362 1155 1419 diaboli.
1198 1362 1254 1419 Si
1288 1362 1433 1418 enim
1471 1379 1577 1416 non
1610 1377 1670 1418 es

47 1470 202 1511 unus
244 1472 317 1511 ex
376 1455 526 1522 illis,
584 1470 723 1527 qUos
768 1456 907 1512 tales
958 1457 1169 1512 futuros
1222 1471 1391 1511 sacrae
1433 1455 1673 1511 clamant

47 1551 381 1618 scriptttrm,
405 1566 530 1605 cum
551 1550 814 1621 scriptum
839 1550 1120 1607 inveneris
1147 1550 1198 1605 in
1222 1565 1387 1605 cum
1429 1551 1667 1620 ps;tlmo:

53 1646 249 1718 Surge,
270 1644 521 1713 Domine,
554 1646 606 1700 iu
628 1648 857 1717 requiem
885 1658 1051 1715 tuam,
1073 1657 1125 1702 tu
1153 1658 1202 1702 et
1224 1665 1350 1702 arca
1374 1650 1671 1718 sanctiﬁca-

51 1724 211 1794 tionis
262 1750 404 1795 tute:
447 1741 740 1796 sacerdotes
797 1742 872 1795 tui
921 1741 1212 1797 induantur
1247 1743 1511 1816 justitiam
1543 1741 1664 1813 (Ps.

1778 529 2042 588 tentares,
2078 520 2221 576 Deus
2251 535 2403 576 meus
2429 519 2572 591 quod
2601 519 2683 575 sic
2716 521 3003 591 potuisset,
3034 520 3138 577 nisi
3170 533 3220 577 te
3242 537 3374 578 con-

1776 616 2064 682 venisses,
2091 615 2478 687 exstinguere,
2500 614 2773 686 quomodo
2802 615 3165 685 Pharaonem,
3207 626 3258 673 cl
3289 631 3377 673 me

1778 709 1922 782 quod
1955 710 2035 766 sic
2077 709 2270 765 luisset
2322 718 2615 780 erepturus
2663 708 2733 765 de
2781 709 3034 766 manibus
3078 710 3207 777 tuis,
3239 725 3377 780 quo-

1778 801 1940 858 modo
1964 811 2021 858 et
2048 802 2171 857 illos
2194 801 2261 857 de
2283 800 2589 857 Pharaonis
2618 809 2908 872 potestate.
2935 801 3145 858 Idcirco
3172 802 3377 859 etenim

1777 897 1912 953 dicit
1933 896 2000 951 ad
2032 896 2277 966 singulas
2304 896 2571 961 virtutes,
2623 895 2868 966 quoniam
2896 894 2951 949 in
2996 895 3249 951 saeculum
3280 895 3377 949 mi-

1776 991 2061 1046 sericordia
2087 993 2226 1064 ejus,
2253 1000 2311 1044 ut
2353 988 2489 1044 mihi
2535 989 2776 1059 aperiret
2810 1031 2825 1056 ,
2853 989 3113 1060 quoniam
3157 989 3375 1047 Domini

1777 1082 2153 1140 misericordia
2184 1098 2400 1139 mecum
2451 1082 2524 1137 sit
2553 1098 2774 1154 semper
2813 1098 3167 1154 permanens,
3203 1086 3293 1155 qui
3323 1082 3375 1141 ei

1776 1187 1984 1235 tantum
2013 1179 2118 1235 sim
2151 1179 2397 1233 serviens
2426 1218 2441 1244 ,
2477 1187 2653 1233 tecum
2685 1191 2818 1233 vero
2861 1192 2981 1234 esse
3026 1194 3136 1234 non
3176 1194 3369 1251 posse,

1774 1272 1898 1341 quia
1930 1272 2189 1329 videlicet
2233 1271 2488 1327 inimicus
2533 1270 2681 1326 illius
2710 1272 2787 1326 sis
2820 1312 2837 1339 ,
2880 1271 3156 1343 quomodo
3185 1271 3285 1327 fuit
3317 1279 3372 1329 et

1772 1364 2005 1420 Pharao.
2039 1364 2325 1419 Noluimus
2348 1363 2611 1419 damnare
2631 1363 2912 1420 absentem
2944 1380 2958 1430 ;
3006 1365 3281 1422 noluimus
3313 1365 3370 1423 in

1773 1455 1897 1516 eum
1928 1475 2089 1531 quem
2117 1460 2319 1514 scimus
2350 1459 2797 1524 innocentem,et
2837 1457 2890 1512 in
2922 1473 3045 1513 eum
3074 1473 3235 1528 quem
3266 1473 3369 1515 no-

1773 1555 1955 1612 vimus
1981 1554 2269 1611 catholicae
2303 1553 2427 1609 lidei
2454 1552 2870 1625 prmdicatorem
2896 1594 2911 1619 ,
2938 1552 3073 1608 dare
3095 1552 3246 1623 juxta
3277 1554 3377 1609 de-

1772 1650 2035 1706 siderium
2063 1662 2214 1705 tuum
2264 1650 2615 1704 sententiam.
2646 1647 2863 1716 Quare?
2915 1648 3041 1719 quia
3070 1663 3172 1707 nos
3194 1647 3373 1705 chris-

1771 1743 1905 1798 tiani
1937 1744 1990 1798 in
2016 1742 2184 1798 Deum
2215 1742 2563 1813 porreximus
2592 1757 2743 1812 spem
2774 1750 3042 1809 nostram,
3076 1756 3185 1797 non
3217 1742 3267 1796 in
3299 1752 3373 1811 te,

50 1849 242 1898 exul,
275 1835 368 1904 8);
402 1850 502 1889 cur
532 1835 781 1891 damnari
827 1850 857 1889 a
906 1835 1066 1891 nobis
1100 1835 1382 1892 absentem
1414 1835 1666 1892 voluisti?
1698 1829 1747 1891 B
1773 1852 1837 1892 ac
1866 1852 2094 1908 regnum
2128 1847 2275 1891 tuum
2307 1837 2597 1892 caducum.
2644 1835 2936 1893 Noluimus
2965 1835 3033 1892 de
3064 1835 3241 1908 gloria
3286 1852 3374 1893 re-

50 1940 205 1984 certe
237 1928 308 1983 ad
343 1928 448 1984 huc
480 1938 540 1984 ut
587 1930 880 1999 justitiam,
910 1945 1017 2001 qua
1057 1946 1156 1986 nos
1190 1930 1443 1986 induerat
1481 1931 1663 1986 Domi-

51 2036 174 2087 nus,
204 2021 615 2076 amitteremus.
648 2021 783 2078 Cum
810 2024 958 2078 enim
1003 2024 1151 2079 dicat
1180 2041 1194 2078 :
1245 2023 1558 2080 Sacerdotes
1587 2025 1663 2079 tui

50 2114 352 2169 induantur
371 2115 660 2189 justitiam,
689 2123 745 2172 et
771 2125 825 2171 tu
852 2115 1175 2187 injustitiam
1203 2132 1304 2172 nos
1332 2132 1556 2189 urgeres
1580 2117 1662 2172 fa-

51 2224 194 2273 cere.
229 2210 366 2281 quid
400 2210 549 2266 aliud
581 2226 831 2267 essemus
864 2252 879 2278 ,
922 2211 971 2266 si
1009 2210 1335 2267 fecissemus
1384 2211 1525 2281 quod
1559 2220 1662 2267 tute

54 2302 468 2360 malevolentia:
497 2302 678 2359 fuerat
720 2304 895 2359 visum
921 2345 937 2372 ,
990 2304 1092 2359 nisi
1135 2304 1492 2360 conscelerati
1534 2304 1608 2358 tui
1643 2345 1659 2371 ,

54 2398 155 2453 nisi
187 2399 359 2455 totius
408 2398 717 2470 iniquitatis
764 2397 985 2453 fontes?
1016 2399 1068 2452 hi
1098 2397 1328 2462 scilicet,
1364 2397 1458 2469 qui
1497 2397 1664 2469 depo-

54 2503 249 2549 nentes
275 2492 513 2563 justitim
543 2491 808 2559 officium,
844 2491 1152 2560 injustitiaa,
1189 2502 1246 2547 ut
1281 2492 1377 2547 tibi
1418 2493 1665 2563 placere-

55 2601 194 2652 mus,
228 2602 485 2643 essemus
515 2586 846 2656 suscepturi.
880 2585 1239 2657 Persequeris
1286 2585 1382 2640 Dei
1414 2585 1660 2652 domum,

58 2679 371 2746 Constanti,
400 2681 661 2753 ignorans
683 2679 913 2751 teipsnm
934 2679 1105 2735 Deum
1140 2678 1396 2749 persequi
1426 2680 1477 2733 in
1500 2678 1663 2734 domo

58 2773 201 2844 ejus:
237 2773 441 2829 domus
467 2774 669 2829 etenim
707 2772 802 2828 Dei
828 2782 911 2827 est
942 2772 1207 2838 ecclesia,
1240 2772 1294 2826 in
1328 2787 1433 2842 qua
1472 2784 1555 2828 eSt
1581 2771 1665 2826 in-

60 2868 313 2927 habitans
358 2869 631 2924 Dominus
666 2911 681 2935 ,
735 2869 877 2924 sicut
917 2867 1182 2937 scriptum
1232 2876 1316 2922 est
1365 2868 1416 2920 in
1467 2866 1662 2921 eodem

62 2962 304 3030 psalmo:
334 2959 509 3035 Elegit
532 2959 793 3016 Dominus
820 2960 977 3027 Sion,
1007 2960 1273 3031 praetegit
1302 2975 1413 3013 eam
1438 2959 1492 3013 in
1518 2958 1665 3013 habi-

66 3055 314 3111 tationem
336 3056 435 3109 sibi
457 3064 479 3092 θ
503 3072 521 3110 :
551 3055 664 3111 luet:
693 3055 894 3127 requies
931 3071 1045 3109 mea
1084 3054 1138 3108 in
1166 3054 1415 3108 sa’culum
1445 3053 1620 3108 steculi
1646 3092 1661 3117 ,

66 3148 143 3202 hic
170 3147 421 3203 habitabo
472 3150 725 3220 quoniam
766 3148 1009 3220 prwelegi
1052 3164 1165 3203 eam
1195 3145 1307 3218 (Ib.
1369 3147 1481 3217 15).
1528 3145 1660 3201 Cum

1766 1931 1854 2001 gni
1889 1931 1963 1985 tui
1996 1930 2154 1986 nobis
2198 1930 2457 2001 placere,
2512 1930 2602 2001 qui
2649 1930 2881 2002 gloriam
2934 1930 3288 1988 consecuturi
3348 1930 3365 1971 ί

1766 2039 1979 2090 sumus,
2010 2031 2395 2092 exspectantes
2425 2022 2496 2077 ab
2519 2037 2586 2078 eo
2615 2066 2630 2091 ,
2663 2023 2717 2078 in
2770 2038 2932 2095 quem
2980 2024 3164 2080 solum
3197 2024 3374 2081 conli-

1765 2118 2003 2175 dendum
2032 2132 2158 2173 esse
2184 2125 2347 2188 atque
2390 2117 2728 2187 sperandum
2767 2116 2974 2173 docens
3030 2117 3166 2175 dicit
3198 2117 3371 2177 David

1766 2211 1817 2266 in
1845 2212 2057 2280 psalmo
2078 2226 2257 2267 cxcv:
2295 2208 2476 2265 Nolite
2495 2211 2759 2281 conﬁdere
2788 2210 2841 2264 in
2892 2211 3215 2281 principibus
3233 2254 3247 2278 ,
3270 2222 3316 2267 et
3340 2214 3356 2265 ι

1765 2305 1818 2360 in
1837 2305 1963 2376 ﬁliis
1987 2303 2275 2369 hominum,
2310 2304 2491 2373 quibus
2519 2320 2621 2358 non
2655 2312 2728 2358 est
2749 2304 2924 2359 salus:
2955 2298 3112 2359 exibit
3146 2307 3359 2378 spiritus

1766 2401 1877 2471 ejus
1908 2406 1954 2452 et
1975 2406 2259 2453 revertetur
2280 2393 2306 2433 κ
2335 2396 2390 2450 in
2418 2405 2608 2450 terram
2655 2413 2834 2451 suam:
2881 2398 2933 2451 in
2965 2397 3060 2452 illa
3109 2398 3194 2453 die
3222 2399 3365 2468 peri-

1767 2493 1888 2548 bunt
1918 2510 2092 2548 omnes
2135 2491 2474 2563 cogi’ationes
2510 2506 2708 2546 eorum.
2751 2491 2987 2548 Beatusl
3025 2478 3176 2565 cujus
3222 2492 3365 2549 Deus

1765 2587 1928 2643 Jacob
1951 2590 2164 2662 adjutor
2191 2592 2306 2662 ejus
2336 2629 2352 2658 ,
2396 2598 2441 2643 et
2478 2606 2593 2661 spes
2638 2592 2752 2664 ejus
2788 2590 2841 2645 in
2864 2589 3089 2647 Domino
3132 2590 3242 2647 Deo
3281 2592 3370 2662 ip-

1765 2684 1873 2739 sius
1901 2685 1991 2753 qui
2020 2684 2141 2755 fecit
2165 2685 2351 2739 calum
2381 2692 2431 2739 et
2452 2692 2646 2739 terram
2668 2725 2682 2749 ,
2721 2700 2867 2739 mare
2895 2694 2941 2739 et
2966 2685 3139 2740 omnia
3178 2702 3294 2759 qua:
3315 2687 3368 2742 in

1766 2777 1859 2832 eis.
1894 2775 1995 2844 Qui
2018 2776 2242 2831 custodit
2272 2776 2538 2831 veritatem
2566 2776 2619 2829 in
2654 2776 2933 2842 saeculum,
2965 2778 3093 2848 facit
3101 2779 3369 2852 judicium

1764 2868 2012 2939 injuriam
2041 2868 2354 2937 patientibus
2385 2865 2503 2941 Ps.
2558 2882 2715 2934 CXLV,
2744 2865 2823 2940 2).
2853 2866 3139 2924 Noluimus
3170 2868 3372 2940 injuste

1766 2970 1947 3019 tecum
1979 2962 2236 3033 persequi
2262 2961 2493 3032 jusﬁtia:
2522 2961 2741 3034 plenum
2784 2960 3055 3018 fructibus
3090 3003 3104 3029 ,
3135 2978 3205 3020 ne
3239 2963 3368 3021 dum

1766 3055 1905 3113 dele
1933 3057 2171 3113 vindicta
2203 3058 2462 3128 empisset
2491 3058 2780 3130 consequi,
2829 3056 3027 3113 fuisset
3070 3071 3370 3117 consecuta

1767 3152 1930 3206 etiam
1955 3150 2022 3206 de
2048 3150 2240 3205 nobis:
2292 3165 2403 3205 non
2435 3149 2670 3207 fecimus
2718 3151 2864 3222 quod
2921 3152 3125 3222 injuste
3158 3168 3370 3224 prmce-

66 3242 181 3299 lucc
210 3244 397 3315 itaque
428 3244 560 3311 sint,
598 3254 765 3301 temet
789 3243 969 3315 puniri
998 3242 1295 3314 conspice,
1328 3239 1546 3313 quando
1577 3239 1667 3295 ali-
1695 3237 1740 3300 C
1774 3242 1901 3315 pisti
1930 3258 2030 3297 nos
2060 3242 2312 3313 implere,
2343 3257 2410 3297 ne
2442 3250 2624 3297 tecum
2665 3244 2983 3301 veniremus
3007 3246 3073 3301 ad
3105 3246 3257 3302 illum
3287 3248 3372 3305 lo-

66 3353 219 3409 quem
251 3351 568 3396 nostrorum
603 3340 763 3412 punis
789 3349 974 3406 tuam;
1023 3348 1076 3395 te
1106 3337 1338 3394 salutem
1372 3336 1663 3407 persequi,

68 3433 278 3503 quando
305 3435 388 3492 sis
419 3434 535 3492 Deo
565 3448 900 3507 repugnans,
933 3448 1042 3489 non
1076 3446 1201 3500 nos,
1228 3432 1281 3485 in
1312 3445 1448 3503 quos
1478 3429 1667 3485 audias

70 3526 235 3585 Deum
264 3530 483 3598 dicere,
516 3529 662 3601 quod
697 3529 843 3585 enim
878 3528 1136 3599 dignetur
1187 3528 1554 3596 requiescere.
1582 3523 1665 3579 Tu

71 3637 197 3694 ergo
223 3623 313 3694 qui
346 3623 549 3694 templa
582 3621 802 3678 Domini
830 3631 1009 3678 lentas
1039 3620 1251 3675 violare
1276 3660 1293 3687 ,
1326 3617 1428 3674 nisi
1460 3625 1510 3673 te
1533 3632 1665 3671 con-

71 3715 321 3781 verteris,
348 3732 417 3772 co
464 3718 750 3787 dispereas
797 3729 1024 3785 genere,
1065 3730 1172 3785 quo
1202 3712 1322 3780 illi,
1351 3711 1421 3767 de
1470 3710 1669 3782 quibus

74 3805 196 3863 dicit
218 3806 387 3865 David
416 3811 477 3887 in.
495 3811 705 3881 psalmo
733 3824 930 3865 cxxxv:
967 3806 1069 3874 Qui
1095 3807 1346 3878 percussit
1369 3804 1667 3877 .‘Egyptum

73 3915 183 3954 cum
216 3902 491 3972 primitivis
520 3919 698 3958 eorum
724 3944 739 3968 ,
786 3901 1038 3973 quoniam
1087 3902 1138 3954 in
1167 3900 1363 3955 scecula
1396 3901 1413 3937 τ
1455 3899 1666 3954 miseri-

75 3995 244 4049 cordia
266 3999 407 4070 ejus,
436 4007 485 4051 et
509 3997 684 4051 eduxit
715 3995 885 4051 Israel
911 3997 975 4050 de
1002 3994 1169 4049 medio
1192 4011 1393 4059 eorum,
1424 3994 1670 4066 quoniam

77 4085 125 4141 iu
149 4090 393 4145 stzculum
416 4089 778 4146 misericordia
801 4090 934 4156 eius,
968 4089 1019 4143 in
1050 4104 1206 4143 manu
1242 4088 1371 4159 forti
1394 4100 1437 4141 et
1457 4087 1668 4143 brachio

77 4185 270 4240 excelso
294 4228 310 4252 ,
333 4186 579 4257 quoniam
604 4185 659 4239 in
705 4184 953 4241 swculum
995 4180 1353 4237 misericordia
1374 4182 1511 4248 eius.
1567 4181 1671 4246 Qui

79 4275 240 4331 divisit
269 4294 413 4332 mare
433 4278 645 4332 rubrum
674 4278 730 4332 in
762 4277 1067 4331 divisionem
1100 4284 1124 4323 ὅ
1155 4316 1168 4339 ,
1200 4276 1446 4345 quoniam
1489 4274 1544 4327 in
1572 4288 1671 4327 sw-

79 4371 244 4427 culum
275 4374 631 4429 misericordia
662 4376 777 4447 ejus
796 4412 810 4439 ,
839 4381 887 4426 et
913 4368 1209 4427 transduxit
1242 4367 1413 4423 Israel
1449 4384 1540 4440 per
1564 4383 1671 4422 me-

81 4461 217 4519 dium
261 4468 376 4538 ejus
405 4507 421 4534 ,
451 4467 699 4538 quoniam
740 4467 794 4520 in
836 4465 1090 4521 sceculum
1134 4462 1495 4517 misericordia
1520 4463 1666 4534 ejus,

82 4566 124 4611 et
169 4564 389 4619 excussit
428 4561 756 4616 Pharaonem
787 4569 833 4617 et
887 4559 1169 4615 exercitum
1217 4558 1328 4628 ejus
1368 4557 1424 4611 in
1458 4552 1487 4593 1³
1530 4571 1671 4609 mare

1766 3352 1910 3403 cum,
1945 3337 2036 3407 qui
2066 3336 2118 3392 in
2151 3335 2539 3391 Ecclesiasﬁco
2564 3346 2604 3373 ω
2631 3336 2992 3394 describitur:
3031 3340 3097 3395 Et
3124 3340 3267 3399 Deus
3292 3359 3373 3400 re-

1765 3430 1933 3501 quiret
1958 3438 1985 3465 ιι
2016 3444 2132 3483 eum
2154 3469 2168 3493 ,
2191 3428 2280 3497 qui
2301 3428 2717 3498 persecutionem
2747 3435 2943 3501 patitur
2966 3431 3118 3507 (Ere.
3154 3435 3333 3509 111,15)
3352 3454 3374 3504 ;

1767 3522 2054 3579 et‘adhuc:
2099 3522 2220 3576 Vidi
2246 3523 2337 3577 sub
2363 3523 2471 3578 sole
2493 3523 2665 3578 locum
2698 3522 2916 3596 judicii,
2950 3525 3104 3581 illic0
3138 3526 3328 3599 impius
3351 3543 3372 3584 :

1768 3625 1813 3670 et
1864 3616 2035 3670 locum
2068 3615 2235 3688 justi,
2284 3616 2394 3670 illic
2428 3616 2548 3687 pius
2580 3614 2689 3685 (Ib.
2734 3615 2848 3688 16).
2887 3616 3171 3674 Noluimus
3217 3620 3377 3678 vobis

1768 3706 2027 3779 conjungi
2053 3707 2357 3776 haereticis,
2392 3708 2671 3764 noluimus
2699 3717 2879 3765 tecum
2912 3709 3043 3767 dare
3080 3726 3274 3770 manus
3304 3713 3375 3769 ad

1732 3800 1864 3856 'Dei
1899 3800 2323 3872 impugnandam
2356 3801 2578 3857 domum
2616 3844 2632 3871 ,
2669 3803 2952 3860 noluimus
2986 3815 3163 3861 tecum
3204 3804 3378 3863 idolo-

1770 3894 1983 3950 latriam
2012 3895 2292 3966 suscipere
2321 3895 2371 3950 in
2391 3895 2781 3953 contumeliam
2829 3897 2950 3964 Dei,
2987 3898 3261 3956 noluimus
3288 3913 3379 3955 sa-

1769 3990 1996 4062 crilegio
2025 3999 2116 4046 tuo
2148 3990 2367 4047 misceri
2404 4033 2419 4057 ,
2463 4006 2533 4046 ne
2565 4000 2623 4047 et
2666 4007 2766 4048 nos
2795 3991 2991 4049 audire
3038 4009 3378 4051 mereremnr

1773 4097 1950 4143 tecum
1985 4087 2073 4141 illa
2092 4129 2106 4154 ,
2133 4102 2253 4158 qum
2283 4102 2382 4143 ore
2402 4085 2559 4143 Osca:
2611 4087 2898 4158 prophetae
2928 4086 3157 4145 audient
3192 4102 3379 4145 sacer-

1771 4178 1949 4247 dotes,
1984 4178 2213 4250 populus
2267 4187 2323 4235 et
2373 4196 2464 4235 rex
2503 4179 2696 4242 Israel,
2727 4179 2819 4250 qui
2874 4180 3056 4235 cuncti
3087 4180 3368 4237 derelicto

1772 4272 1885 4330 Deo
1912 4272 1976 4327 ad
2008 4271 2376 4327 idololatriam
2407 4287 2466 4327 se
2500 4270 2877 4325 contulerant:
2922 4270 3114 4325 Audite
3139 4271 3269 4334 lucc.
3300 4288 3382 4327 sa-

1774 4367 2024 4432 cerdotes,
2051 4374 2101 4419 et
2122 4364 2391 4429 attendite,
2417 4363 2603 4417 domus
2624 4358 2825 4427 Israel,
2855 4370 2905 4415 et
2930 4361 3111 4416 domus
3138 4364 3277 4436 regis
3294 4364 3381 4418 in-

1775 4459 1986 4515 tuemini
2011 4468 2038 4509 P
2062 4474 2081 4512 :
2102 4456 2170 4512 ad
2198 4473 2289 4513 vos
2314 4464 2388 4511 est
2424 4455 2711 4529 judicium,
2736 4453 2862 4526 quia
2892 4462 2949 4508 ut
2974 4455 3220 4526 laqueum
3260 4457 3384 4528 facti

1774 4554 1892 4608 estis
1921 4551 1988 4606 ad
2012 4550 2282 4615 insidiam,
2310 4558 2360 4605 et
2407 4548 2539 4602 sicut
2576 4546 2707 4602 retia
2753 4556 2967 4602 extensa
3016 4547 3089 4602 ad
3126 4548 3383 4604 aviarium

84 4646 310 4710 Rubrum
339 4653 456 4727 (Ps.
486 4670 690 4720 cxxxv,
726 4653 840 4727 10).
872 4653 991 4722 Qua
1020 4652 1089 4709 de
1127 4667 1189 4708 re
1221 4651 1339 4708 hmc
1368 4650 1569 4723 scripta
1594 4648 1676 4707 in-
1703 4631 1757 4694 Ῐ)
1781 4645 2010 4703 venantis
2041 4642 2156 4717 (Os.
2180 4658 2237 4712 v,
2263 4640 2339 4713 1).
2370 4639 2530 4713 Apud
2577 4640 2747 4697 Amos
2791 4638 3112 4713 prophetam
3162 4641 3379 4699 sciebas

156 4821 180 4850 ³
206 4812 588 4873 Custodiebant.
618 4816 777 4873 Vers.
808 4818 943 4875 Ant.

150 4880 178 4967 ιτ
204 4885 428 4967 ιᾷειςιςεηιἱ
449 4889 654 4967 Saecula
679 4890 812 4967 dari,
839 4890 1045 4967 o_mis_so
1069 4890 1204 4945 vitae.

90 5028 93 5031 γ
157 4965 181 5031 °_
210 4956 525 5031 addendum
557 4960 694 5017 forte
725 4956 839 5017 ηοξ.
870 4961 1050 5018 Latin.

158 5022 184 5062 δ
211 5029 454 5090 Rabidos.
483 5032 661 5088 Vatic.

160 5106 191 5187 έν
210 5098 360 5187 Yers.
383 5106 509 5162 Ant.
538 5104 729 5173 Suam,
759 5122 879 5176 qua:
901 5104 1068 5162 habet
1089 5107 1254 5162 etiam
1283 5105 1543 5179 prtelegit,
1574 5115 1671 5174 pro

97 5175 361 5242 prwefegit.
780 5175 788 5176 ί

165 5241 184 5328 ξ
209 5243 487 5328 iaculum.
511 5248 668 5328 δίει-ς.
700 5249 830 5328 A_nt.

80 5327 93 5343 ‘
162 5314 483 5376 BDivisione.
521 5320 673 5377 Vers.
710 5323 838 5374 Ant.

102 5454 140 5472 ,μ
158 5382 187 5422 h
212 5388 284 5472 Ui
302 5391 351 5472 [τι
375 5393 564 5472 (ξι-ωοο
588 5435 604 5462 ,
638 5395 708 5455 εἰς
733 5393 992 5449 θάλασσαν
1016 5392 1286 5472 Ἐρυθρὰν.
1312 5392 1473 5449 Vcrs.
1534 5391 1659 5447 Ant.

96 5462 144 5509 tu
162 5463 284 5513 mari
310 5462 501 5519 Rubro.

167 5526 182 5607 ξ
214 5530 457 5607 gensequi
474 5552 670 5607 sumus.
693 5534 814 5590 Vat.
851 5534 1135 5591 mendose.

166 5600 178 5678 ξ
214 5600 363 5678 V_ers.
385 5600 523 5663 'Ant.
570 5606 753 5678 Neque
776 5609 949 5662 in.....
980 5608 1191 5677 spiritus
1217 5623 1413 5661 eorum.

163 5667 189 5747 ‘f
215 5671 276 5747 Et
297 5692 572 5734 revertetur
600 5667 875 5733 in'terram
896 5667 1067 5747 suam,
1086 5680 1240 5743 abest
1266 5693 1296 5732 a
1324 5678 1477 5735 Vers.
1506 5678 1633 5735 Ant.
1650 5719 1663 5744 ,

102 5742 188 5816 sed
216 5745 399 5816 legitur
423 5752 475 5806 in
503 5750 716 5808 Gratco.
1053 5742 1064 5747 '
1582 5802 1585 5805 ν

178 5811 382 5875 lLatin.
415 5821 530 5881 haec
563 5823 718 5879 verba
753 5821 967 5888 Beatus,
995 5831 1105 5880 etc.
1131 5820 1398 5880 demenda
1437 5831 1666 5888 censat;

1782 4808 1879 4866 sed
1910 4815 2095 4863 contra
2120 4802 2358 4861 Luciferi
2387 4801 2742 4869 sententiam,
2772 4817 2892 4874 qua,-
2914 4811 3083 4870 patet.

1855 4891 1895 4917 ω
1926 4878 2023 4935 llic
2044 4878 2184 4933 liber
2200 4884 2304 4947 est,
2329 4888 2489 4947 quem
2514 4874 2774 4946 Septuag.
2792 4873 2868 4930 ’et
2893 4874 3054 4947 Vulg.
3088 4873 3381 4933 Ecclesias-

1782 4962 1866 5007 ten
1884 4950 2199 5022 appellant;
2247 4945 2604 5022 Ecclesiastici
2630 4960 2759 5001 vero
2800 4945 3021 5022 nomine
3062 4947 3381 5022 intelligitur

1783 5017 1941 5103 liber,
1962 5017 2050 5103 cui
2083 5020 2269 5103 titulus
2299 5019 2447 5103 Σρφία
2476 5019 2672 5103 Σείραχ
2711 5017 2853 5103 apud
2897 5018 3166 5103 S.ep_tuag.'
3215 5019 3384 5103 iamest

1783 5039 1941 5106 nuer,
1965 5039 2050 5105 Clit
2083 5039 2269 5100 "tutus
2300 5039 2447 5103 Σοφια
2476 5039 2672 5148 ΣεέΓαχ
2711 5039 2853 5088 apuu
2897 5039 3159 5087 Deptuag.
3215 5039 3271 5102 tu.
3296 5039 3381 5103 est

1783 5095 2060 5165 Sapientia
2088 5091 2380 5165 Strach.St
2408 5107 2529 5165 mea
2576 5106 2665 5147 um
2698 5088 2965 5165 abestuah
2997 5087 3119 5165 h‘oc_
3146 5088 3381 5165 LI_I_CIf_el'l

1781 5158 1928 5231 loco,
1959 5164 2102 5220 haud
2137 5162 2339 5218 usitato
2366 5161 2589 5233 quidem
2611 5176 2641 5215 a
2687 5158 2974 5216 veteribus
3001 5159 3160 5216 titulo
3190 5159 3383 5219 Eccle-

1776 5239 1973 5295 siastes
1998 5236 2194 5292 librum
2223 5237 2450 5291 notavit.

1846 5319 1877 5347 τι
1902 5309 2133 5375 Quaeret.
2161 5305 2316 5361 Vcrs.
2343 5306 2474 5362 Ant.

1849 5390 1873 5419 υ
1897 5374 2081 5437 Lucii.
2104 5395 2225 5435 cum
2257 5377 2435 5433 διηνο.
2469 5381 2576 5435 ἐκεῖ
2592 5376 2619 5434 ὁ
2644 5378 2858 5445 ἀσεϐής,
2887 5379 2969 5432 καὶ
2991 5376 3146 5433 τόπον
3170 5382 3263 5432 τοῦ
3295 5374 3374 5433 δι-

1772 5458 1939 5521 καίου,
1998 5453 2099 5508 ἐκεῖ
2138 5450 2164 5506 ὁ
2207 5451 2439 5511 εὐσεϐής.
2496 5450 2657 5505 Vers.
2711 5453 2841 5505 Ant.
2876 5446 2959 5504 Ibi
3007 5447 3283 5520 impietas,
3329 5457 3379 5503 et

1770 5525 1941 5582 locum
1970 5525 2207 5593 iustitiae,
2241 5523 2311 5593 ibi
2337 5522 2605 5591 iniquitas.

1846 5589 2052 5653 PVe'rs.
2089 5596 2218 5651 Ant.
2274 5589 2474 5647 Domus
2524 5592 2660 5658 regis
2696 5592 2912 5646 auribus
2971 5589 3257 5658 percipite:
3310 5591 3381 5646 ad

1846 5610 1872 5649 P
1902 5610 2052 5653 vers.
2089 5610 2218 5651 Atil.
2274 5610 2474 5647 Domus
2524 5610 2580 5646 re
2618 5610 2660 5645 ts
2696 5610 2912 5646 aurtaus
2971 5610 3257 5658 percipere:
3310 5610 3380 5646 aa

1770 5684 1861 5725 vos
1887 5670 2144 5724 enim.....
2172 5666 2292 5736 quia
2333 5610 2707 5744 laqueusjacti
2737 5663 2876 5744 _estis
2928 5661 3267 5734 speculationi
3291 5700 3308 5728 ,
3333 5671 3384 5720 et

1772 5745 1904 5799 sicut
1934 5749 2041 5795 rete
2062 5732 2351 5809 expansum
2373 5732 2526 5808 super
2544 5732 2862 5805 Itabyrium.
