4042 6338
202 307 313 365 873

1291 307 1427 368 PRO
1465 308 1737 371 SANCTO
1774 305 2167 368 ATHANASIO
2203 306 2334 365 LIB.
2377 306 2420 364 1.

3413 316 3518 374 874

207 422 431 495 populus
456 421 638 491 plenus
664 421 867 478 delictis
890 430 915 459 ο
944 464 958 488 ,
986 438 1157 479 semen
1207 426 1519 499 malignum,
1564 429 1663 499 ﬁlii
1704 430 1816 483 sine
1842 430 1890 489 Α
1920 442 2028 481 non
2058 425 2203 481 scire
2237 424 2527 478 Dominum
2572 421 2827 488 Abrabm,
2856 421 3026 478 Deum
3054 422 3229 492 Isaac,
3248 425 3416 484 Deum
3435 430 3529 487 Ja-

208 520 337 593 lege,
364 518 714 589 dereliquistis
746 516 1051 584 Dominum,
1103 528 1152 573 et
1198 521 1540 577 cxacerbastis
1579 532 1814 577 sanctum

206 611 401 667 Israel.
434 612 557 668 Eris
583 627 802 682 semper
827 626 966 667 unus
992 626 1057 667 ex
1088 612 1215 677 illis,
1257 613 1349 682 qui
1381 624 1606 683 propter
1628 614 1817 684 nequi-

208 706 311 761 tias
334 703 643 760 Studiorum
684 719 910 760 suorum
962 703 1305 774 principibus
1355 704 1723 761 Sodomorum
1761 714 1817 760 et

205 798 428 870 populis
448 797 771 855 Gomorrbze
785 798 1342 868 comparantur,dum
1358 796 1680 866 dicitur(lb.
1706 798 1814 868 l0):

207 892 399 948 Audite
426 892 633 946 verbum
657 890 892 956 Domini,
928 891 1189 961 principes
1213 892 1566 946 Sodomorum
1593 908 1611 945 :
1643 902 1818 945 atten-

208 987 314 1042 dite
338 988 501 1059 legem
533 984 560 1024 δ
594 985 711 1047 Dei.
738 986 881 1058 plebs
908 984 1238 1041 Gomorrltte.
1267 983 1401 1041 Cum
1434 985 1545 1041 illis
1573 986 1683 1042 eris
1716 984 1819 1039 nisi

210 1092 263 1137 te
292 1080 622 1145 correxeris,
654 1082 721 1135 de
750 1081 949 1152 quibus
972 1081 1235 1151 scriptum
1261 1082 1439 1153 legisti
1474 1080 1641 1154 (Ibid.
1676 1079 1766 1151 15)
1803 1098 1817 1135 :

212 1175 278 1233 Si
304 1175 771 1247 multiplicaveritis
794 1192 968 1245 preces
998 1188 1044 1241 ε,
1097 1193 1199 1231 non
1227 1176 1503 1232 exaudiam
1534 1193 1621 1232 vos
1652 1194 1670 1231 :
1714 1193 1823 1230 ma-

213 1285 311 1325 nus
339 1269 475 1324 enim
502 1280 679 1324 vestra:
720 1270 974 1340 sanguine
1010 1269 1177 1340 plena:
1202 1282 1341 1324 sunt.
1398 1270 1491 1325 Va:
1518 1271 1636 1335 libi,
1666 1269 1824 1325 Con-

213 1364 405 1428 stanti,
435 1365 523 1433 qui
556 1371 760 1417 tantam
789 1362 883 1419 Dei
919 1362 1220 1418 incurret-is
1272 1362 1561 1429 offensam,
1613 1376 1671 1418 ut
1717 1378 1821 1419 non

213 1455 405 1511 videre
430 1457 699 1526 pomisses
753 1458 881 1527 quid
925 1457 1020 1512 tibi
1067 1456 1261 1513 luisset
1316 1458 1642 1513 cavendum.
1691 1456 1824 1513 Cum

218 1549 370 1605 enim
406 1548 550 1605 dicat
581 1564 677 1605 ore
708 1550 883 1605 Esaiae
930 1550 1040 1607 illis
1073 1552 1462 1621 prophetarum
1510 1564 1825 1607 sanctorum

215 1642 816 1713 etomniumjustorum
844 1642 1287 1700 interfectoribus
1311 1643 1477 1716 (Ibid.
1500 1644 1591 1716 16)
1615 1663 1627 1699 :
1654 1643 1824 1699 Lava-

217 1737 371 1803 mini,
405 1737 583 1790 mundi
604 1746 783 1803 estote,
814 1738 1017 1808 auferte
1064 1738 1291 1791 malitias
1318 1738 1382 1791 ab
1410 1738 1636 1792 inimicis
1665 1736 1691 1773 ιι
1719 1753 1830 1792 ves-

1920 519 2042 585 Cob,
2112 518 2278 573 Deum
2337 515 2707 587 apostolorum
2740 557 2757 583 ,
2807 518 2974 573 Deum
3019 507 3406 592 prophetarum
3457 540 3522 581 ac

1921 620 2221 684 martyrum
2258 652 2273 677 ,
2332 609 2429 665 sed
2463 608 2830 663 idololatriam
2858 626 2953 679 per
2976 611 3165 666 Atium
3199 613 3472 669 inventam
3510 658 3525 681 ,

1920 712 2092 776 perte
2136 718 2269 759 vero
2324 702 2667 757 exaltatum?
2724 701 2994 774 Numquid
3045 719 3153 760 non
3196 717 3281 761 est
3336 709 3525 779 rapina

1922 814 2217 870 pauperum
2245 798 2362 852 bare
2386 798 2480 853 Dei
2511 812 2795 853 servorum
2821 798 3247 855 clrristiatiorum
3274 803 3327 857 in
3360 803 3526 861 domo

1923 901 2036 957 tua,
2066 901 2292 963 propter
2323 906 2461 961 quos
2490 891 2669 962 legisti
2728 892 2993 964 scriptum
3024 912 3035 947 :
3070 893 3223 949 Beati
3271 914 3531 968 pauperes

1923 986 2131 1057 spiritu,
2155 987 2403 1057 quoniam
2428 985 2659 1057 ipsorum
2690 995 2764 1038 est
2795 1002 3009 1059 regnum
3041 989 3281 1043 rwlorum
3306 988 3525 1063 (Matth.

1924 1096 1976 1146 v,
2011 1081 2113 1149 3)?
2146 1096 2267 1135 cum
2298 1081 2440 1135 scias
2482 1092 2532 1135 te
2557 1082 2950 1152 proscripsisse
2983 1085 3303 1141 resistentes
3359 1089 3528 1145 sacri-

1925 1174 2069 1245 legio
2098 1183 2213 1229 tuo.
2242 1173 2514 1242 Numquid
2543 1174 2730 1229 dicere
2776 1175 3006 1231 audebis
3042 1194 3053 1231 :
3090 1176 3213 1232 Non
3268 1179 3386 1248 feci,
3437 1198 3532 1237 nec

1926 1266 2063 1335 facio
2089 1267 2335 1337 injuriam
2363 1268 2557 1343 populo
2587 1265 2686 1321 Dei
2716 1267 2740 1321 ?
2774 1268 2838 1323 Et
2862 1269 2983 1339 quis
3007 1280 3209 1327 tantam
3236 1273 3529 1345 aliquando

1929 1359 2060 1416 fecit
2084 1370 2346 1431 quautam
2375 1360 2465 1414 tu?
2492 1361 2582 1431 qui
2610 1377 2789 1432 neque
2816 1364 2998 1417 omnia
3034 1380 3235 1433 genera
3290 1377 3531 1425 tormen-

1926 1465 2104 1511 torum
2131 1456 2417 1512 inlereudo
2453 1456 2660 1511 desinis
2689 1467 2738 1522 ις,
2793 1472 2972 1529 neque
3001 1463 3148 1516 varie
3172 1464 3527 1532 puniendum.

1927 1548 2211 1604 Noluimus
2236 1551 2582 1606 innocentem
2610 1561 2885 1621 tamquam
2910 1568 3063 1608 reum
3091 1556 3307 1625 punire,
3343 1575 3409 1614 ne
3432 1560 3535 1616 ista

1929 1654 1984 1699 et
2016 1660 2115 1699 nos
2142 1654 2449 1714 percuteret
2477 1645 2772 1713 sententia,
2806 1663 2927 1718 qum
2954 1664 3051 1704 ore
3093 1650 3271 1706 adlmc
3304 1655 3540 1725 pruphe.

1932 1746 2079 1793 tatur
2112 1739 2285 1793 Esaia:
2320 1737 2421 1805 (Is.
2445 1756 2505 1801 ι,
2539 1740 2593 1809 1)
2626 1758 2637 1792 :
2700 1739 2797 1801 γα)
2826 1741 3167 1798 scribentibus
3207 1748 3485 1815 nequitiam
3517 1767 3537 1815 ,-

219 1832 316 1887 tris
340 1842 462 1886 ante
483 1832 659 1887 oculos
684 1848 843 1897 meos,
869 1831 1085 1886 desinite
1112 1850 1145 1886 a
1167 1830 1379 1886 malitiis
1409 1833 1611 1895 vestris,
1642 1831 1828 1885 discite
1856 1831 1904 1893 Β
1933 1831 2209 1887 scribentes
2231 1834 2367 1886 enim
2398 1832 2680 1902 nequitiam
2727 1834 2955 1887 scribunt
2983 1876 2997 1899 ,
3049 1837 3367 1895 declinantes
3384 1842 3542 1913 judi-

221 1927 414 1982 bonum
438 1931 632 1998 facere,
662 1926 906 1995 inquirite
928 1926 1213 1999 judicium,
1244 1927 1427 1996 eripite
1471 1925 1722 2000 injuriam
1748 1940 1833 1978 ac—

220 2021 519 2091 cipientem,
568 2020 807 2093 judicate
829 2017 1031 2089 pupillo
1080 2028 1128 2072 et
1164 2017 1454 2091 justi/icate
1485 2016 1736 2081 viduam;
1764 2016 1832 2071 ad

222 2112 346 2169 lucc
398 2122 453 2167 tu
489 2121 679 2167 contra
725 2112 947 2181 juberes
1017 2110 1370 2166 trucidandos
1424 2110 1517 2165 Dei
1568 2110 1834 2176 cultores,

224 2210 408 2281 ipsum
439 2206 804 2264 deserendum
832 2207 1027 2274 Deum,
1075 2205 1475 2276 suscipiendam
1506 2219 1636 2260 vero
1666 2203 1839 2259 idolo—

224 2303 444 2358 latriam
472 2318 486 2368 ;
517 2300 624 2357 hoc
648 2302 743 2355 luit
770 2299 991 2355 audisse
1021 2299 1114 2355 Dei
1141 2299 1373 2366 monita,
1420 2307 1476 2352 et
1504 2296 1672 2351 fuisse
1717 2311 1839 2350 cor-

227 2406 461 2452 rectum.
494 2394 609 2462 Qua
637 2393 705 2449 de
733 2408 793 2448 re
845 2391 989 2448 istud
1014 2391 1163 2462 cogis
1194 2406 1293 2446 nos
1328 2390 1553 2446 lacere?
1588 2390 1691 2444 nisi
1716 2388 1840 2459 quia

229 2490 310 2545 sis
337 2490 568 2559 cupiens
600 2504 699 2543 nos
734 2498 910 2543 tecum
941 2485 1120 2558 gladio
1143 2487 1390 2543 consumi
1423 2487 1447 2539 ?
1498 2483 1565 2538 Et
1592 2485 1636 2538 si
1663 2484 1840 2538 volue-

230 2586 349 2640 ritis
377 2594 423 2649 ε,
454 2583 583 2641 dicit
608 2583 773 2650 Deus,
794 2594 838 2637 et
869 2572 1217 2636 exaudieretis
1246 2597 1347 2645 me,
1389 2579 1523 2634 bona
1553 2588 1704 2633 terra:
1723 2578 1844 2632 ede-

234 2678 326 2733 tis.
360 2677 421 2733 Si
446 2694 563 2731 vero
593 2676 886 2737 nolueritis,
914 2690 1076 2741 neque
1091 2673 1435 2729 exaudieretis
1485 2689 1586 2736 me,
1634 2670 1845 2745 gladius

234 2787 327 2826 vos
359 2769 586 2825 comedet
615 2786 633 2823 :
658 2785 714 2823 os
740 2769 878 2823 enim
908 2764 1121 2821 Domini
1154 2767 1386 2820 locutum
1407 2773 1480 2819 est
1526 2764 1628 2818 ista
1671 2761 1841 2831 (Ibid.

240 2861 358 2936 19).
408 2862 505 2919 Cui
532 2858 1060 2931 obtemperabimus,
1086 2859 1272 2913 Deone
1329 2857 1448 2912 haec
1485 2855 1716 2919 dicenti,
1774 2869 1843 2909 an

237 2958 337 3013 tibi
370 2957 488 3027 ejus
519 2955 781 3012 inimico?
812 2956 957 3010 Deus
985 2954 1121 3009 dicit
1164 2952 1392 3018 ludatis,
1438 2961 1497 3007 ut
1522 2951 1636 3022 jam
1686 2949 1847 3005 dere-

238 3051 794 3120 linquerenlcrrures
827 3062 979 3113 suos,
1014 3045 1317 3115 abjicerent
1361 3043 1592 3099 malitias
1624 3058 1751 3098 suas
1780 3059 1848 3099 ex

240 3142 501 3198 cordibus
531 3142 665 3205 suis,
694 3141 974 3196 discerent
1004 3140 1205 3194 bonum
1237 3138 1437 3203 lacere,
1466 3136 1670 3208 justum
1704 3136 1851 3207 judi-

1938 1925 2076 1978 cium
2105 1941 2416 1996 pauperum,
2440 1935 2489 1979 et
2517 1927 2778 1995 rapientes
2809 1928 3062 1985 iudicium
3089 1934 3347 2003 egentium
3372 1935 3540 2003 plebis

1938 2032 2083 2083 meae,
2117 2027 2174 2070 ut
2195 2017 2261 2070 sit
2282 2017 2387 2071 illis
2417 2018 2571 2072 vidua
2601 2019 2655 2071 in
2680 2020 2939 2089 rapinant,
2992 2033 3040 2075 et
3067 2025 3300 2095 pupillus
3330 2028 3383 2079 in
3403 2028 3543 2084 dire-

1941 2111 2170 2180 ptionem
2189 2126 2208 2165 :
2222 2121 2265 2164 et
2279 2111 2406 2180 quid
2426 2113 2615 2182 facient
2634 2113 2683 2166 in
2703 2114 2837 2168 diem
2853 2112 2875 2149 λι
2900 2116 3226 2174 visitationis.
3250 2120 3545 2180 Tribulatio

1940 2206 2077 2258 enim
2099 2222 2129 2257 a
2158 2205 2298 2259 vobis
2329 2206 2483 2279 longe
2505 2210 2852 2273 superveniet,
2877 2221 2925 2264 et
2962 2213 3031 2264 ad
3052 2229 3201 2283 quem
3225 2220 3498 2291 refugietis
3517 2220 3543 2274 ?

1942 2296 2061 2351 Non
2096 2298 2520 2367 temperavimus
2548 2298 2563 2337 ί
2613 2310 2707 2357 tuo
2734 2302 2969 2357 consilio
2991 2318 3284 2373 venenato,
3320 2312 3553 2382 cupien-

1946 2403 2027 2449 tes
2053 2393 2353 2464 confugere
2375 2395 2429 2449 in
2458 2396 2715 2452 omnibus
2747 2399 3194 2459 tribulationibus
3236 2411 3439 2462 nosuis
3470 2418 3555 2464 at-

1944 2505 2050 2559 que
2076 2488 2447 2545 anxietatibus
2461 2490 2541 2545 ad
2563 2506 2711 2557 eum,
2742 2493 2808 2546 ad
2842 2510 3002 2561 quem
3030 2496 3341 2569 confugerit
3365 2502 3552 2574 illeju-

1945 2581 2110 2637 stitia:
2140 2592 2351 2636 amator
2380 2582 2433 2637 in
2464 2584 2723 2639 omnibus
2763 2586 3086 2655 probatione
3110 2588 3212 2645 Job
3238 2608 3252 2656 ;
3285 2608 3390 2648 nou
3418 2597 3552 2652 obe«

1947 2673 2185 2730 divimus
2217 2686 2495 2745 praecepto
2523 2688 2617 2730 tuo
2642 2678 2874 2743 crudeli,
2907 2681 3030 2748 quia
3062 2683 3401 2742 voluerimus
3435 2689 3559 2744 imi-

1951 2778 2156 2825 tatores
2206 2769 2437 2825 inveniri
2494 2771 2653 2827 istius
2687 2772 2779 2827 Dei
2828 2775 2973 2828 servi
3017 2774 3120 2831 Job
3167 2778 3402 2835 dicentis
3432 2783 3559 2853 (Job

1947 2880 2101 2928 XXIX,
2120 2864 2208 2931 12)
2232 2883 2245 2919 :
2267 2862 2508 2919 Liberavi
2525 2882 2806 2935 pauperem
2838 2866 2905 2922 de
2931 2884 3089 2923 manu
3121 2876 3369 2941 potentis.
3393 2888 3442 2931 et
3467 2894 3555 2932 or-

1951 2958 2122 3029 pltano
2135 2958 2222 3025 qui
2233 2960 2341 3012 sine
2353 2959 2419 3012 ad
2415 2962 2445 3031 j
2451 2961 2622 3013 utorio
2635 2970 2768 3027 erat,
2783 2978 2876 3032 ego
2896 2979 3040 3017 eram
3054 2965 3279 3038 adjutor.
3303 2967 3375 3024 0s
3390 2983 3563 3027 autem

1952 3052 2213 3107 t'iduteme
2237 3070 2439 3122 semper
2458 3056 2736 3110 benedixit.
2768 3054 2988 3112 Iustitia
3000 3060 3135 3113 enim
3160 3077 3301 3116 eram
3325 3067 3558 3133 vestitus,

1951 3153 1999 3197 et
2024 3155 2300 3207 coopertus
2334 3146 2599 3218 judicium
2629 3147 2678 3214 i;
2707 3157 2754 3202 et
2800 3166 2942 3204 eram
2978 3155 3163 3207 oculus
3201 3172 3479 3228 caecorum,
3510 3172 3561 3216 et

241 3250 429 3295 carent
452 3236 739 3308 judicium.
771 3235 851 3291 Tu
876 3234 1080 3305 inquis,
1108 3232 1369 3288 Damnate
1396 3233 1607 3305 injuste.
1640 3231 1753 3300 Qun
1781 3230 1850 3286 de
1877 3236 1922 3299 C
1954 3247 2101 3309 pater
2130 3238 2475 3308 inﬁrmorum,
2501 3240 2796 3309 iniquorum
2829 3253 3003 3296 autem
3032 3246 3199 3299 molas
3234 3252 3486 3321 confregi,
3518 3262 3569 3307 ει

247 3346 310 3387 rc
339 3328 485 3385 i~tud
514 3329 713 3385 suades
741 3343 828 3383 me
857 3327 1038 3383 facere
1063 3328 1087 3382 ?
1138 3326 1242 3382 nisi
1273 3328 1400 3397 quia
1431 3326 1570 3381 velis
1600 3340 1685 3379 me
1709 3325 1854 3381 efﬁci

248 3422 544 3480 illiusmodi
579 3422 880 3485 hominem,
913 3419 1105 3490 quales
1142 3419 1253 3474 sint
1286 3418 1387 3482 illi,
1442 3416 1509 3472 ad
1540 3433 1676 3487 quos
1702 3417 1855 3475 dixe-

250 3519 325 3575 rit
370 3517 513 3572 Deus
559 3514 726 3587 (Ibid.
778 3530 832 3569 Ill
859 3556 875 3581 ,
909 3512 1000 3585 M)
1037 3530 1051 3568 :
1090 3511 1196 3567 Vos
1248 3521 1455 3577 autem,
1481 3511 1613 3565 dicit
1666 3510 1811 3566 Deus
1836 3552 1851 3579 ,

251 3612 377 3685 quid
403 3609 717 3666 succenditis
746 3607 765 3647 ί
792 3608 990 3663 vineam
1014 3623 1199 3670 meam,
1225 3616 1274 3659 et
1290 3605 1477 3674 rapina
1495 3621 1778 3672 pauperum
1801 3606 1855 3659 in

254 3705 494 3761 domibus
519 3703 701 3759 vestris
721 3703 745 3756 ἒ)
765 3702 891 3772 quid
912 3716 999 3755 vos
1024 3700 1273 3774 injuriam
1293 3699 1466 3772 facitis
1484 3698 1678 3770 populo
1705 3709 1751 3752 et
1774 3701 1857 3770 [a-

253 3805 384 3862 ciem
416 3805 631 3875 inopum
660 3802 1021 3873 confunditis?
1071 3800 1140 3856 Et
1168 3810 1223 3856 tu
1257 3801 1332 3856 ita
1361 3801 1478 3855 lucc
1507 3816 1568 3856 es
1600 3799 1804 3856 faciens
1838 3842 1856 3870 ,

256 3899 333 3955 ita
363 3908 559 3954 cuncta
583 3912 802 3968 gerens,
857 3910 979 3967 quze
1011 3895 1137 3965 quia
1170 3894 1393 3963 faciant,
1443 3893 1753 3965 indignatur
1782 3892 1859 3949 l‘a-

256 3994 531 4050 cieutibus
562 4009 577 4047 :
612 4003 885 4063 tamquam
916 3991 1134 4057 placere
1157 3998 1210 4045 te
1242 4006 1347 4045 non
1382 4003 1542 4060 posse
1562 3990 1636 4043 sis
1658 3989 1859 4057 sciens,

260 4087 368 4143 nisi
399 4096 456 4143 et
496 4084 710 4141 Domini
755 4082 1142 4140 succendisses
1221 4082 1463 4149 vineam,
1521 4091 1579 4138 et
1616 4083 1860 4153 rapinam

260 4195 567 4253 pauperum
596 4177 980 4235 constituisses
1000 4177 1142 4232 intra
1157 4176 1377 4231 domum
1405 4184 1575 4242 tuam,
1602 4185 1654 4230 et
1677 4175 1865 4231 multis

261 4275 444 4332 modis
472 4274 650 4333 servis
678 4272 772 4328 Dei
808 4273 1115 4343 irrogasses
1138 4268 1387 4340 injurias.
1413 4268 1522 4325 Aut
1543 4268 1728 4325 dicere
1754 4282 1869 4326 ten-

263 4367 407 4423 tabis
432 4367 547 4423 lucc
574 4366 757 4421 omnia
781 4373 833 4420 te
857 4380 969 4419 non
1011 4362 1243 4419 fecisse?
1288 4361 1562 4432 Numquid
1618 4376 1724 4417 non
1749 4377 1872 4418 suc-

262 4460 745 4519 cendistivineam
792 4458 1033 4527 Domini,
1086 4456 1304 4529 quando
1356 4457 1584 4528 coegisti
1611 4473 1732 4514 eam
1756 4457 1868 4529 jam

1959 3327 2233 3383 dentibus“
2252 3331 2463 3384 illorum
2477 3331 2715 3401 rapinam
2737 3332 2947 3388 abstuli.
2962 3334 3027 3389 Et
3041 3335 3297 3408 infra(lb.
3319 3342 3534 3415 μηδ)
3560 3361 3574 3398 :

1961 3421 2175 3478 Positus
2201 3422 2215 3460 ι
2243 3441 2356 3479 sum
2412 3435 2606 3480 statera
2622 3427 2870 3498 justitiw,
2903 3438 2950 3481 et
2992 3432 3087 3483 scit
3143 3429 3400 3490 Dominus
3444 3438 3571 3491 sint-

1962 3518 2243 3588 plicitatem
2265 3528 2304 3554 ιιι
2334 3535 2524 3584 meam,
2546 3522 2792 3590 quoniam
2824 3538 3107 3593 numquam
3130 3542 3220 3596 pes
3251 3545 3395 3585 meus
3418 3548 3568 3588 επεν·

1961 3615 2143 3669 ravita
2172 3615 2253 3668 via
2279 3626 2443 3679 recta,
2472 3616 2565 3670 sed
2589 3633 2679 3671 nec
2721 3618 2905 3672 oculus
2928 3635 3071 3673 meus
3096 3626 3383 3693 conspexit.
3433 3627 3571 3695 Qua:

1960 3717 2047 3763 est
2070 3719 2216 3785 recta
2245 3709 2355 3773 via,
2374 3723 2402 3762 a
2435 3724 2539 3779 qua
2571 3725 2631 3764 se
2660 3710 2825 3764 refert
2844 3709 3124 3781 gloriosus
3149 3712 3252 3768 Job
3276 3731 3383 3771 non
3413 3718 3576 3777 deor-

1961 3805 2221 3861 bitavisse
2244 3805 2269 3859 ‘l
2294 3806 2481 3875 utique
2510 3807 2646 3871 lucc,
2682 3822 2802 3877 qua:
2829 3822 2931 3862 nec
2963 3807 3316 3866 innocentem
3352 3814 3574 3873 interfe-

1964 3900 2061 3965 cit,
2091 3914 2194 3956 nec
2222 3900 2388 3955 alium
2418 3901 2523 3955 scit
2549 3902 2719 3955 Deum
2766 3918 2780 3966 ;
2814 3902 2941 3972 quia
2983 3917 3087 3958 nec
3123 3906 3233 3960 scit
3268 3906 3375 3962 nisi
3402 3909 3571 3967 Deum

1967 3992 2284 4063 angelorum
2311 3992 2902 4063 archangelorumque,
2927 4009 3091 4064 quem
3141 4011 3249 4050 nou
3283 4013 3445 4068 posse
3472 4019 3573 4060 nos

1964 4085 2136 4140 scutis
2157 4084 2368 4154 eripere
2394 4085 2462 4141 de
2492 4094 2580 4141 tua
2601 4094 2873 4156 potestate
2929 4086 3159 4153 Quando
3182 4089 3326 4144 enim
3349 4092 3487 4148 dicis
3504 4095 3573 4152 de

1969 4179 2073 4235 ﬁde
2095 4180 2271 4235 beata:
2318 4179 2622 4235 Ecclesiae:
2656 4179 2720 4236 Si
2766 4179 3025 4234 catholica
3052 4190 3125 4234 est
3147 4183 3288 4247 apud
3333 4183 3571 4243 Nicteam

1968 4275 2227 4345 descripta
2249 4274 2398 4343 ﬁdes,
2428 4274 2618 4343 eripiat
2640 4290 2726 4329 eos
2748 4274 2801 4327 in
2831 4291 2981 4344 quem
3007 4275 3339 4331 crediderunt
3366 4280 3431 4334 de
3459 4299 3573 4337 mea

1971 4376 2261 4438 potestate;
2293 4381 2400 4419 non
2430 4364 2633 4421 habere
2662 4365 2851 4436 utique
2878 4367 3053 4420 virum
3098 4366 3163 4420 ad
3222 4368 3577 4441 eripiendum

1973 4474 2074 4515 nos
2103 4460 2172 4516 de
2201 4459 2455 4516 manibus
2478 4459 2586 4516 tuis
2614 4460 2784 4515 Deum
2808 4458 2968 4527 dicis,
3021 4474 3131 4516 non
3160 4476 3327 4533 posse
3358 4475 3410 4523 te
3436 4476 3584 4527 stare

345 4686 372 4714 ι
411 4673 573 4730 Vers.
622 4672 753 4729 Ant.
814 4669 1169 4726 Peccatis.....
1221 4666 1824 4738 nequam.....uscelesti
1852 4709 1868 4735 ,
1900 4668 1955 4731 1)
2051 4664 2076 4738 β
2121 4665 2189 4721 1η
2215 4666 2319 4723 die.
2348 4666 2529 4723 Latin.
2562 4667 2638 4721 uti
2668 4666 2797 4738 legit
2826 4666 3011 4723 Sabat.
3046 4677 3103 4724 et
3138 4678 3222 4726 est
3243 4672 3295 4727 in
3323 4674 3533 4736 Graeco.

270 4745 676 4816 reliquistis”...
708 4753 755 4799 et
788 4743 843 4797 in
868 4742 1279 4814 indignationem
1300 4736 1519 4793 misistis
1546 4736 1697 4792 illum
1724 4753 1873 4793 sanc-
2024 4820 2027 4821 ν
2122 4739 2227 4821 Pro
2259 4736 2741 4821 obtemperarimusi
2774 4739 2880 4795 Til.
2909 4748 2965 4793 ιιι
3000 4738 3177 4821 Latin.
3211 4756 3265 4821 et
3293 4744 3341 4800 la
3372 4749 3571 4820 Cerda;

274 4810 420 4885 tum}
450 4829 560 4871 etc.
986 4810 1004 4814 ⁷
1645 4881 1690 4885 __
1761 4882 1770 4885 Α
1977 4820 2037 4867 ut
2058 4810 2249 4885 rinilib.
2279 4810 2420 4885 2,41?
2422 4815 2534 4866 also
2573 4820 2997 4885 temperassemus
3024 4815 3248 4869 crimini.

348 4891 375 4931 ι)
407 4881 603 4961 Legem
635 4886 755 4961 Dei,
801 4896 857 4941 ut
907 4887 961 4941 in
1005 4884 1220 4942 Grarco.
1254 4885 1412 4943 Vers.
1457 4886 1587 4941 Ant.
1645 4881 1872 4937 Verbum

276 4962 515 5024 Domini.
546 4960 791 5031 populus,
814 4965 928 5031 (etc.

354 5045 375 5073 ο
419 5032 577 5087 Vers.
619 5029 750 5085 'Ant.
786 5030 846 5085 Si
876 5029 1228 5100 multiplicetis
1259 5047 1480 5099 precem.

347 5102 376 5142 ἀ
418 5103 715 5159 Animabus.
771 5102 949 5167 Latin,
990 5099 1047 5156 et
1094 5101 1321 5157 Galand.
1384 5110 1444 5157 ut
1492 5101 1545 5157 in
1595 5099 1788 5156 Grmco
1812 5105 1870 5154 et

277 5178 441 5234 Vers.
485 5181 610 5230 Aut.
659 5172 934 5245 Nequitias
961 5174 1024 5228 ab
1069 5175 1255 5228 animis
1291 5177 1546 5245 vestris.a
1593 5180 1870 5240 conspectu

277 5250 550 5304 oculorum
603 5244 951 5300 meorum.....
1000 5247 1368 5311 exquirite.....
1415 5244 1748 5300 liberate.....
1776 5244 1871 5315 ju-

278 5321 452 5374 dicate
478 5321 734 5387 orphano,
761 5325 871 5374 etc.

358 5401 382 5429 °
422 5392 680 5460 QIIn'tiztm
711 5390 877 5453 levia,
906 5403 1027 5449 utne
1076 5404 1297 5446 sensum
1345 5405 1452 5445 non
1504 5394 1747 5454 vertunt,
1779 5400 1875 5440 va-

278 5466 432 5521 riant
460 5467 546 5517 lue
568 5462 622 5517 in
657 5461 808 5516 Veis.
845 5460 973 5515 Ant.

362 5533 381 5573 ί
422 5535 581 5590 Vers.
617 5538 741 5589 Ant.
759 5533 839 5587 Ad
863 5532 987 5602 quid
1014 5531 1401 5587 incenditis.....
1434 5542 1483 5587 et
1510 5533 1709 5600 rapina:
1735 5547 1877 5585 men-

283 5604 645 5750 dici....?{Cur
674 5622 762 5660 vos
793 5604 981 5659 lteditis
1026 5605 1271 5675 populum
1310 5620 1575 5659 meum....
1619 5605 1877 5659 mendico-

282 5696 406 5734 rum
426 5695 521 5733 con
554 5718 568 5731 .

361 5760 388 5798 8
428 5746 536 5806 Pro
560 5749 752 5821 inferre
774 5748 990 5811 desinis,
1022 5748 1115 5803 ubi
1138 5746 1462 5821 gerundium
1495 5763 1592 5817 pro
1614 5747 1884 5821 inlinitin

289 5816 669 5894 usurpavit.fT
673 5823 731 5875 il.
756 5821 931 5877 Locus
946 5828 1125 5894 autem
1146 5816 1257 5875 non
1290 5816 1503 5894 videtur
1530 5820 1777 5894 mutilus,
1808 5816 1889 5875 uti

290 5891 482 5953 censet
508 5893 775 5961 Latinius,
803 5908 906 5949 nec
935 5893 1114 5961 nobis,
1146 5907 1322 5963 neque
1342 5891 1634 5949 Galandio.

570 5989 848 6051 ΡΑτιιοι..
901 5986 1072 6049 XIII.

2051 4884 2064 4934 l
2118 4884 2222 4938 Pro
2240 4882 2475 4961 judicio,
2508 4891 2751 4961 ut__a_ntga
2776 4882 2938 4961 dixit,
2970 4885 3323 4961 indutiarma
3359 4906 3457 4961 pro
3483 4913 3571 4951 αν.

1973 4954 2093 5021 mis,
2119 4953 2271 5010 more
2318 4956 2496 5011 Graec.
2543 4953 2648 5009 Til.
2687 4954 2838 5010 Vers.
2870 4956 2997 5010 Ant.
3045 4958 3194 5011 addit
3251 4953 3381 5014 sicut
3422 4968 3569 5023 cnla.

1972 5027 2159 5110 myde,
2189 5025 2281 5081 ubi
2308 5025 2557 5098 quaedam
2606 5027 2772 5082 etiam
2815 5026 2920 5081 alia
2970 5041 3103 5084 sane
3143 5029 3282 5085 levia
3328 5034 3418 5090 bic
3473 5055 3566 5094 va-

1972 5107 2135 5153 riant.

2047 5168 2069 5206 ¹ί
2193 5172 2425 5247 dentibus
2460 5170 2589 5247 lggit
2639 5169 2826 5224 Sabat.
2856 5168 3019 5247 Vers.
3046 5171 3487 5247 An_t.Athcorum,
3523 5195 3578 5239 es

1978 5258 2064 5325 pes
2090 5241 2419 5325 claudorum.
2472 5242 2584 5315 Ego
2610 5258 2752 5296 eram
2803 5252 2951 5324 pater
2970 5318 2981 5325 _
3001 5244 3353 5325 invalidoram
3383 5266 3402 5303 :
3418 5241 3571 5325 μιαί.

1976 5315 2115 5389 cium
2162 5314 2299 5386 quod
2338 5332 2454 5389 non
2490 5312 3052 5389 noveram,‘exquisiri.
3109 5312 3353 5389 Confregi
3408 5312 3569 5382 ἧιοιαδ

1980 5385 2293 5461 iniquorum,
2326 5397 2375 5441 et
2421 5386 2485 5440 de
2532 5386 2699 5440 medio
2736 5385 2965 5440 dentium
3005 5402 3181 5441 eorum
3222 5385 3444 5461 rapinas
3483 5416 3577 5455 ex.
3608 5420 3614 5426 -

1980 5459 2125 5513 torsi.

2063 5527 2080 5567 ¹
2124 5527 2570 5614 ϐντρρηὲσταμαι.
2605 5528 2763 5585 Vers.
2792 5528 2918 5583 Ant.
2946 5527 3220 5601 Appendat
3268 5549 3349 5588 me
3391 5537 3444 5593 in
3465 5553 3577 5601 sta-

1986 5612 2095 5657 tera
2123 5604 2435 5670 wqaissima.

2061 5684 2102 5711 ω
2139 5673 2297 5731 νισι-ε.
2332 5673 2459 5729 Ant.
2493 5673 2605 5729 Scit
2630 5682 2923 5727 antem.....
2956 5672 3370 5733 innocentiam...
3412 5684 3462 5736 si
3485 5688 3576 5744 de.

1990 5746 2147 5815 ﬂuxit
2171 5763 2259 5821 pes
2279 5762 2418 5799 meus
2441 5745 2505 5799 de
2524 5747 2605 5799 via
2626 5745 2856 5821 (absque
2874 5754 3051 5807 recto;
3074 5744 3127 5798 in
3156 5745 3369 5819 Graeco,
3387 5754 3577 5821 ἑξέκλι.

1994 5822 2122 5891 νιν),
2150 5828 2195 5873 et
2216 5819 2261 5873 si
2285 5829 2517 5872 secutum
2544 5827 2616 5872 est
2644 5816 2851 5872 oculum
2879 5831 2969 5870 cor
2995 5832 3184 5872 meum.

3017 5983 3097 6048 28
