4042 6338
549 325 656 384 875
1145 329 1176 350 ‘

1621 309 1946 370 LUCIFERI
1989 303 2298 368 EPISCOPI
2337 305 2752 366 CALARITANI

3711 303 3800 360 876

549 455 740 502 contra
767 459 780 508 ;
837 437 1038 498 asseris
1063 433 1332 492 Ecclesia:
1359 429 1672 502 apostolica:
1703 429 1878 486 Deum
1905 441 2012 482 non
2039 425 2140 480 ha-
2167 423 2220 486 Α
2247 425 2380 496 regis
2403 423 2752 496 Assyriorum.
2779 421 2873 478 Sic
2901 421 2950 474 in
2987 415 3242 490 periculis
3270 433 3330 484 es
3355 425 3432 486 tu,
3479 417 3797 490 blaspheme,

551 541 680 594 bere
713 543 914 590 lautam
945 530 1270 602 potentiam,
1305 521 1428 596 quin
1459 523 1634 594 possit
1665 533 1816 575 tuam
1843 515 2150 574 excludere

555 633 832 686 virtutem.
859 623 998 694 Quid
1021 623 1164 680 enim
1195 617 1339 674 aliud
1367 615 1662 672 conﬁtetur
1691 613 1850 668 beata
1887 609 2152 666 Ecclesia:

551 725 706 790 lides,
739 721 844 776 nisi
887 721 1010 792 quia
1035 717 1104 772 sit
1129 713 1362 772 credens
1389 713 1440 766 in
1477 711 1642 764 Deum
1689 707 1907 762 Patrem
1941 711 1965 740 ἰ
1993 713 2051 758 et
2097 701 2150 756 in

549 820 768 876 unicum
809 813 1008 872 Filium
1031 811 1171 882 ejus,
1209 819 1396 864 natum
1417 821 1484 860 ex
1511 805 1699 860 innato
1722 809 1776 856 et
1805 815 1936 856 vero
1965 799 2146 866 Patre,

543 923 602 970 et
649 915 702 968 in
745 917 994 966 sanctum
1061 903 1326 974 Spiritum
1377 895 1762 970 paracletum‘l
1823 891 1964 960 Quid
2005 889 2150 946 aliud

547 1007 840 1066 confitetur
863 1003 1000 1060 ﬁdes
1029 999 1316 1058 catholicae
1351 995 1634 1058 Ecclesiae,
1663 991 1766 1046 nisi
1797 989 1922 1061 quia
1945 996 2000 1046 et
2027 985 2154 1042 Tri-

547 1107 688 1162 nitas
715 1105 788 1158 sit
815 1099 1078 1172 perfecta,
1105 1105 1158 1152 et
1191 1111 1298 1150 una
1317 1093 1390 1148 sit
1411 1093 1440 1132 ι’
1465 1091 1696 1148 dealitas
1741 1087 1922 1144 Patris
1951 1093 2007 1140 et
2027 1081 2150 1140 Filii

545 1207 604 1254 et
633 1195 874 1264 Spiritus
903 1189 1117 1248 sancti?
1159 1187 1302 1256 Quid
1339 1183 1486 1240 aliud
1517 1181 1816 1238 conﬁtetur
1841 1179 2023 1236 beatae
2055 1175 2154 1230 Ec-

549 1289 730 1348 clesia:
759 1287 894 1342 lides
917 1327 932 1352 ,
957 1285 1062 1340 nisi
1103 1285 1232 1354 quia
1257 1295 1432 1352 neque
1455 1273 1948 1354 Paternsusceperit
1977 1267 2156 1324 homi-

541 1401 694 1448 nem,
729 1397 906 1454 neque
923 1379 1164 1450 Spiritus
1193 1385 1422 1432 sanctus
1445 1371 1780 1442 paracletus,
1827 1366 1924 1424 sed
1955 1363 2154 1420 unicus

545 1481 716 1538 Filius
741 1477 876 1534 Dei?
897 1473 1039 1546 Quid
1071 1471 1218 1528 aliud
1251 1469 1448 1526 astruit
1479 1467 1736 1536 gloriosae
1785 1461 2044 1518 Ecclesia:
2095 1457 2154 1512 ll-

547 1575 669 1640 des,
701 1571 804 1628 nisi
834 1571 962 1640 quia
991 1569 1064 1622 sit
1095 1565 1190 1622 Dei
1215 1565 1408 1620 unicus
1441 1561 1616 1618 Filius
1639 1553 2026 1620 immutabilis,
2063 1549 2152 1606 in-

547 1663 947 1730 convertibilis,
1000 1657 1440 1720 intesdmabilis,
1495 1655 1816 1716 immensus,
1869 1657 2152 1720 attentus,

547 1759 710 1818 sicuti
733 1759 806 1816 sit
829 1767 882 1814 et
915 1755 1075 1826 cujus
1103 1753 1174 1810 sit
1201 1749 1408 1806 Filius?
1467 1745 1714 1802 Credidit
1743 1753 1924 1798 sancta
1961 1739 2152 1794 Eccle-

2259 527 2316 573 ut
2347 517 2458 584 ille,
2489 525 2546 572 et
2567 533 2674 572 non
2703 515 2884 581 vides;
2917 523 3110 570 contra
3139 527 3237 569 nos
3285 511 3378 568 Dci
3413 513 3638 568 cultores
3673 512 3804 568 vide-.-

2259 619 2544 668 mustutos
2571 611 2936 678 defensasque
2983 617 3136 665 stare
3179 607 3495 674 incolumes.
3545 605 3684 662 Unde
3721 607 3802 662 tuti

2259 719 2446 760 sumus
2475 719 2540 760 ac
2567 703 2820 760 defensi?
2853 703 2955 758 nisi
2979 703 3102 780 quia
3125 711 3362 756 sanctam
3387 709 3653 762 teneamus
3671 698 3803 754 iidem

2257 815 2418 870 quam
2453 807 2748 856 tenuerunt
2783 795 3127 874 patriarchae,
3163 795 3468 868 ιποιιιιριῖῑι,
3517 794 3728 868 apostoli
3757 809 3807 850 ac

2259 903 2550 968 martyres,
2601 893 2742 950 hanc
2777 909 2940 966 quam
2983 891 3244 972 judic’asti
3275 891 3600 958 haereticam,
3651 889 3742 948 Sed
3763 899 3808 956 ut

2261 989 2460 1054 iterum
2485 987 2552 1044 ad
2581 987 2938 1044 Athanasium
2983 985 3300 1054 redeamus,
3341 987 3394 1040 in
3425 999 3530 1056 quo
3559 984 3684 1038 hanc
3707 999 3808 1056 pcr-

2259 1081 2512 1153 sequeris
2537 1096 2746 1136 sacram
2767 1081 2949 1148 fidem,
2981 1095 3088 1134 non
3113 1079 3368 1146 timuisti,
3401 1093 3494 1134 oro
3513 1089 3582 1148 te,
3603 1077 3810 1148 indigna-

2261 1181 2464 1238 tionem
2491 1179 2708 1236 Domini
2731 1189 2922 1234 contra
2953 1177 3076 1236 illos
3102 1177 3390 1250 prolatam,
3419 1157 3808 1248 qttiesprobrztre

2259 1281 2602 1328 tentaverttnt
2631 1271 3132 1342 Jobjnstissimum,
3167 1267 3396 1324 utialsis
3425 1253 3718 1324 Criminibus
3737 1283 3810 1338 pc-

2261 1375 2406 1422 tcres
2437 1365 2530 1420 Dei
2554 1363 2890 1420 antistitem?
2913 1361 3030 1420 Non
3055 1363 3248 1420 metuis
3269 1361 3431 1418 etiam
3457 1376 3592 1416 nunc
3617 1375 3678 1414 nc
3693 1359 3746 1414 ad
3769 1369 3810 1414 te

2259 1457 2405 1514 dicat
2435 1458 2576 1514 Deus
2611 1499 2625 1524 ,
2671 1473 2794 1530 quae
2817 1457 2956 1512 dixit
3007 1457 3082 1512 illi
3125 1457 3238 1528 regi
3269 1455 3510 1526 loquenti
3541 1463 3710 1518 contra
3733 1451 3812 1508 Job

2259 1552 2666 1606 SﬂitCliSSillillm
2695 1547 2816 1622 (Job
2843 1565 2980 1618 xw,
3011 1547 3067 1620 7)
3098 1567 3110 1602 :
3147 1547 3389 1602 Pcccasti
3423 1559 3506 1622 tu,
3531 1557 3575 1602 et
3602 1546 3732 1602 amici
3755 1547 3812 1600 tui

2259 1645 2410 1700 ambo
2433 1655 2481 1698 3.
2517 1643 2668 1698 Nihil
2687 1645 2824 1702 enim
2851 1643 2954 1698 veri
2979 1625 3142 1697 locuti
3164 1643 3286 1696 estis
3309 1621 3606 1704 corqm'nte.
3638 1639 3810 1702 interea

2255 1739 2332 1794 sic
2365 1755 2460 1792 vos
2505 1735 2688 1792 Ariani
2735 1737 3048 1806 superiores
3091 1735 3344 1806 poteritis
3374 1731 3808 1794 Athanasioinve-

543 1855 626 1910 sia
653 1867 814 1908 unam
845 1847 1142 1922 potentiam
1183 1845 1408 1908 habere,
1457 1841 1782 1906 unicumque
1823 1831 2150 1888 dominatio-
2181 1825 2226 1886 Β
2257 1831 2360 1886 uiri
2391 1845 2534 1884 ttlltlc
2561 1829 2704 1902 apud
2740 1829 2930 1898 Deum,
2965 1827 3242 1900 quomodo
3271 1833 3328 1882 et
3375 1825 3450 1880 illi
3497 1835 3616 1880 tunc
3641 1823 3812 1880 inventi

547 1965 674 2006 nem
701 1947 916 2002 Patrem
969 1951 1024 1998 et
1071 1939 1264 1996 Filium
1293 1947 1348 1992 et
1377 1935 1640 2008 Spiritum
1679 1937 1924 1986 sanctum
1963 1969 1976 1992 ,
2009 1925 2152 1978 hanc

547 2045 736 2110 ﬁdem,
765 2057 930 2114 quam
951 2031 1446 2097 dicislizereticam;
1479 2037 1534 2084 et
1561 2039 1710 2084 tuam
1743 2023 1946 2080 aStruis
1973 2019 2154 2076 catho-

545 2137 731 2202 licam,
767 2111 916 2188 illam
939 2147 1060 2202 qua:
1089 2127 1238 2182 dicat
1267 2125 1434 2180 Deum
1469 2136 1576 2176 non
1607 2119 1810 2174 habere
1832 2129 2024 2170 verum
2043 2111 2152 2166 Fi-

547 2231 702 2296 lium,
721 2241 844 2298 quas
867 2227 1016 2280 dicat
1043 2227 1204 2292 fuisse
1233 2230 1254 2258 ε
1285 2217 1494 2288 quando
1527 2229 1630 2269 non
1653 2211 1828 2284 μισεῖ,
1860 2223 1980 2280 qua:
2007 2205 2154 2260 dicat

551 2327 832 2394 factuntea:
875 2313 1066 2382 nihilo,
1123 2313 1310 2382 utique
1357 2325 1426 2366 ex
1479 2307 1590 2362 illis
1629 2303 1882 2360 sensibus
1917 2299 2150 2370 ,quibus

549 2417 844 2476 Babsaces,
867 2411 982 2466 dus
1013 2407 1364 2480 Assyriorum
1397 2401 1563 2472 regis,
1594 2397 1960 2466 exprobrabat
1985 2394 2150 2448 Deum

549 2505 804 2572 Abrahae,
833 2513 890 2560 et
919 2501 1092 2556 Deum
1133 2497 1302 2560 isaac,
1359 2503 1414 2550 et
1471 2493 1638 2548 Deum
1670 2489 1838 2546 Jacob
1873 2531 1888 2550 ,
1923 2485 2148 2542 dicens:

547 2601 676 2656 Non
705 2617 792 2654 vos
821 2595 1037 2652 seducat
1065 2591 1336 2650 Ezechias.
1367 2589 1491 2658 quia
1533 2586 1694 2658 possit
1723 2599 1810 2638 vos
1841 2579 2062 2636 liberare
2089 2579 2152 2632 de

549 2693 788 2748 manibus
815 2691 952 2762 regis
981 2681 1470 2758 AssyriorumDeus
1499 2691 1662 2736 vester
1683 2675 1736 2750 (1
1743 2695 1784 2732 s.
1821 2691 2016 2740 xxxvr,
2039 2671 2150 2744 is).

547 2788 630 2845 Ita
659 2797 716 2843 et
743 2795 823 2852 tu,
855 2783 964 2839 dux
980 2779 1326 2842 Antichristi,
1357 2775 1632 2846 dicis‘per
1687 2785 1808 2828 tuos
1841 2790 1854 2826 :
1893 2769 2016 2824 Non
2067 2785 2155 2822 ros

547 2879 798 2934 seducunt
827 2875 982 2930 verba
1011 2873 1369 2952 episcoporum
1401 2877 1708 2932 uestrorum,
1755 2863 1844 2934 qui
1879 2861 2006 2916 mihi
2033 2877 2154 2915 con-

549 2973 834 3038 tradicunt,
861 2969 984 3040 quia
1009 2983 1098 3022 vos
1121 2965 1342 3020 liberare
1369 2979 1470 3016 non
1503 2971 1666 3034 potest
1705 2957 1856 3030 ﬁdes,
1899 2973 2054 3028 quant
2075 2957 2156 3012 illi

549 3067 854 3142 praedicant.
915 3063 1064 3118 Licet
1085 3060 1232 3115 enim
1257 3071 1564 3112 sermonem
1593 3055 1830 3120 varient,
1867 3065 2046 3108 tamen
2065 3067 2154 3108 res

557 3163 620 3222 ad
647 3163 749 3216 hoc
773 3159 1092 3230 perdueitur
1121 3167 1176 3210 ut
1207 3163 1464 3210 constare
1507 3153 1678 3224 possit
1711 3191 1725 3214 ,
1777 3159 1831 3204 te
1883 3149 1964 3204 sic
1997 3147 2154 3204 nobis

551 3255 890 3328 exprobrare
915 3253 1108 3318 Deum,
1139 3247 1284 3320 quod
1307 3247 1584 3318 impotens
1613 3243 1638 3282 δ
1667 3245 1738 3300 sit
1759 3243 1824 3300 ad
1843 3243 2154 3314 eripiendos
2183 3227 2230 3291 C

553 3345 982 3419 nos,quomodo
1039 3358 1132 3398 rex
1183 3339 1528 3410 cxprolnarit
1592 3338 1940 3410 Assyriorum
1987 3334 2154 3408 (ibid.

557 3441 690 3513 {6):
727 3439 858 3494 Hec
877 3437 1002 3492 dicit
1043 3451 1134 3488 rea:
1173 3431 1506 3504 Assyriorum
1537 3446 1554 3484 :
1593 3429 1652 3484 Si
1683 3429 1834 3484 uultis
1879 3427 2112 3482 benedici
2143 3469 2156 3494 ,

559 3534 692 3590 exite
715 3533 886 3604 potius
909 3529 978 3584 ad
1005 3545 1082 3584 nte
1111 3567 1125 3591 ,
1173 3537 1222 3581 et
1249 3523 1630 3578 manducabitis
1653 3521 2004 3592 unusquisque
2043 3521 2158 3588 {ru-

557 3639 698 3686 ctutu
725 3637 948 3682 vestrum
977 3625 1138 3677 uinea:
1159 3631 1206 3676 ct
1236 3619 1387 3690 ﬁcus,
1441 3627 1489 3670 et
1521 3617 1698 3672 bibatis
1727 3633 1915 3684 aquam
1935 3615 2000 3670 de
2021 3615 2162 3668 lucu-

565 3725 658 3780 bus
685 3723 888 3784 uestris,
925 3719 1088 3773 donec
1115 3717 1318 3772 veniam
1347 3723 1394 3768 ct
1421 3713 1674 3781 accipiam
1703 3727 1790 3766 vos
1815 3711 1866 3764 in
1889 3719 2024 3764 terra
2049 3709 2160 3772 tali,

563 3819 694 3874 sicut
719 3827 798 3874 est
827 3825 964 3870 terra
991 3825 1182 3878 uestra,
1213 3819 1351 3864 terra
1380 3809 1560 3874 tritici,
1590 3817 1636 3862 et
1677 3803 1804 3871 riui,
1837 3815 1884 3858 et
1913 3803 2084 3874 panis,
2119 3811 2166 3858 et

567 3915 852 3968 uinearum.
913 3907 1036 3962 Non
1067 3922 1186 3980 ergo
1225 3919 1314 3958 vos
1363 3901 1570 3956 scducat
1621 3899 1868 3954 Ezechias
1901 3939 1914 3962 ,
1951 3898 2164 3952 dicens:

567 4007 710 4064 Deus
733 4021 820 4060 uos
847 3999 1102 4058 liberabit.
1141 3999 1206 4053 Et
1237 3995 1374 4050 inira
1405 3993 1568 4068 (ibid.
1595 3993 1688 4064 28)
1725 4011 1736 4047 :
1767 3991 1894 4057 Quis
1933 3989 2170 4044 liberabit

569 4099 864 4158 Jerusalem
893 4095 956 4152 de
979 4109 1136 4148 manu
1157 4091 1308 4146 mea?
1331 4089 1444 4146 Sed
1473 4087 1616 4160 quod
1641 4095 1830 4142 contra
1859 4085 1982 4139 talis
2007 4093 2168 4140 esse“

567 4203 908 4268 monstratus
947 4205 1028 4256 es,
1071 4189 1206 4242 dicit
1243 4203 1338 4240 ore
1369 4185 1540 4240 Esaia:
1597 4183 1738 4237 Deus
1767 4180 1834 4236 ad
1877 4179 2168 4236 Ezechiam

575 4291 744 4364 (Ibid.
769 4301 980 4348 xxxvii,
1011 4283 1070 4355 6)
1105 4299 1116 4336 :
1146 4280 1268 4336 Non
1291 4277 1524 4351 estquod
1553 4293 1738 4350 paucas
1771 4293 1800 4328 τι
1851 4271 2170 4328 sermonibus

565 4381 700 4450 istis,
751 4401 878 4454 quos
917 4379 1172 4442 audistis,
1200 4375 1382 4446 quibus
1409 4373 1847 4444 exprobrauerunt
1889 4385 1968 4424 nte
2015 4365 2172 4440 legati

573 4481 906 4551 Assyriorum
935 4495 952 4530 :
981 4489 1098 4529 ecce
1125 4473 1274 4526 mitto
1315 4485 1486 4524 meum
1519 4468 1538 4506 ῖ
1567 4467 1808 4538 spiritum
1842 4507 1856 4532 ,
1915 4475 1960 4518 ct
1990 4463 2174 4518 audito

485 4627 488 4630 .
577 4575 760 4630 nuntio
787 4577 1068 4626 revertetur
1095 4567 1150 4619 in
1179 4565 1386 4636 regione
1413 4579 1508 4616 sua
1537 4602 1554 4628 ,
1605 4569 1654 4615 et
1711 4559 1860 4613 cadet
1889 4557 2064 4629 gladio
2119 4555 2174 4608 in

2253 1939 2402 1992 sunt,
2429 1925 2526 1998 qui
2553 1923 2656 1982 Job
2683 1921 3092 1998 exprobranth.
3123 1921 3270 1986 Utile
3301 1929 3388 1977 est
3409 1921 3523 1990 tibi,
3549 1917 3810 1986 ConStanti,

2253 2031 2314 2074 ut
2337 2035 2432 2092 per
2457 2017 2820 2076 Athanasium
2849 2017 3066 2072 Domini
3107 2016 3456 2072 sacerdotem
3485 2029 3576 2086 pro
3601 2011 3812 2068 facinori-

2253 2111 2356 2168 bus
2389 2113 2494 2168 tuis
2523 2111 2598 2164 sis
2629 2111 2856 2182 supplex
2881 2111 3010 2176 Deo,
3049 2125 3144 2180 per
3163 2107 3344 2178 ipsum
3371 2105 3566 2180 dirigas
3587 2115 3696 2159 vota
3719 2113 3808 2168 tua,

2253 2205 2412 2260 sicuti
2433 2213 2487 2260 et
2519 2205 2592 2260 illi
2619 2221 2714 2275 per
2741 2203 2875 2270 Job;
2937 2221 3028 2274 per
3067 2203 3428 2258 Athanasium
3463 2183 3572 2256 sive
3603 2215 3688 2270 per
3711 2214 3810 2254 coe-

2253 2301 2506 2370 piscopos
2523 2299 2642 2370 ejus
2669 2299 3023 2370 desoperam,
3049 2297 3352 2352 salutarem
3379 2295 3628 2368 consequi
3646 2291 3811 2362 baptis-

2255 2409 2402 2448 mum
2443 2395 2487 2448 ι.
2523 2391 2794 2458 Caeterum
2829 2409 2937 2466 quo
2977 2391 3158 2446 velitis
3205 2407 3310 2446 vos
3363 2389 3646 2464 torqui-alis
3683 2383 3810 2442 modo

2255 2489 2514 2544 adverstts
2543 2487 2918 2550 Athanasium.
2947 2503 3040 2542 vos
3067 2485 3140 2544 de
3179 2485 3314 2543 liliis
3357 2501 3478 2554 esse
3505 2481 3802 2548 invenimini,

2255 2587 2458 2664 quippe
2491 2585 2754 2650 hmretici,
2791 2583 2936 2640 illius
2963 2583 3182 2656 anguis,
3229 2581 3471 2650 enlubri,
3511 2579 3708 2650 relegat,
3735 2573 3808 2630 tle-

2255 2681 2518 2746 sertoris;
2555 2678 2884 2734 Athanasius
2905 2693 3034 2736 vero
3055 2665 3138 2746 est
3165 2677 3256 2730 Dei
3291 2659 3635 2740 dmucsticus,
3667 2679 3714 2736 ut
3732 2667 3809 2730 luit

2255 2773 2358 2832 Joh
2383 2791 2398 2842 ;
2427 2783 2510 2830 est
2535 2773 2604 2828 de
2633 2773 2762 2828 liliis
2793 2771 2954 2838 lucis,
2987 2779 3040 2830 et
3060 2773 3230 2848 ipsam
3253 2765 3678 2838 tenensjnstitite
3699 2761 3808 2816 viam

2256 2887 2416 2942 quam
2443 2871 2618 2924 tenuit
2639 2883 2826 2922 servus
2841 2867 2938 2924 Dei
2959 2865 3090 2930 Job;
3115 2875 3197 2920 est
3229 2865 3352 2936 ipse
3377 2857 3807 2942 possidensﬁdem,

2259 2967 2406 3022 unde
2433 2975 2486 3022 el
2513 2965 2581 3020 de
2615 2963 2740 3018 ﬁliis
2765 2961 3096 3026 Atl’tanasius
3123 2949 3360 3026 Abraiue
3391 2969 3494 3020 est.
3521 2957 3604 3014 S‘c
3637 2953 3722 3010 Dei
3743 2949 3812 3006 Fi-

2257 3059 2392 3116 lium
2419 3057 2712 3113 confitetur
2749 3055 3102 3118 Athanasius,
3145 3065 3200 3112 ut
3240 3053 3531 3120 confessus
3573 3058 3648 3106 est
3689 3047 3808 3106 Job;

2257 3155 2346 3226 qui
2373 3153 2476 3210 Jul)
2505 3149 2648 3218 unde
2677 3149 2746 3206 de
2773 3149 2896 3204 ﬁliis
2925 3147 3198 3204 Abrahm?
3228 3149 3340 3216 nisi
3365 3146 3488 3218 quia
3509 3145 3583 3200 sic
3601 3137 3808 3198 credide-

2263 3247 2354 3314 rit,
2391 3245 2662 3316 quomodo
2703 3243 2798 3310 fuit
2829 3243 3062 3312 credens
3087 3253 3143 3302 et
3173 3243 3476 3312 Abraham.
3539 3241 3588 3298 Si
3631 3240 3732 3294 lucc
3758 3235 3814 3288 ita

2261 3355 2322 3396 se
2355 3341 2552 3400 habere
2585 3339 2824 3410 ignoras,
2855 3353 3108 3408 percurre
3135 3337 3360 3400 beatum
3391 3335 3608 3400 Paulum
3633 3339 3814 3404 aposto-

2265 3433 2374 3488 lum
2405 3449 2510 3494 non
2537 3433 2716 3498 solum
2749 3431 2762 3484 ἱ
2803 3431 2870 3486 ad
2893 3431 3194 3500 Rontanos,
3215 3429 3314 3486 sed
3339 3429 3406 3488 ad
3433 3427 3660 3492 Galatas,
3693 3431 3738 3490 et
3757 3421 3816 3476 itt-

2267 3529 2450 3582 venies
2479 3541 2602 3582 vera
2627 3540 2748 3582 esse
2773 3541 2890 3594 qua:
2913 3523 3224 3582 delendam.
3273 3523 3388 3590 Aut
3417 3517 3684 3598 numquid,
3721 3515 3818 3596 quia

2265 3619 2368 3676 Job
2411 3619 2542 3690 justi
2601 3619 2794 3674 beatus
2834 3619 3110 3690 apostolus
3153 3617 3394 3684 tiotninis
3424 3612 3818 3686 specialitcrnoﬂ

2269 3713 2394 3768 l‘ecit
2421 3711 2778 3782 lllcmitttteltl,
2833 3711 3122 3784 negabitur.
3143 3710 3246 3764 .loh
3283 3709 3360 3764 tle
3403 3707 3530 3774 liliis
3557 3719 3666 3762 esse
3691 3699 3822 3756 Abra-

2271 3805 2392 3860 ltte?
2425 3805 2480 3862 Si
2511 3821 2614 3860 non
2649 3815 2828 3876 potest
2863 3801 3049 3874 negari
3077 3801 3179 3858 Job
3211 3817 3338 3856 esse
3387 3801 3454 3856 tle
3503 3798 3615 3852 liliis
3645 3791 3782 3850 Israel
3805 3833 3816 3854 ς

2271 3897 2506 3954 dubitari
2535 3913 2640 3952 non
2667 3905 2864 3970 potest,
2895 3895 3018 3950 hinc
3043 3895 3196 3948 illum
3219 3903 3430 3948 tantum
3461 3891 3649 3946 factum
3683 3901 3736 3940 ac
3761 3893 3822 3935 lar

2273 3993 2400 4057 lem,
2431 3991 2554 4062 quia
2583 3987 2878 4046 crediderit
2899 3989 2950 4042 in
2975 3987 3170 4054 Deum,
3203 3996 3264 4040 ut
3299 3985 3462 4042 fuerit
3486 3981 3700 4046 credens
3723 3977 3821 4030 bea-

2275 4093 2358 4158 tus
2385 4083 2682 4138 Abraham.
2713 4083 2824 4136 Non
2859 4083 3002 4136 enim
3033 4079 3292 4154 operibus
3323 4079 3459 4150 legis
3487 4120 3501 4148 ,
3533 4075 3623 4130 sed
3667 4086 3746 4154 per
3773 4071 3820 4118 li-

2274 4179 2398 4234 dum
2427 4175 2712 4250 justilicari
2761 4175 3050 4230 credentes
3089 4171 3296 4228 revelat
3337 4169 3618 4242 apostolus
3645 4145 3826 4230 :Incrgttc

2275 4269 2420 4328 enim
2453 4271 2664 4324 illarum
2699 4269 3056 4324 tentationum
3082 4265 3312 4322 victoria
3337 4263 3388 4322 ei
3423 4259 3827 4332 fuissctrcpulata

2275 4365 2342 4419 ad
2392 4363 2682 4434 justitiam,
2733 4361 2834 4416 nisi
2897 4359 3090 4415 luisset
3118 4359 3198 4416 sic
3227 4359 3460 4416 credens
3519 4357 3567 4410 in
3615 4351 3829 4406 lteunlul

2277 4457 2570 4514 crediderit
2601 4455 2880 4511 Abraham
2915 4469 2928 4508 :
2977 4461 3070 4507 aut
3111 4453 3254 4508 unde
3287 4451 3526 4506 vinceret
3552 4443 3828 4504 diabolum,

2283 4551 2382 4606 nisi
2411 4551 2534 4621 quia
2569 4547 2758 4604 fuisset
2785 4547 3018 4604 credens
3061 4547 3112 4601 in
3141 4547 3308 4600 Deum
3343 4545 3558 4600 Patrem
3609 4539 3654 4604 ιε,
3707 4545 3748 4590 et
3789 4535 3830 4586 in

579 4677 718 4724 terra
747 4681 862 4722 sua.
893 4663 990 4716 Ilia
1021 4673 1186 4724 nunc,
1217 4655 1527 4720 (imminuti,
1575 4655 1720 4710 circa
1749 4663 1804 4709 te
1829 4663 1978 4708 stare
1997 4651 2178 4706 cerni-
2203 4627 2258 4696 θ
2283 4647 2500 4702 unicum
2529 4643 2728 4698 Filium
2751 4643 2888 4714 ejus,
2913 4651 3096 4697 natum
3121 4657 3187 4698 ex
3220 4641 3409 4696 innato
3441 4649 3494 4694 et
3525 4653 3646 4692 vero
3675 4633 3830 4688 Patre.

581 4775 702 4818 mus
725 4755 988 4830 pericula,
1023 4753 1124 4808 nisi
1155 4751 1250 4806 tibi
1281 4749 1474 4805 feceris
1519 4763 1642 4804 esse
1669 4745 1972 4802 consultum
2004 4787 2020 4814 ,
2053 4761 2175 4816 quite

577 4855 720 4912 circa
744 4851 894 4908 illum
919 4845 1194 4908 steterint,
1229 4845 1314 4914 qui
1341 4841 1554 4904 dicebat
1583 4839 1744 4908 (lbid.
1777 4841 1834 4910 Χ)
1867 4855 1884 4896 ;
1919 4837 2012 4898 Sic
2037 4837 2176 4898 dieeo

583 4948 648 5008 tis
671 4941 910 5012 Ezechite
935 4939 1040 5010 regi
1071 4935 1216 4992 Judu
1241 4953 1258 4990 :
1285 4933 1406 4992 Non
1435 4943 1482 4988 te
1511 4933 1724 4988 seducet
1763 4931 1904 4986 Deus
1933 4943 2054 4986 tuus
2083 4975 2098 4999 ,
2123 4932 2180 4986 in

585 5057 684 5110 quo
701 5035 940 5105 conﬁdis,
969 5031 1184 5086 dicens:
1209 5027 1330 5084 Non
1353 5029 1586 5082 tradetur
1615 5027 1908 5082 Jerusalem
1925 5027 1978 5082 in
2003 5043 2185 5082 manus

659 5193 684 5222 ει
725 5179 936 5234 Putrem
965 5175 1224 5226 iuuat-unt.
1251 5165 1427 5220 Vatia.

659 5253 688 5294 ³³
727 5251 834 5310 Pro
863 5247 1063 5302 Deitas.
1095 5241 1203 5296 'l‘il.
1239 5249 1290 5292 et
1317 5241 1362 5290 Ia
1395 5235 1592 5310 cerdo,

663 5337 686 5364 ε
727 5307 820 5378 ita!
845 5319 1112 5378 l'orniulze,
1137 5313 1338 5383 quibus
1367 5309 1554 5366 Ariani
1581 5307 1708 5364 Iesu
1737 5309 1936 5364 Christi
1977 5307 2178 5364 divini-

589 5409 755 5456 tatem
779 5387 1184 5464 tittimgnnbant.

661 5451 687 5508 ά
729 5451 1002 5536 Ιηῲὸιεῖῖιξ
1029 5459 1165 5536 enim
1185 5457 1270 5520 sit.
1307 5451 1482 5508 Vatic.

665 5553 690 5586 θ
735 5531 860 5594 Esse
885 5545 962 5589 tu.
989 5531 1062 5585 Id.

669 5611 686 5652 τ
730 5611 918 5664 Sabat.
945 5601 1168 5671 corrigit
1195 5600 1247 5653 in
1277 5613 1412 5658 eum,
1443 5613 1540 5666 pro
1573 5611 1762 5660 meum,
1795 5603 1852 5652 ut
1883 5595 1934 5650 in
1967 5593 2179 5664 (im-co,

593 5689 664 5748 sic
693 5661 878 5742 αξτὸῆ
905 5685 960 5734 et
985 5661 1114 5748 legil
1141 5675 1194 5725 in
1233 5661 1494 5748 regione-in
1517 5685 1681 5722 suum.
1965 5661 1994 5748 ’λ

663 5737 888 5808 spatiere.
915 5737 1204 5804 ΑιιιιῘυεεο.
1241 5737 1364 5794 Non
1385 5743 1638 5806 enim....,
1673 5755 1847 5792 rerum
1889 5737 2182 5809 quicquam.

665 5825 690 5863 δ
735 5817 1150 5892 Eatpt'obrubant.
1181 5813 1360 5892 Latin.

669 5895 686 5934 λ
735 5879 954 5950 Videtur
979 5889 1208 5944 innuero
1227 5883 1607 5938 Constantium
1627 5879 1952 5954 baptizatum
1977 5881 2048 5938 ab
2078 5879 2188 5938 has-

2283 4753 2338 4800 et
2363 4743 2414 4797 in
2439 4749 2682 4796 sanctum
2705 4739 3034 4810 paracletum
3053 4737 3348 4809 spiritum?
3377 4746 3470 4791 aut
3499 4735 3540 4790 si
3571 4745 3714 4804 putas
3735 4727 3836 4798 quia

2287 4853 2394 4894 non
2435 4837 2508 4894 ita
2555 4847 2638 4892 est
2681 4851 2898 4905 semper
2925 4833 3220 4898 creditum,
3281 4841 3340 4886 ut
3369 4829 3530 4886 hodie
3559 4825 3832 4884 crediturus,

2291 4931 2456 5004 proba
2487 4931 2678 4986 beatos
2705 4929 2987 4998 apostolos
3013 4943 3078 4984 ac
3105 4937 3378 5000 martyres
3427 4924 3656 4996 potuis-e
3703 4925 3835 4984 supc-

2289 5043 2414 5086 rare
2437 5023 2830 5088 consarniliccs
2863 5021 2878 5060 1
2917 5033 3062 5092 tuos,
3109 5033 3270 5094 atque
3313 5023 3460 5079 victo
3503 5013 3667 5080 amico
3692 5015 3836 5068 vestro

2283 5163 2473 5246 reticjs
2495 5161 2966 5246 rebaptihz‘and'nni,
2985 5161 3076 5246 vel.
3099 5161 3340 5246 nonduin
3366 5161 3704 5246 liaptt‘zatplin,
3721 5143 3836 5226 aliud

2288 5235 2458 5304 magis
2487 5225 2672 5288 credo.
2695 5225 2806 5288 Tit.
2839 5225 3030 5290 Sedes
3065 5235 3191 5288 bi~t.
3221 5233 3390 5298 Eccl.,
3423 5225 3476 5298 et
3499 5231 3554 5296 S.
3585 5225 3837 5304 ῥμῃιιιξιδφ

2287 5309 2338 5380 in
2373 5299 2462 5360 im.
2501 5308 2568 5380 de
2595 5307 2724 5380 Syu.
2757 5307 3074 5380 ediscimus,
3109 5322 3232 5360 cum
3283 5305 3350 5358 ab
3381 5305 3582 5368 Bucolo
3607 5299 3838 5366 Εμὶῆθυνθ

2285 5377 2488 5433 Ariauo
2519 5373 2846 5446 bapt'imtum
2901 5377 3066 5434 fuisse
3100 5377 3260 5444 paulo
3313 5383 3460 5444 ante,
3501 5387 3652 5444 quam
3683 5373 3838 5446 _[I{0Pe'

2283 5461 2572 5534 retur,_an.
2595 5437 2818 5534 scilicet
2867 5437 3131 5532 somnus
3179 5437 3838 5534 inﬁtier-sica"expeditian

2287 5525 2396 5650 rita
2445 5511 2681 5577 decessit
2723 5511 3068 5594 Mepsuestizc
3119 5511 3192 5578 in‘
3227 5519 3412 5586 Cilicia
3457 5535 3510 5576 nt
3553 5511 3675 5574 non.
3705 5511 3838 5566 Octo-

2311 5609 2424 5648 iris.

2325 5665 2888 5798 liagtégiielﬁ'ltfallm
2913 5665 3152 5738 loquitur
3183 5663 3498 5746 Αροδιριηε,
3525 5659 3592 5732 ω
3613 5659 3752 5714 Rm“.
3793 5663 3836 5702 m

2289 5753 2342 5794 et
2383 5753 2450 5790 ao
2483 5753 2604 5798 uat.
2635 5755 2712 5792 In.

2363 5807 2388 5846 κ
2423 5803 2644 5870 Patrem
2675 5811 2930 5878 innatum,
2969 5807 3138 5868 Vatic.

2369 5879 2384 5918 ι
2431 5879 2488 5936 Id
2511 5887 2615 5950 est,
2649 5875 2930 5950 carniﬁces
2953 5889 3005 5935 ut
3029 5891 3080 5936 tu
3103 5897 3174 5950 es,
3205 5879 3514 5954 Saepissime
3545 5875 3620 5944 his
3651 5877 3836 5934 compte
