4042 6338
205 324 308 394 8ἷ7
1293 336 1432 394 PRO
1469 334 1744 394 SANCTO
1782 331 2183 391 ATIIANASIO
2223 331 2351 391 LIB.
2396 333 2436 390 i.
3407 339 3514 400 878

203 452 423 508 diabolo
453 452 712 523 consequi
742 466 910 525 regna
956 452 1225 520 cmlestia,
1285 453 1389 509 nisi
1419 454 1710 510 credentes
1756 453 1810 508 in
1839 457 1888 517 Α
1917 453 2140 525 gaudere
2192 452 2389 523 impiis.
2438 451 2546 506 Aut
2595 450 2820 520 negabis
2864 458 2920 508 te
2968 451 3192 523 impium
3223 454 3319 512 Dei
3346 460 3523 514 culto-

202 545 420 601 Patrem
453 555 508 601 et
535 545 590 601 in
619 545 811 601 Filium
838 554 892 601 et
921 546 974 601 in
1001 546 1262 616 Spiritum
1312 556 1580 602 sanctum.
1634 547 1805 617 igitur

202 642 245 695 si
273 642 346 696 ita
379 641 433 696 hi
465 640 744 696 credendo
770 641 1023 696 vicerunt
1051 683 1065 707 ,
1119 640 1208 711 qui
1257 649 1384 711 pmt
1412 641 1623 695 Domini
1657 640 1804 695 unici

201 735 322 790 Filii
353 735 446 790 Del
475 733 766 790 adventum
801 733 1179 799 crediderunt,
1237 734 1401 789 crede
1447 733 1570 804 quia
1599 739 1654 788 et
1679 744 1805 788 ante

200 829 492 884 adventum
518 828 658 898 ejus,
689 827 784 900 qui
821 829 1070 884 vicerunt
1121 827 1422 891 diabolum,
1490 842 1596 881 non
1649 827 1808 884 aliter

199 923 579 988 crediderunt,
604 938 766 994 quam
798 921 1075 994 quomodo
1103 921 1267 976 hodie
1295 921 1593 977 credimus.
1621 919 1808 991 Neque

199 1017 345 1074 enim
380 1016 572 1071 Daniel
621 1015 833 1075 leones.
873 1025 930 1071 et
960 1027 1073 1072 tres
1103 1015 1259 1087 pueri
1292 1016 1578 1071 vincerem
1608 1015 1761 1086 ignes
1790 1057 1805 1082 ,

197 1113 305 1168 nisi
335 1114 460 1184 quia
488 1110 779 1167 credentes
807 1110 1062 1176 fuissem,
1096 1121 1153 1166 ut
1193 1110 1358 1166 hodie
1401 1110 1576 1166 credit
1616 1110 1807 1166 Eccle—

195 1204 300 1261 sia.
331 1203 463 1260 inde
484 1203 720 1274 denique
749 1202 980 1258 Abrahrc
1021 1202 1184 1259 fidem
1214 1212 1476 1271 provocat
1503 1202 1804 1271 apostolus,

200 1298 440 1370 probans
473 1299 800 1353 auctoritate
828 1312 984 1352 usns-
1013 1311 1290 1351 sacrarum
1326 1296 1632 1350 litteratum
1662 1337 1676 1360 ,
1730 1296 1811 1350 sic

195 1391 501 1449 credidisse
534 1392 808 1447 Abraham
835 1435 849 1458 ,
909 1391 1188 1463 quomodo
1218 1408 1360 1446 nunc
1389 1391 1556 1446 fuerit
1577 1389 1811 1445 credens

197 1484 428 1555 Paulus,
458 1495 587 1541 tunc
614 1502 746 1542 vero
791 1501 849 1540 se
893 1485 1062 1540 fuisse
1105 1486 1274 1540 lilium
1324 1487 1420 1539 ira:
1473 1499 1762 1539 crroneum
1793 1524 1808 1550 ,

196 1581 419 1650 quando
460 1595 583 1635 cum
630 1579 838 1636 Judaais
884 1581 1117 1650 negabat
1159 1579 1376 1634 unicum
1432 1578 1531 1633 Dei
1585 1576 1806 1630 Filium.

196 1672 337 1730 Cum
372 1673 489 1728 inec
517 1675 586 1728 ita
618 1675 747 1738 sint,
784 1674 1015 1728 obsecro
1043 1682 1095 1728 te
1123 1672 1307 1742 utjam
1339 1681 1530 1726 contra
1576 1671 1669 1725 Dei
1713 1670 1808 1723 do-

201 1785 356 1825 mum
388 1783 583 1840 gerere
638 1783 871 1838 pngnam
930 1765 1173 1830 desinas,
1229 1766 1576 1836 accipiasque
1629 1764 1814 1840 horta-

1907 560 2044 609 rem,
2077 560 2202 600 cum
2230 555 2282 599 te
2313 561 2419 599 non
2452 559 2617 615 neges
2643 544 2883 599 lusorem
2925 547 3255 617 sanguinis?
3306 550 3517 607 Deinde

1906 638 1952 693 si
2011 647 2258 707 tempore
2313 637 2646 708 jejuniorum
2693 636 2945 692 subditos
2974 639 3099 707 quia
3145 643 3521 707 percusseriut

1905 733 2125 802 pugnis,
2155 741 2209 786 et
2235 732 2360 786 aliis
2391 729 2715 801 injuriarum
2745 731 3040 801 generibus
3071 734 3336 801 laeserint,
3385 751 3518 793 con-

1907 832 1987 879 tra
2017 839 2114 880 eos
2146 825 2461 896 hnjusmodi
2496 825 2904 896 increpationes
2935 827 3164 897 protulit
3197 828 3364 896 Dens,
3390 848 3524 902 qua-

1909 918 2014 973 lem
2045 929 2236 973 contra
2264 933 2363 974 nos
2395 919 2714 988 protulisset
2741 919 2785 972 si
2815 928 3010 974 contra
3030 931 3299 992 praecepta
3318 924 3520 980 divina:

1907 1013 2301 1083 magnitudinis
2329 1013 2448 1083 ejus
2481 1013 2870 1068 damnarennts
2916 1014 3222 1070 inauditum
3248 1058 3264 1085 ,
3318 1019 3517 1074 abseno

1912 1112 2018 1158 tem
2039 1112 2098 1159 et
2126 1104 2350 1175 quidem
2381 1104 2773 1160 innocentem?
2801 1102 2914 1159 Nec
2942 1105 2988 1159 si
3011 1107 3187 1176 ﬂectas
3215 1106 3234 1146 ί
3269 1121 3323 1163 ut
3346 1112 3519 1165 circu-

1912 1203 2019 1257 lum
2042 1206 2290 1260 cervicem
2313 1215 2476 1266 tuam,
2505 1215 2554 1260 et
2586 1207 2834 1272 cilicium,
2865 1215 2914 1261 et
2946 1208 3168 1262 cinerem
3199 1208 3516 1272 substernas,

1912 1315 2002 1352 nec
2043 1300 2120 1352 sic
2150 1300 2398 1354 vocnbitis
2440 1301 2710 1373 jejunium
2753 1311 3024 1369 acceptum
3079 1299 3186 1372 (Ib.
3231 1317 3386 1365 LVIII,
3440 1301 3520 1370 5).

1909 1389 2197 1447 Cernimus
2221 1408 2321 1463 per
2344 1393 2489 1448 hanc
2511 1394 2990 1449 comminationcm
3020 1408 3222 1464 quanta
3246 1401 3369 1450 es'sc
3395 1411 3521 1465 pos-

1911 1486 1983 1541 sit
2011 1488 2275 1543 adversus
2297 1504 2396 1544 nos
2425 1489 2516 1544 Dei
2534 1491 2631 1555 ira,
2654 1490 2699 1542 si
2725 1489 3078 1546 innocentem
3109 1489 3522 1546 damuaremus.

1913 1579 1970 1632 Si
1998 1579 2141 1633 enim
2185 1589 2432 1649 tempore
2476 1580 2812 1654 jejuniorum
2868 1583 3066 1652 pugnis
3095 1582 3342 1639 subditos
3373 1583 3531 1639 nobis

1914 1674 2398 1740 percusserimus,_
2433 1673 2615 1729 taliter
2665 1675 2982 1746 indignatur
3010 1677 3296 1743 Dominus,
3323 1687 3526 1748 quanto

1915 1766 2089 1836 magis
2113 1765 2158 1820 si
2189 1765 2305 1836 ejus
2331 1766 2572 1822 cultores
2598 1770 2893 1823 mactaveri
2909 1771 3064 1825 mus!
3109 1769 3168 1826 Si
3202 1771 3394 1840 pugnis
3419 1787 3524 1826 non

197 1868 388 1917 menta
413 1861 676 1925 caelestia;
703 1876 821 1942 qtnc
853 1868 907 1914 te
942 1859 1247 1930 perducere
1279 1860 1488 1928 possint
1521 1857 1588 1912 ad
1619 1873 1811 1912 conse-
1844 1851 1891 1912 Β
1920 1856 2047 1912 licet
2075 1856 2211 1912 mihi
2259 1869 2550 1928 percutere
2582 1860 2830 1916 subditos
2887 1870 3133 1933 tempore
3157 1862 3490 1933 jejuniorum
3513 1906 3527 1930 ,

197 1954 476 2025 quendam
508 1955 740 2008 salutem
775 1965 1119 2028 perpetuam.
1159 1951 1269 2008 Ore
1300 1954 1487 2023 accipe
1517 1969 1637 2022 qua!
1666 1952 1812 2006 dicat

199 2050 268 2104 ad
298 2063 395 2104 vos
420 2046 573 2103 isaizc
599 2049 742 2104 Deus
771 2047 869 2121 (Is.
907 2065 1051 2116 XLvI,
1082 2049 1172 2118 i2)
1196 2066 1208 2102 :
1233 2049 1424 2103 Audite
1443 2066 1544 2113 me,
1586 2049 1675 2118 qui
1700 2065 1814 2118 per-

200 2142 413 2196 didistis
445 2159 534 2197 cor
561 2155 784 2197 vestrum
815 2151 865 2210 α,
896 2145 984 2210 qui
1001 2145 1156 2218 longe
1179 2146 1301 2198 estis
1325 2144 1600 2218 ajuslitia.
1640 2147 1745 2198 Aut
1767 2144 1810 2198 si

201 2252 298 2292 cor
325 2247 477 2292 tuum
519 2250 694 2293 tecum
724 2248 828 2303 est,
882 2237 928 2293 si
960 2256 1064 2294 non
1095 2255 1123 2293 a
1151 2239 1365 2310 jnstitia
1400 2255 1460 2293 es
1492 2241 1672 2309 longe,
1716 2254 1813 2293 cur

201 2329 344 2386 dicis
376 2331 535 2386 nohis
592 2331 685 2386 Dei
736 2331 1116 2388 sacerdotibus
1161 2351 1174 2388 :
1215 2331 1471 2387 Danmnte
1513 2333 1810 2395 absentem,

202 2424 391 2495 punite
412 2424 777 2478 innocentem?
825 2423 880 2479 Si
914 2424 1062 2479 enim
1087 2439 1184 2479 cor
1219 2434 1367 2478 tuum
1398 2439 1504 2478 non
1539 2424 1769 2477 nlllisisli
1799 2466 1813 2489 ,

200 2518 508 2588 etjustltia:
539 2528 692 2574 tenes
722 2520 887 2582 viam,
919 2535 1018 2573 cur
1040 2534 1146 2573 non
1183 2520 1387 2573 retines
1419 2518 1681 2587 scriptum
1704 2515 1815 2589 (Ib.

203 2628 317 2678 I.Vl,
348 2611 436 2686 i):
473 2611 1041 2687 Custoditejndicinm,
1069 2612 1224 2684 facite
1257 2612 1518 2684 justitiam
1555 2627 1573 2664 :
1619 2628 1813 2680 appro-

204 2708 369 2778 piavit
393 2705 422 2745 ιι
449 2709 580 2762 enim
604 2709 835 2762 salutare
852 2725 1017 2762 meum
1045 2707 1290 2762 advenire
1315 2748 1329 2772 ,
1375 2717 1420 2760 et
1469 2705 1818 2760 misericordia

207 2818 324 2856 mea
356 2801 594 2856 revelari.
621 2799 815 2856 Beatus
839 2802 914 2854 vir
935 2802 1021 2870 qui
1051 2801 1174 2872 facit
1207 2816 1318 2854 eam
1365 2809 1410 2866 ο,
1447 2807 1494 2853 et
1535 2798 1690 2853 homo
1731 2798 1822 2868 qui

205 2899 545 2969 amplectitur
576 2917 710 2966 eam,
739 2899 953 2953 sabbata
980 2914 1093 2951 mea
1120 2914 1224 2951 non
1254 2897 1474 2962 uiolare,
1521 2894 1822 2949 custodiens

204 3008 394 3045 manus
419 3007 539 3045 suas
568 3006 631 3046 ne
654 2991 812 3063 faciat
836 2990 1145 3058 iniustitiae.
1178 2987 1246 3043 Et
1271 2987 1469 3042 iterum
1492 2984 1658 3058 (Ibid.
1690 3001 1817 3050 LVII,

206 3083 304 3156 2i)
334 3102 347 3139 :
385 3083 508 3139 Non
530 3095 604 3140 est
624 3082 650 3122 ά
679 3083 906 3156 gaudere
927 3083 1123 3153 impiis,
1150 3081 1273 3134 dicit
1300 3078 1572 3134 Dominus.
1627 3075 1824 3131 Excla-

211 3179 374 3233 main
397 3179 606 3243 virtute,
658 3195 720 3233 ne
771 3194 958 3248 parcas
983 3192 1002 3228 :
1032 3177 1165 3231 sicut
1221 3174 1358 3228 tuba:
1386 3182 1408 3210 ο
1437 3173 1606 3227 exulta
1648 3186 1822 3224 vocem

213 3284 378 3341 tuam,
408 3283 454 3328 et
485 3274 735 3327 annuntio
779 3271 972 3343 papula
1022 3287 1135 3324 meo
1165 3279 1376 3342 peccata
1399 3283 1614 3331 eorum;
1645 3274 1695 3320 et
1724 3265 1819 3318 do—

211 3370 322 3424 mni
347 3367 511 3424 Jacob
531 3369 831 3438 iniquitates
857 3385 978 3422 suas
1010 3382 1028 3421 :
1055 3382 1135 3420 me
1173 3349 1248 3418 de
1304 3363 1386 3418 die
1415 3363 1469 3416 in
1510 3361 1646 3415 diem
1677 3375 1816 3431 qna:-

212 3472 356 3524 runt.
384 3473 430 3517 et
453 3463 583 3518 scire
605 3463 710 3516 vias
744 3478 883 3518 meas
923 3455 1122 3524 volunt,
1167 3469 1428 3530 tamquam
1467 3454 1692 3528 populus
1727 3453 1814 3524 qui

201 3557 469 3628 justitiam
490 3556 666 3626 fecerit
687 3566 736 3610 et
739 3555 1000 3632 judicium
1019 3553 1110 3607 Dei
1127 3568 1228 3606 non
1244 3549 1593 3619 dereliquerit.
1621 3546 1817 3601 Petunt

211 3669 244 3706 a
267 3668 348 3706 me
373 3668 507 3706 nunc
519 3635 786 3726 judicium
789 3655 1014 3724 justum,
1048 3658 1094 3704 et
1117 3648 1428 3718 apprOpiare
1471 3643 1581 3698 Deo
1607 3642 1813 3696 deside-

213 3753 331 3800 rant
362 3744 472 3817 (Ib.
497 3731 648 3808 tvm,
676 3745 751 3816 I).
779 3745 975 3814 Quam,
997 3741 1202 3806 infelix,
1232 3756 1384 3812 Spem
1411 3739 1612 3793 hahere
1636 3747 1812 3807 pctes,

214 3838 317 3893 nisi
352 3836 726 3920 paenitentiam
757 3837 1026 3892 maiorum
1057 3845 1270 3900 tuorum
1304 3833 1565 3913 factorum
1597 3829 1816 3901 egeris?

214 3945 338 3986 cum
368 3930 559 3986 audias
586 3931 758 3996 Deum
787 3930 974 3992 dicere
1003 3928 1170 4000 (Ibid.
1213 3945 1343 3994 Lvu,
1374 3927 1469 4000 2i)
1503 3943 1518 3980 :
1569 3923 1695 3980 Non
1739 3932 1813 3978 est

215 4152 516 4225 sitianibus
547 4150 729 4225 utitur
753 4192 768 4216 ,
803 4159 862 4206 ut
909 4150 1180 4214 coarianos
1233 4157 1378 4214 tuos,
1407 4144 1816 4225 compestilentes

217 4216 352 4284 tuos.
383 4216 824 4294 comblasphemos
849 4233 984 4286 tuos,
1013 4230 1342 4290 coapostalas
1373 4229 1507 4284 tuos,
1541 4229 1592 4271 et
1623 4216 1709 4270 itis
1740 4216 1813 4268 si-

215 4297 460 4355 milibus.
497 4293 678 4350 Tilfet
710 4295 759 4348 ltt
789 4294 976 4349 Cerdo.

288 4379 316 4412 ⁸
366 4367 606 4422 Vestrum
631 4369 785 4422 abest
811 4383 838 4419 a
861 4367 1056 4424 Crte-cn
1085 4375 1139 4420 et
1171 4363 1330 4419 Vere.
1365 4362 1493 4416 Ant.

285 4440 316 4494 ll
359 4441 464 4496 Pro
495 4440 922 4512 appropinquavit
945 4438 1093 4498 dicit,
1118 4445 1172 4512 et
1193 4433 1435 4512 advenire
1466 4446 1565 4502 pro
1585 4431 1810 4512 advenit,

215 4506 539 4570 infinitivus
565 4506 953 4581 prtipvrlecto:
981 4521 1033 4563 et
1053 4510 1211 4577 paulo
1235 4506 1817 4581 inferius,oppr-omnm

215 4585 332 4652 Deo
357 4574 761 4664 desiderant.'_iti
803 4574 1240 4664 eﬂ.__percitpiu’t‘tl
1280 4578 1514 4664 propiori.
1529 4592 1638 4632 esse
1679 4574 1810 4664 Deo,
1841 4603 1893 4664 Β

217 4646 639 4729 appropinquare
683 4654 808 4731 Deo...
840 4646 945 4712 Til:
973 4665 1028 4711 et
1071 4646 1124 4708 la
1165 4646 1344 4731 Geni.
1376 4650 1434 4712 in
1478 4648 1634 4731 Vevs.
1678 4646 1809 4731 Ant.

219 4721 360 4796 Quia
379 4721 536 4801 juxta
579 4728 824 4802 estsaltts
856 4743 998 4802 (mea.
1033 4735 1088 4802 _u_t
1131 4721 1410 4802 geniat.'et
1459 4721 1813 4802 misericordia

218 4818 334 4868 meq
361 4797 418 4856 ut
454 4800 724 4860 reveletur.
761 4800 870 4854 Sed
919 4798 1090 4854 Lucil.
1121 4797 1366 4868 Cra-eam
1400 4797 1668 4864 syntasim
1698 4807 1814 4868 om-

217 4866 352 4929 nino
379 4873 670 4947 sequitur_:
695 4869 1026 4947 fHWtztiya‘tp
1047 4873 1106 4947 rb
1137 4867 1382 4947 ammpth
1408 4889 1505 4939 μου
1537 4866 1814 4940 παρα-γίνε-

220 4947 491 5017 σθαιογ-και
514 4947 578 5002 τὸ
603 4942 750 5017 ἔλεός
767 4942 865 5017 μὸν
894 4942 1316 5017 ἀέτοὶαλυφθῆναὶ.

293 5027 320 5062 β
364 5015 518 5070 Veri.
545 5017 672 5076 Ant-
701 5011 852 5079 Hice,
877 5027 922 5070 et
945 5019 1100 5072 homo
1122 5011 1210 5082 qui
1238 5013 1422 5068 retinet
1451 5011 1551 5066 ista
1582 5023 1600 5064 :
1627 5016 1674 5062 et
1699 5024 1811 5064 cus:

219 5088 352 5143 todit
382 5087 594 5142 sabbata
622 5097 676 5140 ut
702 5105 802 5140 non
836 5090 1074 5158 profanet
1104 5103 1185 5149 ea,
1213 5095 1260 5140 et
1288 5091 1456 5140 servat
1485 5098 1668 5140 manus
1693 5097 1815 5140 suos

219 5177 285 5214 ne
314 5161 474 5227 faciat
501 5160 850 5227 iniquitatem.

352 5231 507 5296 Voss.
537 5222 666 5288 Ant.
714 5232 837 5288 Non
865 5242 940 5288 est
971 5229 1342 5296 gaudium“...
1370 5226 1626 5284 Dominus
1651 5222 1812 5280 Deus.

220 5303 407 5360 Clama
437 5305 492 5356 in
517 5303 849 5376 fortitudine,
878 5314 925 5357 et
947 5321 1010 5357 ne
1036 5318 1254 5370 parcas;
1281 5301 1434 5371 quasi
1462 5298 1706 5354 tuba”...
1732 5312 1817 5351 co-

219 5392 342 5440 ἤδη
365 5393 383 5430 :
413 5391 495 5434 me
538 5379 844 5435 etenim"...
876 5376 1028 5445 quasi
1069 5391 1194 5444 gens.
1221 5389 1452 5440 quae...”
1483 5382 1531 5426 et
1578 5383 1814 5439 ωηιξη...

219 5447 422 5521 Petunt
451 5466 650 5506 πλευ...
683 5453 1112 5521 appropinquare
1141 5445 1250 5501 Deo
1277 5445 1518 5518 cupiunt.

298 5530 322 5598 ς
363 5520 513 5598 Iuba
543 5523 667 5598 legit
705 5520 890 5598 Saluti.
970 5593 981 5598 _
1012 5592 1022 5598 _
1259 5567 1264 5572 .
1318 5590 1329 5598 _
1523 5589 1535 5598 _
1596 5584 1608 5598 .

300 5589 320 5642 ί
363 5592 523 5650 Vers.
555 5583 678 5653 Αἶιι.
731 5592 914 5660 Neque
939 5593 982 5647 si
1008 5590 1354 5648 ineurvaver-is
1382 5589 1535 5652 quasi
1562 5583 1818 5660 circulum

219 5663 418 5728 collum
443 5676 710 5732 tuttur...”
759 5658 1216 5726 substramina..."
1248 5661 1449 5716 vocabis
1476 5658 1742 5732 jejunium
1771 5663 1818 5710 et

223 5737 364 5792 diem
393 5738 784 5810 acceptabilem.
997 5808 1003 5810 Α
1119 5807 1128 5810 _
1570 5800 1580 5810 _
1724 5799 1735 5810 ,
1781 5799 1791 5809 ,

299 5820 327 5884 tt
369 5800 694 5884 Addobdum
723 5810 882 5874 forte,
915 5808 1005 5865 sed
1037 5807 1190 5884 solue
1235 5819 1436 5884 omnem
1477 5800 1679 5884 nodus;
1717 5800 1819 5884 ini—

224 5869 460 5951 quitatis,
490 5881 580 5937 sed
609 5881 767 5946 solve,
801 5869 907 5937 etc.
944 5889 1003 5935 ut
1036 5880 1088 5934 in
1139 5878 1292 5951 Vers.
1326 5877 1449 5951 Ant.
1477 5884 1531 5928 et
1562 5875 1616 5928 in
1635 5869 1816 5951 illaec.

225 5940 352 6010 cum
376 5940 536 6027 paulo
577 5940 800 6010 inferius
855 5952 994 6009 hanc
1017 5949 1343 6008 sententiam
1365 5943 1686 6002 Constantio
1725 5940 1823 5995 ob.

1918 1955 2112 2022 poterit
2144 1953 2311 2009 licere
2339 1955 2536 2024 quovis
2567 1963 2820 2025 tempore
2848 1957 3033 2038 gladio
3064 1968 3352 2027 percutere
3401 1975 3532 2014 con.-

1916 2046 2254 2100 sacerdotem
2291 2047 2514 2102 meum?
2566 2046 2692 2102 Non
2747 2050 2851 2102 tale
2882 2051 3147 2122 jejunium
3189 2054 3352 2122 elegi,
3404 2053 3532 2108 dicit

1919 2138 2198 2207 Dominus,
2228 2140 2320 2196 sed
2349 2153 2374 2192 ε
2401 2143 2540 2197 solve
2566 2141 2908 2213 obligationes
2949 2146 3292 2200 violentorunt
3322 2157 3533 2201 contra—

1918 2242 2116 2288 ctarum
2138 2231 2204 2298 ll;
2230 2233 2433 2288 dimitte
2457 2239 2752 2306 confractos
2785 2236 2798 2274 ί
2824 2238 2877 2291 in
2905 2239 3280 2306 remissionem,
3331 2251 3380 2295 et
3425 2258 3536 2296 om-

1918 2345 2032 2381 nem
2082 2329 2514 2408 conscriptionem
2555 2331 2789 2399 iniquam
2844 2333 3148 2404 disrumpe;
3188 2334 3374 2406 frange
3418 2353 3533 2389 esu-

1920 2425 2078 2476 rienti
2127 2440 2311 2491 panem
2344 2435 2488 2478 tuum
2516 2432 2564 2477 et
2619 2440 2808 2495 egenos
2836 2424 2882 2490 i,
2911 2426 2999 2494 qui
3047 2427 3159 2482 sine
3199 2436 3331 2481 lecto
3371 2439 3491 2483 sunt
3515 2469 3530 2492 ,

1921 2519 2078 2572 induc
2109 2519 2164 2572 in
2217 2519 2430 2573 domum
2473 2529 2614 2573 tuam
2647 2535 2666 2574 :
2707 2521 2752 2573 si
2781 2520 2970 2575 videris
3015 2521 3234 2587 nudum,
3269 2524 3433 2594 aperi,
3485 2533 3533 2576 et

1922 2610 2230 2665 domesticos
2262 2611 2470 2665 seminis
2497 2612 2572 2664 tui
2601 2611 2708 2664 noli
2737 2611 3000 2682 despicere
3027 2612 3192 2684 (Ibid.
3224 2615 3328 2686 vi).
3362 2615 3533 2683 Quam

1923 2712 2104 2769 tenes,
2152 2719 2248 2758 rex
2303 2703 2750 2773 prudentissime.
2794 2707 2989 2776 spem?
3037 2722 3160 2763 cum
3212 2709 3328 2764 lucc
3354 2710 3534 2764 omnia

1922 2797 2157 2851 verteris
2183 2798 2234 2851 in
2266 2796 2633 2851 contrarium.
2681 2796 2970 2866 Quomodo
2993 2800 3140 2854 enim
3171 2815 3392 2857 omnem
3441 2817 3539 2858 no-

1923 2889 2050 2944 dum
2077 2888 2290 2944 solvisti
2322 2889 2648 2960 iuiquitatis,
2683 2905 2807 2945 cum
2839 2891 2955 2947 sive
2986 2893 3376 2949 incredulitate
3410 2903 3497 2949 tua
3521 2936 3536 2961 ,

1923 2984 2139 3056 qualem
2168 2996 2219 3040 te
2249 2985 2556 3039 institueris
2586 2983 2878 3040 adversum
2910 3001 3028 3053 nos,
3065 2987 3143 3040 sis
3173 2988 3300 3041 talis
3322 3003 3538 3058 perma-

1926 3093 2081 3143 nens,
2107 3086 2162 3133 et
2191 3078 2363 3148 magis
2399 3077 2686 3150 magisque
2703 3078 2781 3133 sis
2813 3093 3072 3134 crescens
3105 3083 3158 3134 in
3202 3081 3537 3136 malevolen—

1925 3171 1996 3223 tia
2031 3179 2118 3223 tua
2143 3168 2212 3223 ad
2241 3183 2341 3222 nos
2368 3167 2789 3238 disperdendos,
2824 3169 2942 3224 sive
2980 3170 3032 3224 in
3076 3170 3415 3241 blasphemia
3442 3181 3532 3226 tua

1925 3274 2118 3317 auctor
2140 3261 2413 3333 sacrilegii
2444 3262 2708 3329 creveris,
2735 3263 2908 3334 magis
2927 3265 3092 3319 etiam
3117 3264 3302 3321 edicto
3333 3265 3354 3303 ¹ί
3383 3267 3531 3322 blas-

1925 3357 2198 3429 phemiam
2235 3367 2406 3421 tuam,
2437 3353 2768 3410 catholicam
2811 3370 2933 3411 esse
2974 3357 3278 3414 asserendo
3318 3357 3477 3413 fidem
3515 3401 3530 3425 ,

1923 3467 2074 3506 more
2106 3447 2122 3488 ι
2157 3449 2368 3505 scilicet
2398 3447 2772 3515 meretricum,
2821 3464 2942 3520 quae
2965 3451 3172 3520 ’primo
3201 3451 3339 3506 clam
3379 3468 3534 3508 scor-

1921 3553 2126 3612 tcntur,
2159 3553 2345 3615 postea
2378 3559 2508 3599 vero
2542 3543 2614 3597 ita
2650 3541 2765 3597 sint
2796 3543 3207 3608 inrerecundm,
3267 3545 3340 3599 ita
3374 3545 3534 3602 amit-

1918 3648 2096 3694 tentes
2125 3635 2402 3708 pndicititn
2434 3635 2619 3700 decus,
2651 3646 2709 3716 ut
2741 3636 3240 3692 velintscortariin
3272 3651 3534 3708 prapatu‘

1917 3733 2025 3788 iis?
2048 3732 2334 3800 Quomodo
2362 3731 2663 3785 dissolviin
2705 3745 2926 3785 omnem
2963 3731 3164 3785 nodum
3191 3732 3524 3802 iniquitatis,

1921 3843 2044 3884 cum
2068 3837 2257 3882 contra
2291 3825 2506 3880 beatum
2544 3825 2922 3891 Athanasium,
2949 3835 3262 3897 susceptum
3295 3837 3530 3884 antean-

1923 3936 2024 3977 nos
2051 3919 2290 3975 furorem
2322 3918 2502 3974 adhuc
2533 3917 2608 3973 ita
2642 3915 2910 3985 retineas,
2971 3927 3028 3973 ut
3058 3919 3200 3976 velis
3231 3919 3350 3991 ejus
3379 3921 3532 3978 fundi

1912 4139 2100 4220 jac-un
2127 4137 2398 4220 QuoniQd-F’
2443 4135 2581 4194 ενιίηι
2606 4150 2814 4220 enim
3089 4140 3286 4220 δαιτὲειί
3333 4142 3525 4220 est"?

1915 4205 2064 4272 imis,
2085 4223 2216 4265 εις..
2238 4219 2291 4264 et
2312 4210 2579 4272 integrum
2611 4205 2764 4260 lSaia-
2788 4207 3158 4262 teSIitnonium
3193 4211 3294 4264 hoc
3330 4205 3528 4272 itanm

1817 4347 1822 4350 _
1918 4283 2082 4337 modo
2107 4271 2496 4351 producat.ita
2525 4276 2912 4351 Cotelcriusjn
2944 4279 3114 4333 Tomo
3152 4282 3206 4334 2.
3245 4282 3390 4339 Mon.
3425 4271 3526 4343 lic-7
3576 4328 3590 4337 .

1918 4356 1992 4409 el.
2033 4349 2128 4410 Ge.
2179 4369 2303 4424 pag.
2350 4350 2477 4424 t9Q,
2504 4358 2560 4404 et
2596 4349 3129 4424 exeaGalandius.
3188 4353 3340 4409 Vera.
3390 4357 3519 4415 Ant.

1922 4421 2232 4490 Nonne...'..
2268 4422 2576 4498 elegit_?.....
2602 4421 2694 4480 sed
2718 4422 2858 4478 solve
2907 4439 3108 4488 omnem
3155 4427 3518 4498 colligatur-am

1917 4498 2232 4562 iniquitatis,
2263 4495 2506 4554 dissolve,
2540 4501 2668 4564 etc,

1991 4567 2020 4614 ξι
2047 4570 2252 4652 .Apiius
2303 4582 2428 4631 cum.
2458 4564 2650 4628 Graeco
2699 4565 3154 4641 συναλλαγμάτων.
3200 4569 3356 4632 Vera.
3389 4577 3514 4632 Ant.

1919 4653 2076 4698 εαυη
2097 4657 2241 4696 num.

1995 4713 2008 4750 ί
2055 4712 2210 4786 Vers.
2240 4713 2364 4766 Aut.
2397 4707 2738 4774 Fractos..."
2769 4712 3088 4779 scripturam
3118 4713 3353 4786 iniquam
3393 4737 3519 4776 οοη-

1915 4785 2112 4841 scinde.

1992 4857 2005 4908 i
2056 4856 2214 4929 γει-ε.
2239 4855 2362 4929 Aut.
2385 4852 2660 4929 ‘Paupcres
2689 4855 2800 4929 sine
2822 4865 3070 4929 tecto..."
3104 4875 3167 4915 ne
3196 4859 3510 4929 despmris.

1916 4928 2134 4986 Lucifer
2163 4928 2282 4998 ipse
2313 4926 2474 4982 habet
2507 4927 2690 4996 paullo
2719 4926 2852 4981 infra
2884 4927 3172 4999 Pauperes.
3198 4926 3376 4988 etnon
3397 4936 3516 4990 des.

1917 5018 2099 5074 ριειρε.

1991 5073 2016 5112 li
2060 5070 2197 5128 Vide
2225 5071 2370 5128 dicta
2398 5071 2450 5126 in
2485 5067 2694 5136 prmlat.

1997 5145 2012 5184 1
2058 5143 2339 5214 Signiﬁcat
2367 5141 2585 5206 Lucifer
2623 5145 2725 5198 hac
2750 5144 3162 5212 comparatione
3188 5146 3512 5207 Arianorum

1919 5217 2269 5274 calliditatem
2322 5226 2377 5270 et
2407 5227 2614 5290 astitui,
2643 5215 2736 5284 qui
2773 5215 3034 5290 litotesitn
3072 5219 3288 5274 occulte
3341 5224 3516 5290 primo

1918 5291 2172 5350 fovebant
2224 5301 2346 5343 sese
2396 5287 2713 5360 Catholicos
2754 5288 2834 5342 .itt
2889 5288 3128 5353 speciem
3175 5287 3513 5360 profitentes,

1919 5362 2116 5418 deinde
2140 5360 2456 5420 audaciores
2479 5357 2600 5414 facti
2631 5358 2808 5429 palam
2824 5373 3048 5430 (errores
3071 5357 3200 5416 suos
3221 5357 3518 5430 praedicam}

1922 5434 2172 5504 tuerique
2213 5442 2534 5502 t'mperunt:
2577 5431 2720 5500 quod
2746 5429 2926 5504 etiam
2959 5429 3194 5504 lli'arius
3222 5429 3403 5490 inlinit
3433 5440 3518 5494 his

1921 5501 2104 5562 verbis
2138 5507 2187 5559 in
2219 5501 2312 5559 Iih.
2343 5506 2412 5559 de
2438 5504 2644 5575 Synod.
2677 5519 2694 5558 :-
2731 5501 2889 5556 Nuuc
2916 5501 3160 5575 (pulit—iras
3194 5511 3520 5565 auctoritatis

1924 5579 2241 5650 professione
2277 5574 2490 5632 literesis
2513 5590 2878 5651 prorumpens,
2905 5574 2961 5629 id
2979 5577 3126 5651 quod
3149 5585 3304 5632 att-tea
3331 5584 3513 5651 furtim
3566 5601 3568 5604 ν

1921 5646 2247 5713 mussitabat,
2274 5666 2414 5704 nunc
2435 5665 2538 5702 non
2563 5648 2698 5704 clam
2726 5647 2916 5700 victria:
2935 5646 3258 5713 gloriabatur
3277 5667 3298 5704 .'
3319 5646 3372 5705 et
3396 5653 3518 5709 Sul-

1926 5724 2097 5792 picius
2124 5723 2358 5778 Severus
2387 5721 2479 5780 lib.
2504 5719 2542 5774 2
2563 5719 2699 5792 iiist.
2723 5735 2734 5769 :
2769 5717 2952 5792 Ariani
2976 5719 3248 5792 perﬁdiam
3270 5739 3416 5779 suam
3434 5743 3519 5781 oc-

1923 5789 2210 5867 cultabant;
2231 5811 2332 5850 non
2360 5795 2474 5867 ausi
2500 5791 2673 5857 palan:
2699 5789 2888 5846 erroris
2909 5791 2990 5844 sui
3010 5791 3199 5860 dogma
3215 5796 3520 5867 μαιώσατο,

1925 5863 2220 5926 Catholicas
2248 5883 2303 5924 se
2326 5863 2590 5938 gerebant.
