4042 6338
526 305 633 364 879

1609 290 1936 356 LUCIFERI
1972 290 2290 355 EPISCOPI
2327 291 2746 354 CALARITANI

3727 279 3841 339 880

517 417 815 477 cruorem?
841 415 1131 485 Quomodo
1149 409 1407 471 dimisisti
1437 411 1748 469 confractus
1777 413 1831 468 in
1856 411 2123 484 requiem,
2153 411 2207 474 Α
2233 414 2509 482 triarchae,
2543 411 2852 484 prophetas,
2880 407 3114 481 apostoli
3136 419 3199 463 ac
3225 409 3518 477 martyres.
3543 397 3839 470 Quomodo

521 528 646 568 cum
681 508 987 579 torquendo
1009 517 1036 546 ⁸
1059 508 1211 564 varie
1241 521 1350 562 non
1383 504 1608 561 desinas
1645 519 1837 560 servos
1870 504 1961 560 Dei
1990 504 2014 557 ?
2061 501 2130 557 Et

521 605 796 676 quomodo
823 604 1079 659 dimisisti
1107 601 1136 641 δ
1163 600 1479 658 confraetos
1522 599 1578 654 in
1613 599 1879 670 requiem,
1911 595 2129 666 quando

519 699 710 755 videas
734 697 976 755 carceris
1005 707 1028 738 ο
1063 695 1312 763 metalla,
1369 693 1585 757 exsilia,
1641 695 1731 747 vix
1774 691 1885 762 jam
1931 703 2130 760 capere

519 806 684 863 posse
711 789 1140 846 Christianorum
1163 801 1451 843 numerum
1486 801 1583 856 per
1614 794 1667 840 te
1691 783 2080 852 damnatorum
2105 781 2129 836 ?

521 883 808 953 Quomodo
838 883 1053 940 etiamsi
1087 881 1316 952 fregeris
1337 879 1710 936 esurientibus
1736 893 1932 950 panem
1955 888 2125 942 tuum,

525 987 810 1047 acceptum
845 975 1064 1033 habebit
1088 975 1372 1040 Dominus,
1405 988 1530 1029 eum
1563 986 1756 1028 servos
1796 972 1936 1026 fame
1967 983 2130 1026 neces

520 1071 732 1128 dicatos
761 1069 879 1140 ejus
918 1067 1254 1124 aeternitati?
1277 1065 1566 1134 Quomodo
1598 1065 1642 1120 si
1677 1063 1901 1119 inducas
1928 1076 2131 1134 egenos

519 1162 642 1220 sine
673 1172 820 1217 tecto
842 1163 896 1216 in
929 1161 1152 1215 domum
1184 1169 1355 1218 tuam.
1390 1158 1668 1228 respicere
1695 1156 2014 1228 dignabitur
2041 1172 2133 1212 su-

521 1273 622 1330 per
644 1271 783 1328 opus
814 1267 962 1310 tuum
993 1253 1161 1318 Deus,
1198 1269 1326 1309 cum
1378 1253 1561 1308 videat
1609 1259 1943 1308 servos‘sute
1974 1249 2134 1305 clari-

519 1351 652 1406 tatis
683 1349 917 1420 rejectos
946 1347 1016 1402 de
1045 1347 1298 1402 domibus
1322 1346 1567 1418 privatis,
1599 1355 1888 1415 prontcrea
1915 1343 2133 1399 exsules

520 1445 717 1506 factos,
748 1441 893 1515 quod
924 1441 1201 1497 noluerint
1238 1441 1518 1510 suscipere
1569 1438 1934 1495 idololatriam
1984 1447 2132 1492 tuam

520 1553 621 1610 per
647 1537 836 1592 Arium
858 1535 1165 1590 institutam
1189 1534 1214 1586 ?
1275 1533 1566 1602 Quomodo
1587 1533 1634 1587 si
1663 1532 1839 1586 nudos
1889 1531 2090 1587 texeris
2114 1571 2128 1598 ,

521 1631 728 1701 poteris
741 1629 854 1684 Deo
878 1629 1117 1699 placere,
1151 1641 1275 1683 cum
1299 1627 1473 1681 servis
1498 1626 1668 1695 ipsius
1693 1623 2021 1695 patrimonia
2051 1632 2135 1676 tu-

518 1723 674 1788 leris,
707 1732 762 1777 et
790 1720 1034 1777 dixeris:
1067 1719 1130 1776 Si
1159 1717 1529 1773 damnaueritis
1565 1716 1724 1788 ﬁdem
1763 1715 2130 1787 apostolicam,

2232 516 2413 580 potest
2441 515 2494 563 te
2522 495 3090 577 prtecederejustitia,
3138 515 3262 556 cum
3305 508 3452 554 totus
3481 496 3534 551 in
3567 492 3838 563 iniustitia

2232 605 2309 661 sis
2337 601 2706 676 permanens?
2753 615 2879 656 cum
2909 597 3129 654 sentina
3175 596 3253 650 sis
3296 592 3482 650 Ariani
3529 587 3841 662 dogmatis?

2230 711 2354 752 cum
2381 695 2824 751 Christianorum
2846 691 2920 749 sis
2948 689 3101 746 fusor
3122 685 3438 759 sanguinis?
3463 681 3757 752 Quomodo
3787 689 3842 738 te

2232 788 2491 860 maiestas
2518 787 2608 843 Dei
2638 782 3024 849 circumdabit,
3046 797 3168 838 cum
3189 791 3507 852 expugnans
3526 777 3698 847 ipsam
3721 788 3844 829 ma-

2223 880 2602 953 jestatemsis,
2630 893 2792 950 quam
2819 875 3239 945 derelinquens,
3268 869 3630 928 idololatriam
3643 865 3844 925 Ariani

2232 974 2502 1046 dogmatis
2529 973 2808 1044 suscipere
2829 968 3147 1026 censueris?
3172 963 3463 1036 Quomodo
3484 973 3612 1019 tunc
3630 961 3846 1018 clama-

2233 1069 2353 1134 bis',
2379 1078 2435 1124 et
2466 1069 2608 1124 Deus
2638 1066 2898 1122 exaudiet
2928 1065 3016 1120 te?
3040 1063 3218 1119 adhuc
3247 1061 3491 1134 loquenti
3521 1058 3616 1116 tibi
3645 1058 3797 1115 dicet
3827 1075 3841 1112 :

2236 1165 2350 1239 Ego
2376 1163 2604 1219 adsum?
2632 1177 2754 1218 cum
2800 1162 2878 1217 sis
2905 1173 3111 1232 negans
3145 1158 3312 1214 Deum
3351 1155 3568 1212 Patrem
3587 1197 3601 1219 .
3630 1165 3848 1224 negans

2235 1261 2456 1316 unicum
2497 1255 2690 1312 Filium
2737 1254 2880 1324 ejus,
2933 1266 3142 1325 negans
3192 1259 3446 1307 sanctum
3499 1246 3845 1320 paracletum

2235 1353 2521 1424 Spiritum.
2551 1347 2839 1416 Quomodo
2877 1358 2972 1402 aut
2998 1344 3261 1402 exaudire
3288 1352 3342 1400 te
3372 1343 3594 1414 poterit,
3620 1350 3713 1396 aut
3759 1339 3851 1394 di-

2235 1463 2364 1505 cere
2393 1446 2488 1502 tibi
2521 1463 2534 1499 :
2565 1443 2702 1500 Ecce
2729 1441 2959 1498 adsum?
3006 1455 3130 1497 cum
3169 1439 3366 1508 vertis,
3394 1447 3654 1508 quantum
3694 1433 3849 1506 apud

2235 1552 2289 1599 te
2312 1551 2416 1608 est,
2444 1541 2562 1612 ejus
2577 1540 2898 1610 religionem
2917 1579 2934 1603 ,
2957 1552 3080 1593 cum
3102 1536 3222 1606 ejus
3242 1535 3512 1591 antistites
3536 1532 3849 1589 catholicos

2237 1631 2567 1695 removeris,
2617 1640 2672 1686 et
2720 1628 3012 1685 haereticos
3057 1625 3442 1685 constitueris?
3471 1623 3742 1694 quomodo
3777 1632 3848 1680 te

2237 1723 2513 1788 exaudiet,
2545 1736 2708 1793 quem
2739 1719 3064 1777 calcandum
3103 1716 3310 1790 putasti
3352 1716 3531 1773 modis
3559 1716 3846 1784 omnibus,

522 1825 680 1885 atque
699 1816 939 1870 arianant
979 1812 1313 1882 susceperitis
1333 1853 1350 1876 ,
1390 1821 1578 1865 cuneta
1607 1818 1777 1864 vestra
1818 1809 2078 1878 recipietis
2108 1808 2134 1862 Ρ
2163 1811 2211 1873 Β
2237 1817 2339 1871 ῃῑεὶ
2372 1815 2746 1884 ιιωηῑιθηιίειῃ
2779 1812 3045 1868 malorum
3071 1811 3339 1868 factorum
3367 1811 3570 1881 egeris,
3597 1809 3701 1864 nisi
3721 1809 3850 1864 vias

521 1909 668 1966 Sane
697 1905 724 1945 ιι
755 1923 924 1963 unum
949 1908 1018 1963 de
1046 1905 1132 1961 bis
1160 1905 1418 1960 omnibus
1454 1902 1666 1958 Domini
1700 1900 1872 1956 sacris
1912 1898 2132 1954 nianda-

519 2003 594 2058 tis
667 2003 942 2058 inveneris
993 2012 1016 2040 ο
1069 2001 1325 2072 implere,
1410 1998 1554 2071 quod
1661 1999 1812 2054 enim
1878 1994 2138 2052 domesti-

520 2109 618 2152 cos
662 2095 885 2152 seminis
943 2095 1018 2150 tui
1072 2110 1181 2149 nou
1260 2093 1551 2164 despicias.
1621 2089 1741 2147 Non
1792 2089 2031 2158 deSpicis
2077 2102 2136 2143 re

519 2203 652 2246 vera
734 2187 1117 2256 conviperinos
1193 2196 1316 2241 tuos
1386 2184 1622 2240 Arianos
1655 2225 1671 2250 ,
1752 2192 1909 2238 natos
1984 2182 2136 2238 vide-

519 2281 653 2339 licet
702 2281 773 2338 de
819 2278 1215 2352 impuderatof
1272 2288 1424 2349 patre
1475 2289 1660 2335 vestro
1712 2277 1966 2344 diabolo;
2055 2276 2138 2333 di-

523 2375 648 2446 ligis
705 2375 908 2431 fratres
941 2385 966 2423 8
997 2385 1119 2430 tuos
1145 2373 1269 2445 quia
1301 2373 1401 2428 bos
1446 2372 1639 2428 videas
1695 2372 1790 2429 tibi
1837 2370 2138 2444 proximio-

518 2483 641 2536 res,
713 2473 811 2523 bos
870 2483 1025 2522 amas
1090 2467 1358 2538 singulari
1431 2466 1669 2533 allecto,
1728 2465 1814 2520 his
1882 2474 2134 2520 cunctam

522 2561 756 2634 gloriam
787 2561 941 2632 regni
971 2561 1045 2615 tui
1077 2560 1332 2625 exhibes,
1376 2560 1475 2616 bos
1506 2561 1687 2615 socios
1721 2569 1884 2629 atque
1911 2557 2137 2630 partici-

519 2671 622 2726 pes
642 2655 710 2711 ad
752 2655 847 2711 Dei
887 2656 1180 2711 delendam
1216 2655 1596 2711 ltzereditulem
1626 2656 1677 2709 in
1708 2665 1803 2710 tuo
1849 2669 2018 2726 regno
2043 2654 2139 2708 ba-

520 2747 652 2813 bes;
704 2747 828 2803 illos
875 2748 1051 2803 fecisti
1111 2747 1437 2818 locupletes,
1494 2746 1619 2801 illos
1674 2746 1919 2802 extulisti
1966 2761 2134 2816 supra

522 2855 718 2898 omnes
741 2841 1072 2897 constitutos
1103 2841 1156 2897 in
1194 2841 1555 2906 sublimitate,
1587 2840 1690 2897 hoc
1734 2851 1841 2906 est,
1873 2854 1994 2906 eos,
2042 2839 2133 2908 qui

519 2952 582 2994 se
610 2937 811 2992 vestris
860 2936 1093 2991 miscere
1119 2944 1459 2993 censuerunt
1499 2935 1763 2990 tenebris.
1797 2933 1966 3004 Igitur
2004 2947 2132 2989 cum

519 3029 598 3086 sis
629 3029 747 3085 haec
773 3044 964 3100 agens,
999 3044 1120 3099 qutr
1153 3029 1285 3084 odio
1317 3028 1517 3084 habeat
1545 3027 1709 3094 Deus,
1743 3025 2020 3098 quomodo
2039 3041 2130 3081 ar-

519 3125 748 3182 bitraris
781 3133 833 3179 te
856 3124 1033 3179 audiri
1067 3138 1227 3191 posse
1259 3139 1288 3176 a
1319 3122 1467 3178 Deo?
1489 3131 1583 3176 aut
1609 3121 1654 3176 si
1679 3119 1872 3176 feceris
1895 3121 2134 3176 eleemo-

2239 1917 2360 1964 tuas
2399 1908 2636 1963 nefarias
2662 1906 2949 1972 deserens,
2975 1912 3179 1961 sanctse
3207 1904 3458 1962 ecclesia:
3483 1903 3690 1974 justum
3733 1903 3850 1959 iter

2236 1999 2764 2071 comprehenderis?
2803 1999 2958 2055 Tunc
3010 1998 3196 2070 utique
3256 1998 3373 2054 lucc
3422 1999 3686 2069 promissa
3745 1996 3852 2053 Dei

2235 2094 2497 2165 consequi
2528 2093 2755 2164 poteris.
2781 2091 3052 2163 Scriptum
3074 2100 3161 2148 est
3185 2091 3330 2147 enim
3364 2100 3582 2162 propter
3601 2106 3722 2156 eos,
3751 2090 3851 2162 qui

2237 2188 2405 2244 Corde
2430 2203 2494 2243 ex
2528 2195 2642 2243 toto
2679 2201 2804 2243 sese
2824 2185 2891 2242 ad
2915 2186 3084 2241 Deum
3107 2185 3486 2241 converterint
3513 2201 3529 2241 :
3563 2183 3690 2238 Htec
3716 2185 3854 2240 dicit

2240 2283 2494 2338 Excelsus
2521 2282 2574 2336 in
2599 2281 2814 2336 excelsis
2835 2279 3077 2334 habitam
3103 2277 3154 2348 ιι,
3183 2282 3237 2333 in
3264 2289 3516 2335 atternum
3535 2289 3749 2334 sanctus
3795 2280 3852 2333 in

2236 2376 2453 2444 sanctis,
2470 2391 2653 2430 nomen
2667 2375 2714 2429 ei
2731 2373 2991 2429 Dominus
3006 2372 3310 2428 Altissimus
3324 2373 3376 2427 in
3389 2374 3586 2428 sanctis
3614 2375 3852 2444 requies-

2237 2488 2379 2536 cens,
2407 2480 2455 2525 et
2479 2453 2831 2539 pusillaniinis
2862 2469 2992 2522 dans
3022 2466 3038 2506 ι
3071 2469 3263 2524 anima:
3289 2469 3604 2539 «equitatem,
3628 2481 3679 2523 et
3709 2469 3852 2526 dans

2234 2564 2517 2620 vindictam
2537 2562 2896 2618 contribulatis
2913 2562 3089 2616 corde.
3131 2559 3256 2615 Non
3293 2563 3345 2616 in
3366 2569 3615 2617 internum
3644 2563 3852 2616 irascar

2237 2656 2402 2722 vobis,
2427 2672 2522 2710 nec
2547 2671 2748 2728 semper
2775 2653 3055 2709 vindictam
3082 2653 3146 2708 de
3172 2653 3314 2709 vobis
3339 2655 3547 2726 exigant
3580 2653 3690 2725 (Ib.
3707 2671 3845 2723 Lvu,

2239 2750 2352 2822 15).
2382 2751 2488 2806 Sed
2508 2750 2702 2820 quibus
2726 2749 2830 2804 hoc
2853 2749 3020 2804 dicit?
3039 2763 3233 2820 nempe
3247 2749 3350 2814 eis,
3365 2752 3530 2821 quise
3547 2762 3848 2807 Converte-

2237 2845 2350 2900 rint
2366 2859 2463 2914 per
2491 2841 2917 2898 satisfactionem
2950 2841 3018 2896 ad
3049 2841 3247 2897 delicta
3283 2856 3380 2896 sna
3411 2841 3665 2899 delenda.
3687 2841 3847 2900 Unde

2236 2943 2313 3000 et,
2343 2935 2396 2990 Ν
2403 2953 2467 2990 on
2500 2937 2600 2990 tale
2633 2937 2899 3010 jejunium
2920 2936 3074 3010 elegi,
3104 2937 3240 2993 dicit
3267 2936 3554 3005 Dominus,
3586 2936 3681 2991 sed
3706 2939 3849 2992 solve

2237 3045 2440 3084 omnem
2469 3028 2665 3082 nodum
2686 3029 2992 3100 iniquitatis.
3018 3031 3110 3084 sed
3135 3031 3274 3086 solue
3297 3031 3636 3102 obligationes
3650 3031 3851 3086 violen-

2238 3131 2406 3177 tor‘unt
2421 3133 2803 3177 contractarum
2822 3139 2843 3187 ;
2865 3123 3063 3177 dimitte
3085 3127 3378 3196 confractos
3398 3126 3450 3178 in
3468 3125 3846 3192 remissionem,

519 3233 737 3290 synam.
758 3228 944 3288 posset
960 3216 1032 3270 ibi
1052 3215 1468 3286 fert-iaccepto?
1491 3230 1614 3268 cum
1638 3214 1829 3269 audias
1854 3213 2140 3269 eumdice-
2167 3205 2212 3270 C
2243 3225 2289 3270 et
2337 3231 2538 3269 onmem
2587 3215 3020 3284 conscriptionem
3062 3215 3291 3285 iniquam
3323 3215 3588 3286 disrumpe
3614 3235 3635 3269 :
3660 3217 3849 3292 {range

519 3328 583 3368 re
615 3311 810 3366 :‘Tunc
833 3313 1033 3366 orietur
1054 3310 1080 3347 ιι
1110 3311 1426 3364 matutinum
1465 3310 1636 3364 lumen
1667 3318 1834 3375 tuum,
1863 3318 1910 3363 et
1940 3309 2137 3364 sanitas

519 3418 612 3463 tua
633 3408 734 3463 cito
757 3408 970 3472 orietur,
998 3416 1045 3460 et
1072 3406 1326 3478 pracedet
1343 3413 1464 3459 ante
1505 3414 1552 3458 te
1568 3405 1802 3478 justitia,
1835 3412 1882 3457 et
1895 3405 2136 3473 majestas

520 3501 623 3557 Dei
663 3499 1003 3555 circumdabit
1031 3510 1102 3552 te.
1131 3496 1280 3552 Tunc
1328 3497 1609 3563 clamabis,
1651 3507 1698 3552 et
1730 3495 1871 3550 Deus
1898 3493 2139 3550 exaudiet

527 3605 596 3648 te.
630 3593 814 3648 Adhuc
845 3590 861 3629 ί
897 3592 1128 3656 loquenti
1152 3591 1244 3644 tibi
1273 3591 1407 3645 dicet
1439 3607 1458 3645 :
1492 3588 1628 3644 Ecce
1647 3589 1831 3644 adsum
1856 3588 2021 3656 (Ibid.
2053 3585 2134 3659 8).

519 3685 745 3754 Aliquid
772 3694 825 3739 te
854 3698 1044 3738 eorum
1063 3698 1224 3753 posse
1253 3685 1521 3752 consequi
1552 3678 2138 3751 arbitraris.quando—

524 3776 749 3849 quidem
773 3792 880 3831 non
909 3788 1093 3831 ortum
1125 3776 1221 3830 tibi
1255 3775 1424 3831 fuerit
1453 3776 1781 3830 matutinum
1811 3775 2014 3840 lumen,
2043 3771 2140 3830 sed

526 3868 772 3925 tenebrat
821 3867 1237 3923 inextricabiles
1299 3867 1620 3923 obsederint
1666 3868 1908 3922 animum
1953 3877 2134 3934 tuum,

527 3971 696 4034 atque
719 3966 1062 4032 pertexerint
1105 3977 1362 4018 errorum
1407 3961 1673 4033 caligines
1700 3961 1902 4032 iiquae
1926 3961 2139 4016 sanitas

519 4055 624 4112 tibi
651 4057 847 4112 oborta
876 4065 983 4120 est,
1010 4069 1134 4110 cum
1161 4056 1238 4110 sis
1269 4055 1481 4126 positus
1504 4055 1557 4109 in
1575 4055 1722 4110 omni
1750 4055 1979 4109 vulnere
1996 4067 2143 4109 mor-

523 4150 622 4216 tis,
656 4163 781 4203 cum
811 4146 1060 4218 quotidie
1097 4157 1388 4219 augmenta
1416 4147 1602 4218 parias
1642 4145 1968 4202 vulneribus
2008 4144 2140 4214 tuis,

528 4257 654 4298 cum
684 4241 826 4298 dans
851 4257 1074 4312 Operam
1104 4243 1200 4308 sis,
1227 4256 1338 4312 quo
1378 4241 1557 4312 possis
1603 4240 1820 4312 penitus
1847 4248 2016 4296 temet
2041 4254 2140 4296 ex-

529 4327 855 4407 stinguere?
878 4334 1045 4392 Nobis
1067 4334 1272 4391 etenim
1297 4350 1406 4391 non
1425 4333 1643 4390 aliunde
1663 4343 1748 4390 est
1771 4335 2004 4400 sanitas,
2035 4334 2142 4391 nisi

532 4430 712 4497 primo
745 4428 798 4482 in
831 4429 955 4484 loco
975 4429 1102 4500 quia
1129 4428 1547 4495 crediderimus,
1584 4435 1646 4484 nt
1669 4427 2022 4484 crediderunt
2047 4442 2143 4500 pa-

2238 3307 2482 3361 esnrienti
2524 3324 2712 3378 panem
2735 3317 2900 3374 tuum,
2946 3318 2995 3362 et
3016 3325 3265 3378 pauperes
3291 3308 3378 3378 qui
3417 3310 3530 3364 sine
3554 3319 3688 3364 tecto
3727 3320 3847 3364 sunt

2238 3398 2398 3452 induc
2427 3400 2478 3452 in
2507 3399 2716 3453 domum
2741 3410 2914 3456 tuam:
2937 3401 2982 3456 si
3012 3402 3202 3456 videris
3227 3401 3446 3469 nudum,
3473 3406 3640 3474 aperi,
3671 3414 3722 3458 et
3749 3405 3843 3459 do-

2240 3491 2476 3547 mesticos
2513 3492 2722 3546 seminis
2747 3493 2823 3546 tui
2849 3509 2953 3547 non
2979 3493 3250 3563 despicies.
3285 3492 3429 3549 Tunc
3455 3495 3652 3550 orietur
3679 3507 3845 3551 matu-

2241 3585 2404 3638 tinum
2449 3585 2622 3640 lumen
2656 3595 2820 3652 tunnt,
2848 3596 2894 3640 et
2919 3586 3112 3641 sanitas
3133 3596 3225 3640 tua
3252 3587 3355 3642 cito
3389 3588 3607 3655 orietur,
3638 3599 3686 3643 et
3708 3607 3845 3662 prte-

2240 3678 2382 3731 cedet
2411 3688 2528 3732 ante
2557 3687 2606 3732 te
2625 3679 2857 3751 justitia,
2901 3689 2948 3734 et
2974 3683 3218 3752 majestas
3243 3676 3342 3735 Dei
3386 3681 3730 3736 circumdabit
3772 3692 3840 3738 te.

2244 3771 2393 3827 Tunc
2420 3773 2683 3840 clamabis,
2717 3785 2765 3828 et
2794 3772 2939 3830 Deus
2959 3774 3196 3830 exaudiet
3213 3784 3261 3830 te
3291 3791 3308 3830 :
3334 3785 3381 3829 et
3414 3775 3588 3830 adhuc
3617 3775 3846 3844 loquenti

2243 3865 2334 3920 tibi
2363 3865 2494 3920 dicet
2525 3883 2543 3921 :
2572 3865 2709 3920 Ecce
2737 3865 3205 3940 adsum(lb.t.vm,
3225 3866 3300 3938 6).
3320 3867 3514 3925 Aderit
3545 3868 3642 3924 tibi
3675 3869 3840 3936 Deus,

2244 3959 2290 4015 si
2323 3959 2494 4030 primo
2521 3961 2716 4015 credas
2742 3961 2794 4015 in
2816 3975 2962 4022 eum.
2981 3961 3026 4017 si
3050 3961 3248 4016 deinde
3275 3960 3340 4016 ad
3361 3959 3479 4017 btet:
3503 3963 3739 4017 verteris
3765 3970 3844 4018 te-

2245 4063 2380 4118 met,
2397 4068 2519 4123 qum
2540 4051 2704 4109 etiam
2729 4052 2864 4109 infra
2888 4053 3023 4109 dicit
3050 4054 3350 4124 implenda:
3374 4054 3436 4111 Si
3457 4059 3672 4127 auferas
3686 4065 3725 4093 η
3745 4072 3775 4110 a
3794 4064 3844 4112 te

2241 4146 2502 4201 vinculum
2533 4147 2818 4217 iniquitatis
2839 4157 2886 4202 et
2909 4146 3258 4218 obligationis,
3287 4157 3333 4202 et
3361 4149 3568 4204 verbum
3612 4166 3842 4204 murmuro

2243 4240 2489 4307 rationis,
2513 4250 2560 4295 et
2585 4240 2790 4295 dederis
2815 4240 3063 4296 esurienti
3104 4257 3292 4312 panem
3322 4250 3466 4295 tuum
3492 4257 3558 4296 ea:
3580 4242 3774 4308 animo,
3795 4249 3842 4298 et

2221 4351 2224 4354 ’
2247 4335 2475 4390 animam
2504 4333 2825 4389 humiliatam
2846 4333 3136 4388 satiaberis.
3170 4332 3314 4388 Tunc
3332 4333 3529 4390 orietur
3552 4334 3842 4390 intenebris

2245 4429 2415 4484 lumen
2447 4427 2559 4496 tibi,
2576 4439 2622 4482 et
2641 4427 2862 4483 tenebrat
2881 4427 2971 4482 tibi
2996 4435 3052 4482 ut
3073 4427 3310 4482 meridies
3329 4437 3482 4483 erunt
3496 4443 3516 4482 :
3532 4440 3579 4482 et
3601 4430 3691 4483 erit
3703 4426 3842 4484 Deus

611 4569 636 4596 ιι
676 4559 1012 4616 Gerundium
1078 4563 1364 4635 torquendo
1428 4577 1529 4632 pro
1574 4561 1848 4635 inlinitivo
1903 4572 2141 4634 torquere
2167 4568 2436 4629 Dcontra
2463 4563 2751 4620 Constant.
2794 4564 2938 4622 idem
2991 4566 3142 4622 hisce
3169 4565 3351 4624 verbis
3395 4566 3713 4635 Imperatori
3747 4583 3843 4625 ex-

539 4641 786 4706 usurnat.
813 4641 873 4706 ut
895 4647 1056 4706 supra
1083 4632 1299 4706 ferendo
1329 4647 1425 4703 pro
1449 4639 1605 4706 ferre.
1641 4633 1746 4690 Til.
1772 4642 1830 4690 et
1859 4635 1909 4690 la
1940 4632 2136 4692 Gerda.

611 4701 638 4739 ιι
674 4699 944 4772 Demisisti
968 4699 1288 4772 contractos.
1329 4699 1497 4760 \‘atic.

610 4784 632 4811 ε
677 4771 941 4852 parceres,
965 4771 1196 4852 metalla,
1220 4785 1328 4832 etc.
1356 4776 1534 4833 Latin.
1554 4775 1714 4844 Vide,
1737 4793 1860 4850 qua:
1881 4778 1936 4835 in
1961 4779 2136 4852 lib..2.

543 4846 855 4902 notabimus
884 4850 983 4901 hac
1004 4845 1072 4902 de
1099 4860 1179 4902 re.

614 4914 642 4955 ἀ
681 4917 850 4972 Anne.
873 4915 955 4970 Id.

619 4999 642 5027 ο
684 4985 965 5042 Inveniris.
994 4987 1076 5042 Id.
1100 4997 1155 5044 et
1179 4989 1496 5047 Galandius.

615 5058 636 5100 ί
679 5060 787 5115 Pro
816 5060 1138 5128 impudente.
1164 5063 1340 5130 qualis
1366 5074 1449 5117 est
1480 5064 1737 5120 Diabolus
1758 5064 2000 5121 omnium
2026 5065 2137 5121 itte-

541 5133 837 5190 reticornm
868 5141 1039 5204 pater.
1075 5130 1178 5204 Til.
1205 5144 1258 5187 et
1305 5134 1354 5188 la
1404 5134 1597 5190 Cerda.
1635 5135 1953 5204 Inciperato.
1999 5138 2141 5194 Pon-

540 5206 657 5262 cius
692 5204 830 5272 apud
883 5203 1061 5258 Latin.
1098 5203 1486 5275 Lugdunenses
1517 5207 1651 5262 Bibl.
1716 5203 1819 5264 P7P.
1871 5210 2137 5274 editores,

541 5289 703 5352 prout
732 5279 1121 5352 interpretatus
1146 5278 1318 5352 fuerat
1341 5276 1535 5352 Tilius.
1557 5279 1778 5334 edidere
1800 5281 2101 5352 impudente
2120 5297 2139 5336 :

538 5347 686 5418 quod
718 5363 824 5400 non
851 5347 1189 5417 probandum
1217 5349 1452 5403 videtur.
1487 5349 1696 5406 Passim
1727 5347 1884 5406 enini
1905 5353 2135 5408 insolen-

543 5421 690 5494 t_ibus
731 5420 957 5494 vocibus
1006 5419 1174 5494 utitur
1211 5419 1473 5494 Lurcifer._
1506 5420 1637 5478 Vide
1664 5424 1740 5478 sis
1775 5422 2037 5494 Cangium
2086 5425 2141 5481 in

542 5489 725 5547 Gloss.
763 5489 826 5543 V.
868 5490 1243 5558 impnderatus.
1269 5490 1499 5548 Galand.

620 5571 646 5610 s
687 5561 953 5638 Memorat
974 5561 1212 5638 Lucifer,
1243 5575 1445 5632 quanto
1477 5563 1680 5631 favore,
1704 5574 1770 5638 et
1787 5575 1992 5638 quanta
2023 5566 2142 5638 pol-

542 5632 719 5709 l_erent
747 5635 1071 5709 auctoritate
1103 5635 1313 5702 Ariani,
1347 5638 1645 5709 prtnsertint
1697 5632 1973 5709 Episcopi,
1999 5632 2140 5709 apud

541 5701 950 5784 gonslantium;
975 5707 1066 5784 qui
1092 5721 1190 5784 suo
1218 5701 1410 5784 cuneta
1437 5701 2011 5784 arbitratugerebant,
2035 5701 2140 5784 Ca-

538 5775 868 5831 tholicorum
903 5775 1060 5832 bonis
1111 5778 1288 5840 ditati.
1329 5790 1386 5836 et
1437 5781 1827 5836 illustrioribus
1874 5781 2138 5839 Ecclesiis

540 5845 698 5918 potiti
724 5863 737 5899 :
760 5856 815 5904 et
848 5846 956 5904 huc
1001 5847 1228 5918 respicit
1256 5849 1492 5909 fortasse
1531 5852 1772 5910 Hilarius
1815 5851 1869 5910 in
1907 5854 2005 5912 lib.
2038 5868 2132 5910 un.

2247 4636 2548 4710 probrans:
2579 4637 2931 4710 Episcopatus
2978 4639 3082 4693 tuis
3110 4638 3302 4704 donas;
3327 4654 3359 4694 e
3378 4639 3580 4706 quibus
3602 4642 3842 4710 quinqua-

2244 4705 2387 4782 ginta
2401 4707 2608 4782 aedium
2626 4705 2907 4780 Episcopos
2928 4726 3045 4764 cum
3063 4710 3310 4782 satellitio
3333 4705 3556 4782 militari
3573 4705 3641 4766 ad
3657 4705 3837 4768 inuitas

2243 4780 2470 4908 :gpsiglo:
2496 4780 2658 4850 fuisse
2687 4783 2988 4850 submissos,
3020 4791 3253 4838 testatur
3277 4781 3545 4838 Atbanas.
3579 4784 3631 4840 in
3671 4786 3832 4854 epist.

2429 4869 2439 4904 l
2477 4890 2490 4906 .

2429 4869 2490 4906 Ιῐο

2316 4921 2341 4961 h
2368 4923 2527 4978 Vers.
2557 4923 2686 4979 Ant.
2724 4923 3070 4993 Erumpet....
3103 4935 3151 4980 et
3177 4925 3425 4983 sanitates
3464 4937 3637 4983 tum...
3668 4927 3836 4982 orien-

2241 5005 2347 5072 tur,
2374 5005 2422 5050 et
2452 4995 2650 5072 prteibit
2672 4996 2726 5050 in
2752 5007 3030 5064 conspectu
3053 5007 3140 5052 tuo
3166 4997 3370 5067 iustitia
3394 5008 3508 5068 tua,
3536 5010 3585 5055 et
3608 5000 3834 5072 gloria...

2240 5067 2423 5121 Adhuc
2453 5068 2687 5135 loquente
2716 5078 2783 5134 te,
2799 5076 2907 5124 etc.

2319 5139 2336 5210 ᾇ
2374 5137 2442 5210 Et
2463 5138 2822 5210 adhue-habet
2855 5141 3014 5210 paulo
3045 5139 3182 5196 infra
3213 5139 3359 5197 idem
3395 5142 3636 5199 Lucifer.

2318 5209 2333 5260 J'
2373 5209 2610 5280 Caliglne
2639 5209 2820 5266 Latin.
2855 5209 2954 5268 Sed
2999 5212 3070 5270 ab
3115 5212 3269 5269 edito
3316 5230 3426 5270 non
3473 5212 3834 5272 discesserim.
3925 5213 3934 5220 ’

2243 5281 2476 5338 Galand.
2509 5293 2682 5338 recte.

2317 5351 2534 5429 k‘Vers.
2565 5354 2692 5429 Ant.
2720 5365 2775 5409 et
2793 5353 2925 5412 Sab.
2946 5356 3026 5412 sic
3048 5357 3445 5429 interpungunt
3469 5376 3482 5414 :
3517 5356 3587 5414 Et
3609 5359 3660 5413 in
3678 5357 3840 5413 ercet-

2247 5427 2318 5480 sis
2345 5425 2580 5480 habitans
2609 5428 2664 5481 in
2717 5439 2998 5493 teternum;
3042 5425 3274 5485 Sanctus
3306 5425 3373 5486 “in
3423 5432 3616 5486 sanctis
3660 5444 3836 5485 nam

2249 5498 2363 5563 illi;
2399 5497 2634 5552 excelsus
2659 5499 2712 5553 in
2744 5501 2955 5563 sanctis,
2987 5509 3096 5557 etc.

2325 5565 2343 5606 1
2378 5566 2542 5646 Yers.
2566 5574 2695 5625 Ant.
2722 5569 2868 5646 Daris
2893 5573 3217 5646 patientiam,
3244 5582 3291 5628 et
3317 5575 3475 5629 vitam
3500 5573 3672 5646 bisqui
3689 5570 3834 5625 tarde

2245 5640 2697 5720 contritisunt..._.
2732 5640 2967 5720 Ulciscar
3003 5645 3057 5698 in
3076 5640 3384 5720 comaeque
3649 5646 3836 5699 irascar

2244 5714 2426 5786 vobis.
2441 5712 2509 5768 Sa
2519 5717 2581 5768 ba
2593 5725 2604 5766 l
2617 5754 2630 5768 .
2673 5714 2799 5786 legit
2829 5717 3288 5786 animatquitatem.

2314 5731 2409 5767 ats.
2441 5731 2630 5768 bttDal.
2673 5731 2799 5842 tegit
2829 5731 3288 5801 atttianpumem.
3787 5784 3800 5795 .

2314 5783 2545 5910 20:338..
2573 5789 2700 5842 Am.
2770 5802 2789 5841 ⁸
2813 5786 3183 5846 αωωιθηδοηο
3208 5789 3610 5862 εοίιῖσσιὶοηειη,
3629 5797 3676 5846 et
3696 5783 3828 5842 ordi-

2241 5872 2524 5914 nationem.
