4042 6338
293 322 391 380 88l

1361 324 1497 382 PRO
1534 322 1807 383 SANCTO
1844 318 2243 378 ATHANASIO
2280 319 2411 379 LIB.
2452 321 2516 376 ll.

3493 321 3603 379 882

292 450 410 496 tuus
442 450 606 495 tecum
636 455 854 509 semper,
880 449 926 493 et
953 440 1228 509 repleberis
1251 441 1383 495 sicut
1417 440 1677 497 desiderat
1711 442 1885 496 anima
1911 443 1968 503 Α
1989 439 2201 497 scribas
2227 446 2409 497 certos
2438 440 2579 510 quod
2608 449 2701 496 aut
2739 440 3103 497 Athanasium
3144 441 3447 499 antistitem
3498 441 3597 498 Dei

291 544 404 597 tua,
428 543 477 590 et
508 533 679 588 omnia
708 549 824 587 ossa
856 541 945 587 tua
974 533 1324 605 pinguescent.
1354 542 1405 589 et
1426 544 1578 589 erunt
1606 534 1735 590 sicut
1764 534 1887 589 [toro

288 636 373 682 tus
393 626 645 687 ebrius,et
674 627 808 681 sicut
825 629 943 697 fons
963 625 1049 679 cui
1077 642 1178 680 non
1209 625 1397 697 defecit
1426 634 1600 696 °aqua
1618 624 1782 698 (Ibid.
1807 625 1889 699 9).

286 721 449 787 Haec,
479 731 539 776 ut.
582 722 695 792 jam
724 721 929 777 dictum
960 729 1076 784 est,
1109 722 1370 792 consequi
1403 722 1633 792 poteris,
1663 722 1707 776 si
1743 731 1795 777 te
1822 721 1888 776 ad

286 816 577 874 ecclesiam
600 816 870 885 conferas,
906 817 953 873 si
979 817 1270 873 coarianos
1294 829 1416 872 tuos
1443 816 1615 883 vites,
1664 816 1709 871 si
1743 816 1888 871 illam

284 911 651 982 malignorum
678 908 1153 981 congregationem
1177 918 1416 965 vestram
1446 909 1599 966 odire
1624 908 1887 981 digneris.

283 1005 442 1062 ‘l‘nnc
470 1005 576 1061 erit
606 1004 750 1061 Deus
778 1015 954 1060 tecum
980 1019 1220 1075 semper,
1252 1012 1385 1060 tunc
1404 1006 1457 1058 in
1483 1004 1720 1063 tenebris
1748 1004 1891 1060 orie-

284 1106 374 1154 tur
406 1099 588 1153 lumen
614 1098 746 1165 tibi,
781 1107 909 1153 tuuc
936 1096 1177 1153 tenebrae
1207 1098 1303 1153 tibi
1332 1104 1391 1152 ut
1419 1097 1682 1154 meridies
1705 1105 1885 1164 erunt,

282 1201 414 1247 tunc
432 1193 485 1247 in
518 1191 673 1247 bonis
696 1190 964 1262 dirigetur
997 1191 1102 1246 iter
1132 1202 1308 1245 tuum.
1341 1190 1613 1246 Caeterum
1636 1190 1680 1245 si
1708 1190 1761 1245 in
1786 1188 1887 1246 hac

280 1284 589 1356 pervicacia
615 1285 903 1354 manseris,
938 1284 1064 1340 siin
1098 1278 1205 1339 hac
1232 1283 1577 1347 crudelitate,
1611 1292 1671 1339 ut
1697 1299 1884 1340 servos

280 1377 402 1449 ejus
448 1377 691 1446 crucies,
735 1392 841 1433 non
876 1387 1054 1433 tecum
1092 1378 1239 1434 Deus
1265 1378 1402 1444 erit,
1431 1377 1526 1434 sed
1558 1378 1682 1444 ille,
1713 1380 1803 1448 qui
1832 1387 1888 1434 et

278 1472 451 1529 hodie
477 1488 599 1531 esse
634 1475 686 1530 in
716 1482 901 1529 vestro
926 1483 1072 1530 coetu
1107 1474 1436 1529 Arianorum
1471 1473 1764 1541 invenitur,
1786 1473 1889 1530 hoc

275 1575 366 1621 est
391 1566 664 1623 diabolus.
694 1564 799 1622 Ista
848 1566 1052 1623 etenim
1096 1582 1218 1638 quae
1259 1582 1421 1638 agere
1451 1565 1720 1638 dignaris,
1774 1582 1884 1623 non

275 1672 407 1719 sunt
430 1663 562 1732 Dei,
589 1663 685 1720 sed
711 1662 941 1720 diaboli.
975 1662 1035 1720 Si
1064 1678 1231 1734 opera
1256 1671 1384 1720 sunt
1410 1663 1501 1719 illa
1529 1662 1651 1730 Dei,
1675 1672 1735 1719 ut
1760 1678 1886 1735 pro-

1994 548 2103 589 non
2128 533 2505 589 damnaverint
2530 533 2907 601 innocentem,
2932 543 3029 589 aut
3050 534 3195 604 quod
3223 549 3329 591 non
3356 535 3601 592 coluere-

1992 627 2102 683 tico
2154 636 2247 683 tuo
2280 626 2518 699 Georgio
2544 625 2573 666 ιι
2615 628 3171 694 communicaverint.
3223 638 3315 684 aut
3354 629 3498 700 quod
3538 644 3601 687 se

1996 720 2177 776 dicant
2198 720 2561 786 Christianos,
2593 721 2737 792 quod
2768 721 2946 777 nolint
2965 721 3104 777 efﬁci
3134 731 3470 791 conpostatae
3498 724 3599 793 tui,

1994 825 2219 884 possunt
2250 829 2384 869 sane
2422 815 2697 869 aestimare
2727 825 2772 883 ο,
2801 815 2848 870 si
2878 814 2967 870 illa
2998 830 3163 887 opera
3198 815 3313 872 Dan
3345 818 3458 873 sint
3486 816 3602 886 pla-

1991 909 2129 975 cita;
2162 911 2290 964 item
2318 909 2365 965 si
2389 909 2743 981 eleemosyna
2765 921 2849 965 est
2873 904 2997 974 ista,
3020 927 3182 982 quam
3205 910 3315 969 de‘1
3338 912 3600 984 lacrymis

1989 1003 2088 1059 das
2111 1004 2324 1071 alienis,
2351 1004 2417 1059 de
2436 1019 2628 1060 eorum
2664 1004 2843 1069 bonis,
2869 1006 2959 1075 qui
2996 1004 3297 1077 deportari,
3334 1007 3597 1073 interfici,

1990 1100 2368 1170 proscribiqne
2403 1099 2697 1155 maluerint
2729 1116 2757 1153 a
2791 1111 2873 1164 te,
2922 1116 3085 1170 quam
3126 1111 3218 1156 aut
3250 1100 3599 1160 innocentem

1988 1196 2275 1263 damnare,
2302 1205 2396 1251 aut
2441 1211 2642 1267 negare
2672 1196 2893 1251 unicum
2942 1196 3040 1251 Dei
3085 1197 3307 1265 Filium,
3343 1199 3395 1254 in
3436 1213 3600 1268 quem

1987 1290 2274 1347 credentes
2302 1289 2546 1345 sciebant
2580 1288 2921 1357 gloriﬁcatos
2970 1289 3280 1358 Abraham,
3315 1290 3465 1346 Isaac
3487 1332 3501 1357 ,
3545 1299 3603 1348 et

1986 1384 2176 1450 Jacob,
2206 1394 2259 1440 et
2288 1399 2485 1440 omnes
2526 1383 2847 1453 prophetas,
2884 1385 3167 1455 apostolos
3195 1399 3258 1441 ac
3289 1394 3593 1456 martyres,

1987 1493 2219 1549 quorum
2255 1487 2306 1532 te
2336 1477 2452 1534 fieri
2486 1478 2720 1540 socium,
2768 1484 2932 1548 atque
2977 1478 3231 1535 omnibus
3271 1479 3598 1549 participem

1986 1588 2075 1627 me
2099 1588 2323 1641 cupere,
2348 1588 2466 1628 mea
2485 1572 2627 1628 circa
2663 1583 2715 1629 te
2745 1572 2862 1627 haec
2886 1587 3008 1629 esse
3037 1582 3188 1643 vota,
3220 1574 3314 1631 ille
3337 1583 3420 1630 est
3439 1573 3595 1631 testis

1986 1666 2077 1738 qui
2105 1666 2260 1723 nobis
2289 1666 2535 1723 tribuere
2569 1667 2671 1722 hoc
2699 1675 2893 1739 potens
2916 1677 3021 1723 est.

350 1830 380 1896 ἢ
409 1820 489 1896 Ex
515 1819 710 1896 Graeco
756 1820 995 1896 s’Es'imsv.
1027 1818 1189 1896 vers.
1242 1821 1369 1896 aut.
1426 1820 1646 1886 deﬁciet.
1688 1819 1878 1896 Sabat.
1915 1827 1961 1887 Β
1990 1824 2259 1891 detracta,
2301 1823 2385 1880 vel
2430 1824 2572 1879 bona
2604 1824 3040 1894 EpiscOporum,
3085 1841 3223 1896 quos
3253 1827 3306 1881 in
3339 1828 3593 1885 exsilium

273 1893 475 1965 deﬁcit.
507 1892 625 1948 Alia
670 1892 918 1965 qumdam
971 1891 1110 1949 levia
1155 1892 1209 1947 in
1258 1890 1362 1948 hoc
1414 1902 1563 1948 textu
1587 1893 1800 1947 variant
1827 1893 1878 1947 in

391 1984 435 2018 ᾗ.
472 1984 599 2018 Am.

391 1984 435 2018 ς.
562 1975 599 2017 ι.

200 2036 205 2041 ’
272 1963 667 2107 vebrcegi'gius
692 2035 995 2108 Cappadox
1026 2035 1462 2091 Alexandrinam
1499 2034 1687 2090 sedem
1714 2049 1882 2108 occu-

271 2112 423 2235 pavit
457 2108 648 2235 adtan.
680 2106 851 2181 usque
872 2110 1001 2176 56f,
1039 2124 1148 2181 quo
1175 2123 1206 2163 a
1235 2108 1449 2164 furente
1480 2108 1684 2179 populo
1710 2106 1878 2164 inter-

292 2192 446 2235 ectus
467 2196 525 2235 i-s
559 2220 570 2233 .
1596 2191 1601 2197 '

292 2189 446 2236 'ecttts
467 2189 570 2235 est.
1596 2191 1601 2197 '

349 2264 372 2291 ε
398 2250 696 2307 .Estimari.
730 2252 915 2309 Latin.
948 2261 1002 2308 et
1031 2251 1261 2307 Galand.

344 2320 370 2360 δ
393 2324 747 2381 .Gloriahatur
777 2326 1011 2381 maxime
1041 2323 1395 2379 Constantius
1438 2324 1491 2379 in
1541 2322 1875 2379 ecclesiasti-

267 2397 350 2452 cis
397 2396 726 2461 sumptibus,
759 2406 815 2453 et
863 2396 951 2467 pia
978 2398 1210 2466 quadam
1240 2398 1291 2449 in
1324 2411 1596 2467 pauperes
1628 2396 1875 2450 liberali-

270 2478 409 2533 tate;
442 2470 537 2522 sed
558 2469 867 2525 haeceidem
891 2469 1184 2538 exprobrat
1218 2467 1433 2523 Lucifer
1454 2476 1570 2522 tum
1602 2468 1723 2533 hic,
1754 2475 1869 2522 tum

266 2540 393 2597 aliis
424 2540 479 2596 in
524 2540 681 2610 locis,
725 2543 929 2614 quippe
960 2541 1048 2597 vel
1085 2540 1259 2613 spolia
1285 2556 1315 2597 e
1339 2540 1624 2600 catholicis
1649 2541 1874 2613 templis

280 2695 307 2712 Ο

1983 1897 2245 1967 ejccerat.
2274 1905 2328 1950 et
2358 1896 2781 1959 catholicorum,
2816 1898 3015 1963 quibus
3045 1909 3137 1952 aut
3161 1898 3328 1954 vitam
3362 1898 3593 1962 auferri.

1981 1979 2074 2025 aut
2118 1968 2405 2023 facultates
2438 1968 2702 2035 publicari
2727 1968 2964 2037 jnsserat
2989 2011 3004 2034 ,
3040 1971 3091 2022 in
3115 1970 3255 2025 alios
3290 1976 3593 2033 praesertim

1980 2058 2094 2097 sur
2124 2042 2296 2108 partis
2329 2039 2579 2093 homines
2627 2040 2932 2104 largi~sinie
2956 2056 3033 2094 ert
3055 2042 3238 2111 gabat.
3272 2042 3413 2096 lliuc
3440 2043 3590 2096 ltili-

1980 2115 2101 2171 rins
2129 2114 2182 2165 in
2210 2111 2303 2166 lib.
2337 2112 2481 2165 unic.
2507 2123 2696 2165 c0utra
2727 2111 3143 2166 Constantium:
3178 2113 3319 2167 Auro
3337 2114 3591 2180 reipubli-

1979 2202 2054 2240 ca:
2080 2194 2318 2235 sanctum
2343 2181 2438 2236 Dei
2469 2198 2677 2241 oneras.
2712 2196 2757 2235 et
2786 2186 2863 2236 uel
2884 2184 3117 2253 detracta
3138 2186 3362 2250 templis,
3387 2186 3465 2239 vel
3496 2203 3591 2253 pu-

1971 2257 2163 2311 blicata
2178 2254 2390 2327 edictis,
2413 2253 2492 2307 vel
2522 2265 2701 2327 exacta
2732 2256 2894 2327 pinnis
2922 2252 3035 2327 Deo
3066 2256 3290 2327 ingeris;
3322 2266 3377 2310 et
3408 2257 3538 2313 ibid.
3569 2276 3585 2314 :

1981 2326 2231 2385 Ecclesia:
2262 2335 2393 2378 tecta
2420 2326 2595 2388 struit,
2620 2337 2674 2379 ut
2707 2326 2859 2393 ﬁdem
2893 2326 3165 2392 destruat;
3194 2330 3342 2380 unde
3374 2327 3590 2384 Lucifer

1982 2402 2097 2471 ipse
2123 2398 2380 2471 superius
2412 2415 2424 2452 :
2461 2395 2532 2450 Es
2552 2399 2831 2471 memorias
2857 2410 3146 2471 martyrum
3168 2400 3502 2466 instaurans,
3543 2409 3591 2456 et

1978 2467 2241 2529 servorum
2267 2467 2367 2525 Dei
2395 2486 2630 2526 cruorem
2659 2470 2853 2539 fundis.

1148 2877 1391 2964 PRO
1466 2876 1922 2965 SANCTO
1997 2876 2385 2964 ATHAN
2399 2878 2670 2964 ASIO

1564 3040 1803 3103 LIBER
1844 3040 2270 3105 SECUNDUS.

332 3333 516 3390 Audes
538 3333 603 3389 ad
631 3334 746 3390 Deo
773 3300 980 3391 dicaios
1005 3334 1248 3401 tendere,
1279 3333 1598 3399 Constanti,
1642 3345 1857 3397 manus,
1889 3333 1935 3396 C
1965 3333 2096 3403 ejus,
2115 3339 2162 3384 et
2184 3329 2523 3401 proselytttm,
2554 3338 2605 3383 et
2625 3344 2925 3401 pauperem,
2954 3337 3003 3384 et
3025 3329 3233 3383 viduam
3263 3345 3369 3385 non
3394 3338 3579 3399 poten-

257 3428 324 3485 ad
366 3444 461 3485 eos
489 3428 793 3492 vexandos.
844 3444 1075 3501 quorum
1109 3428 1424 3485 felicitatem
1454 3425 1693 3482 declarat
1733 3441 1866 3494 apo-

257 3524 434 3580 stolus
486 3523 721 3581 dicens:
758 3523 963 3581 Scimus
1012 3534 1184 3579 autem
1236 3522 1481 3593 quoniam
1529 3520 1864 3595 diligentibus

258 3618 544 3674 Dominum
563 3629 588 3657 λ
619 3620 792 3675 omnia
815 3619 1101 3690 procedunt
1127 3620 1183 3673 in
1209 3617 1395 3672 bonum
1412 3658 1428 3683 ,
1461 3617 1543 3671 Itis
1569 3619 1658 3684 qui
1684 3632 1864 3670 secun-

256 3717 383 3770 dum
401 3715 726 3787 propositum
749 3715 915 3769 vocati
939 3723 1077 3780 sunt,
1121 3730 1248 3785 quos
1286 3711 1511 3785 prwsciit
1531 3719 1579 3764 et
1600 3710 1867 3779 pra’desti—

255 3808 400 3862 navit
442 3810 730 3879 conformes
782 3806 899 3876 ﬁeri
939 3806 1154 3879 imagini
1201 3804 1330 3859 Filii
1371 3806 1481 3877 ejus
1536 3800 1712 3875 (Rom.
1747 3816 1860 3867 Vill,

256 3899 377 3972 28).
410 3899 721 3956 Procedunt
742 3898 961 3971 quidem
983 3900 1138 3955 nobis
1162 3900 1216 3953 in
1243 3899 1444 3953 bonum
1471 3906 1577 3951 tute
1606 3908 1863 3966 persecu-

253 3994 453 4049 tiones.
486 3993 594 4050 Sed
624 3994 855 4049 adverte
884 4007 983 4064 per
1009 3991 1307 4047 Jeremiam
1340 4005 1463 4061 qua:
1492 3988 1646 4044 vobis
1678 4001 1863 4057 perse-

250 4087 535 4143 cutoribus
592 4087 873 4158 promittat
920 4086 1063 4140 Deus
1095 4084 1284 4138 dicens
1339 4098 1351 4131 :
1412 4080 1640 4137 Sanctus
1690 4078 1863 4132 Israel

253 4178 500 4246 Domino,
530 4179 735 4233 initium
764 4179 1153 4249 generationum
1183 4179 1295 4249 ejus
1321 4191 1340 4230 :
1371 4190 1546 4228 omnes
1587 4173 1673 4243 qui
1702 4171 1859 4225 edunt

250 4289 390 4336 eum,
422 4273 752 4340 paenitebuut.
782 4270 836 4325 Μ
845 4274 931 4327 ala
946 4270 1191 4324 inducam
1209 4284 1364 4339 super
1383 4283 1493 4332 eos,
1520 4265 1646 4319 dicit
1678 4263 1860 4318 Domi-

250 4382 351 4421 nus
375 4364 510 4433 (ler.
544 4381 602 4432 tt,
635 4363 715 4432 5).
748 4364 978 4421 Venient
1018 4378 1181 4434 super
1210 4371 1262 4416 te
1303 4361 1440 4415 mala
1467 4375 1590 4431 qua:
1613 4359 1705 4414 tibi
1734 4373 1859 4429 pro-

251 4461 420 4515 mittit
454 4460 618 4527 Deus,
643 4456 953 4525 Constanti,
983 4457 1085 4513 nisi
1138 4464 1303 4513 temet
1341 4455 1671 4521 correxeris,
1720 4452 1859 4511 sicut

247 4561 529 4608 venerunt
558 4567 724 4620 super
748 4550 908 4607 illum
959 4551 1218 4622 populum
1265 4549 1539 4605 carnalem
1581 4547 1855 4603 comblas-

248 4644 509 4715 phemum
533 4653 705 4709 tuum,
730 4644 798 4699 ad
823 4659 984 4715 quem
1008 4642 1210 4699 dicitur
1236 4660 1247 4695 :
1282 4640 1360 4696 Tu
1382 4639 1701 4710 malignatus
1719 4655 1771 4694 es
1800 4649 1857 4693 ut

1966 3418 2138 3479 (abitis
2153 3435 2173 3463 ο
2187 3465 2201 3489 ,
2220 3424 2521 3493 sanguinem
2538 3424 2826 3477 innocentis
2840 3440 2941 3477 non
2956 3423 3244 3489 e/fuderitis
3255 3426 3307 3478 in
3330 3424 3427 3479 hoc
3439 3426 3575 3491 loco,

1961 3528 2011 3573 et
2033 3527 2147 3588 post
2159 3518 2357 3573 alienos
2374 3516 2509 3572 Deos
2542 3533 2644 3571 non
2666 3516 2873 3571 abibitis
2901 3514 3011 3587 (Ib.
3031 3533 3125 3580 vn,
3142 3517 3220 3588 ὅ).
3244 3517 3575 3576 Emendabis

1962 3611 2078 3666 vias
2109 3622 2250 3675 tuas,
2280 3610 2324 3665 si
2370 3610 2482 3679 jam
2522 3609 2740 3665 desinas
2780 3612 3033 3679 persequi
3071 3610 3162 3664 Dei
3194 3624 3408 3678 servos,
3440 3611 3486 3665 si
3522 3622 3578 3667 te

1964 3702 2335 3760 Christianum
2370 3702 2537 3759 fueris
2554 3705 2860 3761 confessus.
2888 3709 2944 3757 et
2972 3716 3095 3758 esse
3124 3702 3387 3758 Ariauum
3416 3717 3582 3773 nega-

1965 3796 2129 3859 veris,
2161 3797 2206 3851 si
2234 3795 2428 3851 Filium
2462 3795 2580 3856 Dei,
2616 3810 2803 3849 verum
2826 3793 2921 3849 Dei
2953 3794 3148 3849 Filium
3176 3794 3500 3863 credideris,
3530 3795 3580 3851 si

1961 3889 2251 3945 anathema
2305 3888 2501 3944 feceris
2531 3888 2779 3944 dicentes
2811 3905 2824 3942 :
2861 3887 2991 3943 Erat
3019 3885 3046 3924 ἀ
3067 3888 3277 3959 quando
3302 3904 3403 3943 non
3438 3900 3575 3957 erat,

1963 3993 2020 4040 et.
2051 3988 2221 4054 factus
2260 3993 2339 4036 est
2365 3998 2431 4037 ea:
2477 3982 2643 4036 nihilo
2677 3999 2690 4035 :
2723 3981 2959 4035 mutabis
3005 3981 3121 4035 vias
3156 3990 3295 4045 tuas,
3324 3981 3371 4035 si
3407 3980 3582 4049 pmui-

1966 4076 2133 4131 tueris
2161 4090 2261 4146 pro
2282 4074 2617 4140 homicidiis,
2648 4089 2859 4145 proque
2886 4073 3220 4144 esacrilegio
3265 4082 3393 4139 tuo;
3433 4072 3575 4128 alio-

1961 4170 2091 4241 quin
2124 4170 2235 4224 eris
2266 4168 2310 4235 ί,
2348 4178 2403 4223 ut
2433 4183 2578 4222 nunc
2627 4183 2710 4235 es,
2740 4183 2829 4235 ex
2861 4166 2994 4230 illis,
3031 4166 3082 4219 in
3105 4180 3339 4235 quorum
3372 4177 3577 4232 expro-

1962 4262 2267 4319 brationem
2308 4262 2511 4317 dicitur
2538 4277 2567 4315 a
2613 4262 2722 4316 Deo
2758 4278 2771 4315 :
2808 4260 3079 4329 Numquid
3124 4257 3374 4329 spelunca
3413 4256 3578 4311 latro-

1962 4372 2086 4409 num
2114 4366 2187 4410 est
2217 4355 2401 4408 domus
2424 4370 2561 4420 mea,
2584 4354 2638 4407 in
2668 4369 2767 4423 qua
2794 4362 3028 4407 vocatum
3060 4359 3133 4403 est
3175 4365 3360 4403 nomen
3405 4365 3579 4404 meum

1964 4446 2129 4522 (Ibid.
2163 4446 2457 4517 il)?Quos
2483 4446 2563 4500 vis
2606 4459 2729 4503 esse
2786 4442 2882 4499 Dei
2910 4443 3137 4499 domum
3159 4483 3172 4507 ,
3206 4455 3376 4497 Vosne
3418 4440 3577 4497 Aria-

1962 4558 2083 4610 nos,
2104 4558 2171 4598 an
2200 4558 2298 4597 nos
2318 4540 2695 4596 Christianos?
2724 4538 2780 4594 Si
2803 4538 2951 4594 enim
2977 4546 3161 4593 vestra
3185 4535 3420 4605 maligna
3445 4548 3579 4590 con-

1958 4639 2203 4712 gregatio
2225 4647 2310 4694 cst
2337 4636 2535 4692 domus
2564 4634 2682 4701 Dei,
2713 4648 2844 4705 ergo
2896 4633 3171 4687 latronum
3218 4629 3575 4701 congregatio

246 4739 610 4809 coinquinares
630 4740 739 4793 vias
773 4749 905 4803 tuas,
952 4746 1000 4792 et
1028 4737 1083 4791 in
1110 4734 1345 4789 manibus
1391 4733 1493 4787 tuis
1518 4732 1753 4786 inventus
1782 4741 1856 4786 est
1886 4732 1934 4793 D
1961 4744 2046 4791 est
2075 4733 2267 4788 domus
2292 4732 2410 4787 Dei.
2446 4729 2556 4787 Vos
2584 4729 2790 4784 etenim
2822 4724 3102 4781 fundendo
3128 4722 3452 4796 sanguinem
3475 4721 3577 4777 Dei

244 4833 461 4905 sanguis
514 4832 812 4885 animarum
853 4830 1206 4885 innocentium
1249 4825 1414 4901 (Ibid.
1459 4825 1573 4895 55).
1629 4823 1755 4879 Eris
1802 4823 1856 4879 in

246 4935 514 4981 aternum
565 4924 708 4980 inter
749 4922 845 4979 Dei
891 4922 1171 4987 inimicos,
1213 4922 1314 4976 nisi
1361 4919 1602 4975 audieris
1631 4918 1858 4973 audiens

244 5017 369 5088 ejus
395 5026 639 5072 sanctam
668 5015 907 5072 dicentis
933 5014 1360 5069 admonitionem
1398 5030 1411 5065 :
1448 5010 1509 5068 Si
1532 5009 1863 5066 emendantes

245 5110 635 5167 emendabitisb
664 5116 776 5166 vias
805 5119 1021 5175 vestras,
1070 5120 1119 5164 et
1159 5109 1499 5181 cogitationes
1552 5116 1766 5168 vestras,
1815 5112 1862 5158 et

244 5206 501 5281 facientes
528 5204 753 5277 feceritis
796 5202 1063 5277 judicium
1104 5202 1240 5256 inter
1292 5200 1457 5255 uirum
1485 5207 1532 5253 et
1562 5196 1859 5268 proximum

321 5395 348 5425 ⁸
378 5385 537 5441 Vers.
566 5385 697 5439 Ant.
731 5383 993 5438 Deum...
1039 5384 1095 5437 in
1136 5382 1374 5437 bonis....
1420 5382 1542 5451 quia
1567 5398 1695 5454 quos
1726 5399 1861 5454 prte-

246 5461 437 5513 scit....
462 5457 706 5527 imaginis
722 5498 738 5521 ,
778 5465 885 5511 etc.

320 5529 351 5570 b
376 5526 582 5584 tabat.
598 5529 734 5598 legit
780 5526 1190 5581 emendaveritis.

328 5612 353 5641 ε
387 5601 442 5656 Id
463 5609 567 5666 est,
596 5597 898 5672 potestatem
930 5606 1149 5672 vestram
1175 5613 1278 5672 non
1302 5597 1626 5672 exercebitis,
1658 5608 1716 5651 ut
1744 5616 1867 5653 san-

254 5674 465 5748 guinem
520 5669 632 5744 ejus
680 5671 846 5739 [unda
869 5671 938 5733 is,
980 5678 1028 5724 et
1059 5670 1238 5748 ipsum
1255 5669 1577 5736 iulerﬁciatis
1609 5672 1739 5724 :ubi
1770 5687 1863 5743 po-

255 5740 605 5816 ientare,_p'rt_)
638 5751 939 5816 potestatem
967 5752 1016 5795 et
1045 5740 1332 5795 dominium
1354 5756 1591 5795 exercere
1614 5740 1861 5814 usurpat.

254 5816 365 5872 Til.
398 5829 444 5869 et
478 5814 530 5869 la
560 5813 744 5870 Cerdo.

330 5886 355 5923 ἀ
378 5887 529 5942 Hanc
554 5886 882 5943 Arianorum
908 5883 1196 5942 formulam
1212 5890 1404 5953 aperte
1421 5881 1696 5938 damnavit
1718 5882 1828 5953 Syu
1844 5915 1861 5926 ο

1962 4841 2270 4890 servorum,
2298 4834 2353 4879 nt
2378 4834 2506 4878 tunc
2532 4820 2827 4877 fundebant
2853 4818 3050 4881 Judaei,
3082 4814 3420 4887 inspicimini
3450 4825 3575 4867 esse

1960 4918 2225 4974 latrones.
2280 4918 2360 4972 Ex
2404 4915 2669 4971 fructibus
2717 4912 2855 4980 tuis,
2910 4910 3217 4981 Imperator
3257 4904 3569 4972 Constanti,

1963 5028 2071 5067 non
2102 5026 2225 5068 esse
2264 5009 2630 5073 Christianus,
2664 5006 2758 5063 sed
2807 5006 2967 5076 plane
3007 5017 3265 5073 manceps
3296 5000 3572 5054 latronum

1963 5106 2331 5178 cognosceris.
2367 5102 2627 5174 Praecipis
2652 5101 2886 5171 denique
2932 5102 3259 5154 innocentes
3295 5090 3574 5157 interimi,

1965 5200 2218 5256 habitans
2248 5198 2457 5255 scilicet
2479 5213 2587 5254 non
2613 5197 2667 5252 in
2711 5195 2947 5253 ecclesia
2976 5191 3215 5259 Domini,
3245 5187 3343 5245 sed
3365 5187 3419 5243 in
3446 5199 3572 5255 spe-

1973 5384 2112 5440 odus
2156 5384 2375 5440 Nicmna
2408 5402 2420 5437 :
2463 5381 2570 5438 Eos
2594 5394 2789 5451 autem,
2819 5384 2909 5453 qui
2936 5383 3137 5447 dicunt,
3180 5378 3309 5435 Erat
3355 5374 3578 5446 quando

1972 5473 2080 5511 non
2112 5470 2258 5519 erat,
2293 5468 2372 5519 et,
2402 5456 2726 5523 Prinsiiuatn
2778 5465 3121 5520 nasceretur,
3161 5465 3277 5523 non
3321 5456 3468 5523 erat,
3502 5457 3575 5514 et,

1969 5528 2102 5597 Quia
2125 5544 2188 5583 ex
2213 5529 2379 5583 nullis
2427 5519 2767 5583 exstantibus
2800 5526 2981 5581 factus
3005 5534 3090 5579 est
3111 5565 3126 5591 ,
3149 5521 3243 5575 hos
3266 5519 3570 5574 anathema-

1967 5601 2374 5674 tizatgcatbolica
2396 5609 2443 5654 et
2471 5601 2762 5669 apostolica
2792 5597 3051 5674 Ecclesia.
3224 5664 3236 5674 .
3367 5659 3403 5674 υ

2043 5670 2218 5727 eCum
2247 5672 2425 5726 Latin.
2459 5659 2518 5727 et
2541 5681 2690 5727 recte
2717 5674 2791 5726 ita
2819 5669 3194 5732 correximus;
3224 5664 3276 5718 in
3317 5659 3466 5718 edito
3489 5660 3567 5715 le-

1964 5744 2192 5816 gebatur
2223 5760 2316 5814 pro
2337 5760 2459 5816 quo.

2043 5814 2061 5852 ί
2092 5815 2210 5869 Eris
2242 5814 2374 5872 unus
2391 5832 2455 5871 ea:
2479 5816 2604 5873 illis.
2641 5814 2743 5869 Til.
