4042 6338
457 303 575 362 'sss
761 265 764 268 ’
1031 263 1036 268 ’
1551 299 1878 360 hUClFEBl
1915 301 2224 362 Episcopi
2263 301 2686 358 anaanANt
3673 301 3786 356 ass

465 421 630 476 lunca
667 419 938 474 latronum
969 437 982 470 :
1009 427 1120 472 non
1155 415 1366 472 desinis
1413 417 1724 476 interﬁcere
1771 431 1892 482 eos,
1933 431 2071 487 quos
2097 423 2148 480 Α
2176 433 2288 470 rere
2313 433 2392 470 me
2413 427 2460 470 et
2485 417 2796 488 intelligere,
2843 425 2890 470 et
2939 413 3142 470 scirein
3175 413 3342 468 Deum
3373 413 3615 488 gloriari,
3663 415 3788 484 quia

466 515 652 568 videas
683 511 912 568 iuterli'ci
947 517 1164 580 paratos
1201 523 1298 580 pro
1333 509 1478 564 unici
1513 509 1606 566 Dei
1639 509 1758 564 Filii
1791 509 2066 576 claritate,

467 623 566 676 pro
595 615 796 662 reterns
831 605 976 660 illius
1013 605 1316 672 majestate.
1347 603 1636 660 Nolulmus
1667 603 1734 658 ad
1759 602 1924 659 falsas
1943 617 2074 674 sug-

465 705 744 772 gestiones
789 709 930 766 tuas,
987 697 1122 754 dare
1169 709 1362 752 contra
1393 698 1570 754 virum
1613 699 1820 768 justum
1851 709 2074 754 sentcn-

469 795 622 858 tiam,
651 807 718 846 ne
745 799 802 846 et
827 805 930 848 nos
953 803 1268 862 percuteret
1294 801 1472 846 tecum
1503 801 1558 848 et
1589 807 1712 846 cum
1745 791 1950 850 Iudicis
1975 793 2072 846 ista

467 885 684 942 Domini
725 886 1031 956 increpatio
1057 903 1069 940 :
1101 883 1352 940 Eatendit
1383 885 1618 958 linguam
1643 901 1792 942 suam
1817 887 1948 940 sicut
1989 905 2078 942 ar-

471 995 588 1033 cum
623 979 678 1034 in
713 979 870 1050 falso,
903 989 950 1034 et
977 978 1108 1048 fides
1137 995 1242 1032 non
1267 978 1482 1038 inualuit
1529 995 1682 1052 super
1712 989 1920 1042 terram.
1954 981 2076 1050 quia

467 1074 533 1128 de
560 1073 714 1128 malis
745 1075 884 1128 mala
899 1073 1158 1138 exierunt,
1189 1081 1240 1126 et
1269 1089 1348 1126 me
1379 1073 1668 1127 nescierunt
1699 1071 1862 1144 (Ibid.
1891 1087 1966 1138 lx,
1993 1071 2072 1142 5).

471 1169 572 1236 Tu,-
603 1169 694 1240 qui
743 1167 1006 1222 falsorum
1049 1159 1116 1222 es
1147 1167 1438 1222 criminum
1483 1169 1844 1222 concinnatur
1875 1171 2078 1238 pariter

469 1273 526 1318 et
555 1271 790 1330 amatOr,
823 1273 880 1318 tu
919 1261 1210 1318 Dominum
1243 1263 1516 1328 nesciens,
1551 1263 1656 1318 nisi
1688 1273 1714 1300 ιι
1742 1273 1794 1318 te
1823 1279 2076 1320 correxe-

467 1357 566 1426 ris,
597 1369 652 1414 ut
679 1375 760 1426 es,
789 1375 936 1415 unus
963 1359 1074 1414 eris
1093 1375 1160 1414 ex
1209 1359 1348 1426 illis,
1379 1357 1448 1414 de
1487 1359 1684 1430 quibus
1715 1361 1976 1430 scriptum
2003 1359 2080 1416 le-

467 1455 594 1526 gisti
625 1472 638 1507 :
679 1451 954 1508 Veritatem
985 1471 1090 1508 non
1136 1454 1440 1520 loquuntur,
1473 1453 1654 1508 didicit
1695 1453 1876 1524 lingua
1901 1469 2078 1508 eorum

471 1549 612 1622 loqui
643 1549 970 1606 mendacium
999 1565 1018 1606 ι·
1045 1550 1231 1604 reverti
1261 1547 1564 1612 noluerunt,
1589 1557 1636 1602 et
1665 1565 1764 1602 nou
1789 1547 2082 1620 obrelique-

469 1655 592 1700 runt
625 1661 838 1700 usuram
875 1659 1030 1714 super
1067 1660 1302 1710 usuram,
1327 1643 1508 1698 dolum
1545 1657 1703 1712 super
1731 1643 1906 1696 dolum
1941 1657 1960 1696 :
1989 1659 2082 1696 no-

471 1741 680 1794 luerunt
731 1755 812 1794 me
857 1755 1028 1804 nosse,
1075 1739 1204 1792 dicit
1251 1739 1528 1792 Dominus.
1575 1739 1796 1810 Pr0pter
1821 1736 1950 1802 lucc,
1985 1737 2082 1794 hoc

2173 527 2270 582 ego
2290 527 2404 564 sum
2426 509 2677 564 Dominus
2703 510 2788 579 qui
2813 509 2952 582 facio
2973 509 3404 576 misericordium,
3431 519 3483 564 et
3497 509 3787 578 judicium,

2173 617 2222 663 et
2237 609 2500 682 justitiam
2525 625 2680 678 super
2701 617 2914 672 terram,
2941 607 3066 678 quia
3091 610 3145 660 in
3171 607 3252 661 his
3279 615 3352 662 est
3378 607 3622 662 uoluntas
3651 623 3790 674 mea,

2173 703 2298 782 dicit
2327 701 2584 758 Dominus
2607 701 2822 774 (Ibid.).
2847 702 2986 758 Cum
3019 703 3200 770 itaque
3225 701 3492 772 judicium
3527 703 3608 758 vis
3647 701 3796 772 inju-

2173 807 2318 854 stum
2353 813 2380 850 a
2413 799 2506 853 Dei
2539 799 2772 870 proferri
2797 799 3200 864 sacerdotibus,
3233 813 3356 854 cum
3399 797 3474 852 sis
3517 797 3670 852 lusor
3703 799 3794 852 in-

2177 891 2488 948 nocentium
2519 894 2820 964 sanguinis.
2855 908 2960 948 non
3005 909 3066 948 es
3105 893 3226 962 eius
3265 907 3482 960 servus,
3533 895 3628 964 qui
3673 893 3798 950 haec

2175 1001 2272 1042 ore
2299 987 2444 1058 loqui
2467 987 2722 1058 dignatus
2745 991 2816 1042 sit
2849 985 3156 1058 prophetat,
3189 985 3282 1042 sed
3319 987 3484 1058 plane
3535 1001 3598 1040 es
3641 985 3798 1041 illius

2177 1079 2412 1136 lautulus
2441 1083 2532 1154 qui
2567 1083 2864 1153 repleverit
2905 1099 3004 1138 cor
3031 1081 3192 1148 Cain,
3235 1083 3526 1152 iniustum
3555 1097 3796 1154 puerum

2179 1175 2412 1244 primum
2441 1175 2702 1232 cultorem
2739 1177 3072 1232 interﬁceret
3105 1173 3508 1232 DnminiJlinc
3529 1185 3616 1230 est
3645 1175 3798 1244 quod

2177 1283 2300 1324 cum
2331 1269 2408 1324 sis
2427 1279 2574 1324 tanta
2597 1269 2650 1324 in
2679 1269 3016 1326 sublimitate
3059 1269 3294 1340 positus,
3347 1285 3486 1322 unus
3519 1277 3704 1324 tamen
3731 1283 3802 1324 ex

2179 1363 2262 1418 his
2291 1379 2412 1418 esse
2445 1364 2763 1430 invenieris,
2797 1363 2866 1420 de
2887 1365 3088 1433 quibus
3131 1363 3420 1418 Dominum
3461 1361 3708 1418 locutum
3745 1361 3804 1416 in

2179 1457 2466 1528 evangelio
2497 1457 2674 1528 legisti
2703 1475 2716 1510 :
2753 1457 2852 1512 Vos
2877 1467 2898 1496 ο
2929 1459 2990 1512 de
3017 1457 3226 1512 diabolo
3249 1467 3398 1528 patre
3435 1457 3546 1511 nati
3577 1457 3732 1522 estis,
3759 1467 3810 1510 et

2181 1551 2650 1622 concupiscentiam
2679 1551 2844 1620 patris
2893 1552 3050 1606 vestri
3081 1553 3256 1624 facere
3297 1551 3454 1606 vultis
3481 1569 3500 1606 :
3529 1551 3622 1606 ille
3657 1550 3812 1605 enim

2183 1643 2438 1700 homicida
2451 1645 2550 1715 {ait
2577 1643 2640 1698 ab
2665 1643 2836 1710 initio,
2851 1653 2900 1698 et
2929 1645 2982 1698 in
3005 1645 3220 1698 ueritate
3251 1661 3354 1698 non
3381 1645 3522 1698 stetit
3545 1641 3660 1714 (Jo.
3681 1657 3812 1708 \‘lll,

2181 1735 2294 1806 Η).
2317 1735 2988 1792 lismeudaxethomicida
3015 1755 3027 1790 :
3054 1737 3310 1802 mendax,
3331 1737 3420 1807 qui
3445 1735 3672 1790 crituiua
3701 1735 3816 1790 l'al-

473 1832 599 1886 dicit
627 1825 880 1884 Dominus
909 1845 928 1884 :
959 1829 1091 1884 Ecce
1113 1835 1206 1902 ego
1243 1829 1490 1884 combura‘
1511 1835 1616 1892 eos,
1643 1837 1690 1884 et
1719 1829 1944 1902 probabo
1973 1845 2078 1897 cos,
2113 1823 2158 1884 B
2187 1845 2243 1886 sa
2269 1831 2540 1887 obieceris
2567 1829 2584 1868 τ
2617 1831 2890 1888 Deiservo
2910 1829 3236 1896 Athanasio;
3265 1825 3519 1896 mendas,
3539 1827 3664 1900 quia
3687 1829 3816 1884 hae-

471 1927 596 1996 quia
625 1926 696 1978 sic
725 1925 912 1998 {acia-ut
955 1943 986 1978 α
1011 1925 1148 1996 [acie
1185 1925 1530 1998 malignitatis
1577 1925 1702 1992 ﬁlim
1745 1925 1930 1994 populi
1967 1925 2083 1979 mei.

477 2019 684 2092 Sagitta
729 2021 1008 2074 vulnerans
1047 2021 1226 2093 lingua
1269 2035 1468 2084 eorum,
1515 2019 1748 2090 maligna
1789 2019 1940 2074 verba
1983 2019 2088 2074 oris

482 2117 658 2169 eorum
683 2131 702 2170 :
723 2109 960 2184 proauita
989 2119 1082 2170 imo
1107 2116 1334 2186 loquitur
1351 2115 1590 2184 pacifica,
1609 2121 1656 2168 et
1683 2115 1736 2168 in
1757 2113 2087 2182 semetipsum

473 2207 666 2262 detinet
701 2209 1046 2264 inimicitiam.
1091 2207 1368 2280 Numquid
1409 2207 1460 2262 in
1513 2205 1596 2262 his
1633 2203 1662 2244 δ
1694 2207 1931 2274 visitabo,
1961 2205 2088 2260 dicit

473 2297 756 2368 Domitius,
783 2313 872 2356 aut
919 2305 974 2356 in
1013 2313 1212 2376 gentem
1241 2303 1398 2356 talem
1445 2317 1550 2356 non
1595 2299 1872 2356 uindicabit
1911 2303 2086 2356 anima

471 2411 588 2448 mea
613 2394 778 2466 (Ibid.
813 2385 904 2468 5)?
951 2397 1116 2468 Eripe
1149 2407 1226 2462 te,
1255 2387 1574 2462 Constanti,
1608 2409 1638 2450 a
1673 2395 1834 2452 fovea
1867 2395 2085 2452 Arianae

473 2487 790 2556 dementiae,
823 2505 890 2544 ne
917 2490 1014 2544 «les
1043 2499 1279 2544 aeternas
1305 2487 1494 2558 pinnas
1524 2493 1650 2544 cum
1695 2485 2086 2561 cousacrilcgis

475 2583 603 2638 tuis.
633 2583 752 2639 Noli
777 2583 998 2654 gloriari
1032 2583 1125 2638 tibi
1157 2583 1226 2638 de
1247 2583 1452 2638 caduca
1485 2591 1574 2638 tua
1607 2583 1874 2655 dignitate
1911 2599 1924 2636 :
1955 2597 2086 2638 con-

475 2677 654 2732 sidera
687 2685 742 2733 te
773 2679 1086 2744 mortalem,
1119 2679 1240 2742 mila
1273 2679 1438 2734 aliter
1477 2691 1586 2733 non
1617 2679 1794 2750 possls
1821 2679 2084 2750 consequi

475 2771 968 2834 inmortalitatem,
995 2771 1100 2826 nisi
1127 2772 1300 2826 Deum
1323 2773 1636 2842 agnoveris,
1669 2781 1726 2826 et
1755 2773 1872 2840 ejus
1889 2773 2088 2828 ieceris

477 2863 848 2928 voluntatem;
871 2865 1014 2918 sicut
1041 2863 1305 2934 scriptum
1325 2867 1410 2917 est
1433 2881 1446 2918 :
1479 2863 1610 2918 "(eo
1635 2865 1762 2918 tli'cit
1795 2863 2082 2918 Dominus:

481 2953 608 3009 Non
633 2957 884 3024 glorietur
909 2956 1112 3026 sapiens
1143 2957 1192 3010 in
1211 2973 1307 3010 sua
1331 2957 1590 3026 sapientia
1610 2969 1656 3022 ο,
1687 2967 1736 3012 et
1767 2973 1870 3010 non
1897 2959 2088 3030 glorie-

479 3059 565 3102 tur
587 3051 740 3118 [ortis
761 3051 814 3102 in
837 3051 1140 3120 fortitudine
1163 3069 1280 3108 sua.
1309 3067 1402 3106 nec
1423 3051 1672 3120 glorietur
1703 3051 1842 3106 div‘es
1861 3037 1916 3106 in
1953 3053 2087 3106 ditii-

475 3145 570 3197 tiis
601 3145 732 3202 suis.
761 3145 848 3198 sed
871 3145 922 3196 in
955 3125 1053 3198 hoc
1083 3143 1334 3212 glorietur
1361 3145 1449 3210 qui
1475 3145 1752 3216 gloriatur,
1783 3143 2084 3215 inquirered

2191 1925 2412 1980 reticam
2437 1923 2598 1980 fidem
2623 1925 2774 1980 dicas
2803 1909 3126 1982 catltoiicam
3145 1967 3160 1993 ,
3208 1933 3264 1980 ct
3289 1915 3618 1980 catholicam
3645 1921 3816 1980 dicas

2191 2019 2536 2085 luercticam;
2569 2019 2864 2082 homicida,
2893 2021 3016 2092 quia
3055 2031 3104 2075 el
3155 2021 3472 2090 sanguinem
3499 2034 3818 2090 perseque-

2189 2111 2264 2167 ris
2291 2111 2596 2176 Athanasii,
2623 2113 2805 2180 etiam
2839 2113 3186 2170 interfecerit:
3215 2123 3239 2162 ε
3269 2123 3476 2168 certum
3505 2123 3814 2168 numerum

2193 2205 2286 2260 Dei
2315 2207 2608 2262 cultorum.
2659 2207 2776 2263 NOII
2827 2207 3024 2262 stetisti
3071 2209 3190 2262 sine
3233 2207 3404 2262 dubio
3447 2207 3498 2262 in
3529 2193 3808 2274 'vcritute,

2189 2297 2312 2366 quia
2345 2299 2420 2352 sis
2449 2297 2566 2354 haec
2583 2313 2800 2368 gerens,
2853 2297 2948 2354 sed
2977 2313 3035 2354 es
3074 2309 3221 2352 totus
3265 2297 3317 2353 in
3347 2297 3638 2354 mendacio
3665 2313 3816 2354 con-

2187 2391 2432 2454 stitutus,
2457 2391 2582 2460 quia
2611 2401 2662 2446 et
2703 2391 2936 2446 mendax
2977 2391 3050 2447 sit
3079 2403 3232 2462 pater
3261 2401 3408 2456 tuus,
3447 2393 3540 2462 qui
3571 2403 3626 2448 te
3651 2393 3818 2464 Cogit

2190 2485 2257 2541 ad
2287 2485 2502 2542 unicum
2529 2485 2835 2558 negaudtim
2875 2485 2967 2542 Dei
2995 2485 3218 2550 Filium,
3251 2487 3344 2556 qui
3379 2487 3430 2540 t‘e
3465 2485 3696 2556 impellit
3731 2487 3812 2542 ad

2191 2579 2312 2648 ejus
2367 2595 2645 2634 servorum
2701 2563 3090 2635 elTundemlum
3157 2595 3438 2636 cruorem.
3509 2579 3814 2636 Noluimus

2191 2671 2452 2728 damnare
2503 2673 2818 2738 absentem,
2877 2673 3154 2728 noluimus
3207 2673 3560 2728 innocentum
3593 2669 3814 2728 hferre

2189 2767 2514 2820 svntentiam
2535 2807 2550 2830 ,
2583 2765 2855 2818 ttuluittttts
2897 2763 3150 2819 haeresim
3183 2765 3466 2834 suscipere
3495 2773 3642 2818 tuum
3663 2807 3676 2826 ,
3729 2779 3814 2818 ne

2191 2858 2314 2912 facti
2365 2859 2460 2914 tibi
2511 2857 2721 2912 similes
2763 2873 3106 2912 mererentur
3149 2857 3362 2920 audire,
3407 2871 3528 2926 quae
3567 2854 3814 2908 audiunt

2188 2949 2474 3006 coerratici
2511 2947 2522 2986 ί
2565 2951 2636 3004 ιιιί
2663 2931 2834 3006 Judaei
2859 2991 2872 3014 ,
2919 2949 2970 3002 in
3001 2965 3228 3018 quorum
3257 2947 3608 3016 opprobrium
3643 2947 3814 3002 (ευΗί-

2185 3043 2364 3114 ‘gi'm‘tis
2389 3057 2487 3114 per
2509 3041 2802 3098 Jeretniam
2831 3043 3036 3096 dictum
3075 3061 3088 3096 :
3125 3041 3314 3094 Omnes
3345 3053 3516 3111 gentes
3553 3041 3664 3094 sine
3693 3041 3812 3094 cir-

2191 3139 2500 3192 cumcisione
2528 3147 2644 3190 sunt
2665 3139 2678 3186 1
2697 3181 2710 3202 ,
2739 3147 2784 3190 et
2809 3137 2976 3190 omnis
3001 3133 3026 3172 ¹ί
3051 3135 3234 3190 domus
3249 3133 3420 3188 Israel
3437 3135 3545 3188 sine
3567 3135 3810 3187 circnm-

479 3253 562 3288 me
591 3243 636 3290 et
665 3237 974 3306 intelligere,
1007 3247 1056 3291 et
1088 3239 1222 3292 scire
1247 3237 1302 3290 in
1343 3235 1508 3290 Deum
1555 3239 1792 3308 gloriari.
1843 3237 1965 3306 quia
1993 3253 2086 3308 ego
2113 3222 2158 3284 C
2191 3229 2382 3282 cisione
2407 3237 2526 3282 sunt
2553 3227 2722 3282 cordis
2747 3225 2880 3296 (Jer.
2905 3243 2978 3290 ix,
3009 3225 3134 3312 26)._
3157 3225 3228 3280 Es
3261 3235 3424 3294 atque
3443 3227 3574 3290 eris,
3605 3225 3718 3280 nisi
3751 3239 3812 3282 te

477 3333 592 3380 sum
627 3327 879 3382 Dominus
901 3327 990 3399 qui
1017 3331 1154 3399 facio
1181 3331 1614 3394 niisericordialtt,
1645 3327 1688 3382 et
1727 3329 2006 3402 judicium,
2041 3341 2090 3384 'et

467 3421 726 3492 justitiam
767 3425 923 3490 super
953 3427 1168 3486 terram;
1197 3425 1316 3492 quia
1343 3423 1394 3476 in
1423 3421 1504 3476 his
1547 3433 1624 3476 e‘st
1665 3425 1904 3478 t'oluntas
1947 3435 2084 3492 mea,

473 3515 598 3566 dicit
632 3513 882 3566 Dzn'ninus
915 3513 1082 3570 (Ibid.
1113 3515 1232 3586 25).
1295 3517 1430 3570 (lunt
1465 3517 1630 3582 igitur
1659 3517 1848 3572 videas
1895 3519 1950 3572 in
2000 3517 2086 3572 his

473 3619 596 3660 esse
625 3607 956 3659 voluntatem
979 3609 1212 3664 Domini.
1237 3609 1514 3678 quomodo
1536 3609 1652 3664 hmc
1673 3627 1794 3680 quas
1813 3625 2000 3666 amare
2025 3621 2085 3667 se

475 3699 604 3754 dicit
637 3699 930 3764 Dominus,
969 3711 1164 3768 perosa
1219 3703 1422 3759 habere
1453 3704 1728 3774 dignaris?
1757 3704 1822 3758 In
1845 3707 1963 3770 hoc,
1995 3705 2081 3760 in-

473 3793 614 3862 quit,
645 3793 914 3862 glorietur,
951 3795 1037 3864 qui
1055 3795 1331 3864 gloriatur,
1385 3797 1642 3867 inquirere
1681 3813 1762 3851 me
1801 3807 1846 3852 et
1887 3799 2082 3852 intelli-

475 3897 614 3955 gere,
642 3889 689 3938 et
717 3885 850 3938 scire
895 3886 948 3938 in
998 3885 1164 3940 Deum
1191 3889 1406 3958 gloriari
1447 3887 1620 3956 (Ibid.
1643 3889 1764 3960 ει).
1797 3890 2084 3958 Quomodo

477 3979 685 4047 poteris
725 3985 778 4033 te
807 3977 991 4034 dicere
1025 3981 1246 4034 nuncin
1295 3983 1464 4038 Deum
1513 3981 2084 4052 gloriariiQuomodn

470 4069 684 4138 poteris
729 4071 1010 4140 requirere
1049 4079 1102 4126 te
1143 4071 1300 4128 illum
1343 4082 1618 4140 astruere,
1661 4091 1785 4130 cum
1835 4077 1914 4132 sis
1955 4087 2086 4146 pro-

473 4169 678 4218 vocans
699 4169 890 4218 eomes
911 4163 1155 4220 cultores
1175 4167 1297 4234 eius
1317 4165 1622 4236 maiestatis
1635 4167 1702 4222 ad
1719 4159 2080 4226 deserendum

469 4252 636 4308 ﬁdem
661 4257 1060 4326 apostolorum,
1087 4257 1152 4312 ad
1181 4257 1576 4328 blasphemiam
1609 4261 1880 4332 dogmatis
1903 4265 2074 4320 vestri

473 4351 925 4423 suscipiendam?
977 4353 1043 4410 In
1071 4355 1168 4410 lt‘oc
1193 4357 1470 4429 glorietur,
1503 4357 1590 4426 qui
1611 4359 1888 4429 gloriatur,
1911 4360 2077 4432 inqui-

2193 3321 2350 3376 nobis
2377 3321 2686 3384 tradideris,
2709 3321 2852 3374 inter
2881 3321 3024 3386 illos,
3057 3335 3198 3390 quos
3229 3327 3420 3374 centra
3449 3319 3654 3374 clamat
3675 3319 3812 3390 Spi-

2191 3417 2328 3472 ritus
2369 3423 2592 3470 sauctus
2643 3431 2710 3470 ex
2759 3427 2994 3484 persona
3037 3415 3214 3470 nostri
3267 3414 3454 3484 populi
3503 3413 3570 3468 ad
3623 3413 3808 3468 Deum

2189 3509 2378 3564 dicens
2409 3527 2422 3564 :
2455 3511 2602 3576 Scio,
2631 3509 2872 3576 Domine,
2911 3511 3157 3578 quoniam
3183 3525 3284 3562 non
3313 3520 3430 3564 sunt
3455 3509 3682 3562 hominis
3713 3509 3812 3562 vite

2189 3609 2324 3678 ejus,
2357 3621 2520 3676 neque
2543 3609 2620 3659 tur
2643 3605 2736 3660 ibit
2757 3615 2801 3658 et
2833 3607 3052 3676 corriget
3077 3605 3440 3676 cogitationem
3463 3619 3650 3658 suam:
3677 3602 3814 3656 doce

2193 3705 2288 3755 nos
2317 3698 2558 3760 Domine.
2611 3701 2702 3754 sed
2731 3701 2784 3754 in
2803 3701 3036 3774 judicio,
3067 3711 3116 3754 et
3151 3717 3252 3754 non
3287 3701 3342 3754 in
3371 3701 3471 3766 ira,
3515 3715 3580 3752 ne
3607 3713 3810 3770 paucos

2193 3813 2290 3854 nos
2313 3797 2478 3870 facias
2511 3813 2532 3852 :
2559 3795 2768 3864 eﬂuude
2795 3799 2928 3850 iram
2959 3807 3102 3852 tuam
3133 3807 3286 3863 super
3329 3805 3535 3870 gentes,
3563 3809 3684 3866 qua
3717 3811 3812 3848 ne—

2191 3891 2358 3946 sciunt
2381 3901 2454 3954 te,
2481 3899 2530 3944 et
2553 3907 2710 3961 super
2733 3907 2894 3962 regna
2931 3907 3046 3962 quae
3073 3899 3258 3946 nantes!
3291 3899 3434 3944 tuum
3461 3905 3562 3942 non
3589 3887 3808 3942 incora-

2195 3987 2528 4056 uerunt,quia
2549 3983 3070 4048 comederuntlacob,
3097 3995 3144 4040 et
3169 3993 3594 4054 consumpserunt
3621 3981 3806 4044 illum,
3879 4007 3886 4012 υ

2191 4089 2238 4136 et
2263 4097 2452 4152 pascua
2495 4085 2608 4156 ejus
2647 4081 3110 4136 exterminaverunt
3153 4075 3172 4117 ι
3203 4077 3312 4150 (Ib.
3341 4095 3392 4140 ιι,
3419 4076 3532 4148 25}.
3564 4074 3808 4144 Consla-

2193 4175 2274 4228 eis
2327 4185 2380 4228 te
2409 4189 2574 4228 unum
2629 4187 2754 4228 esse
2797 4189 2864 4228 ex
2909 4173 3038 4239 illis,
3079 4181 3268 4227 contra
3317 4183 3454 4240 quos
3510 4167 3646 4230 dicit
3707 4165 3802 4220 Dei

2191 4267 2418 4337 spiritus
2467 4283 2533 4322 ex
2563 4281 2794 4338 persona
2831 4265 3016 4336 populi
3049 4265 3244 4320 nostri.
3297 4263 3566 4334 Respicis,
3597 4261 3704 4316 nisi
3749 4269 3804 4314 te

2193 4359 2564 4426 converteris;
2619 4358 2766 4431 quod
2805 4359 2886 4414 ira
2941 4359 3156 4413 Domini
3199 4359 3252 4412 in
3307 4367 3358 4412 te
3411 4355 3797 4426 alienigenam,

548 4537 572 4572 ἀ
605 4533 720 4591 Nisi
741 4547 798 4622 _te
825 4543 1130 4622 correxeris,
1157 4541 1256 4622 eris
1287 4543 1422 4622 unus
1449 4555 1515 4622 es;
1537 4541 1668 4596 illis.
1697 4539 1776 4596 id.
1803 4551 1858 4596 et
1877 4541 2082 4622 (Eulan-
2111 4541 2162 4602 ῐ)
2191 4549 2424 4622 testatur
2447 4541 2772 4622 Athanasius
2859 4539 3287 4622 epist.a_d$olit.
3314 4557 3328 4594 :
3351 4538 3601 4610 Episcopi
3613 4539 3804 4622 finget:

472 4607 628 4670 dius;
661 4609 754 4664 sed
801 4613 1254 4678 petestretiueri,
1289 4621 1344 4666 ut
1391 4629 1464 4678 es,
1501 4613 1606 4666 hoc
1635 4629 1802 4668 sensu
1833 4631 1846 4668 :
1881 4611 2002 4666 Nisi
2035 4625 2083 4668 te

473 4682 756 4752 cornigeris
773 4697 838 4752 ea:
861 4698 940 4740 eo.
969 4683 1054 4752 qui
1081 4699 1216 4736 nunc
1251 4699 1322 4737 es.
1773 4747 1780 4752 _
1831 4709 1834 4712 λ

548 4749 575 4789 ι)
605 4737 994 4828 Non-visitabo:
1017 4737 1196 4808 Latin.
1231 4753 1284 4808 iu
1317 4753 1508 4810 Grieco
1529 4761 1600 4828 μὴ
1625 4757 1710 4811 οὐκ
1737 4747 1794 4810 ut
1829 4755 1884 4810 itt
1917 4755 2078 4826 Vulg.

476 4821 732 4892 numquid
767 4827 894 4876 limi.

555 4905 576 4968 ξ
614 4896 892 4968 l’atieutla.
917 4893 1148 4968 Codices
1185 4897 1404 4966 quidam
1431 4897 1574 4968 apud
1607 4899 1828 4954 Tilium.

545 4963 574 5044 (ξ
613 4967 766 5022 Vers.
803 4969 928 5024 Ant.
979 4963 1296 5044 Intelligere,
1331 4979 1376 5023 et
1421 4963 1590 5044 nosse,
1642 4971 1762 5040 quia
1803 4987 1917 5044 ego,
1972 4981 2078 5044 etc.

475 5038 614 5164 Yid7e
644 5053 766 5109 quae
805 5053 970 5108 super
1001 5039 1104 5094 hoc
1137 5038 1294 5096 textu
1341 5038 1664 5097 notavimus
1691 5038 1858 5114 supra
1907 5043 1958 5114 'p.
1991 5041 2082 5110 65,

479 5125 539 5164 ιι.
608 5149 620 5162 .

479 5125 539 5165 ΙΙ.
570 5125 620 5164 Ἰ.

513 5191 526 5202 ⁹
551 5189 575 5216 ε
607 5181 874 5252 (lonrenit
909 5189 1034 5238 cum
1065 5181 1230 5252 Gypr.
1261 5183 1358 5238 lib.
1393 5183 1462 5238 de
1491 5193 1632 5238 orat.
1663 5185 1882 5240 Dmnin.
1917 5185 2076 5241 Ἶρι-ιι.

471 5253 604 5308 Ant.
637 5250 722 5306 Ex
767 5263 925 5324 patre,
957 5250 1162 5308 diabolo
1185 5257 1328 5320 estis,
1365 5267 1412 5310 et
1435 5255 1788 5312 desideria....
1819 5259 2080 5312 homicida

471 5323 868 5396 gruthetcsils.
896 5323 1211 5396 C-tntahrig.
1243 5327 1385 5396 apud
1411 5325 1596 5382 Sabat.
1622 5341 1672 5382 et
1705 5329 1846 5383 idem
1865 5331 1994 5394 Sub.
2025 5331 2076 5384 in

445 5381 648 5468 Lucii.
677 5395 838 5448 habet
877 5381 1345 5468 concupisci’ntitis,
1377 5381 1436 5450 bi
1485 5381 1682 5468 legitur
1706 5381 2073 5456 etiubtiitiiihi

473 5465 674 5540 de‘tngn
695 5485 728 5540 p
745 5483 840 5520 λινε.
863 5469 916 5522 in
944 5465 1326 5540 Deum‘del‘iuq.

551 5533 570 5574 τ
599 5529 706 5591 [ιι-«ί
735 5539 1002 5610 "objeceris.
1047 5529 1153 5608 “fil.
1183 5529 1324 5610 Qmit
1353 5549 1407 5594 et
1437 5541 1597 5610 quam
1651 5543 1844 5610 graves
1869 5541 2072 5598 calum-

403 5667 418 5674 _
475 5609 596 5692 nias
635 5611 686 5692 it]
721 5609 1074 5692 Athanasium
1121 5609 1368 5668 cht'c'tici
1411 5609 1810 5680 cettllttiterint,
1861 5623 1930 5670 cx
1959 5615 2075 5686 ejus

473 5681 588 5734 Vita
617 5681 776 5750 plane
803 5683 1172 5750 perspicuum.

551 5759 576 5796 ς
611 5749 893 5806 {Bromius
917 5749 1146 5820 Scilicet,
1191 5755 1418 5820 exsiliis,
1451 5755 1767 5812 carceribus
1795 5755 2073 5814 confectos

471 5821 796 5888 catholicos,
843 5827 1146 5893 praisertitn
1221 5827 1540 5898 Episcopos',
1595 5827 1864 5900 intelligit.
1925 5829 2070 5886 Idem

2191 4615 2308 4680 lati,
2341 4625 2386 4668 et
2411 4615 2608 4668 acerbis
2629 4613 2850 4682 piaculis
2879 4613 3142 4668 constricti
3173 4621 3528 4682 suut....quot
3557 4611 3798 4664 monachi

2189 4679 2462 4758 ﬂagellati,
2483 4695 2600 4758 quot
2623 4679 2867 4758 Episcopi
2891 4685 3082 4738 concisi
3099 4683 3118 4736 !
3135 4679 3438 4758 praesertim
3465 4683 3516 4736 in
3547 4685 3796 4758 Oriente,

2192 4753 2283 4812 ubi
2315 4753 2636 4812 versabatur
2665 4753 3048 4822 Constantius;
3101 4753 3362 4810 clariores
3403 4767 3536 4808 vero
3567 4769 3634 4808 ex
3667 4753 3800 4820 Epi-

2189 4829 2371 4898 scopis
2399 4831 2452 4882 in
2487 4829 2812 4896 perferenda
2849 4827 3160 4882 Consmntii
3189 4825 3518 4898 crudelitate
3549 4827 3800 4898 nutninnt

2191 4897 2691 4967 Serupantmonen,
2751 4911 2804 4956 et
2855 4901 3136 4955 Paulinum
3179 4897 3564 4967 Trevireusis,
3627 4897 3800 4954 Euse-

2191 4965 2754 5043 biuutVercellensis,
2801 4971 3116 5043 Dionysium
3161 4965 3602 5043 Mediolaneusis,
3635 4967 3796 5043 Luci-

2189 5041 2566 5114 l'erumipsum
2613 5039 3581 5114 Calarilanm'Ecclesimhlttistttes,
3629 5039 3796 5094 alios-

2187 5131 2315 5184 que,
2349 5111 2423 5168 .te‘
2449 5115 2648 5184 quibus
2679 5117 2926 5170 meminit
2945 5113 3330 5168 Ecclesiastica
3357 5111 3618 5172 Historia,
3651 5129 3798 5182 prte-

2183 5187 2376 5242 sertim
2407 5187 2476 5240 de
2509 5186 2712 5240 Hilario
2739 5185 3084 5240 l’ictaviensi.
3645 5237 3648 5240 .

2255 5255 2286 5296 ³³
2315 5259 2421 5314 Pro
2459 5259 2521 5310 de
2551 5259 2906 5312 inuocmuibus
2937 5275 2956 5312 :
2984 5257 3184 5312 clarius
3241 5264 3420 5308 tamen
3475 5253 3660 5308 [UisSCI
3683 5295 3698 5312 .
3743 5257 3792 5308 si

2184 5329 2434 5396 dixisset,
2461 5327 2751 5402 Noluimus
2765 5329 2902 5402 ferre
2917 5328 3221 5402 sententiam
3253 5337 3305 5380 tn
3329 5327 3648 5402 innocentes,
3673 5325 3794 5380 sive

2180 5403 2686 5466 ininnocentem;et
2731 5397 2872 5456 forte
2911 5401 2966 5456 in
2997 5401 3319 5455 innocenter):
3347 5397 3634 5468 legendum
3675 5407 3786 5452 cst.

2183 5472 2269 5527 Til
2289 5483 2338 5528 et
2363 5471 2538 5527 Latin.

2261 5544 2274 5580 ί
2303 5545 2360 5614 ιιι
2387 5553 2492 5610 est,
2525 5545 2614 5614 qui
2643 5555 2812 5614 tecum
2844 5553 3040 5598 errant.

2255 5615 2268 5666 i
2315 5609 2485 5671 Vers.’
2505 5609 2630 5670 Abt.
2663 5613 3020 5670 Incircumcisi
3049 5631 3223 5684 carne,
3257 5617 3440 5671 domus
3471 5619 3586 5672 vero
3615 5609 3790 5668 Israel

2173 5687 2526 5742 incircumcisi
2551 5699 2668 5741 sunt
2693 5689 2866 5743 corde.

2249 5755 2274 5798 ι
2307 5759 2494 5816 Saltat.
2531 5759 2660 5824 legit
2687 5771 2879 5815 υηιηεδ.

2257 5829 2274 5868 ι
2301 5829 2442 5888 Infra
2463 5829 2686 5888 Lucifer
2711 5833 2850 5904 ipse,
2885 5831 3275 5902 desolaoeruut.
