4042 6338
449 285 550 343 887

1453 290 1455 293 ’
1525 285 1847 344 ιυωιιπεκι
1883 284 2196 344 EPISCOPI
2230 285 2654 344 CALARI’I’ANI

441 412 527 459 tes
551 417 650 458 nos
672 414 792 458 tuos
818 401 962 458 effici
987 401 1257 475 cupiveris
1281 401 1381 456 tu?
1409 403 1500 474 qui
1531 416 1653 456 cum
1674 402 1820 458 scias
1843 402 2048 458 dixisse
2076 404 2131 464 Α
2153 401 2282 457 vade
2313 403 2458 472 prius
2487 401 2814 458 reconciliari
2842 404 2996 473 fratri
3027 413 3136 472 tuo,
3164 413 3213 459 et
3241 413 3359 460 tunc
3379 419 3619 460 reuersus
3635 402 3766 472 offer

449 497 745 552 Dominum
778 496 830 552 in
858 497 1147 568 evangelio
1178 515 1191 550 :
1219 493 1369 551 Beati
1403 496 1492 566 qui
1532 498 1768 552 esuriant
1797 506 1844 552 et
1872 497 2054 552 sitiunt

440 592 728 663 justitiam,
759 591 883 660 quia
911 591 1011 663 ipsi
1051 589 1449 646 saturabuntur.
1475 589 1623 644 Beati
1673 589 2054 657 misericordes,

452 685 576 756 quia
608 695 631 720 ιι
661 685 765 755 ipsi
793 683 1202 740 misericordiam
1220 694 1594 753 consequentur
1623 684 1732 746 (Ib.
1764 701 1818 752 v,
1865 685 1920 756 6)
1953 702 1967 748 ;
2002 693 2060 740 et

450 777 478 816 δ
513 789 690 834 tamen
739 778 978 846 dixeris,
1008 778 1314 834 necandum
1365 778 1732 834 innocentem.
1771 778 2058 848 Quomodo

452 873 658 929 etenim
711 872 903 929 beatus
945 883 1135 944 potero
1182 887 1306 928 esse
1334 913 1349 937 ,
1403 873 1448 928 si
1495 872 1826 927 damnavero
1881 871 2056 926 virum

449 968 680 1033 justum,
715 967 758 1020 si
787 965 1041 1037 rejiciens
1069 965 1212 1020 sitim
1233 964 1464 1035 jus1itizc
1483 979 1789 1035 concepere
1807 964 2058 1021 ardorem

454 1058 781 1127 iniustitiae?
809 1059 1094 1127 Quomodo
1125 1069 1350 1130 promer
1394 1060 1600 1115 fructus
1647 1059 1870 1128 justitize
1915 1068 2064 1115 satu-

453 1153 622 1207 rabor
647 1167 677 1208 a
707 1154 836 1219 Deo,
869 1169 993 1208 cum
1022 1167 1160 1224 opus
1190 1153 1293 1208 hoc
1325 1153 1584 1222 injustum
1621 1151 1782 1208 faciat
1813 1167 1899 1206 me
1927 1151 2061 1206 Cain

459 1245 824 1301 fratricidam?
858 1245 1142 1314 Quomodo
1165 1246 1363 1301 iterum
1415 1257 1611 1316 potero
1666 1248 1808 1302 inter
1851 1246 2065 1302 miseri-

458 1340 651 1396 cordes
703 1339 972 1396 fructibus
1015 1342 1406 1398 misericordia:
1441 1341 1789 1412 locupletatis
1837 1357 2062 1413 regnum

460 1440 716 1507 consequi
747 1436 1005 1492 caeleste?
1031 1452 1178 1503 cum,
1211 1437 1254 1492 si
1284 1437 1608 1493 interfecero
1625 1437 1776 1507 juxta
1795 1436 2066 1492 desideria

459 1541 551 1584 tua
585 1530 939 1597 Deiservum,
977 1531 1227 1586 inveniar
1276 1547 1382 1586 non
1427 1532 1762 1592 misericors.
1807 1530 1902 1585 sed
1948 1545 2069 1586 cru-

461 1621 601 1677 delis
637 1633 799 1693 atque
850 1623 1190 1688 sceleratus,
1232 1625 1434 1694 quippe
1485 1622 1968 1689 homicida;cum,
2023 1623 2070 1678 si

460 1731 583 1773 cum
619 1729 640 1757 ε
675 1733 774 1790 ego
801 1719 1192 1774 imtnisericors
1216 1719 1410 1774 fuerim
1435 1719 1580 1774 circa
1613 1719 1834 1774 fratrem
1865 1733 2066 1784 meum,

2143 507 2340 549 'munus
2369 493 2575 566 tuum(I
2585 496 2691 550 bid.
2717 495 2834 569 9.3).
2854 496 2996 566 Quid
3013 495 3194 554 fuerat
3216 509 3477 570 operatus
3498 496 3766 553 malorum

2156 583 2510 650 Athanasius,
2545 596 2604 641 ut
2634 585 2750 642 haec
2781 599 3157 659 transgressus
3205 601 3483 664 praecepta
3535 589 3769 647 interﬁci

2158 693 2282 735 eum
2310 679 2636 736 mandares?
2677 697 2875 752 nempe
2923 682 3044 749 hoc,
3093 683 3236 754 quod
3285 701 3345 740 sc
3395 685 3767 740 Christianum

2159 773 2378 842 dixerit,
2420 785 2512 830 aut
2539 775 2706 832 dicat.
2735 777 2894 833 Aliud
2924 779 3128 834 etenim
3161 779 3296 834 nihil
3327 779 3578 850 estquod
3618 793 3771 835 exse-

2161 872 2353 932 craris.
2377 881 2539 941 atque
2569 887 2628 926 es
2657 873 2846 942 punire
2901 873 3129 944 cupiens
3183 874 3236 930 in
3280 875 3605 930 Athanasio.
3657 873 3768 929 Non

2165 964 2492 1020 metnineras
2525 968 2848 1037 praecepisse
2873 967 3160 1023 Dominum
3193 968 3357 1024 etiam
3391 969 3652 1024 inimicos
3694 967 3772 1024 di-

2165 1059 2427 1130 ligendus.
2467 1069 2525 1118 ut
2548 1076 2672 1116 eum
2702 1077 2864 1133 quem
2899 1079 3076 1135 neque
3105 1065 3158 1119 in
3190 1075 3261 1130 te,
3292 1079 3471 1136 neque
3518 1063 3572 1118 in
3604 1062 3771 1118 Deum

2165 1153 2336 1208 scires
2376 1167 2654 1222 peccasse,
2717 1165 2824 1209 tam
2850 1156 3117 1212 acerrime
3166 1157 3365 1211 fuisses
3409 1154 3772 1227 persecutus?

2167 1243 2399 1298 Audistis
2426 1245 2550 1314 quia
2581 1245 2777 1299 dictum
2801 1256 2877 1300 est
2908 1262 2927 1300 :
2954 1245 3156 1319 Diliges
3187 1249 3487 1319 proximum
3527 1258 3698 1312 tuum,
3730 1256 3776 1302 et

2168 1337 2287 1391 odio
2311 1337 2519 1392 habebis
2554 1337 2568 1388 i
2607 1339 2880 1394 inimicum
2906 1351 3074 1396 tuum.
3107 1340 3220 1412 Ego
3243 1352 3415 1397 autem
3437 1342 3556 1398 dico
3583 1343 3726 1397 vobis
3757 1359 3775 1397 :

2170 1431 2391 1505 Diligite
2427 1433 2664 1488 inimicos
2720 1443 2914 1489 uestros
2941 1475 2955 1500 ,
3001 1445 3047 1489 et
3087 1434 3370 1492 benedicite
3413 1435 3776 1490 maledicentes

2170 1543 2280 1594 vos,
2305 1538 2352 1582 et
2381 1528 2666 1601 benefacite
2692 1529 2784 1597 eis,
2811 1530 2899 1600 qui
2927 1529 2951 1567 ⁸(
2983 1541 3360 1602 persequuntur
3409 1549 3530 1596 vos,
3559 1542 3611 1586 et
3643 1542 3779 1588 orate

2174 1640 2267 1694 pro
2297 1624 2392 1691 eis,
2422 1625 2508 1694 qui
2529 1641 2618 1679 vos
2651 1634 3044 1696 persequuntur,
3071 1625 3255 1680 utsitis
3284 1626 3382 1695 filii
3418 1623 3600 1680 Patris
3631 1627 3782 1681 vestri

2173 1717 2260 1787 qui
2285 1725 2362 1771 est
2391 1717 2444 1770 itt
2466 1717 2629 1783 caelis,
2653 1718 2742 1788 qui
2773 1717 2898 1772 solis
2934 1728 3080 1772 ortus
3113 1719 3312 1773 exhibet
3351 1735 3509 1786 super
3538 1717 3701 1773 bonos
3739 1729 3782 1773 et

460 1810 539 1865 sic
566 1812 638 1866 sit
665 1822 719 1867 et
747 1811 890 1868 circa
921 1827 1006 1867 me
1029 1813 1240 1867 futurus
1269 1813 1360 1867 ille
1394 1811 1784 1867 misericordiae
1827 1820 2060 1881 amatur,
2097 1813 2144 1873 B
2171 1810 2364 1871 malos,
2391 1820 2440 1864 et
2469 1811 2600 1879 pluit
2625 1826 2780 1880 super
2799 1812 2970 1880 justas
2990 1821 3037 1866 et
3058 1811 3301 1886 injustas.
3333 1811 3395 1868 Si
3417 1812 3557 1866 enim
3587 1813 3785 1868 «Μετε-

460 1900 553 1956 ille
574 1902 803 1973 justititn
831 1914 1073 1970 exactor,
1097 1903 1190 1976 qui
1213 1905 1343 1959 dicit
1374 1923 1388 1959 :
1421 1903 1571 1958 Beati
1624 1905 1713 1975 qui
1760 1909 1993 1958 esurt'unt
2022 1913 2067 1957 et

463 1997 645 2049 sitiunt
668 1997 948 2064 iustitiam,
980 1999 1104 2067 quia
1132 1997 1232 2065 ipsi
1258 1997 1648 2051 saturabuntur.
1686 1995 1836 2050 Beati
1865 1995 2068 2050 miseri-

461 2089 666 2156 cordes,
696 2091 818 2160 quia
837 2087 865 2127 ἀ
890 2092 990 2160 ipsi
1016 2091 1425 2145 misericordiam
1444 2101 1816 2160 consequentur
1840 2087 2066 2161 (Ibid.).

469 2183 842 2254 Quicumque,
890 2184 1021 2240 dicit
1097 2185 1408 2250 Dominus,
1485 2184 1690 2238 solverit
1787 2199 1947 2237 unum
2007 2197 2072 2236 ea:

465 2278 728 2332 mandatis
745 2281 824 2333 his
845 2280 1090 2342 minimis,
1119 2288 1164 2332 et
1188 2278 1420 2332 docuerit
1449 2277 1524 2331 sic
1546 2275 1802 2342 homines,
1825 2275 2071 2328 minimus

463 2373 734 2426 vocabitur
779 2372 833 2427 in
878 2389 1038 2444 regno
1092 2373 1338 2428 caelorum
1395 2371 1561 2444 (Ibid.
1616 2369 1748 2442 l9);
1796 2379 1851 2424 et
1892 2369 2067 2433 dicis,

465 2467 778 2536 Constanti,
811 2477 870 2524 ut
899 2468 1230 2540 quicumque
1253 2483 1358 2523 non
1399 2466 1597 2522 fuderit
1639 2465 1959 2536 sanguinem
1989 2462 2070 2517 in-

467 2565 738 2632 nocentis,
794 2580 903 2619 non
958 2573 1134 2634 potest
1174 2579 1398 2632 regnum
1456 2560 1712 2630 consequi
1767 2555 2074 2614 caelorum?

469 2658 589 2726 Dic,
612 2659 978 2722 sanctissime,
1010 2659 1062 2711 in
1085 2672 1193 2728 quo
1217 2654 1495 2710 abundare
1519 2653 1722 2723 poterit
1737 2650 2075 2706 Christiano-

470 2751 840 2822 rumjustitia.
883 2751 1006 2822 plus
1033 2764 1192 2820 quam
1218 2749 1522 2802 scribarum
1561 2757 1616 2801 et
1651 2743 2071 2816 pharisaeorum,

469 2846 516 2898 si
545 2860 692 2907 eum,
726 2859 888 2916 quem
922 2843 1164 2914 tu.quud
1195 2858 1254 2896 se
1271 2839 1639 2895 CbriStiauunt
1694 2837 1876 2903 dicat,
1929 2834 2072 2906 quod

471 2937 609 2990 nolit
640 2935 754 2990 fieri
785 2935 1036 3001 Arianus,
1064 2932 1432 3005 persequeris,
1491 2928 1970 2986 interfecerimus?
2019 2929 2071 2982 in

471 3043 578 3100 quo
619 3043 868 3085 essemus
896 3029 1137 3098 potiores
1157 3026 1352 3084 scribis
1375 3039 1429 3082 et
1462 3025 1764 3097 pharisaris,
1808 3025 1853 3080 si
1911 3023 2076 3080 exsti-

469 3124 726 3178 tiSsemus
745 3131 921 3178 tecum
953 3131 1236 3195 negatores
1269 3121 1411 3177 unici
1467 3121 1560 3176 Dei
1607 3119 1752 3186 Filii,
1797 3119 1866 3187 si,
1899 3130 1959 3174 ut
2000 3119 2074 3174 illi

471 3217 787 3287 repudiant,
814 3229 991 3273 tecum
1024 3218 1436 3286 repudiaremus
1475 3215 1842 3285 evangelicum
1894 3215 2076 3281 fidem,

472 3309 1050 3382 destruxissemus'que
1099 3309 1458 3380 apostolicam
1501 3308 1891 3363 traditionem?
1943 3306 2022 3374 Ne
2052 3316 2074 3343 θ

474 3404 680 3460 dixisse
705 3403 1038 3460 memineras
1074 3404 1361 3458 Dominum
1399 3418 1411 3454 :
1451 3400 1847 3471 Audistis-quia
1885 3400 2077 3452 dictum

472 3507 549 3554 est
579 3499 806 3567 antiquis
841 3497 859 3536 ί
891 3514 910 3552 :
945 3495 1070 3552 Non
1124 3497 1367 3563 occides;
1397 3496 1702 3566 quicumque
1744 3507 1913 3549 autem
1944 3496 2080 3549 occi-

473 3593 632 3659 derit,
662 3610 778 3646 reus
807 3593 902 3646 erit
921 3592 1126 3664 judicio
1155 3601 1203 3646 8.
1241 3590 1354 3665 Ego
1377 3599 1546 3644 autem
1583 3590 1701 3644 dico
1748 3590 1890 3644 vobis
1942 3590 2081 3656 quod

473 3690 643 3743 omnis
692 3689 781 3757 qui
825 3688 1064 3740 irascitur
1094 3684 1251 3752 fratri
1291 3701 1386 3738 suo
1426 3685 1538 3738 sine
1591 3701 1768 3747 causa,
1818 3702 1937 3738 reus
1983 3685 2079 3739 erit

465 3784 676 3858 judicio
706 3781 870 3855 (Ibid.
896 3781 1024 3852 21);
1051 3791 1110 3834 ut
1143 3779 1258 3834 haec
1283 3779 1397 3833 fieri
1425 3779 1763 3850 imperares?
1803 3780 1855 3834 8i
1909 3779 2082 3834 iratus

474 3875 633 3931 fuero
683 3875 801 3929 sine
832 3888 995 3928 causa
1036 3871 1190 3927 fratri
1242 3886 1385 3935 meo,
1418 3873 1462 3926 si
1513 3872 1707 3928 dixero
1746 3873 1832 3939 ei,
1887 3871 2077 3942 Fatue,

475 3984 631 4024 reum
661 3983 748 4022 me
776 3965 1168 4022 dicitfuturum
1202 3963 1393 4018 unicus
1436 3963 1530 4018 Dei
1578 3963 1746 4019 Filius
1789 3965 1841 4019 in
1880 3963 2082 4035 gehen-

479 4077 605 4118 nam
632 4076 648 4127 ;
676 4069 732 4116 et
759 4057 810 4128 ’1,
845 4060 1142 4130 imperator
1170 4057 1478 4124 Constanti,
1507 4056 1555 4113 si
1591 4056 1785 4113 fudero
1825 4074 2078 4116 cruorem

475 4157 808 4222 innocentis,
851 4154 1010 4222 dicis,
1062 4152 1304 4225 requiem
1361 4161 1622 4208 :eternam
1657 4144 2078 4224 possessurum:

475 4265 579 4307 nec
604 4250 842 4306 retinere
888 4247 1152 4318 potuisti,
1201 4245 1417 4317 quando
1462 4247 1812 4302 mcditabaris
1853 4248 2084 4304 interfici

475 4346 786 4416 oportuisse
823 4342 1202 4409 Athanasium,
1234 4342 1334 4397 sub
1350 4341 1826 4412 qualiconditione
1858 4359 2078 4400 munera

473 4436 704 4508 jusserit
735 4437 922 4493 offerri
958 4436 1254 4491 Dominus?
1280 4434 1338 4491 Si
1357 4435 1519 4507 igitur
1537 4435 1700 4504 offers
1723 4453 1911 4490 munus
1936 4448 2081 4490 tuum

477 4528 548 4584 ad
573 4529 764 4592 altare.
799 4539 846 4584 et
877 4528 947 4583 ibi
979 4538 1352 4584 rememoratus
1407 4529 1570 4599 fueris
1593 4569 1608 4594 ,
1665 4528 1805 4600 quod
1841 4528 1856 4566 ί
1893 4529 2081 4585 habeas

2168 1903 2284 1956 ritis
2304 1918 2389 1956 eos
2408 1903 2495 1973 qui
2537 1920 2623 1957 vos
2662 1903 2912 1974 diligunt.
2955 1922 3110 1976 quam
3144 1905 3432 1961 mercedem
3485 1905 3786 1962 habebitis?

2172 2011 2343 2050 nonne
2369 2006 2417 2050 et
2449 1995 2709 2066 publicani
2738 1997 2812 2050 ita
2845 1995 2862 2034 1
2887 1997 3134 2067 faciunt?
3159 2010 3204 2052 et
3226 1999 3272 2052 si
3299 1998 3542 2052 salutatis
3593 1999 3787 2052 amicos

2173 2100 2362 2144 vestros
2386 2099 2604 2154 tantum,
2628 2088 2754 2160 quid
2798 2089 2916 2159 plus
2969 2089 3192 2160 facitis?
3253 2106 3425 2145 nonne
3470 2101 3522 2146 et
3574 2091 3786 2163 gentiles

2169 2181 2398 2251 idipsum
2425 2182 2668 2252 faciunt?
2701 2181 2862 2236 Eritis
2890 2199 3012 2253 ergo
3055 2193 3106 2238 et
3157 2198 3245 2238 vos
3292 2185 3534 2255 perfecti,
3563 2184 3696 2237 sicut
3744 2192 3788 2237 et

2177 2275 2338 2330 Pater
2365 2285 2544 2339 uester,
2577 2275 2663 2344 qui
2691 2285 2762 2329 est
2785 2275 2838 2329 in
2867 2274 3030 2341 ctelis,
3057 2277 3318 2347 perfectus
3363 2286 3436 2330 est
3469 2275 3641 2348 (Ibid.
3673 2273 3787 2345 45).

2175 2369 2486 2441 Diligendos
2535 2368 2758 2424 mandat
2804 2369 2969 2424 etiam
2999 2369 3250 2424 inimicos
3309 2369 3609 2434 Dominus;
3641 2379 3696 2424 et
3736 2377 3788 2424 tu

2176 2481 2277 2521 nos
2301 2464 2649 2536 persequeris
2676 2461 2819 2533 quod
2849 2465 3159 2519 innocentis
3210 2461 3429 2518 Domini
3481 2463 3791 2519 sacerdotis

2173 2572 2426 2613 cruorem
2454 2573 2560 2610 non
2587 2567 2763 2611 tecum
2790 2554 3112 2610 fuderimus.
3144 2555 3331 2610 Divina
3354 2555 3558 2610 clamat
3585 2570 3690 2610 vox
3712 2555 3792 2610 di-

2175 2667 2327 2708 cens:
2347 2649 2415 2705 In
2431 2650 3140 2723 quojudiciojudicaveritis,
3154 2660 3198 2703 et
3215 2650 3277 2704 de
3295 2649 3786 2723 uobisjudicabitur,

2175 2754 2223 2800 et
2252 2747 2307 2799 in
2330 2762 2430 2815 qua
2460 2760 2702 2800 mensura
2728 2743 2891 2797 mensi
2917 2744 3143 2814 fueritis,
3168 2743 3220 2797 in
3243 2743 3420 2798 eadem
3437 2745 3731 2797 remittetur
3750 2754 3788 2782 ω

2176 2839 2427 2913 vobis(Ib.
2464 2856 2558 2903 vu,
2581 2840 2722 2908 2),et
2745 2851 2800 2894 tu
2827 2839 2965 2895 dicis
2990 2857 3002 2892 :
3031 2836 3284 2911 Iugulate
3330 2856 3485 2911 quem
3513 2840 3790 2913 deliquisse

2177 2935 2450 3006 ignoratis.
2483 2933 2712 2988 Fontem
2747 2933 3014 2988 malorum
3059 2943 3254 2989 cumte
3276 2948 3400 2990 esse
3443 2936 3788 3000 memineris,

2178 3027 2325 3084 fuisti
2347 3037 2526 3084 tamen
2548 3043 2714 3082 ausus
2743 3026 2811 3082 de
2837 3042 2925 3092 eo,
2955 3043 3117 3098 quem
3143 3027 3360 3082 sciebas
3389 3026 3525 3083 false
3557 3029 3789 3098 petitum

2179 3135 2210 3174 a
2250 3120 2431 3188 vobis,
2460 3120 2688 3176 dicere:
2722 3118 2866 3175 Reus
2911 3130 2988 3174 est
3039 3120 3243 3175 mortis.
3278 3119 3432 3176 Adeo
3464 3135 3526 3176 es
3574 3135 3787 3188 excors,

2107 3206 2154 3269 C
2186 3213 2472 3269 Constanti
2526 3222 2798 3283 auguste,
2867 3222 2926 3268 ut
2974 3227 3074 3268 nec
3129 3212 3334 3268 dictum
3390 3211 3522 3268 illud
3577 3213 3788 3268 Domini

2182 3324 2304 3364 cum
2339 3311 2456 3363 lucc
2488 3308 2778 3364 mandares
2807 3307 2946 3368 fieri,
2981 3306 3235 3379 potueris
3282 3305 3568 3362 reminisci
3598 3323 3614 3360 :
3656 3306 3788 3374 Quid

2183 3411 2354 3456 autem
2375 3400 2518 3456 uides
2545 3405 2797 3472 festucam
2821 3401 2872 3454 in
2894 3401 3045 3455 oculo
3068 3400 3245 3471 fratris
3272 3400 3370 3467 tui,
3398 3398 3596 3454 trabem
3623 3411 3788 3454 autem

2183 3496 2238 3548 in
2261 3496 2411 3549 oculo
2434 3504 2520 3548 tuo
2550 3510 2653 3548 non
2705 3495 2889 3548 vides?
2913 3503 3002 3548 aut
3029 3493 3283 3564 quomodo
3308 3493 3439 3548 dicis
3469 3494 3628 3565 fratri
3655 3506 3743 3548 tuo
3773 3510 3790 3547 .'

2188 3590 2314 3646 Sine
2341 3600 2397 3644 ut
2419 3591 2623 3664 ejiciam
2667 3590 2759 3644 tibi
2810 3593 3060 3661 festucam
3114 3588 3178 3643 de
3225 3587 3376 3644 oculo
3421 3598 3531 3652 tuo,
3582 3599 3634 3644 et
3679 3604 3790 3644 ecce

2190 3686 2357 3740 trabes
2383 3693 2412 3720 ιι
2451 3685 2505 3738 in
2550 3685 2698 3740 oculo
2741 3695 2830 3738 tuo
2880 3685 3001 3750 est?
3044 3683 3354 3756 Ilypocrita,
3411 3687 3544 3757 ejice
3571 3688 3787 3751 primunt

2192 3780 2385 3834 trabem
2411 3779 2476 3834 de
2500 3779 2651 3833 oculo
2679 3790 2789 3840 tuo.
2824 3787 2870 3832 et
2896 3787 3017 3832 tunc
3067 3777 3260 3832 videbis
3309 3778 3494 3848 ejicere
3542 3778 3786 3847 festucam

2193 3873 2258 3927 de
2288 3873 2437 3928 oculo
2461 3873 2641 3953 fratris
2661 3873 2735 3927 tui
2761 3871 2928 3944 (ibid.
2980 3875 3060 3941 ὃ).
3091 3872 3324 3928 Traitem
3382 3873 3438 3926 in
3493 3873 3657 3928 oculo
3701 3883 3786 3926 tuo

2191 3967 2469 4023 dicitesse
2499 3959 2760 4023 Dominus
2783 4009 2797 4032 ,
2830 3976 2886 4023 et
2915 3968 3086 4022 audes
3115 3967 3296 4024 dicere
3324 3967 3629 4022 Athanasio
3676 3968 3785 4022 viro

2188 4060 2517 4131 iustissimo,
2552 4059 2828 4117 Festucam
2854 4061 3007 4116 habes
3028 4061 3082 4114 in
3118 4061 3313 4115 oculo?
3343 4061 3443 4116 llle
3473 4062 3623 4117 enim
3658 4059 3782 4116 nihil

2189 4155 2388 4211 horum
2419 4155 2712 4222 commisit,
2747 4171 2870 4225 qure
2897 4155 2944 4209 ei
2979 4153 3221 4226 dignaris
3265 4153 3509 4223 obiicere
3539 4172 3551 4208 :
3601 4163 3781 4210 contra

2187 4259 2266 4316 tu,
2322 4263 2682 4320 quaecumque
2727 4248 2992 4313 diximus,
3041 4263 3100 4302 es
3160 4257 3436 4317 operatus,
3490 4246 3779 4312 Damnata,

2185 4345 2403 4414 quoties
2433 4342 2645 4409 dixisti,
2675 4343 3018 4397 innocentem.
3045 4342 3218 4410 Quam
3247 4355 3346 4396 nos
3375 4341 3539 4397 aliam
3575 4341 3779 4397 voluisti

2184 4437 2654 4507 comprehendere
2708 4436 2887 4502 viam,
2936 4437 3040 4492 nisi
3083 4447 3255 4503 tuam,
3304 4450 3468 4504 quam
3529 4435 3782 4492 describit

2137 4583 2140 4592 ,
2186 4531 2472 4598 Dominus,
2506 4530 2732 4586 dicens:
2765 4529 2934 4598 Quam
2967 4539 2994 4567 ο
3025 4530 3132 4598 lata
3162 4541 3210 4586 et
3239 4531 3472 4602 spatiosa
3522 4532 3629 4598 uia,
3677 4546 3783 4602 qua

474 4621 677 4692 aliquid
692 4638 808 4676 cum
828 4624 991 4693 fratre
1016 4633 1278 4692 tuo,pone
1305 4637 1492 4677 ntunus
1518 4632 1662 4676 tuutn
1684 4631 1803 4677 ante
1827 4624 2011 4692 altare,
2038 4635 2084 4680 et
2113 4619 2164 4680 D
2190 4627 2330 4683 ducit
2359 4625 2428 4679 ad
2456 4625 2742 4689 interitum,
2769 4633 2817 4679 et
2840 4611 2992 4679 multi
3020 4635 3140 4680 sunt
3163 4625 3251 4695 qui
3276 4625 3473 4679 intrant
3511 4641 3607 4694 per
3645 4623 3782 4696 illam

480 4831 492 4841 _
552 4757 740 4841 tlfCuom
792 4756 1028 4841 (Eypr.
1078 4757 1113 4812 5
1157 4759 1365 4813 testim.
1423 4755 1583 4812 Vers.
1640 4757 1768 4812 Aut.
1818 4758 2078 4826 Quoniam

474 4829 605 4900 ipsis
626 4827 944 4884 miserebitur
974 4827 1135 4883 Dens.

544 4898 572 4938 ι’
599 4899 760 4956 Forte
790 4901 866 4954 'I‘u
897 4911 1088 4956 tamen.
1117 4899 1349 4955 Galand.
1384 4899 1477 4969 qui
1511 4901 1674 4970 paulo
1726 4900 1951 4960 inferius
2001 4904 2077 4960 le-

475 4972 556 5043 git
582 4974 925 5039 locupletatos
957 4988 1056 5041 pro
1079 4971 1431 5039 locupletatis.

553 5054 575 5083 ο
609 5043 670 5099 Si
692 5061 852 5111 cum;
885 5043 1132 5114 intellige
1163 5045 1205 5097 si
1234 5045 1463 5113 quando.

547 5114 574 5152 τί
606 5115 743 5172 Vide
771 5133 896 5172 mox
925 5116 1089 5172 dicta.

549 5197 573 5224 θ
605 5185 711 5242 Pro
750 5205 842 5242 nec
882 5189 985 5243 Tit.
1017 5198 1091 5259 et
1145 5185 1196 5241 la
1243 5185 1442 5251 Cerda,
1498 5196 1557 5242 et
1611 5187 1844 5245 Galand.
1891 5189 2076 5259 Forte,

470 5275 628 5325 anne,
659 5261 742 5314 vel
778 5277 966 5315 nonne.
1001 5258 1230 5314 Galaud.
1263 5259 1487 5313 rectius.

550 5329 569 5368 τ
607 5330 759 5387 Vers.
797 5336 923 5387 Ant.
955 5331 1032 5386 Ab
1061 5329 1377 5399 antiquis....
1410 5332 1499 5400 qui
1521 5339 1714 5386 autem.

545 5412 570 5450 ε
602 5401 758 5458 Vers.
821 5405 953 5460 Aut.
1003 5403 1299 5475 utrobique
1355 5402 1408 5454 in
1445 5401 1674 5475 judicio.
1730 5401 1798 5457 In
1847 5403 2005 5461 abest
2041 5419 2072 5459 a

471 5481 689 5539 Graiae,
721 5477 796 5530 uti
821 5493 848 5527 a
881 5473 1058 5530 Lucil.
1447 5473 1458 5475 ⁷
2068 5483 2083 5490 ‘

538 5551 567 5591 ιι
597 5544 786 5613 Forte,
819 5558 862 5600 et
884 5559 937 5601 tu
961 5547 1263 5616 imperator,
1297 5554 1404 5600 etc.
1437 5545 1673 5601 Galand.

544 5624 560 5661 ί
596 5620 727 5675 (mm
759 5618 963 5673 Hilario
985 5615 1190 5672 Pictav.
1223 5615 1533 5672 Comment.
1582 5617 1636 5672 in
1682 5617 1870 5674 Matth.
1902 5617 2061 5675 Vers.

463 5694 594 5750 Ant.
621 5705 636 5744 :
675 5691 736 5744 Si
757 5707 882 5762 ergo
903 5689 1182 5763 Μεγάδην
1213 5689 1335 5759 quia
1363 5690 1523 5763 frater
1549 5701 1665 5763 tuus
1691 5690 1844 5746 habet
1865 5691 2065 5763 aliquid

463 5766 710 5821 adversus
739 5771 788 5815 te
811 5756 836 5816 ἕ
859 5763 1091 5828 relinque
1117 5756 1278 5815 ibi...
1304 5756 1510 5816 veniens
1535 5756 1741 5826 offeres.

538 5835 551 5887 i
585 5831 740 5892 Vers.
768 5837 892 5888 Aut.
917 5831 1146 5887 adies...
1179 5831 1458 5890 benedicite
1473 5837 1558 5905 qui
1585 5835 2059 5892 maledicentvobis.

2251 4762 2276 4800 ἓ
2304 4762 2463 4818 Vers.
2493 4762 2622 4817 Ant.
2654 4761 2770 4829 His,
2795 4765 2882 4833 qui
2902 4763 3084 4816 odiunt
3111 4779 3222 4826 nos,
3273 4772 3324 4818 et
3366 4772 3512 4817 orate
3568 4780 3662 4834 pro
3703 4781 3780 4819 cae

2182 4835 2557 4890 lumniantibus
2584 4835 2745 4902 vobis,
2801 4845 2848 4888 et
2901 4834 3324 4904 persequentibus
3368 4851 3578 4892 ros.....
3625 4835 3780 4890 solem

2181 4925 2334 4980 suum
2359 4909 2486 4961 oriri
2499 4906 2746 4980 jubet....
2772 4905 2835 4961 Si
2856 4907 2994 4960 enim
3019 4907 3320 4980 diligitis...
3346 4906 3453 4980 hoc
3481 4908 3718 4980 faciunt?
3737 4916 3781 4962 et

2181 4981 2228 5033 si
2254 4977 2512 5033 salutaris
2553 4980 2882 5049 fratres..._...
2935 4978 3162 5044 amplius
3217 4977 3701 5049 f'acietis?’Nonne
3735 4989 3780 5034 et

2187 5049 2396 5104 Ethnici
2412 5049 2512 5106 hoc
2534 5047 2778 5120 faciunt?
2794 5047 2970 5103 Estote
2990 5063 3110 5118 ergo
3131 5060 3227 5103 etc.
3249 5047 3412 5120 Cypr.
3439 5049 3538 5104 lib.
3562 5050 3632 5105 de
3647 5051 3777 5105 bono

2184 5124 2414 5196 patient.
2459 5122 2546 5192 qui
2577 5138 2666 5175 vos
2719 5129 3114 5196 persequuntur.
3172 5119 3307 5196 M_ss,
3353 5120 3540 5196 plures
3591 5123 3773 5196 φίλους,

2186 5191 2402 5247 amicos.
2438 5191 2617 5247 Graec.
2669 5191 2890 5256 ποιεῖτε,
2943 5192 3157 5260 facitis:
3206 5191 3437 5247 Tertull.
3487 5191 3658 5250 lib.'l
3692 5192 3779 5250 ad-

2187 5279 2376 5320 versus
2407 5264 2574 5320 Marc.
2605 5265 2753 5319 eritis
2781 5279 2799 5318 :
2830 5277 3021 5319 omnes
3054 5262 3108 5318 hi
3136 5277 3262 5320 cum
3311 5262 3484 5320 Lucif.

2262 5334 2281 5374 1
2319 5335 2430 5391 Ista
2461 5337 2588 5407 legit
2614 5336 2802 5391 Sabal.

2255 5417 2294 5446 ω
2325 5408 2482 5464 Vers.
2551 5408 2680 5463 Aut.
2747 5407 3081 5474 remetietur;
3131 5407 3203 5462 ita
3253 5407 3536 5480 corrigunt
3577 5409 3678 5466 Til.
3725 5419 3774 5466 et

2166 5471 2360 5536 Latin.

2176 5622 2220 5679 ν
2250 5562 2277 5589 ιι
2308 5550 2472 5678 qubt.
2499 5562 2554 5607 et
2583 5551 2870 5624 Sangerm.
2892 5550 3052 5607 codd.
3089 5552 3271 5619 trabis,
3305 5552 3450 5624 apud
3507 5553 3695 5610 Sabat.
3723 5563 3770 5609 et

2225 5639 2333 5679 ers.
2409 5642 2439 5679 n
2474 5664 2486 5679 .

2225 5639 2333 5679 ers.
2362 5639 2486 5679 Αηῐ.

2247 5704 2272 5732 ο
2309 5695 2462 5751 Vers.
2513 5697 2639 5750 Ant.

2671 5695 2810 5764 Quia
2859 5695 3056 5750 lata....
3110 5697 3194 5750 via
3213 5706 3385 5752 est....
3428 5698 3500 5750 ad

3535 5696 3770 5768 perditio-

2173 5784 2307 5842 nem.
2341 5765 2498 5842 ,σω
2537 5768 2638 5842 lib.
2673 5769 2706 5821 ὅ
2740 5768 2990 5842 testinata:
3039 5767 3209 5842 llilar.
3247 5769 3298 5842 in
3326 5765 3562 5834 Matthﬁ;
3593 5769 3762 5825 Codex

2170 5823 2650 5906 Claro'mfiSabat.
2677 5847 2798 5895 cum
2826 5823 2998 5895 Lucii.
3021 5823 3340 5905 Quantvla'ta.
