4042 6338
230 288 337 346 889

1304 286 1444 343 PRO
1483 282 1755 345 SANCTO
1792 281 2189 340 ATﬂANASlO
2228 283 2356 341 LIB.
2402 286 2467 341 ll.

3438 287 3544 345 890

231 410 400 485 (Ibid.
428 409 570 480 ιδῃ
600 406 736 475 Quia
767 415 792 443 °
824 404 1007 476 itaque
1046 403 1123 460 sis
1163 404 1218 458 in
1241 402 1344 459 hac
1375 404 1481 459 lata
1512 411 1570 460 et
1595 403 1835 475 spatiosa
1863 406 1915 466 Α
1942 403 2167 476 patietur
2201 405 2601 476 :quodcumque
2628 408 2963 463 aestimaverit
2985 405 3013 446 ιι
3040 409 3118 464 vir
3163 407 3418 473 mulieris,
3450 406 3549 460 da-

227 505 565 562 constitutus
595 502 705 569 via,
729 498 1038 571 praecepisti
1066 499 1315 555 damnari
1343 499 1714 564 innocentem,
1743 514 1837 554 cu-

227 605 387 672 piens
420 598 666 669 profecto
705 595 923 652 cunctis
979 594 1241 661 revelari,
1274 592 1417 665 quod
1450 603 1538 647 tua
1578 594 1688 649 late
1717 608 1836 663 per-

230 694 367 751 ditio
395 692 724 749 dominetur.
753 689 1022 759 Tempore
1044 686 1072 726 ¹>
1104 702 1213 754 quo
1253 687 1446 743 venisti
1490 685 1557 741 ad
1602 685 1835 751 Italiam,

233 790 314 846 sic
345 798 400 844 te
442 788 625 857 lupum
648 784 886 840 (inseras
907 797 1089 848 ovem,
1113 790 1390 851 tamquam
1414 794 1519 834 non
1549 778 1837 833 fuissemus

232 897 299 937 ex
333 880 593 949 cperibus
624 879 729 933 tuis
761 886 814 933 te
844 875 1137 945 repertori,
1166 885 1440 943 tamquam
1484 871 1711 943 fugisset
1738 885 1838 927 nos

233 972 453 1028 Domini
484 969 724 1026 monella
759 981 780 1008 ε
809 966 1045 1024 dicentis
1074 987 1087 1020 :
1138 966 1397 1021 Attendite
1444 965 1584 1020 vobis
1629 981 1660 1018 a
1690 964 1838 1035 falsis

229 1066 524 1141 prophetis,
556 1066 647 1137 qui
676 1063 884 1119 veniunt
937 1062 1006 1116 ad
1058 1076 1145 1116 vos
1182 1061 1238 1115 in
1286 1060 1468 1115 vestitu
1513 1059 1703 1123 ovium,
1752 1057 1836 1111 in-

231 1162 490 1216 trinsecus
528 1156 556 1197 ἀ
603 1169 778 1213 autem
817 1166 938 1211 sunt
985 1156 1098 1226 lupi
1148 1171 1363 1223 rapaces
1398 1196 1413 1222 ,
1473 1170 1537 1209 ea:
1584 1150 1837 1223 fructibus

228 1271 412 1310 eorum
459 1253 777 1327 cognoscetis
828 1268 916 1306 eos
972 1246 1155 1323 (Ibid.
1214 1247 1340 1319 15).
1411 1246 1680 1319 Numquid
1731 1262 1837 1301 non

232 1348 497 1403 luxerunt
528 1348 673 1402 illico
704 1346 891 1401 tristes
920 1342 1149 1399 venenis
1175 1341 1379 1397 diaboli
1418 1343 1470 1395 in
1513 1350 1565 1395 te
1618 1340 1840 1395 insemi-

230 1443 346 1497 nati
371 1440 700 1496 amarissimi
736 1438 943 1493 fructus
977 1437 1077 1499 tui,
1100 1446 1159 1490 ut
1190 1435 1371 1490 dicere
1396 1434 1653 1497 tentasti,
1686 1433 1839 1487 dam-

231 1534 478 1593 nandum
502 1534 669 1590 fuisse
694 1531 996 1589 inauditum
1020 1531 1043 1585 ?
1066 1528 1327 1600 numquid
1358 1543 1480 1583 nam
1516 1544 1623 1584 non
1650 1539 1839 1599 patue-

233 1639 363 1685 runt
387 1628 681 1685 confestim
715 1625 931 1681 insidiae
961 1633 1067 1678 tua:
1096 1623 1204 1694 lupi
1226 1621 1480 1693 rapacis?
1507 1621 1659 1690 Quod
1693 1620 1838 1676 enim

229 1737 425 1781 contra
457 1723 557 1778 Dei
588 1724 730 1779 ovile
762 1721 1071 1777 machinam
1101 1718 1504 1773 construxisses
1524 1717 1837 1783 maximam,

232 1820 504 1877 fructibus
531 1834 664 1889 ergo
698 1817 802 1873 tuis
826 1814 1103 1887 quomodo
1135 1831 1241 1869 non
1269 1814 1387 1868 ovis
1411 1814 1601 1878 fuisse,
1630 1811 1724 1867 sed
1756 1810 1837 1864 lu-

234 1929 343 1986 pus
370 1914 588 1985 agnitus
620 1928 679 1968 es
705 1953 720 1979 ,
752 1912 834 1967 sic
866 1919 921 1967 et
959 1906 1235 1980 quomodo
1281 1908 1381 1974 sis,
1440 1906 1542 1960 nisi
1586 1905 1680 1959 tibi
1713 1920 1843 1959 con-

235 2006 502 2070 sulueris,
533 2006 698 2061 arbor
727 2004 835 2075 igni
882 2003 1180 2067 destinata,
1215 2001 1449 2071 probant
1493 2013 1648 2055 sacra
1680 2014 1845 2053 evan-

236 2101 405 2172 gelia.
442 2098 709 2168 Numquid
733 2098 986 2171 colligunt
1029 2099 1092 2151 de
1131 2097 1295 2169 spinis
1350 2112 1502 2150 uvam
1549 2104 1593 2161 ο,
1646 2102 1735 2147 aut
1782 2093 1844 2147 de

236 2192 442 2248 tribulis
494 2192 625 2259 ﬁcus
648 2191 674 2245 7
698 2192 771 2245 sic
793 2191 958 2245 omnis
983 2190 1135 2244 arbor
1161 2189 1296 2243 bona
1327 2187 1486 2242 bonos
1530 2191 1731 2259 fructus
1762 2190 1846 2258 fa-

237 2287 331 2349 cit,
368 2274 508 2339 mala
536 2293 707 2339 autent
750 2283 905 2338 arbor
934 2283 1098 2338 malos
1129 2285 1328 2354 fructus
1353 2283 1498 2354 facit.
1528 2280 1651 2335 Non
1685 2291 1846 2350 potest

239 2379 399 2432 arbor
428 2377 562 2431 bona
609 2378 773 2429 malos
802 2380 1007 2447 fructus
1064 2375 1255 2446 facere,
1309 2391 1468 2445 neque
1513 2374 1664 2428 arbor
1706 2375 1847 2428 mala

239 2473 405 2527 bonos
430 2475 632 2543 fructus
662 2474 852 2542 facere.
883 2468 1062 2523 Omnis
1092 2468 1246 2523 arbor
1271 2484 1387 2539 quae
1416 2485 1517 2522 non
1552 2468 1678 2538 facit
1705 2467 1847 2536 fruc-

241 2577 355 2620 tum
394 2566 580 2619 bonum
612 2564 900 2631 excidetur,
933 2574 981 2619 et
1030 2565 1085 2618 in
1117 2566 1284 2635 ignem
1313 2566 1539 2618 mittetur
1571 2580 1588 2618 :
1620 2580 1683 2618 ea:
1707 2567 1847 2634 fruc-

242 2663 382 2715 tibus
406 2666 544 2713 enim
574 2675 752 2714 eorum
785 2659 1107 2731 cognoscetis
1139 2675 1243 2713 eos.
1276 2658 1399 2713 Non
1423 2659 1587 2713 omnis
1612 2658 1700 2730 qui
1721 2657 1847 2711 milii

242 2755 398 2819 dicit,
422 2750 666 2818 Domine,
709 2750 954 2818 Domine,
993 2753 1201 2807 intrabit
1241 2754 1293 2805 in
1329 2770 1543 2827 regnum
1580 2752 1845 2818 caelorum,

239 2848 334 2903 sed
359 2847 446 2917 qui
470 2846 597 2917 facit
620 2846 928 2901 voluntatem
978 2843 1154 2899 Patris
1184 2848 1281 2899 mei
1309 2844 1474 2918 (Ibid.
1505 2844 1618 2917 16).
1662 2845 1720 2902 Si
1753 2860 1849 2900 vo—

242 2944 510 2999 luntatem
536 2940 714 2996 Patris
744 2940 891 2995 unici
926 2939 1020 2995 Dei
1048 2939 1169 2994 Filii
1196 2939 1352 3006 facis,
1398 2938 1673 3009 quomodo
1706 2940 1764 2993 fit
1792 2949 1848 2993 ut

243 3035 367 3106 ejus
396 3032 593 3089 Filium
634 3047 800 3103 neges
828 3033 1189 3102 unigenitum,
1224 3042 1281 3087 ut
1306 3032 1482 3104 ipsum
1515 3031 1731 3087 Patrem
1762 3030 1846 3087 di-

241 3143 338 3185 cas
375 3143 484 3183 non
528 3141 650 3183 esse
696 3142 891 3182 verum
946 3126 1203 3192 Patrem,
1252 3133 1311 3180 ut
1354 3125 1701 3181 fundamenta
1753 3139 1849 3195 per

1941 497 2011 551 bit
2044 514 2159 552 cum
2193 498 2209 535 ί
2244 499 2519 570 dignitate.
2558 498 2713 568 Quod
2738 502 2784 555 si
2804 501 3150 571 deformatum
3183 501 3364 573 fuerit,
3405 498 3548 554 dabit

1940 592 2171 646 animant
2213 607 2309 663 pro
2335 593 2534 659 anima,
2574 594 2780 648 oculum
2832 610 2924 664 pro
2973 594 3147 659 oculo,
3197 593 3400 647 dentem
3452 607 3548 663 pro

1941 686 2113 750 dente,
2142 702 2353 739 manum
2388 703 2483 753 pro
2520 702 2701 751 manu,
2728 687 2908 757 pedem
2927 704 3023 758 pro
3047 687 3196 757 pede,
3231 685 3546 741 combustum

1942 795 2036 850 pro
2066 779 2351 845 combusto,
2393 780 2581 835 vulnus
2615 796 2710 850 pro
2738 780 2949 833 vulnere
2971 822 2986 843 ,
3038 781 3247 835 livorem
3274 796 3367 850 pro
3393 778 3551 834 livore

1941 873 2068 943 (Ex.
2110 889 2221 941 XXI,
2271 872 2388 944 22).
2445 872 2674 929 Credol
2738 873 2875 928 nihil
2926 888 3206 929 sacrarum
3265 883 3316 927 te
3366 873 3550 944 lugere

1940 967 2388 1036 scripturarum:
2425 982 2620 1035 neque
2662 966 2810 1022 enim
2869 982 3061 1038 posses
3114 966 3332 1038 egregia
3390 965 3549 1021 nobis

1941 1059 2074 1116 dare
2115 1060 2397 1126 mandata,
2457 1059 2559 1115 nisi
2620 1058 2818 1116 fuisses
2865 1059 2999 1131 legis
3056 1060 3286 1130 peritus.
3339 1058 3548 1130 Legisti

1940 1155 2129 1225 utique
2169 1157 2335 1210 etiam
2387 1155 2545 1210 lucc:
2600 1154 2783 1209 Omnis
2822 1157 2910 1225 qui
2954 1156 3103 1210 audit
3152 1155 3246 1210 nos
3290 1171 3550 1211 sermones

1942 1265 2083 1304 meos
2114 1246 2139 1285 ’ί
2168 1259 2214 1302 et
2242 1249 2365 1320 facit
2390 1249 2532 1315 illos,
2566 1249 2785 1303 similem
2810 1248 3075 1304 aestimabo
3104 1249 3253 1303 illum
3281 1250 3390 1302 viro
3420 1264 3549 1320 pru-

1943 1344 2085 1398 denti
2114 1342 2158 1411 1,
2190 1345 2277 1417 qui
2317 1344 2594 1414 aedificavit
2649 1343 2859 1398 domum
2900 1360 3047 1398 suam
3105 1359 3259 1415 super
3309 1354 3549 1411 petram:

1944 1436 2212 1492 descendit
2258 1437 2431 1507 pluria
2456 1479 2469 1503 ,
2522 1448 2571 1493 et
2601 1448 2639 1474 ιη
2669 1448 2919 1491 venerunt
2975 1436 3196 1507 flumina
3224 1478 3240 1504 ,
3293 1437 3548 1506 [laverunt

1943 1531 2101 1598 venti,
2131 1532 2453 1601 impegerunt
2478 1539 2504 1567 ιι
2533 1532 2587 1586 in
2620 1532 2829 1585 domum
2868 1531 3036 1598 illam,
3089 1540 3136 1585 et
3176 1547 3278 1585 non
3326 1529 3547 1584 cecidit:

1944 1624 2163 1695 fundata
2210 1624 2345 1677 enim
2381 1633 2492 1678 erat
2527 1639 2679 1696 super
2712 1633 2932 1694 petram.
2963 1621 3031 1676 Et
3061 1624 3227 1678 omnis
3265 1623 3353 1691 qui
3403 1623 3552 1677 audit

1944 1733 2204 1772 sermones
2226 1728 2386 1783 meas,
2420 1734 2510 1771 nec
2541 1718 2661 1773 illos
2706 1720 2863 1788 facit,
2911 1718 3131 1772 similem
3172 1716 3436 1773 (estimabo
3485 1717 3551 1772 il-

1870 1815 1915 1876 B
1943 1813 2048 1867 lum
2079 1820 2103 1847 ο
2131 1812 2328 1865 homini
2355 1812 2534 1879 stulto,
2563 1813 2653 1884 qui
2679 1811 2957 1882 ludificabit
2980 1811 3192 1865 domum
3214 1827 3363 1864 suam
3391 1826 3548 1880 super

1944 1922 2155 1959 arenam
2186 1924 2205 1959 :
2254 1907 2515 1961 descendit
2540 1906 2739 1978 pluvia,
2769 1906 3091 1960 advenerunt
3114 1905 3357 1975 ﬂumina,
3387 1905 3549 1975 ﬂave-

1945 2012 2062 2052 runt
2094 2000 2248 2066 venti,
2291 1998 2547 2054 illiserunt
2578 1999 2752 2053 domui
2778 1999 2880 2065 illi,
2912 2009 2960 2052 et
2985 1997 3192 2066 cecidit,
3231 2006 3278 2051 et
3318 2001 3459 2069 facta
3480 2009 3553 2052 est

1946 2093 2101 2147 ruina
2129 2097 2243 2167 ejus
2266 2110 2455 2163 magna
2482 2092 2697 2166 (Matth.
2733 2109 2829 2158 vn,
2857 2093 2973 2165 Ἠ).
3033 2092 3229 2161 Quem.
3258 2102 3310 2147 te
3358 2093 3553 2147 horum

1946 2202 2070 2242 esse
2092 2188 2251 2253 dicis,
2278 2185 2589 2253 Constanti,
2616 2186 2947 2257 sapientem,
2975 2201 3046 2241 an
3078 2184 3435 2255 insipientem
3456 2184 3555 2241 ?Si

1946 2281 2155 2338 dixeris
2186 2282 2513 2351 sapientem,
2548 2298 2645 2337 cur
2674 2297 2838 2354 opera
2878 2291 2965 2336 tua
2999 2290 3308 2337 monstrant
3339 2291 3391 2335 te
3423 2279 3559 2335 insi-

1948 2376 2230 2447 pientem?
2257 2392 2351 2431 cur
2376 2374 2571 2430 domus
2614 2385 2702 2431 tua
2736 2375 3017 2431 invenitur
3066 2374 3330 2430 collocata
3386 2387 3552 2443 supra

1948 2470 2215 2523 arenam?
2243 2467 2427 2538 Neque
2459 2467 2605 2523 enim
2658 2467 2866 2538 poteris
2889 2483 3055 2539 supra
3085 2477 3295 2538 petram
3331 2475 3383 2521 te
3413 2463 3553 2521 aedi-

1950 2560 2145 2616 ficasse
2175 2561 2396 2615 domum
2430 2571 2575 2616 tuam
2609 2561 2819 2629 dicere,
2850 2576 2971 2617 cum
3004 2562 3184 2617 omnis
3225 2562 3443 2632 sapiens
3473 2561 3553 2616 ιι-

1948 2657 2077 2713 deat
2105 2657 2365 2713 fabricam
2393 2656 2645 2713 stultitiae
2678 2667 2807 2720 tuae.
2834 2673 2959 2713 cum
2990 2659 3170 2713 omnis
3217 2657 3313 2713 Dei
3362 2672 3555 2712 servus

1950 2753 2257 2823 conSpiciat
2289 2769 2541 2825 magnam
2589 2752 2732 2809 lianc
2774 2769 2934 2824 quam
2993 2751 3248 2824 praedixit
3295 2752 3558 2807 Dominus

1949 2850 2167 2905 ruinam
2196 2849 2391 2905 salutis
2423 2859 2549 2905 ture.
2605 2849 2662 2904 ln
2691 2864 2798 2915 quo
2825 2849 3029 2905 etenim
3086 2844 3363 2903 invenitur
3406 2856 3554 2902 stare

1949 2944 2321 3010 ChriStianus,
2357 2944 2460 2999 nisi
2495 2945 2549 2999 in
2578 2958 2645 2999 eo
2673 2943 2820 3015 quod
2857 2941 3149 3012 prmceptis
3199 2948 3389 3012 pareat
3438 2938 3550 2994 Do-

1950 3036 2264 3094 minitnisi
2299 3035 2351 3091 in
2382 3052 2447 3092 eo
2480 3036 2656 3104 quod,
2708 3036 2967 3091 omnibus
3019 3035 3067 3091 si
3116 3034 3281 3089 fuerit
3327 3044 3554 3088 vexatus

1962 3146 2058 3202 pro
2086 3131 2307 3185 nomine
2352 3128 2449 3185 Dei
2481 3129 2607 3183 Filii
2634 3128 3132 3199 perseeutionibus,
3186 3137 3369 3181 tamen
3400 3124 3558 3180 duret

243 3220 530 3292 apostolos
556 3221 773 3275 coneris
799 3220 1087 3276 destruere
1109 3220 1277 3291 jacta,
1307 3228 1363 3274 ut
1396 3220 1739 3275 interficeres
1767 3212 1848 3272 at-
1877 3223 1922 3288 C
1955 3224 2288 3282 immobilis?
2326 3224 2378 3279 in
2404 3238 2510 3293 quo
2542 3226 2647 3279 erit
2693 3223 2973 3295 perfectus
3030 3218 3393 3286 Christianus,
3446 3219 3553 3274 nisi

243 3331 349 3386 que
376 3315 673 3370 iutcrticias
704 3314 946 3370 cultores
972 3315 1125 3386 ejus,
1160 3324 1218 3369 ut
1243 3314 1514 3379 antistites
1546 3314 1724 3384 ipsius
1781 3313 1851 3369 de

246 3410 465 3482 populis
485 3410 716 3479 pelleres
740 3410 842 3465 sibi
863 3411 1195 3476 commissis,
1226 3422 1282 3465 ιιι
1304 3412 1588 3465 absentem
1612 3417 1667 3465 et
1690 3411 1848 3464 inau-

244 3505 420 3560 ditum
442 3504 688 3559 damnari
708 3504 954 3574 juberes,
981 3515 1038 3559 ut
1062 3506 1317 3560 harrcsint
1343 3518 1510 3572 tuam,
1542 3521 1661 3573 qua:
1686 3520 1848 3559 unam

245 3598 594 3669 blaspltemat
641 3597 985 3653 divinitatem
1042 3598 1220 3653 Patris
1252 3604 1306 3654 et
1335 3599 1454 3654 Filii
1506 3608 1558 3654 et
1610 3597 1849 3668 Spiritus

243 3691 443 3757 sancti,
476 3692 527 3745 in
559 3691 851 3747 ecclesiam
878 3691 1304 3749 iutroduceres?
1334 3692 1389 3749 Si
1411 3692 1526 3748 lucc
1552 3704 1769 3761 cuncta,
1792 3704 1849 3749 ut

244 3784 500 3848 diximus,
538 3783 735 3853 placita
768 3795 895 3840 sunt
930 3787 1038 3841 Deo
1089 3786 1253 3854 Patri,
1313 3787 1518 3859 poteris
1558 3786 1763 3843 intrare
1795 3789 1846 3843 in

245 3894 473 3949 regnum
514 3879 803 3934 caelorum.
834 3879 1005 3935 Audis
1051 3881 1194 3935 enim
1250 3881 1431 3937 dicere
1480 3885 1699 3938 unicum
1753 3883 1844 3938 Fi-

245 3974 380 4029 lium
411 3974 532 4042 ejus
565 3991 579 4029 :
618 3972 927 4029 Nonomnis
966 3976 1053 4045 qui
1098 3974 1224 4030 dicit
1258 3978 1404 4041 mihi,
1436 3977 1688 4045 Domine,
1740 3977 1847 4034 Do-

247 4070 407 4133 mine,
440 4068 653 4122 intrabit
686 4069 738 4121 in
762 4085 975 4139 regnum
1003 4068 1271 4133 cmlorum,
1301 4069 1393 4123 sed
1412 4071 1500 4140 qui
1523 4071 1645 4139 facit
1672 4071 1853 4126 volun-

244 4169 403 4215 tatem
430 4158 608 4214 Patris
636 4162 733 4214 mei
764 4159 931 4232 (Ibid.
962 4158 1079 4231 ει).
1122 4160 1556 4231 Damnarijnbes
1587 4163 1845 4219 innocen-

247 4263 353 4308 tem
390 4271 401 4306 :
442 4268 547 4308 non
577 4252 780 4309 recolis
810 4254 862 4307 in
895 4253 1091 4308 Exodo
1121 4253 1325 4310 dixisse
1383 4255 1596 4311 Deum?
1621 4256 1682 4311 Si
1707 4258 1849 4312 rixa—

246 4347 413 4401 verint
448 4344 467 4384 ί
519 4345 623 4399 duo
648 4387 662 4410 ,
702 4355 748 4399 et
791 4346 1139 4415 percusserint
1187 4347 1453 4401 mulierem
1487 4349 1538 4401 in
1570 4358 1711 4403 utero
1756 4349 1850 4402 Ita-

248 4440 467 4510 bentem,
492 4451 540 4494 et
571 4440 865 4495 abortiverit
891 4449 915 4487 8
944 4456 1044 4495 ηοη
1073 4441 1418 4511 deformatum
1439 4484 1453 4510 ,
1490 4443 1849 4500 detrimentum

320 4638 344 4666 ³
374 4627 483 4683 Ριο
509 4644 647 4683 cum.
679 4626 785 4683 Til.

318 4699 346 4739 δ
378 4700 557 4755 lnuuit
596 4697 897 4754 Constantii
922 4713 953 4753 e
978 4697 1175 4753 Galliis
1194 4698 1488 4753 adventum
1542 4699 1594 4753 in
1637 4699 1846 4754 Italiam

245 4790 338 4829 an.
380 4771 510 4836 554.
544 4771 631 4826 ubi
666 4786 729 4826 ea
760 4771 979 4826 molitus
1008 4781 1123 4832 est,
1181 4785 1302 4840 quin
1360 4772 1411 4826 in
1460 4770 1849 4826 Mediolaneusi

246 4845 496 4901 Concilio
527 4844 654 4899 anni
701 4843 1041 4913 insequentis
1090 4840 1302 4899 nefarie
1356 4853 1672 4914 perpetrata
1723 4853 1851 4899 sunt

244 4919 317 4973 ab
347 4916 583 4972 Arionis.

325 5001 347 5029 τ
380 4989 485 5045 Pro
536 4986 887 5042 admonitione
916 4994 971 5042 et
997 4984 1373 5041 exhortatione.
1410 4986 1514 5042 Til.
1578 4985 1726 5042 Hanc
1755 5004 1847 5043 vo-

244 5078 368 5118 cem
395 5067 545 5115 notat
567 5060 732 5115 etiam
754 5059 825 5116 du
851 5055 1087 5129 Caugius
1110 5060 1161 5113 in
1186 5057 1368 5119 Gloss.
1411 5059 1516 5115 litt.
1549 5058 1616 5115 Μ.
1648 5075 1715 5115 ex
1745 5058 1851 5115 Lu-

245 5134 438 5190 cifero.

321 5203 346 5243 ι¹
381 5206 532 5262 Vcrs.
559 5206 686 5262 Ant.
715 5205 944 5258 abintus.

324 5288 348 5315 ε
384 5276 540 5335 Vers.
575 5277 704 5332 Atil.
760 5275 995 5332 Uvas....
1048 5274 1228 5329 Omnis
1286 5292 1529 5345 ergo.....
1582 5274 1752 5347 Igitur
1791 5293 1854 5332 ea:

247 5351 601 5422 fructibus....
638 5348 798 5403 dicet.

329 5421 346 5459 ί
378 5421 535 5478 \‘ers.
562 5423 687 5477 Ant.
716 5422 778 5475 Si
806 5418 1081 5492 litigabunt
1111 5418 1215 5472 duo
1244 5418 1360 5472 viri.

324 5503 349 5541 ες
378 5493 482 5548 Pro
506 5495 746 5549 abortum
775 5491 930 5560 passa
985 5491 1140 5558 fuerit
1158 5494 1184 5553 ,'
1200 5499 1247 5544 et
1270 5492 1521 5562 pepererit
1552 5508 1653 5545 non
1674 5492 1851 5560 defor-

248 5576 469 5625 matum.
499 5569 548 5621 itl
593 5574 701 5622 est.
748 5565 1005 5634 integrum
1032 5571 1079 5616 et
1109 5566 1434 5633 perfectum,
1478 5580 1569 5617 nec
1619 5563 1857 5619 membris

152 5636 169 5645 ’
247 5650 482 5707 captum,
513 5648 603 5692 aut
633 5638 875 5691 mutilum
904 5650 924 5689 :
954 5645 1010 5690 et
1034 5634 1149 5689 base
1200 5634 1363 5689 lectio
1395 5637 1616 5706 propius
1650 5636 1860 5691 accedit

249 5710 319 5763 ail
347 5719 551 5763 textum
589 5709 938 5769 Hebraieum,
969 5722 1129 5774 quam
1160 5715 1341 5761 nostra
1384 5709 1709 5762 communis.
1746 5708 1856 5763 'l'il.

251 5778 309 5845 et
336 5781 382 5835 la
407 5780 600 5836 Cerda.
636 5780 790 5848 Vers.
827 5783 954 5849 Ant.
985 5778 1048 5832 Et
1075 5779 1254 5832 exierit
1289 5779 1462 5849 infans
1491 5782 1603 5849 ejus
1633 5781 1861 5835 nondunt

256 5841 531 5924 formatus;
564 5841 863 5911 Galandius
888 5841 1016 5921 l'egit
1038 5851 1268 5906 n‘ondum
1287 5841 1570 5922 fo'rn'tatu'm
1602 5861 1723 5907 cttm
1759 5855 1861 5906 Au-

1955 3321 1999 3378 si
2033 3321 2196 3375 eliam
2231 3318 2394 3374 fuerit
2423 3316 2745 3373 interfectus
2797 3331 2893 3386 pro
2944 3331 3029 3379 eo,
3065 3330 3226 3386 quem
3260 3323 3312 3367 tu
3355 3325 3555 3383 negare

1955 3413 2197 3485 dignaris
2229 3428 2417 3469 verum
2450 3427 2576 3468 esse
2608 3411 2807 3467 Filium
2841 3409 2981 3464 Dei?
3031 3408 3112 3463 Tu
3162 3412 3376 3469 contra,
3427 3420 3552 3459 eum

1954 3523 2062 3563 non
2096 3509 2147 3562 in
2176 3506 2412 3563 ecclesia
2436 3506 2534 3571 sis,
2569 3503 2666 3559 sed
2703 3502 2844 3573 apud
2876 3500 3111 3555 Arianos
3157 3498 3246 3553 Dei
3278 3494 3550 3563 inimicos,

1951 3616 2076 3657 cum
2106 3599 2202 3654 Dei
2235 3600 2454 3653 unicum
2484 3597 2682 3652 Filium
2718 3611 2923 3667 negans
2940 3595 3033 3659 sis,
3065 3607 3187 3647 cum
3213 3605 3318 3645 non
3349 3590 3424 3645 sis
3446 3588 3554 3644 im-

1954 3695 2110 3765 plens
2140 3693 2260 3763 ejus
2293 3693 2547 3746 mandata
2580 3690 2913 3755 clementim,
2947 3687 3043 3743 sed
3071 3686 3241 3757 magis
3263 3684 3555 3740 destruere

1956 3782 2195 3855 coneris,
2224 3770 2347 3844 eum
2375 3788 2451 3842 sis
2486 3785 2876 3857 prtet'aricator
2920 3782 3079 3853 legis,
3131 3796 3253 3836 cum
3304 3780 3554 3834 desertor

1953 3880 2280 3937 sacramenti
2311 3879 2518 3935 militia:
2542 3879 2804 3940 caelestis,
2836 3893 2962 3931 cum
2994 3885 3316 3945 persecutor
3346 3872 3443 3927 Dei
3473 3886 3560 3926 re-

1953 3975 2193 4047 ligionis,
2225 3989 2348 4029 eum
2380 3983 2432 4029 te
2453 3973 2601 4028 circa
2627 3973 2745 4040 ejus
2779 3972 3021 4026 cultores
3071 3966 3318 4039 prtelteas
3369 3966 3554 4020 carni-

1956 4069 2137 4135 ficem,
2172 4068 2445 4140 quomodo
2480 4067 2682 4138 poteris
2713 4064 2934 4137 sapiens
2969 4063 3049 4117 vir
3080 4059 3311 4115 inveniri
3363 4057 3559 4111 similis

1951 4163 2057 4229 illi,
2089 4179 2249 4234 quem
2281 4163 2483 4218 dixerit
2516 4162 2782 4217 Dominus
2812 4174 2979 4230 supra
3014 4167 3223 4228 petram
3254 4153 3555 4209 mdilicasse

1948 4256 2171 4312 domum
2203 4272 2356 4311 suam
2379 4257 2403 4309 ?
2427 4255 2533 4313 Sed
2566 4254 2746 4323 inquis
2771 4260 2960 4306 centra
2989 4251 3140 4305 lucc:
3178 4246 3299 4301 Non
3328 4263 3442 4300 sum
3466 4247 3549 4299 in-

1952 4350 2171 4419 sipiens,
2201 4365 2294 4422 ego
2324 4350 2441 4403 ποινὶ
2472 4364 2550 4401 me
2577 4347 2881 4416 sapientem.
2914 4343 2971 4398 Si
3016 4340 3234 4413 sapiens
3264 4353 3343 4406 es,
3371 4354 3468 4395 cur
3492 4354 3557 4393 ea

1956 4449 2133 4506 fecisti
2160 4460 2322 4521 atque
2354 4463 2413 4504 es
2445 4446 2669 4513 faciens,
2703 4459 2824 4517 quae
2850 4444 2951 4499 soli
2998 4449 3229 4513 possunt
3264 4437 3447 4495 facere
3476 4438 3560 4493 in-

1876 4651 1930 4712 Β
1951 4631 2166 4701 gustino
2193 4630 2398 4712 Qua-st.
2431 4644 2611 4712 tunc;
2635 4636 2691 4683 et
2712 4625 2890 4697 rejicit
2913 4622 3041 4679 Tilii
3066 4619 3419 4684 sententiam,
3439 4635 3560 4691 qute

1956 4714 2137 4774 tamen
2161 4710 2345 4774 potest
2373 4702 2610 4772 probari.

2026 4771 2053 4811 ¹¹
2088 4765 2235 4831 γεῖς.
2269 4765 2397 4829 Διιί.
2425 4774 2686 4842 Quantum
2715 4770 3022 4842 indixerit...
3053 4776 3099 4820 et
3125 4765 3288 4842 dabit:

2032 4845 2048 4883 ί
2085 4847 2160 4902 lta
2200 4846 2375 4903 Graec.
2403 4835 2535 4919 μζξτά
2564 4846 2868 4921 ἀξιώματος.
2898 4840 3214 4921 Vters.LAnt.
3264 4835 3393 4921 Cum
3436 4850 3554 4921 pos-

1954 4921 2227 4984 tulatione,
2253 4930 2328 4979 et.
2355 4909 2589 4971 si'autem
2608 4909 2899 4985 formatum
2923 4912 3222 4985 fuerit...
3245 4909 3556 4985 combustio—

1955 5007 2071 5044 nem
2094 5008 2185 5057 pro
2204 4981 2576 5045 combustione.
2597 4981 2733 5044 Sal).
2760 4986 2907 5057 legit,
2924 4981 2975 5038 si
2998 4991 3166 5038 autem
3189 4981 3559 5051 deformatum,

1996 5080 2053 5117 ro
2073 5063 2211 5117 quod
2238 5066 2302 5117 si.

1957 5077 2053 5132 pro
2073 5077 2210 5133 quoa
2238 5080 2302 5117 st.

2035 5134 2049 5185 i
2090 5134 2217 5189 “me
2242 5134 2446 5189 ironice
2469 5132 2637 5189 dicta.
2666 5129 2801 5186 Vide
2829 5135 2998 5185 notat.
3028 5124 3083 5181 in
3105 5124 3197 5180 lib.
3226 5120 3559 5178 Moriendum

1959 5223 2054 5282 pro
2082 5205 2225 5282 filio
2250 5204 2373 5261 Dei.
2440 5275 2482 5282 __
2550 5275 2561 5282 _
2769 5277 2778 5282 _
2995 5270 3007 5282 ,

2034 5276 2059 5349 ’f
2082 5277 2239 5349 vers.
2274 5283 2401 5332 Ant.
2440 5275 2606 5331 Verba
2626 5292 2737 5329 mea
2760 5277 2937 5349 htec...
2961 5269 3147 5349 similis
3170 5274 3265 5349 est.
3330 5338 3357 5349 γ’

2038 5346 2057 5387 ι
2088 5348 2223 5426 Cum
2256 5349 2495 5426 Crteco_,
2521 5351 2765 5426 φρονίμῳ.
2793 5345 2948 5426 vers.
2976 5341 3108 5426 ,Ant.
3134 5341 3401 5426 eumtanti.-

2033 5431 2073 5458 ω
2098 5420 2256 5476 Vers.
2277 5422 2402 5478 Ant.
2430 5410 2888 5481 Fta'tierunt'venti,
2918 5414 3229 5468 advenerunt
3252 5410 3493 5481 ﬂumina,
3515 5420 3565 5464 et

1960 5495 2377 5567 impegerunt....
2402 5493 2554 5547 verba
2580 5508 2693 5546 mea
2723 5489 2857 5567 hwc,
2886 5496 3059 5541 etnon
3090 5485 3325 5567 facilen,
3375 5482 3561 5567 similis

1966 5554 2266 5622 estvirm...
2293 5566 2547 5637 [laverunt
2570 5568 2721 5628 venti,
2748 5561 3062 5617 advenerunt
3082 5556 3322 5627 flumina,
3376 5565 3424 5609 et
3464 5554 3561 5607 im-

1967 5649 2214 5710 pegerunt
2242 5640 2295 5693 in
2313 5637 2527 5691 domum
2556 5637 2718 5690 illam.
3146 5699 3158 5711 θ
3429 5697 3440 5709 ⁸

2039 5720 2066 5747 ιι
2094 5713 2304 5766 Calmet
2334 5712 2461 5778 legit
2487 5725 2559 5778 ex,
2584 5705 2753 5762 Lucil.
2778 5706 3108 5778 impuggrugt
3146 5708 3286 5778 inter
3330 5706 3564 5756 variant.

1968 5782 2191 5839 lectiou.
2224 5772 2493 5837 Tomint
2534 5772 3015 5836 Commentfin'S.
3050 5772 3253 5843 Scripl.

2045 5864 2067 5885 θ
2091 5853 2227 5908 Eum
2255 5854 2383 5922 legit
2410 5852 2537 5908 Sal).
