4042 6338
459 275 557 330 8‘il

1544 269 1869 332 LUCIFERI
1911 273 2216 333 EPISCOPI
2256 277 2682 334 (JALARITANI

3668 276 3780 335 892

456 390 764 457 sipieates?
814 390 868 446 Si
918 405 978 446 es
1031 391 1280 457 sapiens,
1337 404 1433 446 cur
1484 390 1737 445 damnari
1794 389 2060 447 mandasti
2091 395 2145 456 Α
2169 391 2264 447 ille
2292 393 2365 448 sis
2387 394 2476 465 qui
2503 393 2727 450 domum
2760 402 2905 450 tuam
2936 394 3293 453 aedilicavcris
3325 412 3493 467 supra
3521 409 3734 467 petram
3758 395 3802 452 τ’

458 489 760 544 inauditnn
817 485 1150 544 absentem?
1197 493 1294 544 c'ur
1348 487 1698 544 innocentem
1759 483 2066 559 [trtlzcepisii

456 581 690 638 interfici
713 581 736 635 ’ἔ
762 581 858 636 cur
891 571 988 638 Dei
1025 582 1342 638 sacerdotes
1369 581 1696 638 desiderasti
1743 567 1930 639 hostes
1977 584 2067 639 ltei

457 674 618 730 fieri?
669 691 844 745 neque
875 675 1020 730 enim
1058 677 1268 747 possint
1303 675 1399 730 Dei
1433 675 1578 731 eilici
1631 674 1790 731 amici
1840 692 1934 747 per
1966 675 2070 731 hoc

454 768 677 830 factum,
713 782 838 823 cum
882 755 1173 822 Dominum
1206 768 1349 824 scias
1383 767 1589 823 dixisse
1641 768 1908 840 apostolis
1938 787 1951 822 :
2011 765 2071 824 Si

459 859 687 930 feceritis
715 868 742 897 ι
770 860 908 930 quod
937 860 1128 915 mando
1159 861 1320 925 vobis,
1346 863 1461 932 jam
1488 878 1590 916 non
1642 863 1812 916 dicam
1840 857 1926 916 vos
1965 878 2074 916 ser-

464 965 572 1018 vos,
601 951 690 1005 sed
717 952 911 1006 amicos
944 949 1058 1024 (Jo.
1085 967 1174 1020 xv,
1203 951 1314 1022 M).
1345 953 1403 1008 Si
1431 951 1652 1022 sapiens
1683 971 1764 1021 es,
1786 969 1884 1009 cur
1912 953 2070 1008 dam-

464 1054 689 1098 nantem
717 1052 769 1098 te
799 1043 1160 1098 Athanasium
1199 1044 1294 1100 Dei
1340 1044 1596 1101 sacerdos
1623 1044 1812 1100 audire
1851 1035 2074 1101 debeo?

467 1138 545 1193 Tu
578 1153 700 1192 cu;n
735 1153 930 1194 Causas
988 1149 1252 1209 pl'ilSSlill‘e
1291 1139 1679 1210 allegationum
1721 1141 1943 1195 suarum
1974 1139 2076 1194 mi-

468 1233 612 1287 nime
637 1249 695 1287 es
727 1247 941 1303 passus.
969 1233 1026 1289 Si
1061 1233 1280 1303 sapiens
1307 1247 1391 1300 es,
1419 1234 1464 1286 si
1496 1246 1554 1287 es
1586 1231 1681 1288 Dei
1712 1234 1920 1301 cultor,
1977 1233 2075 1289 cur

436 1324 442 1330 ’
470 1323 587 1390 nos,
619 1324 744 1395 qoia
777 1325 1123 1381 Christianos
1153 1339 1276 1381 esse
1311 1341 1409 1379 nos
1438 1324 1704 1381 fateamur
1725 1367 1739 1390 ,
1781 1342 2075 1398 perseque—

472 1420 590 1476 ris?
621 1439 716 1475 cur
747 1435 864 1487 eos,
895 1423 984 1492 qni
1010 1431 1069 1475 se
1102 1436 1208 1475 non
1258 1419 1499 1476 dixerint
1541 1433 1667 1475 esse
1709 1418 2070 1489 CliriSIianos,

473 1514 567 1570 sed
603 1515 874 1568 fateantur
904 1525 963 1567 se
995 1527 1116 1569 esse
1163 1513 1424 1578 Arianos,
1455 1512 1820 1568 vehementer
1851 1503 2078 1586 diligis?

472 1607 528 1662 Si
559 1611 782 1676 sapiens
813 1619 894 1669 es,
945 1623 1041 1660 cor
1073 1607 1138 1660 ad
1171 1605 1392 1661 domum
1427 1605 1516 1661 Dei
1545 1604 1737 1661 misisti
1765 1623 1910 1676 sa-pe
1939 1607 2078 1661 mili-

474 1709 583 1753 tem
627 1711 897 1754 artnattnn
927 1697 949 1753 τ
975 1699 1033 1755 Si
1068 1701 1307 1768 prudens
1344 1715 1426 1766 es,
1460 1709 1514 1754 et
1551 1699 1647 1754 Dei
1687 1709 1736 1755 te
1785 1700 1927 1754 nosti
1958 1716 2076 1756 ser-

2172 485 2381 545 dixisse
2408 491 2611 545 etenim
2638 500 2691 545 te
2717 506 2915 562 negare
2949 508 3054 548 non
3077 493 3286 563 poteris
3316 515 3328 548 :
3361 489 3476 567 Ego
3505 504 3781 566 propterea

2173 583 2328 653 cupio
2355 583 2603 638 damnare
2626 573 2986 653 Athanasium,
3019 587 3138 654 quia
3155 586 3392 640 desidero
3417 585 3621 651 placere
3644 584 3780 640 Deo.

2176 675 2266 733 Sic
2297 679 2484 747 utique
2513 687 2569 733 et
2591 694 2689 733 nos
2728 677 2942 747 placere
2972 677 3296 734 desiderasti
3332 679 3466 744 Deo,
3500 677 3785 750 quomodo

2171 770 2282 841 jam
2311 781 2365 825 tu
2395 770 2686 841 placueris,
2713 787 2780 827 ex
2811 787 2920 842 quo
2949 771 3207 826 videlicet
3226 771 3589 825 Athanasium
3617 786 3679 826 es
3701 769 3785 826 di-

2175 875 2366 934 gnatus
2397 861 2639 933 cogitare
2671 863 2990 918 interimere
3019 864 3072 918 in
3107 872 3296 919 nostra
3347 863 3591 919 omnium
3643 879 3783 918 cmi-

2177 955 2403 1011 scientia
2435 953 2650 1011 Domini
2694 951 3042 1012 sacerdotum
3089 951 3135 1011 ἀ.
3170 957 3262 1012 Sic
3289 967 3311 995 θ
3371 955 3423 1012 ἱιι
3480 955 3786 1027 primordio

2177 1049 2308 1107 Cain
2344 1037 2454 1106 Deo
2485 1049 2704 1121 placuit,
2739 1067 2862 1106 mox
2893 1063 2951 1107 ut
2980 1051 3295 1109 interﬁcere
3344 1053 3644 1108 meditatus
3703 1062 3790 1107 est

2178 1145 2397 1199 fratrem
2424 1160 2438 1210 ;
2463 1145 2737 1215 quomodo
2761 1145 3000 1212 videtur,
3027 1145 3340 1211 Constanti,
3373 1144 3516 1200 unde
3539 1147 3611 1199 sit
3629 1144 3788 1200 radis

2178 1243 2290 1302 tua,
2324 1235 2390 1290 de
2417 1251 2521 1307 qua
2547 1235 2921 1294 descendisset
2947 1239 3141 1310 stirpe.
3169 1227 3446 1309 Numquid
3508 1253 3630 1290 nam
3683 1253 3788 1306 po-

2181 1329 2310 1385 teris
2343 1344 2544 1399 negare
2579 1337 2702 1397 post
2731 1327 2866 1396 lucc,
2912 1340 2964 1386 te
2998 1331 3050 1384 in
3089 1330 3181 1385 illo
3230 1345 3354 1386 esse
3401 1327 3573 1384 choro
3624 1345 3793 1399 quem

2183 1435 2364 1477 narrat
2391 1423 2672 1494 apostolus
2701 1421 2962 1481 Romanis
2992 1442 3004 1478 :
3041 1422 3108 1478 Et
3139 1426 3270 1480 sicut
3313 1442 3412 1479 non
3440 1424 3792 1495 probaverunt

2184 1518 2347 1574 Deum
2377 1517 2564 1574 habere
2593 1519 2645 1573 in
2664 1521 2899 1574 notitiam
2933 1519 2980 1590 ί,
3016 1521 3231 1575 tradidit
3263 1521 3385 1576 illos
3431 1519 3573 1574 Deus
3614 1521 3670 1574 in
3707 1535 3798 1573 re-

2182 1613 2402 1685 probum
2419 1631 2649 1679 sensum,
2685 1629 2737 1669 ut
2766 1618 2963 1688 faciant
2991 1633 3050 1670 ea
3071 1632 3185 1688 qua:
3215 1633 3317 1670 non
3345 1616 3687 1678 conveniunt,
3710 1631 3800 1668 re-

2181 1709 2346 1782 pletos
2375 1710 2513 1763 omni
2528 1710 2814 1780 iniquitate,
2831 1710 3052 1776 malitia,
3070 1709 3394 1780 impudicitia
3412 1719 3461 1773 F,
3479 1709 3800 1779 cupiditate,

476 1807 622 1860 sunt,
651 1811 748 1848 cur
765 1793 883 1864 ejus
913 1791 1175 1864 populum
1205 1794 1381 1848 armis
1431 1810 1491 1850 es
1547 1803 1867 1862 persecutus
1915 1801 2075 1867 atque
2111 1802 2152 1860 Β
2183 1803 2449 1874 nequitia;
2483 1805 2662 1872 plenos
2683 1804 2898 1870 invidia,
2927 1804 3245 1868 homicidiis,
3273 1803 3618 1868 contentione,
3643 1801 3803 1867 dolo,

477 1887 872 1958 pet-Sequeris?
901 1903 998 1943 cur
1031 1899 1313 1959 postremo
1347 1889 1505 1944 [idem
1529 1890 1886 1960 apostolicam
1916 1900 2076 1962 atque

474 1988 847 2058 evangelicum
881 1985 1196 2044 lucreticam
1222 1989 1382 2054 dicis,
1415 1997 1472 2045 et
1507 1989 1820 2044 ha:reticatit
1846 1985 2076 2042 catholi-

473 2095 592 2136 cam
629 2081 995 2152 pronuntias?
1027 2083 1107 2137 Tu
1139 2095 1190 2139 te
1218 2085 1356 2139 dicis
1383 2083 1724 2153 sapientem;
1771 2081 1866 2137 sed
1887 2091 2077 2134 contra

483 2189 585 2231 nos
607 2179 884 2232 cernimus
911 2177 1117 2232 nullum
1147 2193 1329 2249 posse,
1369 2178 1461 2248 qui
1489 2177 1603 2232 hac
1630 2175 1812 2241 iaciat,
1845 2190 1969 2231 esse
1994 2175 2081 2229 sa-

483 2271 746 2342 pientem.
772 2269 901 2338 Quis
919 2272 1125 2326 etenim
1149 2272 1447 2342 sacrilegus
1474 2272 1669 2341 putet-it
1691 2269 1794 2324 dici
1821 2266 2079 2338 prudens,

480 2365 585 2418 nisi
616 2363 686 2417 ab
713 2362 1244 2434 imprudentiot‘ibus
1275 2377 1334 2419 se
1357 2368 1378 2416 ’ἐ
1405 2362 1464 2419 Si
1495 2371 1551 2418 tu
1574 2365 1792 2433 sapiens
1828 2375 1908 2426 es,
1939 2359 2080 2415 Con-

483 2457 673 2520 stanti,
699 2458 822 2527 quis
846 2458 920 2512 sit
948 2468 1000 2513 te
1031 2453 1404 2529 insipientior,
1434 2456 1684 2514 illVCllile
1717 2473 1822 2512 non
1869 2463 2078 2527 potero.

479 2549 634 2608 Tune
667 2553 845 2608 adhuc
873 2551 968 2610 tibi
1000 2553 1202 2610 videris
1232 2571 1355 2611 esse
1384 2556 1630 2626 sapiens,
1679 2552 1770 2623 qui
1801 2551 1969 2606 fueris
1994 2566 2085 2604 ar-

482 2645 735 2713 bitratus,
762 2648 908 2720 quod
939 2651 1220 2718 propheta:
1253 2650 1488 2719 apostoli
1543 2663 1608 2702 ac
1663 2655 1934 2718 martyres
1987 2660 2084 2716 pro

484 2751 737 2796 creatura
785 2739 992 2796 fuerint
1041 2739 1356 2797 interfecti?
1402 2740 1614 2812 Negare
1666 2741 1810 2795 enim
1851 2755 1957 2793 non
1989 2753 2085 2792 au-

483 2833 638 2888 debis
667 2844 896 2889 cunctos
935 2833 1038 2889 bos
1079 2849 1176 2904 pro
1223 2833 1382 2888 unici)
1415 2831 1512 2888 Dei
1551 2831 1872 2888 interfectos
1924 2827 2082 2887 Filio.

480 2927 767 2995 Quomodo
792 2933 999 2998 poteris
1021 2927 1127 2983 dici
1148 2925 1386 2998 sapiens,
1414 2925 1509 2997 qui
1527 2941 1632 2981 non
1663 2925 1839 2981 solum
1857 2923 2085 2981 descen-

484 3019 746 3076 dentibus
773 3023 991 3092 plut-iis,
1025 3020 1342 3076 (luminibus
1373 3019 1787 3088 inundantibus,
1829 3019 2086 3075 ﬂantibus

483 3115 662 3169 ventis
687 3117 944 3171 resistere
971 3131 1078 3170 nou
1113 3117 1430 3180 letttaveris,
1463 3129 1530 3170 ne
1562 3107 1748 3182 temel,
1776 3114 1867 3184 qtti
1889 3114 2088 3170 domus

2181 1897 2335 1953 malis
2376 1902 2602 1956 moribus
2634 1917 2653 1967 ;
2717 1894 3151 1965 susurratoresh,
3197 1897 3564 1952 detrectatores
3599 1939 3616 1964 ,
3679 1895 3806 1952 Deo

2180 1993 2415 2062 odibiles,
2442 1995 2865 2059 contumeliosos,
2899 1992 3180 2065 superbos,
3212 1991 3310 2046 sibi
3336 1992 3624 2063 placentes,
3677 1989 3807 2062 glo-

2182 2087 2395 2154 riantes,
2427 2089 2712 2142 inventores
2741 2083 3016 2153 malorum,
3039 2083 3339 2157 parentibus
3370 2102 3473 2138 non
3505 2085 3808 2153 obsequen-

2183 2191 2256 2234 tes
2319 2177 2362 2247 ί,
2417 2181 2738 2252 insipientes,
2784 2179 3189 2250 incompositos,
3248 2180 3356 2233 sine
3403 2175 3634 2244 affectu,
3679 2179 3811 2234 sine

2183 2271 2558 2339 misericordia,
2586 2274 2672 2344 qtti
2693 2290 2807 2327 cum
2814 2273 3079 2346 justitiam
3096 2267 3189 2326 Dei
3214 2271 3566 2342 cognoverint,
3586 2285 3692 2323 non
3721 2271 3812 2322 in-

2187 2365 2512 2431 tellexerunt,
2539 2371 2786 2436 quoniam
2813 2367 2900 2434 qui
2925 2364 3053 2419 talia
3070 2373 3252 2436 agunt,
3284 2363 3432 2437 digni
3461 2373 3580 2418 sunt
3609 2374 3807 2420 inerte.

2189 2457 2312 2515 Non
2357 2463 2526 2515 solum
2547 2462 2634 2530 qui
2658 2462 2752 2515 illa
2784 2462 3006 2532 faciunt,
3032 2460 3121 2513 sed
3145 2460 3298 2515 efiam
3338 2459 3427 2531 qui
3467 2459 3812 2512 consentiunt

2186 2553 2492 2623 facientibus
2532 2572 2592 2608 ea
2620 2551 2798 2625 (Rom.
2827 2569 2866 2618 ι,
2897 2551 2989 2626 :8)
3018 2553 3062 2607 i.
3121 2551 3265 2608 Ecce
3295 2553 3494 2606 nimius
3541 2566 3700 2605 amor
3750 2550 3813 2606 in

2191 2656 2243 2702 te
2266 2645 2446 2702 subito
2477 2647 2622 2701 circa
2655 2661 2752 2701 nos
2782 2655 2935 2700 ortus
2975 2644 3103 2716 quid
3149 2629 3305 2699 nobis
3353 2641 3660 2699 contuierat
3695 2685 3715 2710 ,
3761 2643 3815 2698 si

2191 2738 2284 2794 tibi
2315 2740 2695 2807 obtemperare
2744 2737 3114 2793 auderemus?
3168 2747 3400 2792 mortem
3435 2739 3818 2793 hauseramus

2192 2846 2529 2904 perpetuam.
2566 2831 2698 2890 Item
2725 2833 2862 2888 dicit
2901 2831 3040 2888 infra
3073 2849 3086 2886 :
3125 2829 3272 2886 Nulli
3305 2831 3501 2885 malum
3525 2848 3622 2902 pro
3653 2831 3816 2886 malo

2189 2930 2480 2996 reddenles,
2505 2930 2827 3001 providentes
2851 2930 2983 2984 bona
3035 2947 3135 2983 non
3159 2923 3184 2964 ⁷⁸
3214 2928 3384 2982 solunt
3429 2943 3600 2980 coram
3658 2923 3813 2994 Deo,

2192 3028 2281 3084 sed
2303 3027 2457 3082 etiam
2489 3042 2661 3082 coram
2697 3024 3003 3079 hominibus.
3039 3023 3097 3079 Si
3139 3022 3251 3093 fieri
3290 3030 3453 3094 potest
3479 3062 3493 3084 ,
3542 3020 3681 3090 quod
3743 3035 3816 3074 ex

2191 3125 2328 3177 vobis
2350 3122 2474 3194 ipsis
2501 3133 2596 3188 est,
2627 3136 2744 3174 cum
2761 3120 2994 3174 omnibus
3020 3117 3330 3172 ltominibus
3352 3132 3526 3188 pacem
3547 3111 3814 3169 habentes

483 3223 606 3266 esse
636 3211 920 3275 inveniris.
955 3225 1175 3282 possunt
1199 3209 1502 3275 dedissent,
1537 3205 1632 3264 sed
1659 3217 1711 3288 i3!
1743 3209 1859 3280 ipse
1884 3209 1936 3262 iil
1969 3209 2088 3279 Ρῑιι·
2115 3204 2163 3271 C
2196 3212 2890 3286 (Ib.xit,t7).Sitienshzcc
2905 3211 3106 3267 calcari
3130 3209 3390 3266 salutaria
3407 3208 3609 3264 monita
3627 3223 3816 3264 esnos

492 3305 628 3371 tias,
654 3303 902 3369 ﬂuitiina,
932 3313 1241 3374 ventosque
1269 3316 1319 3357 te
1345 3303 1574 3358 verteris
1595 3299 1661 3356 ad
1691 3299 1817 3368 hoc,
1874 3311 1931 3356 ut
1991 3309 2090 3358 nos

489 3405 542 3452 lu
575 3399 733 3451 turbo
773 3407 934 3466 atque
977 3397 1221 3469 procella
1273 3391 1539 3452 diabolica
1602 3405 1777 3451 tecum
1827 3393 1894 3451 ad
1942 3394 2094 3450 cxte-

489 3493 663 3545 riores
694 3489 946 3545 traheres
971 3491 1270 3546 tenebras?
1305 3479 1582 3560 Manifesta
1603 3501 1773 3546 autem
1792 3495 1933 3554 sunt,
1959 3491 2094 3545 dicit

491 3585 812 3656 Apostolus,
847 3602 1004 3654 Opera
1035 3587 1231 3651 carnis,
1265 3601 1381 3655 qua:
1425 3591 1544 3639 sunt
1599 3583 1876 3652 adulteria,
1929 3573 2093 3656 forni-

490 3685 742 3746 cationes,
765 3681 1117 3745 inmunditia,
1149 3681 1496 3748 impudicitia,
1548 3681 1758 3734 luxuria
1790 3679 1840 3748 ιι,
1870 3680 2093 3734 idolola-

495 3775 619 3840 tria,
649 3775 918 3844 veneﬁcia,
950 3775 1259 3839 inimiciliw,
1291 3774 1661 3839 contentiones,
1712 3775 2090 3843 aemulationes,

489 3867 602 3933 irai,
631 3867 783 3930 rixtc;
815 3867 1182 3930 dissensiones,
1229 3868 1466 3934 Itwreses,
1510 3867 1737 3930 invidiaz,
1787 3859 2088 3934 homicidia,

489 3947 782 4024 ebrietates,
816 3959 1232 4024 comessationes,
1263 3967 1309 4013 et
1335 3960 1414 4014 Itis
1451 3959 1669 4025 similia,
1702 3967 1817 4030 qua:
1865 3959 2092 4030 prtedico

493 4055 658 4122 vobis,
688 4055 822 4108 sicut
850 4056 1096 4125 praedixi,
1124 4057 1247 4126 quia
1277 4057 1365 4126 qui
1390 4055 1515 4110 talia
1536 4063 1720 4128 agunt,
1745 4073 1960 4128 regnum
1995 4053 2092 4110 Dei

412 4205 414 4207 ,
491 4166 592 4203 non
621 4153 996 4221 consequentur
1022 4148 1170 4223 (Gal.
1202 4167 1256 4216 ν,
1295 4148 1405 4222 ili).
1463 4149 1530 4206 Et
1578 4137 1742 4205 fuerit
1774 4161 1795 4189 ο
1827 4151 1878 4204 in
1935 4149 2094 4205 inno-

490 4243 675 4301 centis
707 4261 896 4300 necem
953 4261 1108 4301 mens
1149 4255 1240 4301 tua
1282 4244 1551 4318 sapientia
1605 4243 1836 4315 vigens?
1882 4243 2094 4300 Clamat

491 4338 774 4409 apostolus
794 4323 940 4410 quod
977 4339 1263 4395 homicida:
1309 4356 1424 4396 non
1459 4349 1587 4395 sunt
1642 4340 1948 4410 possessuri
1999 4355 2092 4396 re-

489 4448 655 4503 gnum
687 4433 975 4498 caelorum,
1024 4443 1079 4489 et
1122 4443 1179 4489 tu
1231 4432 1584 4490 Constantius
1635 4425 2094 4502 prudentissimus

494 4528 632 4581 dicis
663 4526 960 4596 imperator
989 4546 1002 4583 :
1025 4525 1276 4601 Jugulate
1291 4527 1545 4596 absentes,
1564 4535 1784 4582 mactate
1801 4527 2090 4592 inauditos,

2198 3308 2445 3364 hortatus
2471 3308 2666 3379 punire
2698 3308 3068 3360 innocentem.
3108 3303 3397 3371 Quomodo
3442 3313 3627 3356 autem
3659 3302 3814 3356 bona

2197 3418 2304 3457 non
2334 3401 2509 3457 solum
2541 3414 2730 3455 coram
2761 3399 2893 3463 Deo,
2925 3395 3018 3451 sed
3051 3403 3107 3450 et
3135 3394 3277 3467 apud
3308 3391 3562 3448 homines
3618 3394 3818 3462 provi-

2197 3497 2340 3551 disse
2392 3493 2829 3560 inveniebantur,
2865 3492 2909 3544 si
2969 3487 3385 3544 danmassemus
3424 3488 3808 3550 innocentem,

2197 3589 2289 3658 qui
2321 3585 2666 3642 dedissemus
2695 3581 2924 3639 fortnam
2972 3577 3038 3635 ad
3086 3581 3406 3650 sanguinem
3458 3575 3811 3633 fundendum

2198 3679 2509 3752 justomm‘l
2543 3673 2819 3749 quomodo
2857 3690 2979 3730 cum
3035 3672 3289 3728 onmibus
3334 3673 3656 3726 inveniebar
3697 3669 3812 3725 ho-

2199 3775 2436 3830 minibus
2466 3787 2653 3844 pacem
2696 3768 3023 3826 desiderans
3053 3767 3276 3833 habere,
3322 3764 3410 3834 qui
3444 3765 3812 3835 suggestione

2199 3867 2286 3923 tua
2318 3867 2452 3921 lalsa
2506 3863 2748 3920 haeretici
2773 3861 2955 3917 exitus
2985 3856 3002 3896 1
3042 3875 3231 3930 pacem
3256 3859 3643 3913 exstinxissent
3669 3873 3811 3913 con-

2198 3961 2496 4018 sacerdotis
2516 3960 2666 4015 mei?
2702 3958 2814 4025 Dic,
2847 3954 3152 4020 Constanti,
3184 3970 3372 4008 verum
3403 3939 3612 4008 crimen
3644 3953 3807 4009 detu-

2200 4055 2305 4113 listi
2343 4055 2412 4112 de
2441 4053 2743 4110 Athanasio
2774 4049 2842 4106 ad
2877 4049 2970 4106 Dei
2996 4045 3312 4111 ecclesiam,
3340 4062 3408 4100 an
3434 4043 3635 4100 falsum
3667 4045 3694 4100 ἰ’
3749 4045 3806 4102 Si

2199 4168 2386 4208 verum
2411 4160 2462 4206 te
2490 4147 2754 4204 detuliSse
2780 4145 2994 4202 certum
3028 4141 3217 4206 habes,
3252 4140 3417 4211 proba
3451 4139 3581 4194 mihi
3610 4140 3708 4210 qui
3755 4147 3810 4196 te

2191 4247 2304 4314 jam
2353 4243 2474 4300 falsi
2527 4240 2774 4298 criminis
2811 4235 3041 4308 cognovi
3095 4235 3437 4306 portitorem.
3494 4231 3810 4289 Arbitraris

2198 4336 2333 4394 nihil
2360 4346 2412 4392 te
2441 4333 2710 4390 malorum
2741 4331 2796 4386 in
2824 4338 3121 4400 conspectu
3152 4327 3334 4398 egisse
3361 4324 3454 4380 Dei
3477 4321 3502 4378 ἲ
3523 4325 3660 4393 Qua:
3688 4336 3744 4381 te
3765 4333 3809 4362 ⁸³

2195 4425 2462 4500 compulit
2485 4426 2622 4482 ratio
2648 4423 2768 4478 lieri
2803 4432 2994 4476 testem
3022 4417 3215 4474 falsum
3247 4418 3268 4471 ?
3295 4433 3392 4471 cur
3425 4416 3660 4471 mendax
3699 4415 3809 4470 iut-

2201 4531 2419 4596 perator
2475 4515 2781 4575 esstitisti?
2835 4529 2932 4570 cur
2981 4529 3088 4568 non
3147 4511 3370 4566 timuisti
3431 4526 3499 4564 ne
3546 4510 3812 4580 exemplo

491 4619 764 4687 interficite
807 4620 1123 4686 innocentes,
1187 4631 1234 4674 et
1282 4631 1503 4676 vestrum
1550 4621 1646 4676 erit
1701 4618 1802 4674 Dei
1847 4635 2088 4691 regnum.
2118 4606 2172 4666 Ῑ)
2199 4617 2423 4674 Ananizc
2447 4623 2503 4670 et
2523 4610 2812 4683 Sapphira:
2845 4609 3044 4662 fuisses
3068 4604 3414 4661 exstinctus?
3457 4603 3724 4673 Loquitur
3751 4603 3806 4656 in

495 4709 636 4766 llinc
663 4707 823 4766 datur
850 4713 1077 4784 intelligi
1115 4728 1276 4783 quam
1326 4715 1401 4769 sis
1456 4715 1710 4785 sapiens;
1763 4715 1807 4768 si
1854 4713 2092 4786 denique

573 4925 598 4955 ιι
633 4915 763 4990 \‘ide
781 4931 901 4988 qtuc
931 4917 1238 4973 notavimus
1261 4925 1382 4990 pag.
1414 4911 1807 4988 “9(hui.edit.
1832 4917 1931 4972 col.
1958 4911 2088 4981 886,

499 4997 607 5043 not.
641 4991 718 5043 hl.

568 4997 607 5100 ξ’.
631 4989 864 5116 Biantis:
893 5063 1045 5118 abest
1072 5079 1101 5117 a
1127 5059 1282 5117 Vers.
1303 5063 1428 5117 Ant.
1458 5063 1508 5114 lti
1527 5075 1631 5132 qua
1654 5060 1969 5116 irritationes
1994 5069 2092 5131 pro

497 5135 646 5197 ήκω,
674 5143 729 5188 et
754 5135 1084 5204 passidebnnt
1116 5149 1213 5203 pro
1233 5143 1624 5204 consequentur.

576 5217 596 5242 υ
626 5203 774 5259 Furit
801 5204 1027 5261 Pontius
1055 5205 1193 5274 apttd
1227 5203 1402 5260 Latin.

572 5276 598 5313 ι¹
630 5277 984 5332 Sacerdotem.
1035 5278 1264 5332 Galand.
1323 5293 1429 5332 non
1488 5287 1676 5344 recte;
1733 5285 1853 5330 nam
1903 5285 2097 5332 sensus

499 5359 735 5415 constat,
793 5345 861 5404 In
912 5351 1220 5404 conscientia
1273 5357 1448 5404 nostra
1495 5350 1722 5404 onmium
1773 5349 2099 5404 sacerdotum

505 5421 734 5475 Domini.

579 5502 601 5528 ι·
636 5493 842 5548 Ironice
871 5491 1093 5549 dictum.

580 5563 598 5602 τ
633 5565 788 5635 fers.
811 5569 936 5621 Ant.
965 5565 1029 5620 In
1044 5568 1248 5632 notitia,
1267 5573 1325 5622 ut
1346 5564 1564 5622 Lucifer
1587 5566 1703 5635 ipse
1726 5563 1820 5618 lib.
1845 5561 1985 5617 Mor.
2008 5577 2102 5629 pro

492 5635 586 5690 Dei
625 5631 733 5690 Fil.
772 5638 860 5691 tthi
894 5640 1059 5694 habet
1082 5643 1245 5694 etiam
1277 5631 1730 5707 conveniant,'pro
1771 5636 2100 5707 conveniunt.

568 5719 592 5756 8
626 5708 886 5790 ᾂίεεράυυ
910 5711 1096 5790 Sabat.
1129 5715 1418 5790 ἁκαθᾳρσίᾳ
1443 5723 1566 5790 cum
1589 5703 1775 5790 _L'ut:il'.
1799 5707 1952 5763 Vers.
1971 5703 2102 5790 Ant.

505 5779 864 5854 fornicatione,
889 5783 1128 5848 avaritia,
1159 5778 1363 5840 omis'so
1395 5778 1655 5854 nequitia,
1705 5789 1759 5838 et
1812 5794 1910 5851 pro
1957 5778 2107 5833 malis

506 5850 757 5922 moribus,
788 5855 1127 5926 malignitate.

2198 4715 2424 4771 Actibus
2446 4708 2819 4780 apostolorum
2849 4704 3122 4774 scriptura
3172 4701 3385 4755 dixisse
3425 4697 3646 4755 beatum
3703 4699 3809 4754 Pe-

2269 4911 2295 4952 ιι
2327 4914 2480 4969 Vers.
2510 4911 2633 4965 Ant.
2663 4907 3000 4971 susurrones,
3020 4904 3400 4960 detractores...
3431 4903 3618 4969 elatos,
3640 4902 3810 4956 omis-

2196 4988 2271 5043 sis
2293 4987 2390 5054 sibi
2416 4986 2693 5054 placentes,
2719 4980 3025 5054 gloriantes.

2277 5058 2291 5096 ί
2328 5043 2480 5112 Vers.
2525 5055 2652 5110 Ant.
2682 5043 2688 5045 ’
2714 5043 3130 5107 Obaudientes...

2198 5137 2533 5204 guove_runt._
2590 5197 2601 5204 _
2661 5157 2746 5204 ’.ξι
2889 5159 2897 5165 -

2276 5203 2289 5253 i
2325 5201 2404 5254 Ea
2429 5197 2630 5252 omittit
2659 5196 2845 5252 Sabat.
2879 5203 2934 5248 et
2967 5192 3120 5248 Vers.
3153 5193 3278 5247 Ant.

2277 5273 2299 5310 ιί
2329 5275 2400 5326 lta
2433 5272 2597 5326 etiam
2627 5267 2878 5323 Clemens
2912 5265 3068 5320 Alex.
3121 5279 3262 5336 cum.
3294 5262 3618 5334 'q'uibttsdam
3665 5277 3803 5316 mss.

2205 5348 2264 5401 οὐ
2292 5345 2436 5417 μόνον
2470 5345 2678 5399 isthmos
2722 5345 2816 5396 τοῦ
2842 5342 2976 5402 Θεοῦ,
3014 5337 3140 5392 ἀλλά
3185 5341 3269 5417 mi
3317 5339 3525 5417 indignos
3575 5341 3674 5391 τῶν
3713 5336 3809 5387 ἂν·

2204 5409 2435 5494 θρῷπὲν,
2473 5414 2632 5494 vers:
2669 5415 2795 5494 Ant.
2829 5412 3003 5494 solum
3028 5425 3202 5494 coram
3233 5409 3547 5494 liciitiitibus.

2285 5487 2298 5526 ι
2339 5486 2574 5540 Earitus.
2611 5485 2786 5538 Latin.
2814 5493 2868 5536 et
2891 5479 3144 5546 Galand.;
3170 5479 3264 5535 sed
3292 5479 3468 5547 potest
3494 5491 3547 5534 et
3573 5477 3806 5546 intelligi

2209 5575 2387 5630 pacem
2405 5557 2592 5630 exitus,
2627 5553 2679 5610 id
2713 5565 2818 5630 est,
2852 5553 3058 5618 Finem,
3113 5553 3329 5630 exiti-nt,
3372 5551 3562 5605 obitum
3595 5549 3808 5630 puriﬁ-

2208 5619 2324 5687 cum
2349 5619 2700 5689 sustulissem,
2734 5629 2777 5681 si
2803 5627 3115 5679 innocentem
3147 5621 3476 5676 damnassent
3507 5637 3526 5688 ;
3557 5619 3636 5675 vel
3677 5635 3806 5688 ηις-

2209 5705 2439 5776 gestione
2462 5702 2630 5776 exitus
2655 5697 2902 5776 lueretici,
2931 5699 3043 5767 qua:
3069 5695 3278 5752 scilicet
3307 5695 3466 5766 finem
3508 5693 3806 5749 obtinuisset

2211 5771 2341 5830 certe
2367 5773 2492 5842 ﬁdei
2530 5771 2892 5844 perniciosum.

2285 5855 2322 5883 ω
2356 5841 2488 5902 Vide
2519 5841 2678 5916 paulo
2706 5841 2930 5899 inferius
2959 5841 3159 5896 n0tata.

3184 5050 3293 5103 sine
3322 5045 3614 5116 a/fectioue.
3629 5087 3640 5099 .
3653 5089 3666 5101 .
3715 5063 3806 5100 ro-
