4042 6338
266 266 374 322 893

1308 267 1442 324 PRO
1480 266 1752 325 ΒΑΜ]Το
1791 263 2191 322 ΑΤΗΑΝΛΞΙΟ
2230 264 2363 320 LIB.
2408 265 2471 321 ll.

3479 261 3586 318 $.95

268 395 411 440 trum
444 386 509 440 a-l
543 387 808 442 Auaniam
847 403 859 442 :
898 386 965 443 Ut
982 388 1107 459 quid
1131 390 1345 459 replevit
1376 398 1590 443 satanas
1616 404 1707 442 cor
1733 396 1879 441 tuum
1908 391 1958 451 Α
1987 387 2157 442 Deum
2187 387 2361 455 Isaac,
2391 388 2559 444 Deum
2588 388 2777 451 JaCob.
2812 403 2873 443 ac
2903 389 3146 444 omnium
3176 386 3589 458 prophetarum,

267 481 479 535 mentiri
518 479 801 553 Spiritui“
854 494 1059 545 sancto,
1114 494 1171 536 ut
1218 482 1547 537 subtraheres
1608 482 1673 537 de
1720 483 1884 554 pretio

265 574 506 639 prwdii?
546 591 717 629 nonne
765 592 978 628 manens
1005 576 1096 629 tibi
1124 576 1381 642 manebat,
1423 586 1469 631 et
1516 575 1777 630 venditum
1830 575 1883 629 in

264 676 354 722 tua
384 679 496 722 erat
536 678 789 737 potestate
818 669 843 722 ?
893 668 1033 734 Quid
1063 678 1136 723 est
1170 667 1195 706 δ
1220 670 1357 740 quod
1397 668 1615 739 posuisti
1648 670 1699 722 in
1729 667 1885 722 corde

262 772 354 818 tuo
384 780 491 818 rem
512 764 666 817 istam
696 765 721 818 ἰ)
764 763 885 818 Νοη
912 780 963 818 es
1005 764 1247 819 mentitus
1275 765 1592 829 hominibus,
1631 762 1720 817 sed
1750 762 1880 817 Deo.

263 857 501 912 Audiens
525 869 695 911 autem
726 856 957 911 Ananias
986 855 1081 910 hos
1121 873 1383 911 sermones
1412 856 1619 922 cecidit,
1644 866 1690 910 et
1712 855 1884 926 exspi-

262 949 444 1003 ravit:
498 960 546 1003 et
589 950 759 1013 factus
783 950 855 1004 est
909 950 1064 1003 timor
1108 965 1327 1021 magnus
1374 966 1529 1022 super
1579 966 1753 1004 omnes
1796 950 1883 1020 qui

262 1039 571 1095 audiebant.
618 1040 902 1114 Surgentes
946 1054 1119 1095 autem
1167 1042 1521 1097 adolescentes
1561 1042 1882 1097 sustulerunt

261 1151 401 1199 eum,
436 1143 482 1189 et
512 1144 691 1190 euntes
740 1137 1078 1208 sepelierunt.
1128 1134 1348 1190 Factum
1386 1148 1459 1191 est
1500 1147 1673 1190 autem
1716 1137 1878 1190 inter-

260 1228 457 1281 vallum
517 1228 767 1281 horarum
826 1231 932 1300 fere
975 1230 1136 1282 triton
1172 1271 1187 1296 ,
1241 1239 1285 1283 et
1310 1245 1441 1283 uxor
1492 1232 1605 1302 ejus
1654 1230 1880 1283 nesciens

259 1321 400 1388 quod
428 1320 790 1391 erat‘fuctum,
824 1321 1033 1374 intravit
1063 1338 1080 1385 ;
1109 1306 1343 1391 dixitque
1369 1322 1438 1375 ad
1466 1321 1612 1375 illaut
1643 1302 1831 1375 Petrus
1858 1338 1877 1377 .'

262 1410 363 1465 Dic
397 1396 525 1466 milii
553 1413 597 1465 si
649 1414 779 1467 tanti
818 1413 1073 1483 prwdium
1104 1414 1419 1468 vendidisti?
1470 1412 1571 1469 llla
1603 1430 1720 1468 vero
1762 1416 1833 1467 ait
1858 1430 1877 1467 :

258 1503 444 1558 Tanti.
476 1504 616 1571 Quid
661 1506 897 1559 convenit
937 1507 1071 1560 inter
1114 1521 1201 1561 vos
1232 1515 1432 1561 tentare
1484 1506 1723 1576 spiritum
1770 1504 1879 1559 Do-

260 1586 441 1654 mini?
470 1598 606 1654 Ecce
638 1598 791 1669 pedes
823 1616 999 1653 eorum
1030 1600 1119 1671 qui
1159 1600 1474 1670 :epelierunt
1518 1601 1683 1652 virum
1732 1609 1875 1653 tuum

260 1697 315 1748 in
340 1694 474 1749 ostio
524 1706 666 1760 sunt,
700 1705 747 1748 et
789 1693 1004 1762 eﬁerent
1033 1706 1097 1749 te.
1144 1692 1211 1748 Et
1241 1697 1475 1769 protinus
1528 1693 1708 1749 cecidit
1758 1704 1877 1749 ante

1991 480 2391 550 apostolorum,
2420 495 2485 536 ac
2514 493 2840 554 tnartyt-um,
2895 493 2949 535 et
3009 480 3375 536 idololatriam
3423 478 3595 535 lueris

1985 575 2102 631 Arii
2132 586 2373 641 secutus,
2408 576 2713 641 existimas,
2743 576 2792 631 si
2823 578 2875 631 in
2905 576 3007 631 hac
3038 575 3382 644 blasphemia
3432 585 3595 645 atque

1985 668 2310 723 crudelitate
2342 668 2649 734 duraveris,
2701 669 2841 738 quod
2879 684 2983 723 non
3020 668 3072 723 in
3132 678 3182 723 te
3234 667 3476 722 maxima
3524 667 3596 722 sit

1985 761 2220 815 vindicta
2247 761 2467 815 futura?
2502 761 2703 816 Deinde
2748 764 2790 815 si
2843 761 3177 817 adversariis
3208 760 3471 815 Snsmiaa:
3512 759 3593 817 sic

1985 863 2068 908 est
2097 853 2239 908 Deus
2266 854 2559 908 vindictam
2591 855 2723 909 dare
2750 855 3033 925 dignatus,
3091 857 3143 910 in
3203 864 3254 909 te
3307 853 3595 910 arbitraris

1985 960 2089 999 non
2124 947 2429 1014 graviorem
2465 950 2891 1015 processuram?
2926 947 3217 1012 Procedet,
3248 947 3376 1002 mihi
3404 947 3591 1015 crede,

1982 1040 2026 1093 si
2056 1056 2160 1092 non
2194 1050 2245 1094 te
2287 1051 2498 1093 mature
2525 1040 2885 1095 converteris.
2939 1040 2995 1094 Si
3026 1042 3169 1095 enim
3200 1040 3296 1104 illi,
3330 1041 3458 1109 quia
3483 1039 3590 1095 Su-

1982 1148 2169 1188 sanna:
2200 1131 2509 1201 pudicitiam
2562 1135 2769 1189 violare
2822 1134 3038 1189 fuerant
3070 1136 3273 1201 conati,
3323 1133 3439 1190 haec
3468 1150 3589 1205 quze

1982 1228 2188 1297 subjeci
2243 1235 2566 1283 tnertkrnnt
2612 1230 2913 1297 consequi,
2958 1238 3161 1298 quanto
3194 1229 3367 1301 magis
3413 1240 3467 1283 tu
3500 1228 3589 1299 qui

1981 1322 2228 1376 ecclesia:
2256 1336 2314 1376 es
2340 1338 2630 1392 aggressus
2662 1324 2868 1376 violare
2900 1323 3243 1377 eastitatetn?
3277 1322 3591 1378 Petiveruut

1979 1416 2057 1472 illi
2087 1416 2219 1470 lalso
2251 1417 2481 1471 crimine
2524 1416 2855 1481 Snsannam,
2891 1428 2941 1470 et
2974 1432 3069 1470 vos
3117 1418 3340 1471 totidem
3375 1417 3591 1487 petistis

1980 1526 2088 1563 non
2129 1494 2305 1564 solum
2338 1511 2720 1577 Athanasium,
2750 1511 2847 1565 sed
2879 1518 2935 1565 et
2969 1522 3199 1565 cunctos
3226 1511 3380 1564 vobis
3425 1510 3590 1565 resis-

1981 1617 2181 1661 tentes.
2222 1611 2328 1662 Aut
2358 1624 2521 1661 unum
2553 1607 2683 1662 dare
2711 1607 2921 1678 poteris
2964 1622 2993 1660 e
3046 1606 3450 1683 resistentibus,
3500 1607 3587 1661 cui

1980 1717 2086 1754 non
2137 1700 2452 1770 applicitum
2479 1699 2651 1755 fuerit
2676 1699 2926 1755 crimen?
2955 1699 3047 1756 Sic
3066 1714 3161 1755 vos
3190 1698 3375 1753 fuistis
3398 1700 3589 1753 armati

258 1786 417 1857 Ρειιεδ
436 1788 569 1857 ξίηεν
591 1797 637 1841 ει
667 1788 949 1859 aspiravit
983 1787 1121 1859 (Act.
1150 1803 1199 1853 v,
1226 1787 1491 1858 5).Credo
1515 1786 1710 1858 legeris
1734 1786 1870 1854 hac,
1903 1809 1952 1869 Β
1983 1794 2047 1847 ad
2078 1794 2327 1848 ecclesiae
2370 1794 2679 1848 violandam
2721 1793 3059 1859 castitatem,
3115 1793 3254 1847 sicut
3286 1793 3359 1846 illi
3394 1791 3459 1845 ad
3486 1792 3585 1846 Su-

259 1891 316 1935 et
351 1892 532 1934 tamen
568 1896 673 1935 non
715 1883 964 1937 timueris
993 1882 1325 1938 concinnare
1356 1882 1702 1937 mendacium
1745 1894 1872 1938 ante

261 1973 477 2027 Dotnini
512 1982 888 2043 conspectum.
923 1975 1106 2041 Quare
1161 1975 1300 2028 istud
1340 1975 1535 2039 feciSti,
1589 1975 1691 2029 nisi
1747 1975 1873 2044 quia

260 2068 336 2119 sis
360 2064 624 2136 sapiens?
652 2068 791 2136 Quid
825 2078 880 2122 tu
905 2069 999 2124 tibi
1036 2070 1274 2124 futurum
1309 2071 1613 2136 existimas,
1649 2070 1743 2140 qui
1797 2072 1873 2126 sis

260 2177 371 2216 non
408 2162 583 2216 solum
619 2163 875 2229 mendax,
911 2164 1007 2218 sed
1046 2162 1327 2241 homicida
1358 2207 1372 2231 ,
1407 2182 1513 2219 non
1544 2165 1721 2220 solum
1776 2164 1878 2220 ho-

260 2253 484 2319 micida,
508 2254 614 2333 sed
644 2267 699 2335 et
728 2256 1064 2311 haereticus?
1090 2256 1283 2313 Credis
1326 2258 1422 2313 tibi
1470 2259 1691 2330 impune
1723 2265 1871 2313 tanta

258 2364 479 2403 cessura
507 2350 530 2403 ?
561 2350 737 2405 credis
770 2361 821 2406 te
848 2351 1079 2407 evadere
1113 2367 1273 2423 posse
1302 2362 1507 2409 aeterna
1559 2355 1825 2427 supplicia
1849 2354 1872 2407 ἲ

260 2444 488 2498 Ananiae
518 2444 718 2500 dicitur
749 2464 761 2499 :
800 2444 867 2501 Ut
894 2447 1021 2517 quid
1053 2449 1266 2520 replevit
1298 2459 1509 2504 satanas
1555 2466 1643 2504 cor
1702 2460 1869 2519 tuum,

260 2551 314 2590 ut
338 2539 528 2608 fuisses
566 2543 807 2595 mentitus
866 2542 1095 2614 Spiritui
1122 2554 1301 2597 sancto
1331 2542 1569 2615 (Ibid)?
1608 2555 1663 2601 et
1699 2545 1870 2612 dices,

260 2620 549 2685 Constanti
588 2618 928 2703 imperator,
983 2632 1109 2703 quia
1166 2651 1272 2690 non
1319 2636 1611 2708 replevurit
1656 2647 1872 2693 satanas

260 2739 360 2779 cor
392 2735 633 2781 vestrum
667 2725 998 2783 Arianorum
1028 2738 1084 2783 ut
1115 2731 1330 2785 mentiti
1362 2731 1600 2787 fuissetis
1646 2732 1871 2803 Spiritui

259 2830 452 2872 sancto
484 2823 723 2899 mam-nti
777 2823 826 2875 in
870 2822 962 2899 Dei
995 2826 1268 2881 ecclesia?
1316 2826 1617 2897 Ecclesium
1669 2829 1868 2884 ctenim

259 2915 574 2993 com‘enisti
604 2914 793 2971 dieens
826 2935 838 2970 :
875 2914 1103 2988 Deliquit
1134 2920 1184 2971 in
1217 2917 1380 2972 Deum
1433 2922 1790 2990 Athanasius;
1819 2934 1873 2979 et

264 3006 482 3091 videbat
516 3008 755 3077 Spiritus
815 3023 1035 3066 sanctus
1063 3014 1360 3068 mendaces
1391 3014 1599 3069 animas
1640 3026 1866 3081 vestras,

260 3103 401 3157 sicut
430 3094 935 3183 viditetAnaniam
989 3121 1052 3161 ac
1101 3106 1445 3177 Sapphiram.
1482 3108 1733 3175 Videbat,
1791 3111 1869 3164 in-

1976 1902 2163 1943 sanum
2204 1888 2454 1956 luerunt,
2490 1890 2578 1958 qui
2614 1889 2911 1943 dixerunt:
2970 1886 3117 1943 Ostia
3143 1886 3383 1941 viridarii
3411 1887 3591 1940 clausa

1974 1992 2114 2047 sunt,
2148 1998 2295 2036 nemo
2323 1999 2414 2035 nos
2444 1983 2603 2048 videt,
2663 1983 2715 2036 in
2767 1982 3185 2052 concupiscentia
3239 1983 3312 2034 tui
3366 1997 3589 2046 sumus;

1974 2086 2181 2147 propter
2210 2078 2305 2129 hoc
2330 2077 2559 2129 consenti
2584 2076 2750 2138 nobis,
2781 2087 2824 2130 et
2854 2086 2961 2129 esto
3003 2073 3264 2128 nobiscum
3290 2090 3308 2128 :
3352 2073 3586 2143 alioquin

1975 2168 2169 2236 falsum
2200 2168 2550 2221 testimonium
2587 2169 2817 2221 dicemus
2869 2168 3139 2221 adversum
3196 2176 3241 2220 te
3270 2208 3284 2231 ,
3338 2166 3585 2237 quoniam

1974 2273 2083 2315 erat
2122 2273 2286 2315 tecum
2306 2262 2536 2333 juvenis,
2570 2272 2617 2316 et
2646 2272 2853 2333 prapter
2884 2260 2983 2315 hoc
3034 2261 3277 2315 dimisisti
3323 2260 3523 2331 puellas
3550 2277 3584 2314 a

1975 2365 2022 2433 te
2054 2354 2219 2429 (Dan.
2250 2372 2365 2421 xm,
2396 2356 2512 2427 20).
2543 2358 2647 2410 Aut
2682 2357 2915 2411 tentabis
2944 2371 3147 2426 negare
3173 2370 3296 2410 ease
3327 2355 3531 2409 dictum
3563 2354 3587 2409 ?

1974 2445 2337 2503 Desiderantes
2400 2467 2576 2505 sumus
2651 2467 2744 2505 nos
2793 2450 2998 2516 Ariani,
3055 2460 3097 2503 et
3130 2465 3244 2510 vos,
3277 2444 3581 2515 Christiani,

1975 2558 2133 2595 unum
2160 2543 2288 2613 eﬁici
2315 2561 2503 2613 corpus
2530 2559 2547 2597 :
2572 2543 2910 2614 derelinquite
2934 2544 3092 2613 ﬁdem
3120 2559 3273 2611 quam
3312 2542 3453 2613 apud
3478 2540 3583 2595 Ni-

1972 2631 2131 2689 caeam
2182 2646 2360 2689 contra
2394 2652 2482 2690 nos
2516 2638 2693 2691 tenetis
2721 2636 3087 2707 conscriptam,
3129 2636 3434 2706 acquiescite
3474 2634 3585 2688 Arii

1974 2727 2264 2796 doctrinm;
2294 2730 2523 2801 alioquin
2548 2736 2668 2797 quia
2688 2747 2781 2784 nos
2813 2732 3030 2784 multum
3080 2745 3374 2799 possumus,
3422 2730 3585 2800 impe-

1973 2825 2107 2875 rium
2150 2834 2381 2877 nostrum
2419 2834 2491 2877 est
2518 2867 2531 2889 ,
2566 2824 2749 2893 quibus
2782 2826 2999 2879 velimus
3032 2841 3118 2879 vos
3146 2823 3312 2878 modis
3341 2823 3582 2895 gravabi-

1973 2932 2103 2979 ntus,
2131 2927 2177 2970 et
2207 2934 2381 2971 omnes
2411 2918 2663 2971 tollemini
2684 2935 2711 2972 e
2742 2920 2920 2972 vestris
2965 2919 3190 2973 sedibus.
3222 2917 3338 2972 Non
3376 2917 3582 2987 poteris

1974 3010 2088 3064 lucc
2120 3011 2187 3065 ita
2218 3027 2277 3066 se
2307 3010 2508 3067 habere
2536 3028 2758 3083 negare,
2792 3030 2915 3068 cum
2949 3014 3060 3068 Deo
3111 3028 3318 3083 perosa"
3355 3014 3583 3067 medita-

1975 3105 2148 3159 tiones
2182 3115 2286 3159 tua:
2313 3107 2477 3161 rebus
2511 3107 2681 3177 gestis
2709 3106 2913 3163 fuerint
2940 3108 3217 3163 τεγεὶιιιειι.
3270 3104 3380 3161 Cur
3432 3105 3577 3161 enim

260 3210 443 3264 quam,
509 3195 747 3265 Spiritus
796 3208 1041 3261 sanctus,
1095 3200 1313 3268 quando
1371 3200 1487 3256 Ιιωε
1537 3202 1819 3272 tingehatis
1850 3244 1863 3269 ,
1896 3210 1941 3274 ρ
1974 3200 2569 3270 eogebamur,ctiam.~i
2612 3218 2716 3255 non
2766 3201 3147 3256 damnaremns
3197 3199 3572 3260 Athanasium.

258 3288 408 3358 quod
435 3290 641 3346 idcirco
672 3292 797 3346 talia
827 3293 1071 3349 luis-etis
1122 3296 1474 3351 commentati
1525 3299 1667 3352 circa
1703 3297 1869 3351 Atha-

262 3383 498 3449 nasium,
528 3399 635 3453 quo
681 3385 918 3455 paseetis
951 3398 1184 3442 vestram
1225 3389 1489 3443 Ιιωινρειιιιι
1522 3390 1867 3445 introducere

262 3477 314 3531 in
362 3477 676 3546 ecclesiam,
734 3496 839 3548 quo
896 3482 1128 3551 possetis
1174 3482 1536 3551 :npOstolicam
1579 3481 1865 3538 destruere

262 3571 633 3626 traditionem.
661 3572 904 3627 Ananias
951 3585 1005 3629 et
1050 3573 1341 3645 Sapphira.
1399 3588 1685 3646 propterea
1720 3576 1863 3646 quod

260 3682 451 3736 :‘grnm
481 3683 637 3722 suum
658 3669 960 3723 vendentes
985 3669 1374 3725 l'raudaverunt
1398 3671 1466 3725 de
1494 3674 1691 3741 pretio,
1718 3671 1859 3738 quod

260 3761 379 3813 ausi
412 3758 644 3815 fuissent
677 3776 782 3815 non
817 3761 1025 3831 integre
1058 3744 1204 3833 loqui
1238 3772 1365 3818 ante
1392 3763 1487 3818 Dei
1532 3766 1859 3834 apostolum,

262 3851 694 3920 taliterjudicari
721 3864 1059 3909 meruerunt.
1085 3854 1164 3910 Tu
1188 3857 1276 3926 qui
1302 3872 1407 3911 non
1432 3856 1607 3911 solum
1633 3857 1861 3911 erimina

258 3944 395 3998 l'al~a
427 3944 523 4000 Dei
554 3960 717 4001 servo
745 3946 1019 4017 obiecisti.
1044 3949 1138 4004 sed
1169 3959 1222 4004 et
1248 3965 1467 4005 onmem
1512 3950 1733 4006 domum
1769 3952 1863 4007 Dei

258 4038 430 4095 lueris
475 4054 815 4111 persecutus,
858 4045 950 4113 qui
1000 4043 1263 4100 elluderis
1310 4062 1560 4101 cruorem
1594 4047 1861 4102 cultorum

257 4136 401 4201 ejus,
443 4135 535 4205 qui
574 4136 885 4192 sacerdotes
925 4137 1047 4208 ejus
1094 4139 1310 4193 miseris
1340 4139 1405 4193 ad
1440 4140 1658 4194 metalla
1688 4151 1741 4195 et
1769 4156 1863 4194 cx-

256 4230 479 4294 silia,at
498 4229 789 4286 haeretimis
817 4232 951 4288 locis
978 4232 1319 4288 ordinaveris
1346 4248 1556 4297 eorum,
1583 4234 1672 4303 qui
1695 4249 1863 4288 evan-

255 4320 489 4391 gelicam
514 4322 675 4377 [idem
701 4322 905 4379 dixeris
938 4324 1272 4391 litereticam,
1307 4334 1364 4381 et
1408 4325 1804 4396 blasphemiam
1839 4337 1860 4365 ο

248 4425 499 4473 vestram
525 4416 732 4471 dixeris
760 4418 1112 4485 catholicam,
1145 4419 1237 4489 qui
1270 4419 1642 4475 iutroduxeris
1691 4420 1863 4475 idolo-

258 4507 476 4565 latriam
501 4510 552 4565 in
578 4511 890 4581 ecclesiam,
925 4514 1014 4584 qui
1038 4512 1352 4571 deserueris
1392 4515 1563 4571 Deum
1604 4514 1859 4579 Abrahas,

1978 3302 2156 3347 tamen
2179 3294 2547 3349 communioni
2571 3295 2929 3351 misct'remur
2948 3295 3301 3360 Arianorum,
3331 3295 3431 3347 nisi
3454 3294 3577 3363 quia

1978 3398 2032 3440 tu
2062 3387 2183 3441 leno
2212 3386 2434 3441 haeresis
2468 3387 2679 3441 Arianae
2702 3396 2930 3442 cunctos
2963 3404 3060 3441 nos
3108 3401 3335 3455 cuperes
3383 3386 3575 3456 quovis

1975 3481 2133 3534 modo
2160 3479 2274 3535 lieri
2307 3481 2707 3551 consacrilegos
2737 3479 3025 3537 tuos?Sed
3058 3480 3222 3535 credo
3248 3478 3424 3533 adhuc
3461 3489 3581 3532 teu-

1973 3582 2053 3627 las
2084 3589 2303 3644 negare,
2336 3589 2441 3627 non
2469 3584 2518 3627 te
2547 3573 2751 3628 ideirco
2800 3578 3047 3644 persequi
3080 3588 3198 3640 nos,
3232 3571 3354 3641 quia
3387 3571 3580 3625 nolue-

1971 3669 2141 3723 rimus
2170 3660 2464 3722 CbriStiani
2497 3668 2612 3722 lieni
2646 3668 2855 3722 Ariani.
2888 3666 3169 3734 Quomodo
3199 3681 3398 3735 negare
3428 3676 3581 3735 pote-

1971 3761 2069 3825 ris,
2099 3777 2220 3815 cum
2253 3760 2653 3815 sanctissimum
2687 3760 3002 3832 Dionysium
3029 3754 3574 3813 d‘Mediolaneusium

1970 3854 2293 3925 Episcoliuin
2327 3897 2341 3921 ,
2387 3856 2477 3925 qui
2521 3854 2631 3925 jam
2680 3854 2775 3909 tibi
2827 3854 2962 3909 falsa
3018 3850 3287 3908 asserenti
3343 3851 3576 3905 credens

1968 3950 2328 4004 damnaverat
2351 3947 2705 4003 Athanasium
2742 3989 2756 4012 ,
2813 3947 2957 4019 quod
3009 3945 3243 4001 Arianus
3295 3960 3417 4000 esse
3478 3961 3574 3998 no-

1971 4041 2135 4098 luerit
2165 4084 2179 4107 ,
2216 4042 2429 4097 miseris
2472 4042 2537 4095 ad
2565 4042 2861 4097 exsilium?
2893 4050 2984 4095 aut
3025 4041 3071 4094 si
3114 4057 3218 4094 non
3251 4048 3332 4094 est
3358 4042 3576 4093 Auxen-

1973 4142 2101 4203 tius,
2148 4155 2307 4209 quem
2366 4139 2488 4194 loco
2531 4139 2674 4193 illius
2725 4148 2779 4192 tu
2830 4137 3153 4193 temerarius
3198 4150 3260 4188 ac
3308 4133 3571 4204 pestilens

1967 4234 2230 4289 ordinasti
2257 4275 2273 4303 ,
2316 4232 2588 4289 Arianus?
2637 4233 2694 4287 Si
2740 4232 3044 4288 Auxentius
3082 4228 3243 4305 (idem
3271 4237 3294 4264 ο
3324 4235 3567 4281 sanctam

1965 4326 2108 4397 apud
2136 4325 2371 4381 Nicaeam
2401 4325 2730 4395 descriptam
2776 4333 2944 4394 tenet,
2977 4324 3185 4393 poteris
3217 4336 3317 4376 nec
3350 4330 3404 4375 tu
3450 4335 3573 4374 esse

1968 4422 2225 4490 Arianus,
2257 4437 2355 4477 nec
2388 4420 2503 4475 litec
2530 4422 2711 4475 omnia
2739 4420 2881 4475 sicut
2921 4433 3109 4474 assero
3133 4416 3310 4488 egisse
3346 4415 3572 4487 poteris,

1966 4526 2021 4570 et
2053 4531 2158 4571 non
2188 4515 2401 4570 misisse
2435 4512 2452 4552 ί
2481 4514 2686 4570 crimen
2719 4513 3016 4568 Athanasio
3041 4511 3262 4567 falsum.
3300 4508 3573 4564 Fort-issis

331 4684 357 4712 ³·
389 4673 480 4751 Dti
505 4672 666 4746 Cypr.
727 4678 821 4734 lib.
847 4680 882 4736 5
910 4681 1113 4735 testim.
1153 4680 1301 4735 Veis.
1339 4680 1523 4751 Antiq.
1561 4679 1736 4747 Quare
1764 4681 1861 4732 im-
1890 4684 1945 4747 Ι)
1972 4679 2191 4735 Eusebii
2224 4678 2478 4747 Episcopi
2527 4677 2898 4751 Vercellensis
2937 4676 3157 4736 callido.
3214 4673 3575 4751 prudentique

257 4746 418 4813 plebi.
450 4784 492 4801 ..
524 4752 730 4803 mentiri
753 4753 877 4806 tein
910 4752 1169 4818 Spiritum
1220 4746 1500 4813 Sanctum,
1524 4746 1864 4817 etusurpare

255 4821 321 4872 de
351 4820 517 4895 pretio
540 4823 915 4888 possessionis?
937 4825 1153 4880 Lucifer
1179 4827 1295 4893 ipse
1319 4826 1481 4894 paulo
1525 4834 1646 4895 post
1670 4823 1859 4889 habet,

255 4899 311 4943 ut
328 4892 529 4964 fuisses
561 4895 803 4964 mentitus
836 4904 932 4964 pro
956 4897 1183 4950 Mentiri.

328 4960 356 4999 ι’
374 4961 531 5036 AVers.
558 4962 686 5019 Ant.
710 4960 1037 5036 Quidutique
1051 4969 1343 5035 posuisti...
1360 4966 1867 5031 hanc...Statirnque

253 5034 472 5087 audiens
502 5074 514 5084 .
526 5038 699 5091 .verba
713 5040 838 5091 Iiwc.
852 5078 888 5093 ..
911 5034 1083 5093 omnes
1098 5042 1364 5094 audientes
1376 5039 1504 5093 lucc.
1517 5079 1528 5092 .
1542 5049 1730 5092 .autem
1746 5054 1863 5108 pro-

253 5108 421 5180 tinus.
434 5143 444 5156 .
456 5110 813 5180 .Acollea‘erunt
826 5128 938 5164 eam
953 5123 999 5165 et
1012 5114 1356 5167 traducentes.
1369 5152 1381 5164 .
1394 5152 1406 5164 .
1432 5112 1597 5180 quasi.
1613 5152 1624 5165 .
1638 5152 1649 5163 .
1670 5123 1717 5163 et
1736 5125 1866 5163 mror

250 5177 443 5255 ipsius,
470 5178 720 5248 ignorans
744 5184 885 5251 quod
910 5186 1105 5255 factum
1129 5196 1277 5255 esset,
1322 5177 1573 5237 introivit.
1610 5182 1690 5235 Ad
1710 5198 1863 5255 quam

244 5252 452 5321 Petrus
469 5255 544 5304 ait
576 5272 635 5306 .’..
655 5268 837 5321 agrum
850 5252 1151 5308 vendidistis
1171 5254 1311 5308 Ulla
1322 5264 1493 5308 autem
1520 5256 1671 5309 dixit:
1693 5254 1861 5307 ls‘tiatn

255 5321 408 5395 tanti.
431 5320 574 5376 Dixit
587 5320 756 5378 autent
784 5325 972 5381 Petrus
985 5328 1053 5379 ad
1065 5343 1177 5381 eam
1194 5344 1211 5380 :
1228 5327 1368 5392 Quid
1386 5328 1625 5395 utique...
1645 5327 1806 5379 vobis.
1820 5365 1831 5377 .
1845 5366 1857 5379 .

254 5394 731 5469 rnari_turn...rstattt
752 5400 821 5450 ad
842 5400 1102 5453 ostium...
1137 5398 1330 5453 Cecidit
1370 5394 1539 5469 autem
1568 5400 1854 5469 confstim.

330 5464 457 5541 clm
488 5468 737 5541 legimus,
795 5470 886 5523 ubi
930 5470 1134 5524 editum
1184 5479 1303 5524 erat
1344 5464 1733 5541 blaspltem'am;
1780 5470 1858 5524 sic

250 5538 422 5605 paulo
451 5550 569 5606 post
596 5541 649 5593 in
676 5538 773 5595 hac
800 5540 1123 5614 blasphemia
1152 5541 1341 5597 scribit
1381 5538 1498 5611 ipse
1516 5540 1735 5596 Lucifer
1754 5554 1769 5605 ;
1791 5542 1858 5596 de

250 5623 360 5665 ana
391 5609 512 5663 vide
550 5610 710 5665 Przel‘.

294 5623 360 5662 ua
391 5623 512 5663 Vide
550 5623 710 5665 Prtet.

249 5624 360 5679 qua
391 5624 512 5663 νιιιθ
550 5624 710 5665 ιιι-ενι.

327 5678 354 5716 ἀ
386 5682 444 5736 S.
472 5681 765 5755 Dionysius
787 5684 1084 5755 Episcopus
1115 5682 1539 5741 Mediolanensis
1584 5694 1754 5755 usque
1789 5684 1855 5738 ad

253 5767 459 5825 annum
492 5754 618 5822 535,
655 5757 744 5821 qui
794 5756 848 5811 in
897 5754 1285 5813 Mcdiolaneusl
1331 5755 1580 5811 Concilio
1630 5754 1856 5825 hujusce

258 5824 389 5879 anni
419 5826 484 5880 ab
509 5828 724 5883 Arianis
747 5826 1005 5901 deceptus
1031 5829 1386 5888 Athanasium
1423 5824 1717 5885 damnavit.
1746 5828 1853 5884 Sed

1968 4752 2200 4805 consilio
2222 4745 2339 4820 ejus
2365 4745 2693 4821 subsrriptio
2719 4749 2902 4804 deleta
2932 4750 3031 4805 luit
3058 4768 3069 4803 :
3103 4762 3223 4803 nam
3256 4745 3319 4800 ad
3342 4748 3575 4821 Ariauos

1970 4818 2275 4893 Episcopos
2304 4818 2636 4887 conversus,
2688 4821 3079 4891 simulansque,
3134 4835 3193 4874 sc
3238 4831 3461 4893 quoque
3500 4818 3569 4893 in

1969 4888 2253 4949 A-tltana'sii
2303 4896 2707 4948 damnationem
2760 4888 3109 4951 consentire,
3170 4892 3407 4958 priorem
3467 4888 3573 4943 sibi

1967 4965 2347 5022 sub~cribendi
2383 4968 2559 5019 locum
2601 4982 2713 5036 prm
2745 4965 3001 5037 Dionysio
3032 4962 3193 5037 tribui
3252 4960 3569 5037 postulavit,

1967 5040 2168 5107 quippe.
2216 5038 2399 5093 Senior
2439 5034 2827 5092 osSet—a'tate.
2888 5034 3006 5090 illac
3065 5034 3280 5089 ratione
3336 5034 3569 5107 pertuoti

1970 5103 2154 5164 Ariani
2189 5124 2387 5164 Itomen
2420 5108 2663 5181 Dionysii
2704 5111 2911 5172 delent,
2941 5111 3141 5177 primas
3193 5105 3427 5181 Eusebio
3473 5103 3569 5181 de-

1968 5181 2149 5236 ferunt
2177 5196 2192 5247 ;
2225 5195 2362 5250 quos
2396 5181 2486 5236 ille
2537 5175 2848 5251 increpans,
2902 5175 3073 5249 iisque
3133 5176 3391 5239 irridens,
3417 5175 3519 5251 _ait
3554 5195 3566 5229 :

1972 5252 2153 5321 Neque
2180 5247 2272 5323 ego
2304 5268 2383 5304 me
2424 5255 2603 5307 vestris
2630 5247 2910 5307 sceleribus
2938 5247 3111 5319 polluo
3137 5292 3150 5313 ,
3183 5264 3342 5317 neque
3398 5247 3565 5316 [ilium

1968 5340 2132 5377 meum
2159 5324 2473 5397 Dionysium
2496 5326 2752 5379 vobiscum
2780 5323 3567 5397 participarepertritum-Actus

1964 5405 2051 5450 est
2080 5398 2130 5449 in
2155 5397 2404 5469 exsilium
2429 5396 2741 5469 Dionysius.
2768 5393 2996 5469 eiusque
3023 5398 3075 5447 in
3103 5394 3277 5469 locum
3305 5393 3565 5469 suilli-etus

1964 5467 2270 5523 Anxentius
2301 5464 2685 5534 Arianusfsed
2715 5468 3052 5521 (Latholieum
3083 5465 3374 5533 aliquando
3405 5480 3463 5515 se
3493 5464 3568 5514 si-

1965 5541 2213 5603 mulans,
2257 5542 2345 5609 qui
2400 5538 2762 5595 Valentiniani
2821 5538 3172 5607 Imperatoris
3228 5535 3562 5609 indulgentia

1960 5606 2421 5682 Mediolauensem
2476 5620 2761 5682 OCCtlp8V|l
2789 5606 3074 5667 ecclesiam
3118 5623 3290 5663 annos
3335 5608 3428 5673 20,
3458 5606 3561 5661 vita

1958 5682 2177 5738 functus
2202 5699 2291 5737 an.
2316 5681 2442 5738 574.

2036 5766 2059 5792 ε’
2086 5756 2242 5810 Cutn.
2265 5754 2368 5808 Til.
2399 5754 2574 5811 Latin.
2607 5768 2659 5811 et
2688 5756 2917 5812 Galand.
2947 5764 3092 5811 recte
3111 5772 3125 5821 ;
3146 5763 3307 5810 antea
3332 5755 3558 5824 quidem.

2039 5826 2057 5865 ί
2094 5826 2198 5882 Pro
2227 5828 2505 5884 immisisse
2532 5844 2551 5893 ;
2585 5829 2635 5885 id
2667 5839 2774 5900 est,
2806 5830 2847 5885 si
2878 5828 3012 5900 hac,
3038 5843 3153 5901 quw
3179 5828 3242 5884 de
3272 5840 3318 5883 te
3365 5843 3562 5893 assero,
