4042 6338
463 304 572 363 895

1533 302 1855 364 LUCIFEBI
1891 301 2204 362 EPISCOPI
2241 300 2664 360 CALARITANI

3661 301 3770 360 896

463 416 617 475 dicas
671 417 797 474 hinc
864 432 973 475 non
1029 432 1154 475 esse
1207 415 1509 474 catholicos
1539 459 1557 486 ,
1613 416 1758 488 quod
1812 417 2061 474 Susanna
2089 419 2281 481 Aeum
2307 415 2515 484 puellis;
2537 415 2796 471 etdimisit
2816 415 3038 486 puellas,
3063 425 3110 471 et
3131 415 3321 471 clausit
3342 417 3772 474 ostiasiridarii:

463 512 630 570 fuerit
673 511 949 580 exaudita,
999 527 1101 568 nos
1150 527 1282 569 vero
1332 511 1582 568 minime.
1614 510 1890 580 Quantum
1927 510 2068 582 apud

463 617 708 664 nostram
771 609 1165 665 conscientiam
1240 617 1326 664 est
1364 651 1380 676 ,
1441 616 1568 665 tunc
1616 624 1717 665 nos
1762 607 2069 664 vindicatos

461 701 759 769 novimus,
821 701 1042 774 quando
1109 712 1164 758 tu
1226 716 1460 774 serpens
1516 702 1827 774 publicatus
1879 711 1906 739 τι
1960 715 2065 768 es,

458 791 677 864 quando
711 801 1002 864 patuerunt
1025 803 1220 850 cuncta
1246 809 1457 850 venena
1490 803 1603 861 tua,
1635 793 1855 864 quando
1886 793 2070 848 omnis

461 886 715 942 machina
744 895 836 943 tua
861 886 1132 959 patefacta
1157 897 1275 944 est:
1301 887 1380 945 sic
1410 889 1615 944 etenim
1642 903 1742 943 nos
1764 887 2064 942 vindictam

461 978 913 1036 desiderabamus
957 980 1026 1037 de
1067 982 1226 1038 vobis
1270 981 1509 1037 inimicis
1540 981 1659 1044 Dei.
1690 991 1748 1036 ut
1785 996 1884 1037 vos
1924 981 2067 1036 Deus

460 1085 586 1128 esse
629 1072 922 1128 ltaareticos
977 1075 1246 1130 revelaret
1291 1074 1495 1146 popqu
1531 1088 1654 1129 suo.
1695 1074 1886 1130 Omnis
1929 1089 2068 1145 pene

462 1165 721 1235 cognovit
746 1165 861 1236 jam
894 1166 1131 1221 mundus
1161 1165 1295 1222 false
1318 1167 1676 1224 Athanasium
1709 1169 1938 1239 petitum
1971 1184 2067 1239 per

463 1273 584 1324 vos,
619 1258 783 1330 hujus
816 1270 868 1316 te
897 1275 1019 1317 esse
1047 1260 1359 1332 iniquitatis
1385 1272 1669 1319 auctorem
1695 1279 1710 1330 ;
1739 1273 2068 1334 οοιιειιθοιυε

459 1351 665 1407 etenim
694 1367 774 1420 es,
807 1353 954 1408 aliud
989 1364 1041 1410 te
1071 1358 1370 1425 cupienten
1413 1356 1661 1427 implere,
1695 1356 1843 1412 aliud
1877 1365 2065 1427 protu-

459 1446 615 1502 lisse.
641 1447 724 1504 Λᾶ
747 1463 912 1505 senes
940 1449 1304 1521 ingemiscens
1333 1452 1465 1507 dicit
1486 1452 1734 1508 Susanna
1758 1473 1772 1510 :
1800 1455 2066 1525 Angustia:

459 1539 590 1594 mihi
630 1541 878 1612 undique,
916 1543 961 1596 si
1004 1544 1138 1599 enim
1174 1544 1270 1599 hoc
1311 1562 1480 1616 egero,
1510 1562 1651 1601 mors
1686 1548 1814 1601 mihi
1851 1549 1967 1604 erit.
2002 1548 2066 1604 Si

460 1645 635 1690 autem
665 1651 768 1690 non
795 1635 986 1706 fecero,
1012 1653 1114 1692 non
1143 1636 1396 1711 e/fugiam
1422 1655 1606 1694 manus
1628 1651 1844 1697 vestras.
1872 1639 2065 1696 Melius

459 1739 533 1784 est
563 1728 688 1783 ntilti
719 1745 824 1784 non
853 1731 1062 1802 facienti
1100 1732 1330 1786 incidere
1353 1733 1406 1786 in
1439 1749 1625 1788 manus
1654 1744 1875 1800 vestras,
1905 1752 2062 1806 quant

2172 520 2218 563 et
2245 509 2378 563 venit
2401 509 2470 562 ad
2499 525 2610 563 eam
2633 510 2840 580 juvenis
2865 510 2954 580 qui
2990 519 3097 564 erat
3123 509 3479 570 absconditus.
3506 519 3555 565 et
3581 526 3780 566 concu-

2173 601 2278 656 buit
2300 618 2415 656 cum
2437 619 2517 658 ea.
2546 601 2660 657 Nos
2682 613 2856 656 autem
2878 619 2994 657 cum
3017 618 3244 667 essemus
3266 604 3319 657 in
3349 603 3543 678 angulo
3575 605 3777 659 virida-

2169 695 2257 758 rii,
2284 695 2507 750 uidentes
2536 695 2856 767 iniquitatem
2888 697 3210 750 accurrintus
3240 696 3308 750 ad
3337 712 3447 762 eos,
3471 707 3518 751 et
3543 697 3778 754 uidimus

2171 805 2535 850 concurrentes
2562 807 2585 833 ο
2609 812 2718 851 eos.
2749 795 2912 852 Illum
2931 797 3136 864 quidem
3165 814 3266 852 non
3297 801 3562 867 potuimus
3586 815 3778 866 appre-

2170 887 2391 942 hendere
2418 889 2555 959 quod
2576 890 2761 958 fortior
2785 889 2930 944 nobis
2953 899 3104 956 esset,
3135 899 3181 944 et
3206 891 3346 962 quod
3373 894 3613 961 aperiens
3639 893 3777 948 ostia

2170 981 2452 1053 prosilierit
2481 998 2499 1036 :
2531 982 2666 1037 hanc
2695 995 2868 1038 autem
2903 987 3285 1052 apprehensum
3315 986 3775 1060 interregat-imus,

2170 1075 2284 1144 quis
2309 1084 2438 1128 esset
2452 1077 2676 1146 juvenis,
2705 1086 2752 1130 et
2777 1077 2945 1132 noluit
2971 1076 3116 1132 nobis
3139 1078 3331 1132 dicere.
3360 1077 3494 1134 Htec
3519 1089 3781 1135 contesta-

2170 1184 2304 1222 mur.
2323 1166 2386 1221 Et
2401 1169 2620 1223 credidit
2640 1170 2712 1224 eis
2730 1171 2896 1224 omnis
2922 1188 3186 1243 synagoga
3210 1183 3265 1226 ut
3287 1173 3598 1245 presbyteris
3613 1172 3778 1242 plebis

2169 1271 2215 1316 et
2233 1262 2522 1334 judicibus,
2554 1272 2600 1318 et
2634 1262 3013 1318 damnaverunt
3045 1275 3101 1319 ut
3135 1276 3424 1320 moreretur
3455 1264 3624 1338 (Ibid.
3653 1264 3776 1336 27).

2168 1352 2468 1410 Considera
2494 1356 2732 1425 penitus,
2759 1357 3070 1423 Constanti,
3097 1359 3416 1414 maledictas
3432 1359 3781 1414 adinventio-

2170 1462 2267 1502 nes
2280 1458 2492 1503 vestras
2511 1450 2861 1517 Arianorum,
2895 1450 2940 1505 si
2966 1467 3072 1506 non
3099 1452 3224 1506 talia
3249 1461 3379 1507 sunt
3399 1468 3521 1523 qua:
3549 1452 3782 1523 egeritis

2168 1555 2266 1595 vos
2300 1541 2513 1596 interim
2546 1543 2692 1598 circa
2720 1544 3103 1608 Athanasium,
3153 1546 3334 1616 qualia
3363 1555 3420 1600 et
3448 1545 3526 1600 illi
3561 1546 3782 1616 egerint

2167 1633 2314 1688 circa
2330 1633 2658 1690 Susannam.
2684 1635 2816 1704 Quis
2833 1637 3035 1691 etenim
3053 1653 3156 1692 non
3180 1636 3508 1694 credidisset
3535 1637 3631 1692 tibi
3663 1637 3747 1692 im
3761 1666 3783 1679 ο

2169 1729 2407 1798 peratori
2433 1728 2678 1785 dicenti?
2702 1729 3049 1804 Sacrilegium
3079 1732 3197 1802 fecit
3219 1731 3551 1786 Athanasius.
3577 1730 3692 1787 Sed
3727 1730 3788 1786 in

460 1835 672 1890 peccare
686 1820 738 1874 in
753 1830 1026 1894 conspectu
1047 1823 1255 1878 Domini
1272 1822 1568 1896 (lbid.22).
1587 1823 1695 1881 Etb
1720 1840 1818 1880 nos
1835 1827 2061 1882 crimina
2095 1829 2142 1890 Β
2168 1820 2372 1891 eoquia
2393 1828 2448 1874 tu
2467 1821 3002 1879 detestabiliorfuisti
3025 1823 3218 1880 abillis
3234 1822 3588 1892 comperditis
3614 1838 3794 1894 pseuo

465 1929 590 1968 mox
606 1923 661 1968 ut
676 1914 996 1970 vidissemus
1013 1916 1264 1986 imposita
1279 1935 1305 1969 a
1326 1918 1496 1984 vobis,
1513 1919 1836 1974 exstincturi
1852 1934 2069 1975 eramus

464 2003 663 2068 fratres
692 2017 933 2072 nostros,
963 2008 1220 2078 quoniam
1247 2022 1494 2064 essemus
1529 2019 1586 2065 ιιι
1617 2008 1750 2066 estis
1777 2027 1877 2066 vos
1909 2022 2066 2068 tene-

465 2097 599 2154 brze.
641 2098 774 2167 Quis
815 2098 1159 2158 Christianus
1200 2117 1307 2157 non
1350 2102 1522 2170 dicat,
1559 2104 1753 2160 melius
1792 2120 1917 2161 esse
1962 2104 2068 2160 sibi

466 2191 698 2249 interfici
718 2209 747 2248 a
775 2203 827 2248 te
856 2209 1198 2264 praecursore
1224 2197 1556 2262 antichristi,
1587 2214 1747 2267 quam
1774 2198 1827 2254 in
1855 2206 2069 2255 vestras

463 2288 544 2344 ire
575 2289 900 2344 Arianorum
935 2290 1020 2345 vel
1052 2290 1426 2361 quormnlibet
1471 2292 1856 2349 hzereticorum
1912 2302 2068 2350 tene-

465 2379 632 2436 bras?
659 2379 885 2455 Intpiugi
916 2383 1092 2441 fecisti
1121 2385 1354 2440 crimina
1397 2401 1505 2441 non
1535 2387 1713 2442 solum
1742 2387 2066 2456 Athanasio,

469 2476 569 2531 sed
623 2487 679 2532 et
736 2477 918 2545 nobis,
975 2478 1121 2549 quod
1185 2481 1527 2536 naluerimus
1577 2481 1870 2538 Christiani
1927 2481 2069 2538 efﬁci

469 2570 682 2626 Ariani.
728 2570 848 2626 Non
898 2571 1185 2628 deluerqu
1227 2573 1442 2645 singula
1470 2589 1593 2646 quae
1635 2586 1860 2644 possunt
1903 2574 2066 2645 objici

467 2663 699 2718 crimina
723 2663 980 2734 singulis,
1006 2680 1115 2736 quo
1147 2666 1324 2720 nullus
1358 2666 1640 2722 videretur
1665 2683 1696 2724 e
1725 2668 1880 2725 nobis
1911 2684 2069 2738 prop-

471 2764 554 2811 ter
575 2753 746 2812 Deum
778 2759 979 2813 missus
1009 2757 1075 2812 ad
1107 2759 1324 2826 exsilia,
1353 2759 1448 2814 sed
1479 2761 1625 2831 quod
1656 2761 1808 2832 quasi
1839 2776 1938 2832 pro
1965 2762 2072 2816 cri-

473 2850 715 2906 minibus
747 2851 974 2907 nostris.
1006 2849 1142 2907 Cum
1186 2853 1307 2907 sitis
1342 2853 1509 2924 igitur
1545 2869 1642 2909 vos
1675 2855 1754 2910 rei
1797 2864 2067 2911 tantorum

469 2943 765 2999 criminum
803 2944 929 3016 quia
973 2961 1080 3000 non
1123 2945 1407 3001 vobiscum
1440 2945 1640 3003 habere
1673 2947 1842 3004 Deum
1875 2950 2068 3006 iratum

472 3039 711 3094 voluerit
730 3038 1087 3107 Athanasius,
1117 3039 1338 3098 dixistis
1365 3055 1490 3096 eum
1520 3056 1673 3097 reum
1698 3056 1821 3098 esse
1843 3043 2069 3098 mortis:

474 3131 580 3188 hoc
605 3131 856 3189 fecerunt
884 3141 941 3189 et
964 3133 1044 3189 illi
1071 3134 1268 3206 quibus
1299 3135 1350 3190 in
1381 3132 1486 3190 hoe
1512 3135 1726 3192 scelere
1757 3150 1915 3207 pares
1937 3137 2072 3193 estis

2173 1913 2604 1988 dopresbyteris,
2628 1915 2725 1971 tibi
2749 1932 2855 1972 non
2881 1927 2966 1972 est
2997 1917 3130 1974 lides
3149 1917 3332 1973 habita
3356 1933 3385 1972 a
3414 1919 3602 1983 nobis;
3629 1917 3792 1975 dice-

2173 2007 2334 2063 batur
2355 2009 2563 2087 etenim
2593 2010 2711 2072 tibi.
2745 2011 2870 2080 quia
2894 2010 3097 2066 absens
3138 2010 3387 2066 damnari
3419 2027 3524 2066 non
3555 2021 3787 2082 posset:

2174 2099 2253 2154 illi
2277 2100 2479 2155 etenim
2512 2102 2815 2173 presbyteri
2847 2103 2899 2156 in
2935 2111 3258 2172 praesentem
3291 2102 3544 2158 dixerunt
3573 2103 3794 2176 alb-ga-

2173 2195 2356 2250 tioues
2383 2194 2728 2262 criminosas,
2758 2206 2814 2252 et
2841 2197 3021 2251 omnis
3049 2212 3319 2269 synagoga
3355 2197 3408 2252 in
3440 2210 3790 2268 praeeuntem

2174 2287 2324 2342 dedit
2351 2291 2700 2356 sententiam;
2732 2301 2787 2345 tu
2810 2301 2998 2346 eontra
3029 2291 3096 2346 ad
3122 2292 3528 2348 accusationem
3558 2292 3792 2348 lucreti-

2174 2398 2362 2439 corum
2391 2385 2609 2455 quando
2632 2385 2932 2440 inauditum
2957 2395 3011 2441 et
3027 2386 3310 2442 absentem
3333 2388 3579 2443 damnari
3618 2402 3798 2459 coge-

2174 2475 2272 2532 bas
2293 2477 2648 2544 catholicum,
2674 2479 2978 2550 utiqueiam
2999 2479 3170 2536 videri
3196 2492 3443 2550 cmperat
3471 2496 3649 2537 scenae
3673 2493 3797 2538 tua:

2175 2572 2448 2626 machina.
2473 2571 2577 2628 Sed
2597 2573 2708 2642 jam
2732 2573 2921 2644 accipe
2943 2573 3073 2646 quid
3099 2576 3402 2646 prtestitunt
3422 2575 3488 2632 sit
3513 2574 3796 2633 Susanna:

2175 2663 2386 2735 pudicae
2429 2664 2497 2718 ab
2539 2666 2910 2721 innocentium
2942 2664 3257 2733 defensore,
3287 2667 3358 2722 ab
3387 2683 3792 2738 oppressorum

2175 2755 2411 2812 vindice.
2448 2757 2648 2826 Accipe
2678 2774 2798 2826 qua:
2827 2757 3034 2813 referat
3064 2758 3252 2814 Daniel
3282 2759 3420 2816 liber
3445 2761 3513 2817 de
3541 2760 3798 2818 vindicta

2175 2848 2460 2906 Susanna).
2498 2851 2821 2907 Exclamavit
2861 2863 3032 2907 autem
3071 2852 3318 2909 Susanna
3349 2870 3471 2911 uoce
3498 2872 3687 2929 magna
3737 2867 3799 2912 et

2175 2944 2308 2999 dixit
2331 2961 2350 2999 :
2378 2943 2520 3001 Deus
2561 2955 2805 3013 teternus,
2843 2948 2932 3018 qui
2961 2947 3287 3002 occultorum
3327 2950 3564 3021 cognitor
3588 2966 3664 3013 es.
3692 2953 3798 3021 qui

2173 3038 2276 3091 scis
2301 3038 2474 3093 omnia
2510 3049 2634 3093 ante
2663 3040 3043 3112 generationent
3074 3055 3274 3108 eorum,
3307 3051 3364 3095 tu
3403 3043 3504 3096 scis
3538 3044 3800 3115 quoniam

2176 3133 2367 3206 falsum
2412 3134 2763 3189 testimonium
2809 3133 3081 3191 adversum
3126 3151 3208 3190 me
3253 3134 3534 3202 dixerunt;
3576 3146 3628 3191 et
3667 3153 3798 3195 ecce

472 3227 800 3299 presbyteri.
835 3226 1102 3296 Loquitur
1129 3229 1276 3284 enim
1305 3230 1574 3302 scriptura
1602 3229 1828 3286 dicens:
1859 3229 1930 3285 Et
1959 3232 2072 3300 {ac-
2097 3238 2143 3302 ο
2174 3228 2369 3282 morior
2397 3225 2512 3296 qua:
2542 3228 2674 3282 nihil
2706 3228 2807 3299 feci
2847 3229 3031 3282 horum
3052 3269 3067 3294 ,
3106 3243 3222 3298 qua
3260 3227 3317 3281 hi
3361 3229 3578 3302 maligni
3615 3231 3798 3298 ﬁnxe-

471 3333 582 3377 tum
612 3334 686 3377 est
715 3324 768 3378 in
799 3323 886 3378 die
911 3324 1100 3388 altero,
1135 3333 1189 3396 ut
1230 3324 1464 3378 convenit
1492 3325 1633 3395 plebs
1661 3325 1730 3378 ad
1757 3325 1922 3379 cirum
1963 3329 2076 3399 ejus

469 3415 732 3483 Joachim,
763 3429 1012 3470 uenerunt
1050 3416 1152 3470 duo
1182 3416 1467 3488 presbyteri
1498 3418 1639 3487 pleni
1665 3418 1859 3488 iniqua:
1889 3419 2075 3473 utentis

469 3509 714 3564 adversus
757 3508 1076 3573 Susannam,
1109 3519 1165 3563 ut
1199 3520 1222 3549 ο
1255 3510 1628 3582 mortificarent
1665 3528 1779 3566 eant
1806 3529 1822 3566 .'
1850 3522 1898 3567 et
1927 3513 2076 3568 dixe.

471 3614 596 3657 runt
621 3619 796 3658 coram
829 3602 974 3673 plebe
998 3619 1018 3658 :
1050 3600 1246 3658 Mittite
1273 3605 1340 3657 ad
1375 3603 1679 3659 Susunnam
1709 3605 1876 3676 ﬁliam
1921 3605 2077 3661 Chel-

472 3693 667 3759 chiam,
698 3709 816 3761 qua:
844 3705 920 3748 est
968 3711 1102 3750 uxor
1135 3694 1401 3750 Joachim.
1433 3695 1504 3751 Et
1551 3697 1826 3765 miserunt,
1858 3709 1904 3754 ct
1945 3701 2079 3754 venit

467 3788 603 3858 ipsa,
636 3798 684 3842 et
712 3796 948 3859 parentes
971 3791 1118 3862 :ejus,
1153 3799 1199 3842 et
1231 3806 1407 3844 omnes
1436 3791 1646 3864 cognati
1668 3794 1802 3863 ejus.
1830 3792 2074 3848 Susanna

469 3888 642 3934 autem
665 3889 774 3934 erat
798 3892 969 3935 tenera
991 3882 1209 3936 nimium
1227 3892 1274 3936 et
1291 3884 1436 3938 bona:
1456 3887 1640 3954 [omne
1659 3899 1678 3938 :
1697 3885 1881 3951 iniusti
1902 3896 2073 3940 autem

459 3979 734 4049 jusserunt
763 3975 984 4030 revelari
1012 3992 1124 4030 eam
1151 3977 1284 4048 (erat
1311 3977 1448 4030 enim
1477 3977 1669 4049 relata)
1697 3988 1752 4032 ut
1780 3988 2074 4034 saturaren-

469 4081 553 4124 tur
581 4072 752 4140 [arma
780 4071 915 4142 ejus.
942 4068 1161 4124 Flebant
1190 4082 1361 4125 autem
1389 4087 1565 4126 omnes
1602 4074 1714 4144 ejus
1745 4070 1795 4139 ά,
1823 4081 1872 4127 et
1901 4074 2073 4128 cwteri

469 4165 558 4238 qui
588 4163 827 4220 videbant
856 4178 991 4222 eam.
1036 4166 1378 4238 Assurgentes
1427 4166 1589 4235 igitur
1632 4165 1738 4220 duo
1785 4166 2074 4238 presbyteri

467 4261 522 4315 in
569 4259 739 4315 ntedia
785 4258 931 4330 plebe
979 4269 1261 4332 posuerunt
1301 4277 1482 4316 manus
1523 4275 1684 4331 super
1723 4271 1878 4332 caput
1919 4263 2072 4330 eius:

469 4355 585 4426 ipsa
610 4364 781 4410 autent
811 4355 1106 4427 lacrymans
1143 4357 1346 4420 aspexit
1373 4356 1425 4408 in
1455 4355 1659 4422 caelum,
1690 4356 1934 4427 quoniam
1964 4366 2075 4410 erat

470 4460 560 4499 cor
589 4447 700 4514 ejus
728 4447 990 4518 conﬁdens
1019 4447 1072 4501 in
1102 4447 1350 4502 Domino.
1380 4445 1638 4503 Dixerunt
1665 4458 1834 4502 autem
1862 4447 2076 4520 presby-

475 4539 567 4593 teri
589 4555 607 4592 :
628 4538 1022 4594 Ambulantibus
1046 4541 1191 4596 nobis
1219 4541 1273 4595 in
1300 4541 1552 4596 viridario
1587 4541 1711 4598 solis
1737 4541 1945 4597 intrarit
1967 4543 2075 4597 Ita'c

473 4689 580 4728 non
607 4675 816 4748 egeris;
837 4677 953 4748 jam
977 4691 1080 4748 non
1097 4692 1152 4748 e_s
1174 4675 1422 4748 Arianus,
1447 4692 1540 4731 nec
1565 4676 1702 4748 falso
1726 4677 2072 4733 Athanasium
2102 4683 2150 4746 ι)

472 4746 750 4801 accusasti.
775 4744 880 4800 Ttl.
914 4747 963 4800 Ia
993 4744 1191 4812 Cet-da,
1220 4757 1276 4802 et
1300 4747 1535 4803 Galand.

548 4826 574 4854 τι
607 4816 740 4872 Tota
803 4817 1220 4873 blediolauensis
1282 4818 1642 4874 Cuticiliabuli
1697 4820 1949 4875 machina
2006 4835 2074 4876 eo

475 4904 739 4946 conversa
769 4897 908 4953 erat,
940 4897 1000 4944 ut
1037 4890 1366 4944 Athanasius
1397 4892 1466 4945 ab
1509 4890 1795 4960 EpiscOpis
1843 4892 2078 4947 catholi-

469 4965 570 5026 cis,
618 4964 930 5031 praesertim
971 4960 1408 5016 occidentalibus
1460 4962 1858 5029 damnaretur,
1913 4965 2076 5020 veluti

472 5036 760 5091 criminum
795 5047 940 5093 reus.
963 5048 1084 5102 qua:
1125 5032 1178 5089 in
1204 5031 1355 5087 illum
1381 5033 1622 5089 haeretici
1655 5037 1817 5090 tones
1847 5034 2079 5091 cflittxe-

473 5117 594 5161 rant
626 5115 719 5172 ;ut
747 5105 872 5158 inde
898 5105 1108 5159 Ariana:
1141 5105 1418 5178 impietati,
1479 5109 1632 5178 cujus
1663 5116 1782 5178 erat
1831 5116 2084 5177 patronus

471 5178 870 5241 Ceustautius,
913 5179 1137 5246 speciem
1203 5177 1434 5246 aliquam
1499 5177 1852 5248 conciliaret;
1909 5178 2085 5248 inquit

474 5249 803 5304 Athanasius
826 5250 1011 5316 ipsein
1035 5249 1197 5318 epist.
1221 5249 1287 5301 ad
1317 5248 1542 5320 Solitar.
1571 5247 1872 5319 Episc0pus
1900 5247 2084 5320 itaque

472 5321 774 5390 Imperator
801 5321 1050 5384 urgebat.
1074 5333 1131 5375 ut
1162 5322 1212 5374 in
1241 5319 1599 5375 Athanasium
1623 5319 2041 5376 subscriberent
2067 5340 2081 5377 :

474 5389 960 5448 Comminabundus
1003 5392 1288 5462 stringebat
1339 5392 1571 5462 gladium
1630 5402 1810 5449 contra
1853 5391 1996 5456 illos,
2037 5403 2086 5447 et

473 5461 726 5531 quosdam
742 5463 917 5536 abripi
941 5480 968 5518 e
1009 5461 1286 5536 conspectu
1306 5461 1544 5536 jubebat.
1575 5462 1766 5519 Videas
1781 5476 1952 5519 autem
1977 5463 2084 5519 Lu-

472 5536 647 5609 ciferi,
705 5535 945 5600 Eusebii,
1005 5547 1053 5591 et
1112 5535 1350 5606 Dionysii
1413 5537 1790 5610 Episcoporum
1840 5548 2085 5591 constan-

475 5612 694 5665 tiam....
728 5625 1012 5679 exsurgens
1032 5611 1122 5666 ille
1142 5612 1415 5682 confestim
1441 5611 1570 5664 dixit
1602 5623 1622 5665 :
1666 5609 1780 5680 Ego
1820 5625 1955 5663 nunc
1996 5626 2086 5664 ac-

472 5691 679 5755 cusator
713 5699 830 5738 sum
868 5682 1143 5755 Athanasii
1170 5727 1184 5748 ,
1241 5697 1452 5755 propter
1486 5700 1565 5738 me
1591 5686 1786 5739 credite
1828 5683 1894 5737 iis
1917 5723 1932 5746 ,
1969 5699 2085 5754 qua:

473 5754 652 5808 dicunt
696 5756 901 5811 Ariani.
937 5753 1058 5812 Illis
1099 5753 1273 5812 autem
1305 5753 1772 5826 respondentibus:
1814 5755 2082 5823 Quomodo

476 5837 758 5900 accusator.
796 5843 905 5882 esse
945 5828 1354 5900 potesabsentis
1392 5829 1512 5900 rei?
1551 5829 1594 5882 si
1616 5830 1763 5900 εαιὶηι
1809 5837 2084 5887 accusator

478 5897 623 5949 adest
668 5898 805 5947 abest
841 5896 1010 5949 nntein
1059 5915 1196 5960 rcus,
1249 5896 1500 5959 iudicium
1535 5897 1734 5952 nullum
1782 5909 2080 5952 exercetur:

2178 3332 2304 3375 runt
2333 3320 2605 3375 aduersum
2645 3337 2742 3375 me.
2775 3319 2843 3374 Et
2877 3321 3142 3376 exaudivit
3171 3318 3313 3375 Deus
3339 3337 3514 3376 uocem
3539 3324 3680 3394 ejus.
3716 3321 3798 3379 Et

2180 3429 2298 3467 cum
2325 3415 2598 3468 duceretur
2624 3426 2680 3467 ut
2707 3414 2918 3485 periret,
2945 3414 3182 3468 excitauit
3197 3412 3339 3468 Deus
3369 3415 3609 3486 spiritum
3635 3433 3799 3470 sanc—

2179 3513 2290 3560 tum
2321 3506 2470 3575 pueri
2503 3505 2866 3572 adolescentis,
2900 3507 2985 3561 cui
3013 3524 3197 3562 nomen
3231 3517 3340 3562 erat
3379 3508 3589 3576 Daniel,
3619 3521 3668 3564 et
3697 3527 3800 3564 ex-

2181 3599 2417 3654 clamavit
2451 3615 2568 3654 voce
2612 3617 2800 3672 ntagna
2829 3617 2848 3654 :
2883 3597 3117 3653 Mundus
3145 3616 3238 3673 ego
3260 3613 3292 3654 a
3320 3603 3574 3672 sanguine
3602 3602 3795 3668 huius.

2183 3691 2249 3745 Et
2281 3709 2523 3747 conrersa
2541 3705 2614 3748 est
2637 3693 2803 3747 onmis
2830 3693 2973 3765 plebs
2999 3694 3070 3748 ad
3095 3710 3232 3761 eum,
3259 3704 3307 3748 et
3331 3695 3575 3749 dixerunt
3599 3711 3619 3751 :
3653 3695 3796 3763 Quis

2177 3796 2250 3839 est
2273 3787 2366 3840 iste
2391 3802 2560 3840 sermo
2580 3803 2731 3854 quem
2751 3796 2805 3840 tu
2825 3786 3025 3840 locutus
3050 3786 3143 3841 es?
3167 3787 3233 3840 At
3259 3785 3348 3841 ille
3372 3796 3514 3841 stans
3535 3787 3588 3841 in
3613 3788 3794 3844 medio

2177 3893 2352 3931 eorum
2388 3893 2406 3931 :
2434 3877 2545 3945 Sic,
2581 3879 2726 3931 stulti
2751 3875 2942 3945 Israel,
2972 3894 3075 3931 non
3101 3878 3476 3952 interroyantes
3506 3895 3672 3948 neque
3700 3896 3794 3934 ee-

2174 3989 2292 4026 runt
2323 3982 2682 4045 cognoscentes
2728 3973 3014 4027 damnastis
3053 3973 3222 4040 ﬁliam
3266 3971 3474 4026 Israel?
3509 3971 3702 4028 Redite
3736 3975 3791 4028 in

2167 4067 2463 4140 judicium,
2523 4067 2716 4136 falsum
2768 4068 2899 4119 enim
2947 4065 3298 4120 testimonium
3343 4065 3617 4119 adversum
3675 4081 3792 4120 eam

2176 4160 2418 4214 dixerunt
2443 4157 2605 4231 (Ibid.
2633 4158 2750 4230 ﬂ).
2777 4158 2867 4214 Sic
2888 4159 3051 4214 etiam
3077 4173 3222 4212 nunc
3248 4158 3593 4213 exclamante
3614 4156 3792 4212 Atha-

2178 4259 2332 4314 nasio
2382 4256 2449 4312 ad
2484 4258 2688 4323 Deum,
2743 4271 2936 4312 omnes
2985 4255 3221 4310 famulos
3277 4268 3408 4308 suos
3461 4253 3606 4309 Deus
3658 4251 3793 4310 fecit

2178 4368 2280 4424 pro
2307 4352 2540 4407 veritate
2572 4364 2865 4421 exsurgere
2895 4359 3085 4404 contra
3117 4361 3215 4403 vos
3253 4345 3601 4402 adversarios
3628 4361 3790 4401 suos.

2177 4446 2306 4502 Hsec
2333 4445 2640 4500 cultoribus
2674 4445 2789 4501 suis
2822 4442 3099 4522 praestitit,
3129 4457 3248 4512 qua
3287 4452 3415 4496 tunc
3443 4439 3655 4496 Danieli
3694 4439 3793 4496 de-

2179 4541 2465 4597 votissimo
2490 4554 2610 4604 suo,
2639 4552 2749 4609 quo
2778 4551 3067 4609 possemus
3095 4544 3150 4590 te
3187 4534 3383 4589 falsum
3424 4548 3548 4589 esse
3592 4543 3790 4589 testem

2174 4677 2360 4731 adesse
2380 4685 2551 4730 autem
2582 4683 2790 4744 propter
2833 4671 3032 4727 itineris
3072 4671 3500 4744 longinquitatem
3542 4687 3646 4725 non
3687 4688 3790 4740 po-

2178 4750 2347 4803 tuit...
2384 4747 2536 4815 Quod
2561 4743 2690 4800 side
2716 4746 2930 4806 auditis,
2962 4743 3209 4815 objiciens
3265 4743 3493 4814 loqueris
3519 4785 3532 4806 ,
3580 4759 3789 4809 aequum

2179 4831 2255 4874 est
2285 4830 2333 4874 te
2359 4834 2561 4890 quoque
2589 4817 2684 4890 illa
2706 4817 2932 4890 credere,
2955 4832 3070 4887 qua:
3088 4815 3216 4890 dicit
3234 4816 3346 4890 ipse
3369 4830 3388 4868 :
3409 4815 3455 4868 si
3483 4825 3660 4890 autem
3685 4831 3789 4890 non

2182 4891 2350 4946 credis
2372 4886 2482 4950 illi;
2504 4889 2669 4944 credis
2691 4904 2808 4943 vero
2840 4886 2976 4948 istis,
3022 4889 3204 4958 patius'
3243 4886 3483 4940 videntur
3510 4887 3593 4939 isti
3623 4887 3680 4940 in
3711 4886 3790 4938 tui

2184 4972 2406 5036 gratiam
2427 4961 2767 5036 taliadicere,
2805 4971 2854 5013 et
2880 4961 2944 5036 ob
2970 4957 3082 5036 eam
3137 4957 3482 5013 Athanasium
3513 4972 3784 5036 accusare.

2190 5028 2317 5090 Haec
2346 5050 2469 5090 cum
2501 5034 2602 5088 sibi
2633 5047 2818 5088 coram
2865 5031 3010 5085 dicta
3060 5030 3362 5099 Itnperator
3418 5028 3655 5083 audisset
3689 5069 3705 5091 ,
3736 5038 3792 5080 et

2191 5123 2340 5162 suam
2369 5116 2630 5174 reputaret
2657 5103 3023 5158 contumeliam
3053 5142 3068 5164 ,
3097 5103 3221 5156 illos
3252 5099 3494 5174 ελεεὶιὺι
3515 5101 3780 5174 exsilium.

2188 5178 2390 5233 Athan.
2424 5171 2558 5234 ibid.
2593 5187 2648 5232 et
2680 5175 2786 5230 huc
2811 5182 3083 5246 spectant,
3115 5187 3242 5243 quas
3277 5171 3393 5226 hoc
3421 5172 3473 5223 iu
3527 5173 3648 5225 loco
3678 5171 3785 5225 Lu-

2188 5249 2326 5306 cifer
2351 5249 2529 5304 innuit
2561 5290 2576 5312 ,
2607 5261 2806 5313 etquae
2841 5247 3003 5316 paulo
3033 5247 3318 5315 superius,
3346 5257 3468 5316 qua:
3491 5252 3541 5296 te
3570 5259 3788 5316 compu-

2188 5322 2247 5376 lit
2268 5322 2404 5375 ratio
2432 5321 2548 5390 [ieri
2599 5312 2776 5374 testem
2805 5312 3045 5389 falsum?
3091 5312 3265 5386 usque
3290 5313 3360 5368 ad
3392 5312 3540 5368 hunc
3576 5314 3782 5369 locum.

2259 5390 2286 5431 δ
2310 5393 2411 5447 Per
2442 5393 2670 5448 ironiam
2700 5391 2866 5446 dicta.

2264 5474 2285 5503 ο
2314 5462 2372 5518 Id
2394 5474 2520 5529 est,
2554 5475 2610 5519 ut
2634 5479 2747 5516 eam
2776 5462 2929 5516 morti
2956 5459 3252 5513 traderent:
3288 5456 3371 5513 sic
3396 5465 3589 5520 antea;
3639 5453 3784 5510 unde

2187 5536 2353 5592 etiam
2385 5538 2752 5606 participium,
2781 5551 2889 5606 quo
2917 5530 3340 5606 utitur_inferius
3361 5549 3376 5584 :
3399 5533 3573 5597 jaceat
3593 5541 3784 5581 uenena

2193 5620 2365 5664 vestra
2387 5601 2705 5664 'virtute'Dei
2731 5601 3063 5677 mortiﬁcata,
3089 5601 3146 5657 Id
3175 5611 3257 5658 est
3290 5643 3304 5669 ,
3336 5611 3538 5655 mortua
3560 5641 3576 5668 ,
3605 5614 3728 5652 uana
3759 5638 3778 5664 ,

2193 5691 2240 5738 et
2271 5683 2471 5736 inania.
2496 5681 2602 5737 'I'il.
2633 5691 2688 5736 et
2721 5681 2772 5734 Ia
2795 5679 2988 5734 Cerdo.

2262 5751 2288 5792 ά
2317 5753 2506 5810 Sabat.
2542 5754 2671 5821 legit
2697 5753 2802 5806 sui.
3053 5811 3081 5821 Δ
3359 5815 3403 5821 __
3445 5815 3457 5821 Α
3639 5813 3652 5821 _
3719 5798 3728 5814 _.

2267 5837 2290 5864 θ
2324 5811 2748 5892 Conqumbentes.
2785 5821 2891 5880 Til.
2939 5833 3010 5878 es
3038 5811 3232 5878 Graeco
3256 5823 3310 5877 et
3359 5815 3519 5889 Vulg.
3571 5813 3652 5874 cui
3680 5811 3776 5868 ais-

2191 5899 2426 5952 scntitur
2451 5891 2768 5951 Galanditis.
