4042 6338
284 280 395 338 897

1365 276 1502 337 PRO
1541 276 1813 338 SANCTO
1852 274 2250 340 ATHANASIO
2287 276 2418 337 LIB.
2458 278 2523 339 li.

3489 277 3595 337 898

287 392 621 465 intelligere,
655 401 705 449 te
738 408 902 451 unum
932 406 1059 450 esse
1090 392 1159 451 de
1187 393 1498 467 viperarum
1532 398 1811 468 progenie,
1842 406 1893 453 te
1922 406 1975 468 Α
2001 399 2106 452 reri
2131 397 2371 461 alterum,
2398 405 2446 451 et
2476 395 2608 451 dixit
2636 394 2706 449 ad
2734 409 2852 450 eum
2878 411 2895 448 :
2924 393 3114 450 Semen
3141 393 3393 450 Chanaan
3423 402 3471 448 et
3497 410 3601 448 non

289 487 425 544 falsa
453 488 568 543 lucc
594 503 715 542 cum
749 487 1137 559 consacrilegis
1164 488 1270 543 luis
1301 500 1550 559 poetasse
1575 498 1621 543 ι.
1648 490 1894 545 Redeunt

285 581 360 637 ad
391 580 596 653 justum
631 579 988 652 judicaudum
1021 580 1289 653 judicium
1327 581 1440 652 jam
1480 582 1659 638 cuncti
1689 580 1718 621 δ
1749 583 1893 638 inter

288 675 413 732 htee
457 676 732 745 torquenti
781 676 974 731 mortis
1018 677 1371 744 sententiam,
1410 677 1572 732 etiam
1619 676 1719 745 illi,
1758 691 1895 748 quos

288 767 499 824 inscios
535 784 629 823 sua
662 767 964 824 calliditate
992 783 1087 840 per
1117 778 1168 824 te
1206 767 1521 824 dominator
1557 770 1755 825 animae
1790 778 1898 825 tua:

288 860 552 918 diabolus
598 861 1129 933 circumscripserat.
1179 860 1298 918 Non
1350 863 1493 918 enim
1548 877 1668 917 esse
1714 869 1896 932 potest

288 969 493 1026 pra-ter
523 955 814 1011 coarianos
847 963 991 1021 tuos,
1026 956 1117 1027 qui
1148 972 1255 1011 non
1289 955 1424 1011 velit
1454 956 1740 1012 Athanasii
1770 956 1892 1010 vin-

285 1049 464 1105 dicari
497 1048 894 1114 innocentiam,
925 1049 1063 1105 adeo
1096 1050 1187 1121 qui
1222 1065 1327 1104 non
1361 1049 1544 1105 faveat
1570 1049 1895 1106 innocentia:

195 1165 201 1169 ·
284 1140 599 1207 Athanasii,
614 1143 755 1197 sicut
777 1152 830 1198 et
848 1158 994 1197 nunc
1016 1142 1303 1211 Susanntr,
1322 1152 1671 1214 posteaquam
1695 1141 1898 1198 consti-

285 1235 358 1290 tit
392 1236 537 1290 illam
568 1234 705 1289 falso
733 1236 962 1290 crimine
997 1238 1244 1306 petitam,
1272 1236 1524 1307 pudicam
1556 1237 1626 1290 ab
1657 1235 1896 1304 impudi-

283 1329 393 1397 cis,
422 1338 625 1386 castam
656 1328 726 1384 ab
761 1328 1055 1394 adulteris,
1094 1330 1189 1386 Dei
1226 1331 1481 1386 ancillam
1512 1346 1543 1386 a
1572 1331 1751 1387 servis
1780 1330 1898 1386 dia-

284 1421 402 1478 boli
436 1439 449 1475 :
483 1422 558 1475 ita
587 1437 617 1476 a
653 1421 810 1477 vobis
854 1422 1191 1493 serpentinis
1238 1423 1365 1479 ﬁliis
1406 1433 1609 1479 satana:
1653 1424 1898 1495 pulsatus

285 1526 380 1571 est
421 1525 596 1571 status
636 1516 945 1571 innocentis
994 1516 1112 1574 Deo
1159 1517 1392 1573 ﬁdeliter
1435 1519 1759 1584 servientis;
1800 1518 1897 1574 sed

286 1608 430 1664 estis
482 1609 761 1680 proSIrati.
814 1608 1005 1666 Jacent
1036 1610 1185 1666 enim
1238 1612 1419 1665 omnia
1467 1626 1676 1665 venena
1711 1622 1898 1665 vestra

287 1707 499 1759 virtute
563 1702 658 1758 Dei
714 1704 1061 1758 mortilicata.
1126 1702 1405 1774 Siquidctn
1473 1705 1651 1760 omnis
1719 1705 1897 1759 anima

1995 486 2159 557 Juda,
2193 489 2387 561 species
2416 489 2621 543 seduxit
2652 499 2717 556 te,
2753 500 2801 543 et
2832 488 3253 560 concupiscentia
3294 487 3472 543 evertit
3510 504 3599 540 cor

1996 592 2181 637 tuum:
2204 583 2280 637 sic
2310 582 2579 655 faciebatis
2609 581 2818 652 filiabus
2849 579 3041 647 Israel,
3068 590 3119 636 et
3151 580 3499 651 illaz.quident
3530 580 3597 633 ti-

1997 688 2188 733 mentes
2214 678 2610 733 concumbebant
2640 676 2923 732 vobiscum.
2950 676 3057 733 Sed
3082 692 3188 730 non
3211 675 3457 730 sustinuit
3482 673 3599 743 ﬁlia

1994 769 2140 825 Juda
2171 770 2482 844 injustitiam
2514 778 2754 824 vestram.
2800 767 2957 823 Nunc
2991 778 3163 822 autem
3202 766 3285 821 dic
3316 764 3468 832 mihi,
3502 764 3597 819 sub

1995 881 2099 932 qua
2147 864 2328 919 arbore
2370 862 2801 929 comprehendisti
2853 878 2939 917 eos
2996 861 3213 916 invicem
3264 867 3546 913 tractantes
3576 856 3602 910 Σ)

1998 956 2288 1026 Respondit
2318 973 2336 1011 :
2365 955 2473 1013 Sub
2507 957 2647 1011 ilice.
2683 953 2834 1010 Dixit
2863 964 3038 1008 autent
3070 952 3148 1007 illi
3176 950 3367 1005 Daniel
3393 968 3411 1004 :
3445 948 3604 1004 Recte

1996 1051 2238 1106 mentitus
2260 1067 2311 1105 es
2342 1060 2388 1104 et
2415 1060 2469 1103 tu
2494 1050 2547 1103 in
2578 1059 2734 1121 caput
2761 1058 2928 1102 tuum.
2961 1046 3142 1101 Manet
3169 1044 3359 1101 etenim
3388 1042 3605 1115 angelus

1998 1145 2098 1200 Dei
2129 1144 2363 1218 gladium
2396 1144 2593 1199 habens
2627 1144 2695 1198 ad
2732 1142 3012 1198 secundum
3052 1151 3100 1197 te
3141 1140 3391 1206 medium,
3423 1147 3479 1191 ut
3515 1152 3602 1192 vos

1997 1238 2198 1312 perdat.
2237 1238 2301 1292 Et
2336 1238 2638 1293 exclamavit
2668 1238 2833 1291 omnis
2877 1252 3142 1311 synagoya
3181 1250 3303 1289 race
3333 1249 3517 1306 magna
3552 1240 3600 1287 et

1999 1332 2254 1387 benedixit
2287 1331 2473 1399 Deum,
2506 1332 2595 1402 qui
2624 1332 2793 1387 salvos
2828 1332 2952 1402 facit
2980 1340 3245 1400 sperantes
3274 1330 3328 1383 in
3360 1344 3478 1383 eum
3505 1344 3523 1380 :
3550 1334 3603 1381 et

1997 1435 2324 1480 surrexerunt
2352 1424 2596 1479 adversus
2626 1424 2757 1478 duos
2788 1422 3112 1496 presbyteros
3132 1464 3146 1490 ,
3180 1422 3422 1493 quoniam
3452 1437 3593 1475 cont-

2000 1517 2299 1589 probaverat
2338 1534 2423 1573 eos
2466 1517 2656 1572 Daniel
2681 1534 2746 1572 ex
2774 1533 2860 1571 ore
2890 1516 3123 1587 ipsorum
3155 1518 3318 1587 falsos
3346 1523 3520 1577 testes,
3550 1522 3599 1568 et

2002 1616 2229 1684 fecerunt
2259 1612 2366 1666 illis
2393 1611 2826 1682 quemadmodum
2856 1610 2958 1680 ipsi
3000 1611 3135 1664 male
3164 1610 3405 1682 proximo
3435 1611 3606 1677 facere

2000 1703 2269 1758 uoluerunt
2318 1702 2602 1757 secundum
2644 1703 2804 1775 legent
2854 1700 3048 1774 Moysi,
3090 1712 3137 1755 et
3186 1702 3507 1766 occiderunt,
3552 1708 3601 1754 et

285 1796 592 1852 christiana
641 1795 711 1851 sit
758 1810 994 1853 exorans
1044 1796 1233 1864 Deum,
1285 1806 1340 1852 ut
1389 1797 1529 1852 sicut
1572 1797 1899 1865 Susannam,
1934 1796 2181 1864 Bsalvus
2204 1796 2689 1866 factusestsanguis
2710 1794 3067 1849 innocentisin
3085 1793 3178 1848 illo
3197 1794 3279 1847 die
3300 1791 3464 1863 (Ibid.
3490 1791 3607 1864 51).

285 1890 547 1961 dignetur
564 1888 924 1945 Athana~ium
943 1890 1081 1946 falso
1110 1891 1327 1960 eripere
1344 1891 1594 1954 crimine,
1625 1891 1837 1962 eripere
1865 1906 1895 1946 a

284 1983 477 2054 gladio
509 1990 600 2037 tuo
627 1980 922 2051 carniﬁcis,
948 1999 976 2036 a
1003 1992 1092 2038 tua
1123 1982 1329 2039 saevitia
1356 1982 1658 2039 homicidia.
1694 1983 1903 2038 Interea

287 2075 493 2131 iterum
518 2085 683 2146 atque
710 2075 906 2131 iterum
935 2090 1127 2147 urgeo,
1155 2084 1213 2130 ιιι
1244 2075 1434 2131 videas
1463 2091 1585 2146 qua:
1620 2090 1718 2130 vos
1749 2079 1905 2129 Aria-

288 2185 397 2226 nos
424 2173 635 2241 ceperit
664 2169 965 2237 dementia,
995 2187 1117 2241 quae
1158 2169 1637 2241 comprehenderit
1669 2170 1902 2236 insania,

287 2274 353 2320 ut
400 2264 679 2319 auderetis
731 2264 847 2320 haec
880 2265 1183 2319 machinari
1241 2264 1293 2318 in
1328 2264 1639 2319 innocentis
1686 2278 1901 2331 necem,

294 2358 516 2429 quando
556 2358 775 2414 sciretis
806 2358 976 2413 Deum
1017 2356 1160 2413 scire
1188 2358 1372 2412 omnia
1402 2358 1717 2428 priusquam
1748 2357 1901 2413 ﬁant.

292 2449 405 2507 Scd
457 2466 563 2506 non
611 2450 921 2506 mirandum
968 2452 1060 2519 sit,
1101 2451 1147 2506 si
1196 2450 1312 2506 haec
1360 2451 1504 2505 circa
1546 2450 1903 2507 Athanasium

293 2544 469 2600 fuerit
498 2560 596 2616 per
626 2556 678 2601 te
703 2560 768 2601 ac
797 2557 917 2601 tuos
940 2553 1252 2601 constructa
1280 2544 1536 2600 machina
1566 2543 1908 2615 quandoqui—

295 2637 423 2695 dem
458 2656 567 2694 non
602 2638 943 2695 dubitaveris
972 2638 1157 2694 dicere
1199 2638 1266 2693 de
1300 2638 1410 2695 Deo
1442 2638 1601 2693 Patre
1630 2656 1643 2693 :
1679 2635 1802 2692 Non
1834 2644 1908 2691 est

298 2748 447 2787 verus
477 2730 640 2786 Pater
671 2748 689 2786 :
716 2749 820 2786 non
850 2731 987 2786 enim
1018 2731 1167 2787 habet
1198 2748 1371 2787 verum
1403 2732 1593 2802 filium.
1626 2732 1727 2798 Qui
1759 2731 1904 2787 enim

296 2824 441 2881 dicis
464 2841 528 2879 ex
560 2822 733 2879 nihilo
765 2840 887 2881 esse
915 2823 1109 2880 Filiutn
1146 2824 1263 2889 Dei,
1287 2824 1414 2894 quid
1445 2822 1590 2879 aliud
1614 2822 1776 2891 dicis,
1802 2821 1906 2878 nisi

238 2912 241 2913 ν
298 2917 426 2989 quia
470 2933 576 2972 non
620 2918 693 2972 sit
730 2934 891 2972 verus
932 2917 1131 2973 Pater?
1158 2917 1297 2984 Non,
1332 2918 1571 2988 inquam,
1609 2917 1828 2983 mirum,
1860 2916 1906 2972 si

296 3010 357 3065 in
387 3009 485 3064 Dei
515 3025 731 3064 servum
761 3010 1118 3065 Athanasium
1143 3010 1225 3065 sic
1254 3009 1660 3076 exsurrexeris,
1690 3006 1906 3079 quando

300 3106 358 3161 in
400 3121 549 3171 eum,
590 3105 749 3175 cujus
786 3114 870 3161 est
909 3121 1098 3162 servus
1138 3105 1492 3170 Athanasius,
1534 3106 1750 3160 mittere
1796 3121 1903 3160 non

2008 1888 2871 1977 Quidrespondere,.Constanti,
2901 1889 3275 1959 imprudentia
3307 1899 3391 1942 tua
3427 1894 3611 1959 potest

2008 1984 2074 2039 ad
2104 1984 2253 2040 haec?
2293 1984 2639 2055 conspicisne
2667 2000 2790 2039 reos
2815 1985 2947 2038 tanti
2973 1983 3201 2039 sceleris
3227 1982 3429 2053 passim
3456 1981 3612 2038 dam-

2008 2087 2186 2143 natos,
2219 2076 2322 2131 nisi
2354 2077 2604 2132 omnibus
2631 2076 3050 2148 diligentissime
3070 2074 3361 2131 discussis?
3382 2084 3437 2130 et
3471 2084 3525 2128 tu
3557 2074 3613 2131 in

2006 2186 2129 2226 eum
2170 2186 2331 2241 quem
2380 2171 2728 2227 innocentem
2775 2171 3009 2233 sciebas.
3048 2169 3245 2241 jubere
3288 2184 3400 2225 non
3450 2169 3613 2225 dubi-

2009 2263 2157 2331 tasti,
2206 2263 2403 2319 darent
2453 2263 2549 2319 Dei
2610 2263 2929 2319 sacerdotes
2988 2264 3183 2318 mortis
3241 2262 3615 2319 sententiam?

2007 2355 2146 2425 Quid
2188 2355 2429 2411 audituri
2454 2342 2523 2411 ἐἰ
2574 2355 2935 2412 fecissemus?
2980 2372 3175 2428 nempe
3215 2356 3332 2412 ha'c
3371 2372 3491 2427 qua:
3532 2355 3614 2413 illi

2007 2449 2250 2505 libidinis
2293 2450 2507 2522 scopuli
2563 2450 3083 2523 pseudopresbyteri
3132 2450 3256 2505 falsi
3304 2458 3471 2506 testes
3517 2465 3615 2505 au-

2007 2543 2165 2600 diunt
2207 2561 2221 2598 :
2272 2542 2565 2600 Inreterate
2613 2546 2814 2600 dierum
2838 2546 3115 2611 malorunt,
3140 2562 3273 2599 nunc
3301 2545 3615 2603 advenerunt

2008 2647 2214 2709 peccata
2241 2647 2351 2706 tua,
2380 2654 2496 2708 qua:
2523 2648 2642 2693 ante
2673 2637 2921 2710 faciebas,
2938 2637 3188 2709 judicans
3207 2637 3417 2709 judicia
3444 2637 3613 2708 injus-

2008 2739 2081 2795 ta,
2102 2739 2148 2783 et
2178 2731 2470 2783 innocentes
2499 2730 2702 2801 quidem
2722 2728 3024 2793 damnabas,
3058 2739 3294 2782 nocentes
3324 2736 3494 2781 autem
3522 2727 3610 2781 di-

2009 2822 2263 2889 mittebas,
2297 2823 2496 2878 dicente
2523 2821 2747 2877 Domino
2777 2839 2795 2878 :
2832 2819 3166 2893 Innocentem
3198 2831 3245 2876 et
3276 2824 3480 2891 justum
3509 2836 3613 2876 non

2008 2916 2207 2971 occides
2232 2915 2397 2986 (Ibid.
2424 2916 2542 2985 52).
2572 2916 2699 2972 Hmc
2730 2932 2911 2971 nonne
2932 2915 3058 2987 jure
3084 2914 3391 2985 meritoque
3422 2912 3614 2971 audire

2008 3026 2368 3079 mercremur,
2398 3011 2489 3083 qui
2531 3026 2560 3064 a
2606 3020 2658 3066 te
2704 3012 2913 3066 sentina
2963 3008 3153 3065 Ariani
3204 3008 3471 3081 dogmatis
3520 3016 3615 3064 aut

2008 3104 2297 3159 fuissemus
2333 3104 2497 3159 illecti
2522 3112 2615 3158 aut
2643 3104 2819 3159 territi
2849 3102 2915 3158 ad
2957 3102 3275 3158 innocentis
3305 3099 3612 3156 damnatio-

298 3196 569 3253 dubitaris
611 3200 854 3254 funestas
888 3210 1008 3253 tuas
1049 3214 1265 3252 manus.
1297 3197 1409 3252 Nec
1440 3198 1584 3252 enim
1619 3198 1779 3263 latro,
1810 3196 1903 3268 qui
1931 3197 1976 3260 C
2012 3200 2177 3255 nem?
2205 3210 2258 3255 et
2285 3199 2495 3256 idcirco
2525 3200 2578 3254 in
2604 3209 2654 3255 te
2682 3198 2799 3254 iure
2829 3198 3010 3254 omnia
3039 3198 3181 3253 mala
3212 3204 3503 3253 venerunt.
3531 3194 3612 3251 Tu

300 3288 527 3345 domino
566 3288 761 3345 domus
791 3304 901 3345 non
945 3290 1272 3360 pepercerit,
1309 3289 1507 3360 poterit
1536 3290 1654 3358 ejus
1684 3304 1905 3359 parcere

301 3382 585 3438 resistenti
612 3383 715 3438 sibi
754 3382 991 3438 familiae.
1038 3382 1144 3440 Sed
1180 3382 1293 3453 jam
1344 3383 1632 3438 redeamus
1669 3382 1735 3438 ad
1773 3382 1907 3439 illud

302 3475 447 3547 quod
477 3490 578 3531 nos
605 3474 782 3532 facere
809 3476 1179 3547 praecipiebas.
1208 3474 1440 3531 Dixisti:
1468 3473 1725 3530 Damnata
1745 3476 1909 3531 ΑιΙια-

302 3569 531 3623 nasium.
564 3570 705 3637 Quid
750 3570 1125 3626 intervenerat
1164 3579 1219 3623 ut
1267 3586 1373 3625 non
1422 3569 1556 3626 facie
1599 3571 1667 3625 ad
1714 3570 1907 3626 faciem

301 3661 458 3718 illum
479 3661 840 3719 vidissemus?
861 3662 1000 3730 Quid
1031 3662 1230 3717 factum
1257 3661 1457 3730 fuerat,
1475 3675 1535 3718 ut
1557 3680 1664 3719 non
1688 3679 1907 3720 omnem

302 3756 586 3811 cardinem
619 3758 695 3811 rei
727 3755 949 3811 luissem
981 3758 1395 3827 perscrutatus?
1423 3759 1533 3813 Cur
1561 3757 1771 3815 idoneis
1802 3769 1910 3815 tes-

306 3849 456 3904 tibus
485 3864 592 3903 non
620 3864 680 3904 es
708 3864 900 3919 passus
926 3850 1178 3905 eumdem
1209 3850 1489 3919 superari?
1517 3850 1791 3924 Numquid
1822 3853 1910 3909 vel

305 3942 409 3998 hos
448 3943 827 3998 sanctissimus
869 3943 1085 4010 Daniel,
1117 3945 1251 4013 quin
1290 3945 1457 4002 immo
1495 3962 1592 4006 uer
1627 3947 1908 4004 Danielem

305 4034 546 4107 Spiritus
574 4045 796 4091 sanctus
833 4036 1113 4092 inauditos
1149 4037 1466 4093 damnavit?
1498 4038 1756 4111 Legimus
1793 4049 1910 4096 etc-

308 4130 422 4185 nitn
452 4127 757 4199 gloriosum
783 4128 971 4185 Daniel
1002 4130 1211 4185 dixisse
1233 4130 1299 4185 ad
1334 4132 1588 4202 populum
1616 4151 1629 4187 :
1661 4133 1913 4206 Separate

306 4239 395 4279 eos
429 4223 493 4277 ab
520 4221 811 4277 alterutro:
848 4234 895 4278 et
936 4224 1133 4278 vocavit
1171 4241 1332 4278 unum
1358 4241 1421 4279 ex
1448 4225 1574 4290 illis,
1605 4237 1650 4282 et
1681 4226 1811 4281 dixit
1842 4227 1912 4281 ad

306 4317 459 4372 illum
497 4333 516 4371 :
566 4315 855 4373 Inueterate
906 4316 1108 4373 dierum
1154 4319 1431 4386 malorum,
1473 4337 1609 4375 nunc
1661 4322 1913 4379 advenere

307 4421 522 4483 peccata
542 4422 783 4483 tua,qua:
800 4422 921 4467 ante
943 4414 1192 4485 faciebas,
1204 4414 1455 4483 judicans
1468 4414 1669 4485 judicia
1693 4417 1910 4490 injusta,

308 4515 358 4561 et
383 4506 677 4560 innocentes
705 4505 912 4577 quidem
939 4506 1246 4575 damnabas,
1271 4519 1511 4563 nocentes
1538 4520 1709 4564 autent
1737 4509 1916 4566 diruit-

308 4599 472 4668 tebas,
518 4600 720 4656 dicente
773 4600 1047 4658 Domino:
1088 4601 1421 4658 Innoceatem
1470 4614 1519 4659 et
1554 4608 1762 4678 justum
1809 4623 1910 4662 non
1938 4592 1989 4653 Ῑ)

310 4692 537 4749 occides.
566 4693 727 4751 Nunc
748 4704 917 4752 tamen
940 4696 1078 4752 hanc
1102 4699 1147 4752 si
1170 4696 1363 4766 tidisti,
1382 4697 1468 4753 dic
1488 4700 1581 4755 sub
1601 4717 1705 4771 qua
1733 4703 1914 4759 arbore

307 4788 487 4843 uidisti
522 4803 608 4844 eos
631 4791 975 4846 tractantes?
1012 4790 1079 4845 Et
1120 4791 1251 4847 dixit
1282 4808 1301 4847 :
1339 4791 1449 4848 Sub
1488 4793 1723 4850 lentisco.
1763 4793 1914 4851 Dixit

310 4892 483 4938 autem
508 4880 703 4939 Daniel
728 4900 747 4939 :
777 4883 933 4940 Recte
963 4886 1206 4940 mentitus
1235 4902 1288 4940 es
1319 4886 1373 4940 in
1406 4895 1565 4957 caput
1596 4897 1757 4942 tuum.
1787 4887 1911 4944 Jam

312 4977 454 5031 enim
480 4980 698 5050 angelus
729 4975 942 5032 Domini
962 4978 1217 5051 accipiens
1241 4988 1557 5052 praeceptum
1574 4998 1605 5035 a
1632 4978 1745 5036 Deo
1772 4997 1918 5036 seca-

311 5069 388 5125 bit
414 5080 465 5125 te
492 5069 738 5127 medium.
782 5068 849 5125 Et
879 5087 993 5126 cum
1025 5073 1326 5127 removisset
1354 5072 1526 5142 illum,
1546 5075 1711 5148 jussit
1738 5075 1921 5131 admo-

391 5257 497 5314 διὰ
523 5265 631 5323 est,
665 5257 915 5327 ﬁnxisse,
946 5266 995 5313 et
1043 5260 1181 5327 falso
1221 5259 1497 5325 attulisse;
1542 5260 1686 5331 quod
1741 5268 1920 5329 poeta:

315 5332 521 5456 revulsa,
552 5345 673 5401 qua:
710 5345 1005 5401 numquam
1034 5330 1289 5398 fuerunt,
1343 5332 1570 5404 ﬁngant.
1623 5331 1726 5387 Til.
1776 5343 1824 5387 et
1867 5333 1920 5387 la

362 5417 422 5456 er
458 5420 511 5456 a.

362 5404 511 5457 erda.

392 5473 420 5513 δ
454 5474 631 5529 Locus
661 5482 979 5540 corruptus,
1014 5474 1193 5543 inquit
1222 5474 1425 5537 Tilius,
1461 5490 1625 5542 quem
1668 5474 1921 5532 Latinius

319 5548 398 5603 ita
429 5546 774 5602 emendavit:
809 5547 916 5611 iam
941 5548 1114 5600 cuncti
1152 5548 1207 5601 in
1229 5556 1277 5601 te
1314 5557 1640 5617 retorquent,
1675 5558 1783 5602 etc.
1824 5547 1922 5603 sed

319 5633 540 5679 sensus.
568 5620 700 5673 licet
748 5622 1018 5673 obscurus
1047 5659 1063 5681 ,
1095 5619 1182 5673 hic
1207 5630 1320 5675 est:
1355 5618 1603 5689 Episcopi
1630 5620 1803 5674 cuncti
1832 5636 1922 5674 ca-

320 5689 529 5754 tholici,
556 5691 712 5745 etiam
740 5689 843 5755 illi,
871 5705 1001 5753 quos
1033 5700 1087 5745 tu
1113 5689 1416 5759 seduxeras,
1443 5690 1658 5746 redeunt
1686 5693 1755 5744 ad
1774 5690 1930 5761 judi-

321 5764 467 5819 cium
480 5765 692 5835 justum
712 5778 809 5833 pro
836 5763 1124 5835 Athanasio
1147 5774 1327 5819 contra
1358 5774 1405 5818 te
1446 5771 1765 5833 torquentem
1796 5763 1932 5818 inter

324 5835 439 5891 hac
461 5834 773 5891 sententiam
800 5835 980 5889 mortis
1006 5834 1063 5889 in
1078 5850 1193 5892 nos.

2010 3307 2133 3347 cum
2176 3292 2284 3347 tuis
2319 3292 2630 3356 auditurus,
2662 3306 2784 3362 qua:
2819 3289 2898 3345 illi
2940 3304 3036 3359 per
3076 3288 3268 3344 Daniel
3298 3288 3610 3355 audierunt,

2009 3383 2124 3439 sive
2155 3386 2280 3454 quia
2309 3382 2426 3439 falsi
2456 3383 2701 3438 criminis
2727 3382 2928 3454 objecti
2960 3396 3086 3438 reus
3116 3382 3212 3448 sis,
3246 3383 3362 3437 sive
3389 3380 3514 3453 quia
3541 3378 3610 3436 ad

2011 3477 2314 3532 innocentis
2344 3491 2534 3533 necem
2566 3492 2785 3531 omnem
2815 3476 3042 3532 chorum
3073 3486 3095 3514 ο
3126 3475 3374 3531 invitaris
3401 3474 3613 3546 episco-

2014 3586 2227 3641 porum,
2257 3582 2312 3625 et
2340 3572 2463 3642 quia
2508 3570 2746 3647 volueris
2777 3585 2996 3626 omnem
3030 3569 3122 3625 Dei
3153 3568 3408 3641 populum
3438 3567 3617 3625 hatre-

2011 3666 2114 3721 sim
2156 3668 2437 3737 suscipere
2468 3676 2640 3733 tuam,
2667 3666 2855 3721 audies
2881 3677 2937 3722 et
2966 3665 3188 3737 quidem
3218 3664 3460 3736 gravius,
3489 3664 3616 3736 quia

2013 3768 2104 3814 tua
2134 3758 2243 3815 sint
2278 3760 2526 3830 graviora
2564 3759 2828 3825 facinora,
2858 3759 3059 3830 quippe
3087 3759 3177 3830 qui
3209 3758 3305 3814 Dei
3336 3755 3615 3829 religionis

2011 3853 2321 3909 destructor
2365 3854 2683 3922 exstiteris,
2734 3855 2824 3925 qui
2879 3856 3153 3925 ingentem
3205 3853 3615 3911 multitudinem

2011 3948 2450 4005 Christianorum
2482 3964 2541 4006 se
2586 3949 2884 4005 dicentium
2916 3949 3279 4015 interemeris,
3315 3947 3409 4019 qui
3446 3948 3621 4004 haere-

2012 4044 2114 4099 sim
2142 4057 2378 4100 vestram
2410 4045 2667 4101 Arianam
2698 4045 3071 4101 introduxeris
3101 4045 3154 4100 in
3185 4044 3499 4110 ecclesiam,
3528 4041 3620 4114 qui

2012 4138 2338 4194 catholicam
2398 4139 2748 4195 damnaveris
2800 4138 2984 4205 lidem,
3033 4138 3127 4210 qui
3158 4128 3352 4193 Deum
3398 4136 3619 4193 Patrem

2015 4233 2299 4303 negaveris
2345 4247 2535 4288 verum
2589 4232 2829 4297 Patrem,
2862 4232 2952 4302 qui
2990 4232 3211 4286 unicum
3253 4231 3371 4300 ejus
3416 4228 3619 4284 Filium

2014 4325 2219 4382 dixeris
2262 4342 2369 4383 non
2412 4341 2535 4383 esse
2582 4341 2774 4381 verum
2817 4324 3043 4389 Filium,
3093 4322 3354 4394 Spiritum
3402 4335 3621 4392 quoque

2017 4432 2261 4477 sanctum
2307 4420 2641 4491 paracletum
2684 4418 3089 4474 asseveraveris
3133 4432 3241 4472 non
3273 4399 3395 4473 esse
3426 4430 3619 4472 verum

2019 4514 2114 4570 Dei
2153 4514 2435 4585 Spiritum.
2476 4513 2612 4570 Cum
2651 4521 2705 4569 te
2742 4521 2929 4570 contra
2976 4522 3032 4569 et
3070 4522 3258 4570 contra
3297 4527 3489 4568 omnes
3522 4508 3625 4569 Dei

2016 4608 2268 4664 inimicos
2310 4608 2509 4665 clamet
2551 4615 2757 4663 sanctze
2796 4606 3050 4663 ecclesia;
3095 4606 3252 4671 ﬁdes,
3292 4605 3519 4661 credere
3560 4618 3622 4661 se

2014 4702 2069 4757 in
2099 4700 2266 4756 Deum
2287 4718 2463 4757 verum
2491 4700 2706 4756 Patrem
2735 4701 2995 4767 innatum,
3025 4711 3071 4756 et
3096 4702 3150 4756 in
3180 4701 3393 4755 unicum
3421 4698 3621 4755 Filium

2017 4798 2129 4868 ejus
2154 4804 2334 4849 natum
2354 4811 2417 4851 ex
2443 4796 2622 4849 innato
2650 4804 2696 4849 et
2722 4809 2841 4850 vero
2868 4791 3049 4861 Patre,
3078 4794 3173 4849 hoc
3198 4805 3272 4849 est
3293 4793 3358 4849 de
3383 4792 3626 4847 substan-

2021 4890 2093 4942 tia
2121 4886 2323 4955 Patris,
2357 4888 2521 4943 Deum
2547 4885 2574 4926 ά
2606 4888 2670 4943 de
2706 4888 2842 4956 Deo,
2880 4889 3059 4944 lumen
3097 4889 3162 4943 de
3202 4888 3415 4953 lumine,
3457 4886 3622 4941 Deum

2020 4999 2195 5039 verum
2232 4983 2296 5038 de
2334 4982 2447 5038 Deo
2475 4999 2616 5051 vero,
2647 4994 2827 5039 natum
2866 5001 2968 5039 non
3014 4987 3232 5055 factum,
3263 4982 3419 5037 unius
3449 4990 3472 5017 ο
3503 4979 3628 5035 sub-

2025 5076 2231 5132 stantia:
2269 5092 2387 5131 cum
2423 5074 2603 5143 Patre,
2637 5076 2776 5145 quod
2804 5074 2977 5133 Graeci
3003 5076 3179 5131 dicunt
3218 5074 3507 5140 omousion,
3536 5088 3628 5145 per

2106 5270 2127 5299 ο
2161 5260 2240 5316 De
2265 5274 2493 5333 numero
2517 5261 2935 5333 Episcoporum,
2990 5258 3085 5333 qui
3133 5258 3383 5333 Concilio
3431 5257 3632 5333 Medio-

2027 5331 2243 5416 lapensi
2270 5329 2657 5401 interfuerunt,
2710 5329 2835 5389 vide
2875 5333 2988 5404 jam
3010 5329 3182 5389 'dicta
3210 5332 3265 5388 in
3292 5333 3402 5387 vita
3430 5330 3491 5389 S.
3521 5329 3629 5388 Lu-

2028 5406 2253 5531 cugrllze
2281 5462 2527 5533 formulae
2556 5475 2840 5533 catholica:
2869 5474 2992 5531 ﬁdei
3025 5491 3092 5531 ex
3122 5475 3374 5549 symbolo
3406 5474 3631 5532 Nicteno

2029 5548 2332 5621 desumpta;
2355 5564 2525 5612 usque
2552 5550 2892 5621 omniajacta
2912 5558 3051 5621 sunt.

2108 5630 2132 5658 °
2165 5618 2292 5693 Sive
2311 5623 2543 5693 ejusdem
2564 5637 2685 5693 cum
2706 5618 2868 5693 Patre
2893 5619 3233 5693 substantiae,
3246 5618 3395 5693 quod
3415 5619 3635 5692 proprie

2033 5704 2194 5765 sonat
2220 5692 2472 5750 Graecum
2509 5692 2832 5765 vocabulum
2860 5693 3157 5765 ὀμοούσιος.
3194 5692 3312 5750 Vid.
3350 5692 3636 5750 Petavium

2032 5766 2132 5823 lib.
2160 5764 2196 5819 4
2218 5766 2287 5823 de
2306 5765 2507 5823 Trinit.
2533 5778 2653 5836 cap.
2686 5764 2739 5820 ὅ.
