4042 6338
457 233 564 293 905

1503 289 1508 292 .
1556 233 1877 298 ιιιοιιθεῐιι
1915 232 2230 297 EPISCOPI
2264 237 2686 302 CALARITANI

3659 240 3770 298 90b

455 352 678 419 Filium,
705 351 779 410 ita
803 358 859 410 et
885 358 966 421 tu,
998 353 1135 412 etin
1161 352 1288 412 illos
1313 367 1453 426 quos
1473 353 1583 426 jam
1613 355 1981 423 iuteremisli,
2006 364 2062 411 et
2089 357 2143 418 Α
2172 356 2354 429 (Idid.
2392 358 2528 431 11),
2573 368 2630 416 et
2675 355 2924 415 nesciens
2970 357 3042 412 sit
3083 370 3192 429 quo
3238 363 3426 429 pergat
3455 394 3471 422 ,
3516 353 3777 412 videlicet

457 445 511 502 in
539 461 660 514 nos,
689 462 826 519 quos
853 449 1226 520 persequeris.
1257 449 1458 506 lterum
1490 459 1543 506 te
1575 461 1629 506 et
1662 451 1981 506 iuStruimus
2009 459 2063 507 ct

456 537 762 606 hortamur,
794 548 853 595 ut
897 541 1091 600 redeas
1141 540 1209 598 ad
1241 542 1339 598 Dei
1391 542 1685 600 ecclesiam
1736 543 2066 614 desiuasquc

455 632 566 703 jam
602 636 851 705 persequi
879 636 1266 706 Athanasium,
1298 639 1381 695 vel
1431 655 1531 695 nos
1561 639 1826 695 facientes
1874 648 2064 696 contra

459 737 607 784 tuam
631 728 911 798 haeresim,
940 745 1008 787 ne
1035 732 1201 788 istius
1231 731 1468 788 Herodis
1499 732 1754 803 exemplo
1795 731 2066 802 disperire

456 817 712 892 incipias;
741 821 896 892 cujus
929 821 1209 879 interitum
1235 824 1480 895 loquitur
1511 827 1664 880 sacra
1687 825 1957 895 scriptura
1985 823 2068 880 di-

461 929 592 971 cens
623 933 638 972 :
679 915 958 973 Descendit
997 935 1029 972 a
1055 918 1248 974 Judwa
1298 917 1534 975 Cazsarea
1556 929 1602 988 ει,
1636 920 1810 992 ibique
1853 921 2064 975 mansit.

464 1005 594 1062 Erat
621 1019 794 1064 autem
823 1010 1041 1082 infestus
1083 1010 1255 1083 Tyriis
1295 1021 1343 1067 et
1390 1011 1787 1068 Sidoniensibus
1816 1030 1829 1066 ε
1861 1022 1908 1066 et
1936 1029 2070 1066 una-

464 1104 625 1159 nimes
661 1114 904 1160 venerunt
932 1106 1002 1159 ad
1033 1122 1168 1170 eum,
1197 1115 1248 1161 et
1276 1122 1522 1177 persuaso
1548 1105 1750 1172 Blasio,
1782 1106 1872 1178 qui
1897 1115 2008 1159 erat
2037 1123 2070 1160 a

464 1196 698 1252 cubiculo
754 1199 911 1272 regis,
968 1197 1296 1268 postulabant
1342 1215 1541 1272 pacem,
1573 1215 1632 1254 eo
1658 1200 1796 1272 quod
1836 1201 2072 1272 regiones

465 1305 644 1345 eorum
668 1289 732 1345 de
756 1291 899 1364 regia
929 1292 1211 1346 alerentur.
1248 1291 1461 1357 Statuto
1491 1301 1666 1346 autem
1704 1292 1789 1346 die
1837 1290 2070 1347 Herodes

466 1383 673 1439 vestitus
701 1393 831 1438 veste
857 1383 1021 1455 regali
1040 1384 1173 1440 sedit
1195 1401 1290 1456 pro
1311 1385 1578 1450 tribunali,
1603 1395 1651 1442 et
1674 1385 2074 1440 concionabatur

466 1477 536 1533 ad
561 1494 669 1534 eos.
700 1476 939 1550 Populus
960 1488 1135 1534 autem
1183 1478 1480 1533 clamabat:
1533 1477 1632 1534 Dei
1676 1494 1844 1546 voces,
1873 1487 1920 1533 et
1969 1494 2074 1533 non

466 1569 710 1627 hominis.
781 1569 1070 1644 Confestim
1121 1580 1295 1626 autem
1356 1572 1610 1641 percussit
1678 1587 1795 1626 eum
1861 1569 2075 1642 angelus

469 1663 700 1731 Domini,
732 1666 856 1738 quia
882 1682 986 1720 non
1010 1665 1151 1721 dedit
1172 1665 1421 1720 honorem
1451 1663 1584 1732 Deo,
1613 1676 1660 1719 et
1681 1665 1932 1721 vermibus
1961 1681 2076 1720 sca-

2167 451 2293 520 quia
2348 450 2586 507 tenebrae
2613 451 2890 508 violentiae
2933 450 3124 508 oculos
3171 451 3290 521 ejus
3329 456 3776 512 excaecarerunt,

2168 543 2294 615 quid
2340 545 2386 599 si
2425 543 2762 602 interfecerit
2802 544 2924 616 quis
2964 544 3187 608 fratrem
3217 543 3562 616 suumlquid
3589 543 3636 598 si
3677 542 3780 597 ho—

2171 637 2365 694 micida
2422 637 2641 695 fuerit?
2681 638 2790 696 Sed
2843 638 2944 694 tibi
3000 638 3134 695 nihil
3186 637 3404 694 videtur
3426 634 3771 694 homicidaei

2170 733 2261 801 qui
2321 740 2593 788 tantorum
2637 733 2732 790 Dei
2771 748 3055 790 servorum
3086 733 3349 790 inveniris
3393 731 3602 788 fudisse
3649 745 3782 785 sau-

2169 824 2410 895 guinem.
2445 823 2630 881 Audes
2669 825 2786 881 hare
2837 826 2932 882 Dei
2975 825 3170 896 jubere
3219 823 3596 880 sacerdotibus
3631 821 3780 878 face-

2173 933 2265 987 re,
2291 935 2412 991 qua:
2439 919 2542 976 soli
2575 929 2702 976 sunt
2725 920 2920 992 placita
2947 920 3087 992 patri
3115 929 3297 976 vestro
3321 919 3566 977 diabolo.
3590 927 3651 974 et
3681 932 3779 974 vo-

2173 1012 2258 1068 bis
2313 1014 2526 1070 Arianis
2571 1013 2697 1069 filiis
2740 1015 2881 1086 ejus.
2932 1013 3192 1070 Hortatur
3225 1015 3354 1070 item
3396 1011 3785 1069 sanctissimus

2173 1105 2452 1178 apostolus
2503 1116 2557 1162 ut
2600 1107 2829 1178 justitia:
2884 1109 2988 1164 iter
3042 1115 3292 1164 tenentes
3341 1104 3396 1161 in
3451 1113 3782 1176 perpetuam

2174 1212 2484 1253 mereamur
2509 1200 2766 1254 constitui
2808 1199 3088 1270 requiem;
3139 1206 3196 1254 et
3233 1207 3290 1253 tu
3332 1197 3415 1252 vir
3437 1195 3787 1263 sapientissic

2177 1305 2296 1346 mus
2315 1291 2599 1361 compcllis
2615 1307 2715 1347 nos
2737 1291 2804 1348 ad
2821 1300 3055 1348 aeternos
3075 1293 3262 1347 venire
3282 1300 3454 1345 tecum
3477 1294 3784 1346 cruciatus.

2179 1383 2327 1451 Filii,
2353 1403 2500 1442 nemo
2523 1403 2609 1441 vos
2633 1386 2784 1457 fallat
2808 1386 2856 1440 :i
2889 1387 2978 1456 qui
2999 1387 3125 1456 facit
3139 1385 3428 1459 justitiam,
3444 1385 3615 1452 justus
3627 1381 3785 1446 estk;

2176 1479 2263 1549 qui
2285 1489 2455 1534 autem
2480 1480 2606 1552 facit
2629 1489 2896 1549 peccatum
2921 1497 2951 1534 a
2975 1479 3182 1534 diabolo
3205 1492 3308 1546 est,
3337 1479 3582 1549 quoniam
3616 1475 3789 1546 origi-

2179 1590 2241 1628 ne
2273 1571 2288 1610 ¹
2320 1575 2556 1629 diabolus
2584 1585 2780 1646 peccat.
2808 1575 2884 1628 Ad
2906 1574 3000 1629 ltoc
3026 1573 3161 1627 enim
3184 1572 3478 1627 declaratus
3503 1581 3577 1626 est
3611 1568 3657 1623 F
3661 1569 3790 1623 ilius

2179 1665 2296 1731 Dei,
2321 1677 2376 1720 ut
2406 1667 2620 1722 solveret
2649 1682 2806 1738 opera
2831 1665 3027 1721 diaboli
3061 1663 3227 1737 (Ibid.
3248 1680 3329 1730 ιιι,
3354 1662 3432 1734 7).
3461 1663 3632 1734 Igitur
3653 1676 3787 1717 cum

458 1771 578 1817 -tens
618 1762 900 1833 exspiravit
957 1759 1122 1834 (Ibid.
1177 1761 1293 1833 l9).
1341 1761 1638 1832 lgnorabas
1669 1769 1724 1816 tu
1758 1801 1774 1829 ,
1826 1759 1918 1831 qui
1943 1758 1970 1798 δ
2020 1768 2072 1816 te
2102 1760 2150 1822 B
2177 1760 2386 1816 dicatur
2415 1761 2483 1815 ab
2504 1762 2751 1832 apostolo
2771 1803 2785 1828 ,
2816 1763 2940 1832 quia
2970 1762 3039 1816 sit
3069 1771 3350 1832 peccatum
3380 1775 3410 1814 a
3435 1758 3658 1814 diabolo
3680 1798 3700 1828 ,
3733 1764 3792 1812 et

469 1855 844 1929 legisperitutn
892 1856 976 1912 vis
1030 1856 1252 1924 videri,
1319 1855 1526 1912 dixisse
1584 1854 1852 1912 Joannem
1915 1868 2076 1926 apos-

470 1953 643 2008 tolum
687 1963 735 2020 ο,
759 1962 818 2008 ιιι
845 1967 968 2008 cum
994 1951 1210 2008 diceres
1235 1947 1287 2015 δ,
1321 1949 1577 2006 Damnate
1601 1945 1922 2006 innocentem
1940 1965 1960 2005 :
1989 1947 2077 2004 Ea:

477 2055 501 2084 °
535 2048 633 2101 hoc
658 2045 994 2118 intelligimus
1019 2049 1266 2117 quoniam
1293 2044 1624 2118 cognorimus
1653 2060 1771 2099 eum
1789 2087 1802 2110 ,
1833 2044 1880 2098 si
1921 2060 2077 2099 man-

471 2141 597 2197 data
620 2145 733 2216 ejus
763 2157 1042 2196 servemus.
1071 2140 1172 2208 Qui
1192 2148 1364 2194 autem
1387 2137 1552 2194 dicit:
1571 2137 1830 2205 Quoniam
1862 2136 2076 2209 cognovi

474 2253 621 2304 eum,
642 2245 691 2292 et
721 2235 969 2291 mandata
991 2235 1104 2307 ejus
1123 2251 1226 2289 non
1252 2233 1500 2300 custodit,
1532 2233 1756 2288 mendax
1803 2242 1915 2300 est,
1949 2243 1995 2287 et
2023 2233 2077 2286 in

477 2333 573 2388 hoc
599 2335 785 2388 veritas
806 2349 909 2387 non
938 2340 1033 2386 est.
1055 2330 1156 2399 Qui
1182 2338 1355 2386 autem
1382 2329 1694 2384 servaverint
1716 2328 1829 2399 ejus
1845 2327 2075 2394 verbum,

475 2441 592 2482 vere
621 2427 687 2482 ab
713 2427 786 2482 eis
817 2424 1040 2480 charitas
1070 2421 1171 2478 Dei
1191 2431 1544 2478 consummata
1565 2432 1639 2478 est
1671 2420 1964 2492 (lJoan.|t,
1997 2419 2074 2494 3).

473 2521 555 2578 Tu
605 2522 720 2579 fieri
773 2506 1027 2592 praecipis
1072 2527 1262 2576 contra
1309 2517 1409 2574 Dei
1463 2517 1778 2573 mandatum
1809 2539 1822 2572 :
1855 2525 1911 2572 et
1948 2531 2081 2572 con~

475 2624 560 2674 tra
574 2616 860 2688 apostolus
880 2614 1046 2682 dicit,
1073 2613 1198 2686 quia
1221 2613 1311 2685 qui
1336 2627 1442 2668 non
1467 2611 1792 2668 custodierit
1813 2618 2080 2681 prazcepta

476 2713 628 2784 ejus,
663 2726 766 2768 nec
801 2709 1022 2781 quidem
1055 2707 1372 2780 cognoverit
1418 2722 1574 2771 cum;
1617 2706 1738 2776 quia
1759 2748 1773 2773 ,
1804 2703 2007 2774 inquit,
2034 2702 2080 2759 si

478 2806 660 2863 dicat:
689 2805 918 2878 Cognovi
962 2819 1118 2871 eum,
1152 2813 1197 2857 et
1226 2800 1476 2856 mandata
1515 2803 1629 2874 ejus
1675 2815 1778 2854 non
1820 2798 2079 2864 custodit,

478 2900 704 2956 mendax
733 2907 808 2953 est
835 2939 851 2965 ,
879 2906 927 2953 et
962 2897 1017 2951 in
1055 2895 1152 2951 eof
1181 2894 1368 2950 veritas
1407 2909 1510 2948 non
1551 2903 1624 2949 est
1663 2889 1830 2963 (Ibid.
1853 2889 1933 2962 4).
1989 2889 2084 2946 Vis

474 3009 576 3050 nos
605 3007 729 3050 esse
770 2991 1063 3047 mendaces
1084 3031 1099 3055 ,
1132 2988 1214 3044 vis
1245 2987 1548 3046 homicidas
1581 2986 1814 3042 inveniri
1866 2985 1934 3041 ad
1979 2984 2084 3042 hoc

475 3089 598 3145 sine
638 3086 807 3142 dubio
841 3099 908 3140 ne
951 3081 1247 3139 Christiani
1301 3097 1428 3137 esse
1480 3078 1846 3152 reperiantur.
1895 3077 2082 3147 Neque

2179 1865 2236 1914 tu
2267 1858 2564 1929 compellas
2589 1873 2688 1914 nos
2715 1857 2938 1913 crimina
2970 1855 3228 1927 capitalia,
3244 1854 3618 1920 committere,
3651 1851 3790 1924 quid

2179 1958 2233 2006 te
2263 1951 2408 2006 aliud
2439 1965 2658 2021 possum
2694 1949 2908 2018 dicere,
2954 1948 3056 2004 nisi
3101 1957 3507 2018 procuratorem
3534 1944 3791 2002 diaboli?

2179 2060 2304 2100 eum
2332 2061 2496 2116 quem
2526 2045 2738 2101 videam
2771 2045 2844 2101 ita
2876 2045 2997 2116 ejus
3025 2043 3254 2114 diligere
3303 2057 3495 2098 causas
3517 2083 3532 2109 ,
3559 2041 3634 2096 ita
3662 2040 3792 2112 ejus

2179 2139 2367 2195 colere
2398 2154 2544 2205 rem,
2583 2146 2643 2193 ut
2671 2149 2899 2195 cunctos
2937 2153 3034 2194 nos
3066 2138 3120 2193 in
3163 2136 3282 2208 ejus
3331 2135 3519 2207 cupias
3541 2135 3794 2191 inveniri

2183 2243 2355 2305 parte.
2400 2233 2556 2290 Unde
2581 2235 2781 2290 etenim
2814 2249 3032 2290 omnem
3062 2233 3156 2290 Dei
3190 2233 3450 2288 cultorem
3492 2231 3794 2301 compellis

2181 2327 2247 2383 ad
2276 2328 2452 2400 ipsum
2499 2327 2680 2385 facere
2722 2329 3046 2394 transitum,
3078 2328 3182 2384 nisi
3231 2327 3357 2398 quia
3401 2325 3673 2397 delegeris
3711 2323 3796 2378 fa-

2181 2436 2308 2477 vere
2338 2422 2478 2493 parti
2505 2421 2786 2491 ejusdem?
2809 2421 2979 2477 Audis
2997 2421 3178 2476 dicere
3202 2420 3417 2476 beatum
3435 2419 3792 2490 apostolum:

2133 2553 2136 2555 λ
2188 2513 2390 2568 Idcirco
2413 2513 2705 2569 declaratus
2725 2523 2798 2569 est
2821 2511 2870 2566 F
2871 2514 2993 2569 ilius
3011 2511 3108 2568 Dei
3131 2554 3145 2579 ,
3175 2521 3229 2566 ut
3257 2511 3470 2568 solveret
3493 2527 3649 2582 opera
3669 2509 3798 2564 dia-

2182 2609 2288 2664 boli
2318 2607 2484 2680 (Ibid.
2530 2608 2620 2680 8);
2676 2617 2730 2664 et
2778 2619 2832 2664 tu
2893 2608 2970 2664 sis
3011 2622 3209 2680 urgens
3240 2605 3336 2662 Dei
3377 2607 3618 2661 cultores
3647 2617 3796 2674 Opus

2182 2719 2564 2761 consummare
2590 2702 2818 2760 diaboli.
2849 2701 2980 2760 Cum
3026 2705 3142 2758 haec
3162 2703 3308 2773 agis,
3352 2699 3797 2756 nonnevideris

2184 2798 2616 2871 impugnatorem
2641 2809 2692 2855 te
2713 2798 3067 2854 constituisse
3088 2797 3206 2868 ejus
3225 2836 3240 2860 ,
3259 2795 3349 2867 qui
3373 2793 3594 2850 solverit
3617 2806 3796 2864 opera

2185 2893 2423 2950 diaboli?
2452 2893 2556 2950 Sed
2604 2908 2709 2950 non
2751 2892 3056 2950 mirandum
3087 2892 3132 2947 si
3159 2889 3392 2961 elegeris
3424 2899 3481 2944 ut
3509 2903 3629 2959 qua“:
3673 2887 3797 2943 dis-

2185 2986 2350 3042 Solvit
2367 2986 2555 3042 unicus
2570 2985 2741 3043 Filius
2762 2987 2878 3052 Dei,
2899 2986 3015 3042 haec
3043 2984 3253 3056 possint
3277 2981 3592 3039 remdilicari
3620 2996 3719 3051 per
3740 2989 3796 3036 te

2189 3081 2396 3137 Diaboli
2429 3083 2744 3149 satellitem,
2774 3079 3211 3152 quandoquidem
3243 3093 3344 3134 nec
3375 3080 3546 3147 ipsum
3579 3091 3793 3146 negare

478 3183 623 3240 enim
667 3180 963 3238 mendaces
990 3221 1005 3246 ,
1051 3193 1228 3250 neque
1271 3150 1560 3232 homicidae
1600 3185 1725 3230 sunt
1756 3173 2077 3231 Christiani.
2109 3150 2154 3215 C
2186 3173 2549 3244 dubitaveris,
2574 3175 2662 3246 qui
2694 3150 2833 3246 opus
2880 3173 3082 3230 diaboli
3111 3171 3459 3228 destruxerit.
3509 3172 3648 3226 llinc
3689 3168 3796 3226 tibi

479 3275 779 3348 Apmtolus
805 3273 968 3329 dicit:
995 3270 1420 3340 Quiservaverint
1437 3272 1553 3344 ejus
1575 3268 1803 3333 verbum,
1822 3284 1936 3323 vere
1963 3284 2084 3323 con.

476 3380 736 3429 summota
756 3378 830 3426 est
851 3367 1079 3423 charitas
1099 3363 1200 3422 Dei
1215 3365 1356 3439 apud
1377 3366 1496 3421 illos
1512 3374 1537 3413 ε
1568 3363 1676 3437 (Ib.
1692 3363 1780 3435 5);
1799 3372 1854 3420 et
1873 3371 2085 3432 aposta-

481 3477 532 3525 ta
555 3481 862 3538 praecursor
881 3463 1191 3522 antichristi
1211 3463 1376 3519 dicis:
1399 3461 1718 3529 Quicumque
1737 3477 1840 3516 non
1862 3460 2084 3515 custodit

478 3561 724 3617 mandata
745 3561 912 3624 illius,
931 3559 1082 3613 vivet.
1107 3557 1318 3622 Adhuc,
1337 3555 1438 3624 Qui
1453 3555 1577 3610 dicit
1604 3572 1658 3610 se
1677 3556 1728 3610 in
1742 3555 1934 3610 lumine
1953 3571 2085 3623 esse,

477 3656 686 3726 inquit,
711 3663 758 3710 et
783 3657 998 3727 fratrem
1036 3668 1187 3708 suum
1228 3651 1370 3718 odit,
1390 3651 1444 3705 in
1475 3649 1694 3705 tenebris
1716 3659 1790 3704 est
1812 3666 1975 3720 usque
1989 3650 2080 3703 ad-

482 3750 602 3804 huc.
634 3746 738 3813 Qui
767 3756 940 3802 autem
967 3754 1107 3800 amat
1137 3746 1352 3816 fratrem
1379 3759 1560 3810 suum,
1585 3744 1636 3797 in
1665 3741 1858 3799 lumine
1885 3760 2089 3815 perma-

481 3850 565 3895 net
589 3883 604 3905 ,
630 3850 678 3895 et
701 3839 1008 3895 scandalum
1029 3855 1131 3893 non
1153 3847 1229 3892 est
1246 3838 1299 3891 in
1327 3853 1408 3897 eo.
1429 3837 1534 3904 Qui
1554 3845 1725 3892 autem
1747 3838 1854 3893 odit
1878 3841 2088 3908 fratrem

481 3948 662 3996 suum,
703 3931 808 3987 inh
833 3931 1054 3987 tenebris
1092 3931 1358 3998 ambulat,
1397 3941 1448 3986 et
1491 3935 1650 3986 nescit
1677 3948 1780 4003 quo
1819 3942 1930 4000 eat,
1961 3949 2090 4004 quo-

486 4025 629 4080 niam
656 4025 878 4081 teuebrte
937 4023 1335 4079 obscuraverunt
1362 4040 1450 4079 cor
1478 4027 1594 4098 ejus
1622 4023 1784 4098 (Ibid.
1827 4023 1904 4098 9).
1951 4025 2088 4095 Quid

482 4127 591 4176 ate
638 4119 936 4176 tenebroso
966 4118 1169 4190 poterit
1194 4117 1300 4174 dici
1329 4117 1398 4173 ad
1429 4117 1582 4174 hac?
1612 4133 1710 4174 cur
1741 4119 1795 4174 in
1829 4120 2086 4177 tenebras

478 4214 828 4280 consumtus,
861 4228 966 4268 non
997 4213 1050 4268 in
1074 4211 1278 4268 lumine
1308 4211 1446 4269 dicis
1474 4229 1488 4266 :
1515 4210 1668 4268 Odite
1702 4229 1900 4268 mecum
1927 4225 1974 4269 et
1997 4231 2082 4270 vos

481 4323 598 4363 eum
616 4324 768 4380 quem
786 4323 882 4380 ego
905 4307 1097 4380 injuste
1117 4307 1206 4362 odi
1221 4347 1236 4372 ,
1253 4315 1413 4362 estote
1446 4307 1842 4380 comparticipes
1870 4309 2088 4365 insaniae

484 4415 611 4456 mea:
629 4441 645 4467 ,
675 4411 836 4458 estote
859 4410 915 4456 ut
945 4416 1037 4473 ego
1064 4402 1222 4456 etiam
1253 4415 1341 4454 vos
1363 4399 1659 4456 homicidia.
1696 4399 1901 4458 Deinde
1929 4402 1975 4456 si
1999 4402 2086 4458 di-

483 4496 558 4552 cit
577 4536 591 4563 ,
617 4497 745 4569 quia
771 4498 862 4568 qui
893 4496 1002 4551 odit
1031 4501 1246 4568 fratrem
1284 4512 1470 4563 suum,
1525 4497 1583 4551 in
1604 4495 1824 4552 tenebris
1855 4497 2087 4554 ambulat

2184 3276 2268 3323 est
2297 3282 2396 3338 pro
2423 3267 2595 3323 nihilo
2623 3283 2874 3323 cruorem
2905 3265 3131 3322 fundere
3158 3266 3492 3330 innocentis,
3521 3263 3652 3335 quia
3677 3267 3793 3334 jam

2187 3363 2556 3418 innocentium
2584 3370 2884 3418 amatorem
2907 3370 2964 3417 et
2983 3375 3204 3418 suorum
3237 3360 3502 3416 cultorum
3532 3357 3794 3413 defenso-

2187 3471 2300 3514 rem
2335 3471 2538 3528 negans
2575 3457 2871 3513 contuleris
2911 3465 3079 3512 temet
3108 3455 3175 3512 ad
3206 3469 3362 3520 eum,
3398 3453 3464 3509 ad
3513 3467 3680 3522 quem
3731 3465 3793 3508 se

2189 3551 2482 3608 contulerit
2518 3551 2769 3608 Scarioth
2796 3550 2984 3607 ludas.
3016 3550 3074 3608 Si
3105 3552 3287 3622 itaque
3318 3562 3518 3619 negare
3549 3563 3660 3602 non
3694 3560 3793 3618 po-

2193 3656 2305 3713 tes,
2342 3647 2466 3717 quia
2505 3659 2638 3717 opus
2666 3645 2737 3700 sit
2771 3645 2973 3700 diaboli
2999 3643 3105 3700 viri
3141 3644 3274 3715 jusu
3307 3643 3534 3698 fundere
3560 3640 3792 3713 sangui-

2193 3756 2316 3797 nem
2341 3780 2357 3807 ,
2387 3740 2575 3811 utique
2614 3750 2698 3796 est
2726 3740 2932 3796 clarum
2973 3748 3024 3794 te
3052 3738 3254 3796 diaboli
3285 3753 3450 3809 opera
3475 3736 3708 3802 fecisse,
3737 3743 3793 3792 et

2193 3853 2316 3905 nos,
2345 3844 2404 3892 ut
2423 3835 2744 3903 faceremus,
2759 3835 3056 3892 hortatum.
3081 3834 3275 3892 Adhuc
3297 3834 3532 3905 loquitur
3549 3831 3791 3887 Joannes

2198 3932 2308 3988 Deo
2334 3933 2738 3988 amantissimus
2757 3939 2816 3988 ut
2846 3933 3079 3988 fraterna
3103 3931 3358 3987 inviolata
3383 3937 3632 3985 teneatur
3661 3925 3792 3982 cha-

2196 4027 2328 4082 ritas
2355 4067 2370 4094 ,
2401 4027 2592 4082 dicens
2625 4043 2637 4081 :
2672 4025 2756 4082 Ea:
2793 4025 2890 4082 hoc
2915 4035 3166 4097 apparent
3201 4024 3330 4080 Filii
3352 4023 3448 4080 Dei
3477 4035 3522 4079 et
3547 4023 3648 4094 filii
3673 4023 3788 4076 dia-

2193 4119 2319 4175 boli.
2353 4119 2534 4176 Omnis
2554 4121 2640 4192 qui
2666 4137 2768 4176 non
2794 4130 2868 4176 est
2887 4123 3066 4194 justus
3089 4159 3106 4186 ,
3141 4135 3242 4174 non
3263 4128 3338 4173 est
3366 4133 3429 4172 ea:
3457 4114 3598 4182 Deo,
3623 4125 3675 4170 et
3703 4113 3789 4185 qui

2193 4233 2298 4273 non
2319 4225 2459 4271 amat
2487 4220 2703 4290 fratrem
2727 4232 2901 4282 suum,
2928 4215 3173 4288 quoniam
3187 4214 3294 4269 htec
3317 4221 3389 4268 est
3417 4209 3786 4281 repromissioIn

2191 4327 2348 4386 quam
2371 4312 2591 4368 audistis
2621 4312 2684 4366 ab
2735 4312 2915 4378 initio,
2947 4321 3002 4366 ut
3032 4326 3262 4366 amemus
3293 4318 3322 4346 υ
3343 4309 3658 4363 alterutrum
3677 4346 3694 4370 ,
3737 4311 3790 4356 et

2191 4423 2294 4462 non
2310 4406 2442 4460 sicut
2459 4404 2587 4460 Cain
2609 4407 2696 4476 qui
2719 4413 2743 4440 ο
2773 4420 2836 4460 ea:
2861 4403 3086 4478 maligno
3109 4403 3210 4475 fuit
3231 4411 3279 4457 et
3299 4400 3559 4471 interfecit
3575 4399 3789 4468 fratrem

2191 4481 2362 4556 suum.
2394 4499 2465 4554 Et
2505 4508 2712 4572 propter
2741 4500 2867 4570 quid
2891 4499 3147 4570 interfecit
3177 4497 3333 4554 eum?
3359 4494 3616 4565 Quoniam
3637 4505 3789 4563 opera

559 4673 689 4757 {In
711 4673 998 4757 casareaiit
1025 4673 1370 4757 legitnsabat.
1395 4673 1554 4757 vers.
1590 4675 1718 4757 A_nt.
1752 4675 2079 4757 Descendens
2106 4683 2162 4748 1)
2185 4681 2414 4757 ambulat
2437 4688 2533 4757 ;_et
2555 4681 3157 4757 _ea:c¢caperunt_oculos
3185 4687 3319 4757 ejus.

487 4745 552 4802 ab
578 4743 709 4801 Iud.
743 4747 799 4822 in
824 4745 971 4822 pars.
1015 4743 1308 4822 morabatur
1456 4746 1688 4804 Herodes
1709 4751 1896 4805 animis
1922 4751 2084 4822 infes-

489 4827 572 4894 tus
735 4816 1006 4894 Sidoniis:
1031 4819 1303 4894 unanimes
1337 4828 1509 4873 autem
1675 4838 1828 4894 super
1866 4816 2082 4878 cubicu-

488 4890 599 4946 lum
742 4889 972 4963 civitates
1003 4926 1088 4963 ....
1113 4889 1327 4944 indutus
1347 4900 1534 4946 vestem
1570 4889 1798 4963 regalem
1826 4905 1875 4948 et
1902 4895 2082 4949 sedens

611 4960 990 5036 succlamabat:
1035 4960 1133 5016 Dei
1168 4975 1266 5015 vox
1434 4979 1494 5018 eo
1535 4960 1676 5036 quod
1717 4981 1821 5020 non
1864 4965 2086 5023 dedisset

490 5034 714 5106 gloriam
743 5032 872 5099 Deo,
899 5041 948 5086 et
960 5041 1298 5106 consumptus
1317 5048 1472 5088 verm.

563 5105 591 5146 δ
625 5105 760 5179 Υἰιιθ
783 5114 907 5179 not.
938 5107 992 5160 in
1021 5105 1117 5179 lib.
1146 5103 1475 5179 Moriendum
1495 5123 1588 5179 pro
1616 5106 1760 5163 Filio
1785 5107 1904 5165 Dei.

567 5189 591 5248 «ξ
623 5175 841 5248 Beatum
873 5175 1200 5248 Apostolum.
1237 5175 1411 5232 Vatic.

565 5246 592 5286 ἀ
609 5247 907 5324 Utdiceres.
923 5246 1016 5304 'Id.
1039 5250 1254 5324 Sensus
1260 5255 1348 5304 est
1353 5265 1380 5324 _;
1406 5251 1682 5319 ignorabas
1697 5295 1712 5319 ,
1734 5270 1849 5307 cum
1871 5254 2093 5324 diceres,

490 5321 754 5377 Damnatc
769 5317 1592 5383 innoceotetn.dia:isse.loannem
1608 5317 1791 5380 ett-.Ut
1807 5317 2092 5384 redundat;

568 5392 800 5472 °_Graec.
842 5398 925 5472 ῃαί
952 5395 1001 5448 ἐν
1037 5391 1579 5472 τούτῳκγιζνωᾳκομεν
1606 5437 1621 5460 ,
1683 5394 1762 5453 ὅτι
1813 5399 2096 5472 ἐγνώκαμεν

431 5517 434 5522 .
493 5463 672 5528 αὺτὸν.
701 5474 799 5540 etc.
842 5464 992 5540 Vera.
1017 5462 1278 5540 Ants'Et
1298 5469 1352 5540 in
1382 5462 1860 5540 hoc'cognoscimus
1891 5462 2026 5536 eum,
2051 5473 2096 5526 si

492 5537 889 5592 servaverimus.
923 5536 1026 5601 Qui
1069 5538 1195 5592 dicit
1237 5537 1360 5608 quia
1401 5536 1635 5603 ragnovit
1803 5553 2086 5600 servat

493 5609 770 5664 servaverit
797 5649 837 5664 ..
851 5647 887 5662 ..
917 5609 972 5662 in
994 5608 1090 5663 hoc
1107 5609 1333 5676 perfecta
1353 5618 1430 5664 est
1459 5608 1666 5666 dilectio
1686 5609 1805 5666 Dei.

572 5678 592 5718 ί
627 5681 804 5745 Supra
834 5680 890 5734 in
913 5678 1011 5735 hoc
1039 5681 1181 5737 idem
1216 5679 1388 5738 Lucif.

569 5760 596 5823 ᾳ
625 5751 704 5823 ᾼὸ
730 5751 804 5806 eis
829 5752 1186 5823 idemsupra.

570 5818 598 5862 ιι
632 5821 786 5880 Vers.
811 5822 940 5880 Aut.
964 5818 1108 5878 Nam
1135 5825 1225 5895 qui
1247 5825 1304 5883 in
1329 5825 1551 5884 tenebris
1571 5835 1646 5884 est
1667 5869 1684 5895 ,
1713 5837 1763 5884 et
1791 5828 1845 5886 in
1872 5829 2091 5888 tenebris

2265 4753 2278 4791 ί
2322 4751 2619 4808 Homicida.
2654 4753 2838 4810 Latin.
2861 4764 2916 4810 et
2943 4753 3176 4810 Galand.

2262 4827 2274 4876 1
2315 4824 2472 4880 Vers.
2503 4828 2635 4881 Aut.
2663 4824 2894 4881 Filioli..
2929 4866 2942 4879 .
2973 4825 3206 4883 seducat.

2257 4895 2284 4934 ιι
2318 4895 2486 4972 Addit
2519 4895 2680 4972 Vers.
2703 4896 2836 4952 Ant.
2884 4897 3033 4972 Sicut
3069 4906 3120 4972 et
3162 4899 3252 4954 ille
3285 4901 3470 4972 justus
3519 4913 3627 4969 est;
3651 4899 3786 4971 qua:

2190 4979 2372 5040 tamen
2402 4968 2605 5040 desunt
2639 4970 2690 5040 in
2716 4985 2848 5025 mss.
2882 4969 3232 5040 quibusdam.

2267 5040 2284 5078 ι
2311 5039 2465 5114 Ver_s.
2482 5039 2610 5114 Aut.
2637 5039 2772 5114 Quia
2791 5040 2854 5114 ab
2875 5039 3117 5114 initio....
3140 5041 3206 5097 In
3226 5042 3323 5097 hoc
3336 5046 3779 5114 manifestatu....

2190 5113 2387 5188 solvat;
2407 5110 2626 5188 Lucifer
2657 5113 2967 5188 ipsehabet
2995 5113 3139 5188 infra
3158 5114 3354 5188 idcirco
3381 5110 3491 5188 pro
3511 5117 3579 5171 ad
3598 5116 3712 5170 hoc.

2241 5183 2308 5244 ."'
2344 5183 2501 5240 Vers.
2536 5182 2742 5240 AntJn
2777 5184 2875 5239 ltoc
2917 5186 3236 5248 manifestati
3281 5182 3498 5244 ειιιιὶ....
3525 5207 3558 5244 a
3586 5188 3779 5242 Deo....

2202 5272 2312 5330 non
2330 5255 2597 5330 diligit....
2629 5257 2845 5330 quia....
2875 5258 3210 5330 annunciatio
3232 5276 3385 5330 quam
3407 5262 3690 5316 audirirnus
3717 5258 3781 5312 ab

2200 5329 2370 5412 initio.
2397 5328 2576 5412 Graec.
2604 5330 2661 5389 ἣν
2681 5329 2934 5412 glaebae-rs
2953 5370 2967 5396 ,
3000 5339 3060 5385 ut
3085 5328 3300 5388 Lucifer
3331 5335 3426 5405 qui
3457 5333 3617 5390 habet
3644 5331 3780 5386 infra

2200 5398 2265 5453 ab
2294 5399 2492 5474 origine
2521 5415 2618 5470 pro
2643 5399 2707 5454 ab
2732 5401 2903 5457 initio.
3349 5398 3364 5405 ’

2272 5480 2311 5554 τι.
2334 5472 2488 5555 Χβιε.
2518 5471 2649 5555 Alit.
2687 5471 2978 5555 Diligamus
3023 5474 3298 5555 invicem,_
3318 5493 3516 5555 n_on....
3539 5474 3780 5555 _erat,':et

2203 5541 2480 5620 occidit...
2541 5541 2915 5620 Etcujus'rei
2969 5549 3140 5620 gratia
3184 5541 3422 5620 occidit?
3464 5549 3583 5620 quia
3634 5563 3781 5620 opera

2199 5618 2407 5687 ejus....
2443 5615 2622 5699 fratris
2647 5615 2766 5700 vero
2791 5615 3000 5700 eius“;
3028 5619 3350 5676 mundus....
3379 5615 3504 5692 quia
3547 5615 3778 5676 transivi-

2199 5702 2311 5742 mus
2335 5686 2494 5762 de.
2519 5704 2640 5759 quia
2669 5686 3027 5762 ὀμφακίᾳ...
3053 5690 3160 5762 Qui
3189 5707 3291 5747 non
3321 5691 3513 5762 diligit.

2273 5711 2311 5742 ιδ
2335 5711 2494 5742 (18....
2519 5711 2640 5759 qum
2669 5711 3027 5762 (litigantem...
3053 5711 3160 5756 υιιι
3189 5711 3291 5747 non
3321 5711 3513 5765 0mg".

2273 5767 2296 5834 _°
2330 5758 2459 5834 Cain
2503 5775 2570 5834 ea:
2614 5759 3073 5834 malignosV'atic.
3116 5761 3194 5819 Ita
3223 5763 3278 5818 in
3309 5764 3504 5820 Graeco
3531 5765 3778 5823 omittitur

2196 5831 2324 5902 qui,
2357 5832 2435 5888 uti
2468 5833 2632 5889 etiam
2662 5846 2695 5888 a
2722 5831 2978 5893 Lucifero
3003 5834 3188 5906 paullo
3223 5834 3473 5894 inferius.
