4042 6338
221 244 329 305 905

1268 242 1404 305 PRO
1443 241 1714 305 SANCTO
1753 237 2154 304 ATHANASIO
2197 246 2327 305 LIB.
2365 244 2433 305 ll.

3424 248 3527 311 906

223 359 386 431 ipsius
423 360 653 431 maligna
692 362 935 433 fuerunt,
982 361 1162 432 fratris
1190 372 1357 417 autem
1385 363 1468 418 sui
1505 368 1673 437 justo.
1711 361 1821 416 No-
1849 358 1904 420 Α
1933 375 2142 427 parare.
2195 360 2330 417 Cum
2368 360 2487 416 hare
2529 361 2598 416 ita
2642 361 2787 429 sint,
2834 362 3115 421 hortamur
3148 365 3341 436 diligas
3378 376 3432 425 te
3476 371 3530 425 in

223 452 313 506 lite
340 455 545 518 mirari,
571 458 788 521 fratres,
831 456 877 508 si
904 456 1011 509 odit
1053 473 1146 511 nos
1173 459 1438 512 siccatum.
1487 457 1599 512 Nos
1638 459 1825 512 scimus

196 547 469 617 [quoniam
496 547 769 601 transitum
796 548 1012 617 fecimus
1040 565 1072 602 a
1094 560 1258 602 morte
1285 550 1352 602 ad
1372 551 1526 603 vitam
1545 592 1557 615 ,
1583 550 1824 619 quoni..m

223 656 461 695 amamus
489 644 677 711 fratres
698 642 816 712 :qui
844 653 1017 697 autem
1037 660 1138 698 non
1168 656 1305 699 amat
1326 687 1340 711 ,
1368 656 1541 699 manet
1561 648 1613 700 in
1641 657 1821 701 morte.

229 731 413 786 Omnis
437 733 525 803 qui
559 734 667 787 odit
694 738 909 805 fratrem
944 752 1128 799 suum,
1160 737 1420 791 homicida
1448 749 1522 793 est
1555 755 1573 793 :
1600 748 1647 793 et
1681 740 1826 796 scitis

223 826 347 897 quia
397 827 563 880 omnis
601 826 857 881 homicida
895 844 999 883 non
1038 828 1190 883 habet
1224 830 1381 884 vitam
1417 840 1660 885 cateruam
1687 832 1741 884 in
1774 848 1826 886 se

222 929 513 974 manentem
542 916 708 991 (Ibid.
754 918 867 991 10).
921 918 1057 976 Cum
1092 924 1270 993 itaque
1308 924 1517 981 omnis.
1549 924 1641 993 qui
1672 922 1826 979 odire

220 1010 503 1067 invenitur
552 1009 773 1067 fratrem
800 1053 815 1079 ,
841 1012 983 1068 ﬁlius
1031 1013 1244 1069 dicatur
1290 1014 1492 1070 diaboli
1523 1014 1820 1083 homicida,

221 1104 356 1162 Cain
388 1105 625 1175 denique
660 1104 956 1161 fratricida:
997 1117 1367 1177 comparetur,
1398 1107 1453 1162 in
1487 1116 1663 1164 morte
1712 1122 1827 1161 ma-

223 1214 357 1254 uere
386 1198 724 1270 designetur,
754 1215 851 1256 cur
873 1216 960 1256 me
990 1202 1092 1256 hoc
1118 1217 1255 1271 Opus
1281 1202 1511 1273 implere
1533 1204 1829 1273 compelle-

223 1291 353 1357 bas,
385 1292 527 1362 quod
577 1308 662 1347 me
691 1302 751 1347 ut
786 1293 914 1348 Cain
957 1293 1173 1350 fecisset
1204 1295 1537 1350 fratricidam
1563 1306 1618 1352 et
1658 1298 1827 1353 ﬁlium

225 1385 452 1452 diaboli,
470 1385 610 1455 quod
637 1401 725 1442 me
744 1387 795 1441 in
824 1398 1051 1444 mortem
1066 1399 1385 1459 perpetuam
1403 1391 1620 1447 fecisset
1644 1408 1831 1448 mane-

225 1492 288 1533 re
306 1478 330 1529 ‘t
352 1492 475 1532 cum
494 1476 605 1547 jam
624 1477 807 1533 videas
834 1492 920 1533 me
941 1481 1226 1534 transitum
1260 1480 1454 1537 fecisse
1475 1481 1543 1537 de
1565 1492 1737 1537 morte
1761 1482 1825 1538 ad

226 1572 427 1632 vitam.
461 1586 583 1627 cum
612 1571 756 1627 inter
801 1587 927 1637 eos,
960 1588 1098 1644 quos
1124 1573 1265 1629 ﬁlios
1288 1584 1313 1612 α
1336 1577 1609 1646 appellare
1637 1578 1829 1648 digna-

226 1674 317 1722 tus
344 1676 459 1735 est,
493 1684 578 1723 me
601 1668 713 1739 jam
734 1669 1078 1726 constituerit
1102 1671 1260 1726 Deus.
1285 1672 1455 1741 Quam
1484 1674 1556 1728 ob
1577 1690 1825 1730 caussam

1928 451 2248 507 Athanasio.
2279 453 2499 509 Retines
2528 455 2821 525 scriptum:
2845 456 3041 531 Diliges
3066 462 3357 526 proximum
3382 471 3527 515 tuum

1928 555 2187 616 tamquam
2220 549 2475 615 teipsum;
2509 558 2595 614 et,
2645 546 2746 612 Qui
2773 549 2946 619 diligit
3003 552 3293 620 proximum
3316 593 3331 617 ,
3368 555 3528 627 legem

1928 638 2155 710 implevit
2202 638 2429 705 (Matth.
2488 655 2632 701 χχιι.
2663 639 2762 705 '59;
2811 639 2966 695 Rom.
3022 658 3146 707 χιιι,
3189 642 3267 717 8).
3318 644 3386 702 Ut
3415 655 3528 702 ete—

1928 731 2037 785 nim
2064 742 2114 786 te
2136 731 2191 786 in
2218 732 2335 800 ipso
2359 732 2511 797 odis,
2554 732 2810 803 ignorans
2829 735 2951 804 quia
2996 736 3194 789 malum
3223 738 3293 791 sit
3316 737 3524 806 justum

1927 824 2083 880 odire
2122 825 2348 894 injuste,
2396 824 2467 880 ita
2514 834 2568 881 te
2607 825 2660 880 in
2707 840 2773 881 eo
2818 826 3043 897 incipies
3074 843 3290 897 amare,
3339 829 3384 885 si
3412 830 3528 886 tunc

1928 926 2022 974 tua
2061 920 2437 976 malevolentia
2479 920 2640 977 fuerit
2682 938 2944 979 conversa
2973 923 3026 978 in
3059 923 3518 983 benevolentiam.

1929 1010 2081 1068 Tunc
2108 1015 2313 1084 poteris
2342 1014 2475 1085 eripi
2505 1029 2535 1069 e
2563 1016 2802 1071 tenebris
2822 1059 2836 1083 ,
2857 1016 2909 1072 in
2940 1018 3135 1087 quibus
3159 1029 3210 1074 te
3237 1020 3369 1076 dicit
3395 1022 3523 1079 bea-

1927 1114 2016 1162 tus
2060 1109 2338 1177 apostolus
2381 1108 2697 1165 mansitare.
2742 1109 2921 1165 Nolite
2968 1113 3142 1180 enim,
3193 1114 3394 1184 inquit,
3423 1117 3525 1170 mi—

1926 1202 2057 1267 rari,
2084 1206 2293 1272 fratres,
2316 1203 2359 1256 si
2385 1202 2494 1256 odit
2521 1220 2614 1257 nos
2627 1204 2894 1260 steculum.
2924 1204 3039 1259 Nos
3066 1208 3257 1261 scimus
3276 1211 3523 1278 quoniam

1929 1297 2204 1352 transitum
2232 1297 2449 1368 fecimus
2474 1316 2505 1352 a
2527 1310 2691 1353 morte
2713 1301 2781 1353 ad
2802 1301 2957 1354 vitam
2978 1342 2993 1367 ,
3022 1304 3266 1371 quoniam
3295 1320 3525 1358 amamus

1930 1396 2119 1464 fratres
2152 1410 2170 1448 :
2199 1394 2286 1464 qui
2313 1402 2484 1447 autem
2520 1410 2623 1447 non
2655 1403 2824 1458 amat,
2852 1405 3024 1449 manet
3051 1396 3099 1448 in
3132 1407 3315 1454 marte.
3345 1396 3528 1450 Omnis

1928 1488 2013 1557 qui
2054 1487 2162 1541 odit
2198 1489 2409 1557 fratrem
2448 1504 2596 1541 suum
2618 1530 2633 1553 ,
2667 1489 2928 1542 homicida
2963 1500 3036 1542 est
3064 1505 3084 1543 :
3111 1498 3157 1543 et
3199 1491 3370 1558 scitis,
3404 1490 3528 1556 quia

1929 1580 2095 1633 omnis
2131 1578 2395 1633 homicida
2430 1596 2532 1633 non
2577 1578 2726 1633 habet
2771 1580 2925 1634 ritum
2960 1591 2982 1620 ο
3036 1582 3090 1635 in
3134 1599 3190 1635 se
3237 1592 3527 1636 manentem

1929 1670 1988 1744 (Ι
2012 1671 2170 1726 Joan.
2204 1687 2260 1727 tu
2282 1714 2297 1739 ,
2328 1673 2438 1742 l3).
2470 1672 2584 1726 Non
2632 1672 2831 1728 audeas
2873 1673 2983 1743 jam
3016 1674 3200 1729 dicere
3229 1692 3243 1727 :
3271 1672 3533 1731 Damnate

228 1774 316 1816 me
342 1761 475 1817 Cain
525 1762 638 1817 ﬁeri
665 1763 880 1818 voluisti
899 1806 913 1829 ,
944 1764 1194 1819 tenebras
1222 1767 1385 1821 etiam
1418 1777 1473 1822 et
1503 1768 1669 1823 lilium
1711 1769 1823 1823 dia-
1853 1749 1903 1809 Β
1928 1764 2252 1819 innocentem
2274 1808 2288 1828 ,
2314 1765 2481 1820 homo
2507 1780 2612 1819 non
2629 1764 2903 1820 babensin
2930 1766 3162 1820 levitam
3192 1777 3527 1835 manentem,

226 1851 380 1910 boli?
418 1855 471 1909 in
501 1870 608 1923 quo
654 1864 706 1911 te
733 1856 884 1919 laesi,
919 1858 970 1912 in
1001 1859 1201 1929 quibus
1238 1861 1403 1916 rebus
1426 1864 1611 1918 exstiti
1638 1864 1829 1919 adver-

228 1949 406 2004 sarius
430 1950 619 2005 salutis
643 1958 779 2017 tute,
805 1960 862 2005 ut
886 1952 1018 2006 mihi
1047 1953 1372 2010 desideraris
1400 1956 1471 2010 ita
1517 1971 1638 2012 esse
1681 1957 1832 2013 noci-

230 2041 387 2095 tum?
415 2056 514 2096 cur
540 2041 658 2099 haec
686 2043 1096 2100 iteramus‘tnisi
1123 2056 1182 2100 ut
1204 2046 1493 2119 aliquando
1524 2050 1829 2120 intelligere

227 2132 440 2203 pOssis,
483 2134 625 2205 quod
676 2135 931 2207 quidnam
977 2139 1046 2191 sit
1100 2139 1299 2194 bonum
1333 2141 1408 2195 sis
1454 2142 1726 2213 ignorans.
1772 2143 1828 2200 Si

231 2228 379 2282 enim
410 2227 608 2293 scires,
639 2244 932 2299 numquam
955 2238 1012 2285 et
1041 2231 1153 2301 ipse
1182 2243 1385 2289 tantum
1412 2235 1730 2292 admisisses
1755 2237 1833 2292 la-

228 2317 422 2386 cinns,
454 2328 510 2376 et
549 2335 648 2377 nos
694 2333 1011 2392 perpetrare
1056 2339 1301 2395 urgeres.
1353 2327 1512 2383 Dicas
1539 2329 1681 2385 inter
1714 2332 1829 2385 haec

228 2428 452 2485 prectir,
483 2416 836 2486 quamobrem
867 2420 1214 2489 persequeris
1270 2422 1361 2477 Dei
1398 2422 1594 2478 domus
1622 2424 1833 2479 antisti-

232 2508 381 2563 tem?
403 2507 531 2563 dicit
548 2510 691 2563 enim
712 2510 1015 2578 apostolus,
1042 2510 1165 2581 quia
1187 2513 1276 2580 qui
1296 2513 1404 2567 odit
1428 2518 1639 2585 fratrem
1660 2533 1831 2585 suum,

232 2601 496 2656 homicida
525 2613 599 2657 est
630 2602 798 2674 (Ibid.
836 2604 955 2676 15).
990 2604 1046 2660 Si
1076 2620 1173 2660 nos
1203 2608 1287 2660 vis
1311 2609 1512 2664 habere
1544 2610 1834 2666 homicidae

232 2709 437 2751 nomen
457 2738 470 2759 ,
500 2709 597 2751 cur
627 2696 747 2751 odis
771 2695 994 2753 fratrem
1026 2699 1210 2753 tuum?
1242 2699 1420 2756 Proba
1450 2702 1577 2759 odio
1605 2703 1833 2775 dignum

232 2787 595 2844 Athanasium
622 2805 637 2855 ;
665 2790 795 2860 quid
828 2792 1095 2847 malorum
1125 2805 1384 2864 operatus
1412 2797 1485 2852 sit
1512 2797 1797 2853 manifesta
1820 2842 1836 2869 ,

236 2888 298 2936 ut
319 2880 390 2935 sit
411 2882 553 2937 odiri
583 2883 778 2955 dignus
804 2887 966 2941 etiam
995 2886 1065 2942 ab
1089 2887 1345 2944 omnibus
1376 2890 1553 2946 nobis.
1583 2891 1838 2949 Profecto

238 2991 347 3032 non
377 2975 532 3032 dabis
559 2992 696 3049 opus
736 2980 1086 3036 commissum
1114 2982 1334 3052 aliquod
1367 2984 1626 3054 injustam
1649 3027 1664 3052 ,
1695 2987 1839 3056 quod

239 3084 365 3126 eum
396 3071 558 3126 faciat
584 3072 854 3129 odiosum.
887 3072 1021 3128 Cum
1059 3074 1177 3130 tunc
1228 3076 1299 3130 ita
1340 3078 1474 3143 sint,
1505 3093 1733 3134 necesse
1758 3089 1842 3133 est

1932 1856 2098 1911 homo
2126 1856 2219 1927 qui
2238 1872 2337 1911 nec
2364 1857 2490 1910 dum
2520 1856 2714 1911 feceris
2745 1857 3029 1911 transitum
3061 1857 3130 1912 de
3157 1868 3335 1911 morte
3353 1857 3419 1912 ad
3450 1859 3531 1913 vi-

1931 1950 2132 2005 tam.Si
2157 1952 2299 2005 enim
2327 1950 2568 2016 fecisses,
2591 1948 2692 2003 hoc
2714 1959 2820 2015 est,
2840 1948 2886 2004 si
2908 1949 2960 2003 in
2984 1950 3202 2005 unicum
3219 1950 3314 2004 Dei
3331 1949 3527 2005 Filium

1932 2043 2074 2098 sicut
2103 2058 2203 2098 nos
2230 2044 2559 2099 credidisses
2580 2085 2597 2110 ,
2626 2059 2725 2099 nec
2756 2044 3025 2099 homicida
3059 2060 3181 2101 esse
3206 2046 3525 2116 delegisses,

1932 2155 2002 2194 ne
2033 2138 2283 2193 videlicet
2306 2137 2577 2206 inciperes
2605 2136 2800 2191 iterum
2833 2136 3046 2207 regredi
3072 2137 3138 2192 ad
3166 2138 3534 2195 mortem.Du-

1934 2232 2057 2302 plici
2078 2231 2241 2301 igitur
2262 2228 2424 2284 modo
2450 2228 2779 2285 constitutus
2796 2229 2915 2285 sine
2938 2244 3034 2297 Spe
3052 2229 3177 2283 vitae
3198 2230 3451 2300 dignatus
3474 2245 3532 2285 es

1932 2326 2203 2395 imperare
2251 2322 2345 2377 Dei
2385 2320 2796 2387 sacerdmibus,
2830 2321 3139 2377 interﬁcere
3163 2322 3530 2377 innocentem.

1936 2416 2043 2473 Sed
2059 2413 2305 2470 fortassis
2329 2409 2522 2469 tenes“
2536 2412 2720 2467 dicere
2737 2430 2748 2464 :
2765 2414 2896 2467 Amo
2906 2423 3137 2467 amantes
3149 2413 3336 2479 Deum,
3352 2424 3398 2468 et
3416 2415 3536 2469 odio

1936 2509 2097 2564 habeo
2122 2509 2348 2563 odientes
2372 2523 2509 2561 eum.
2527 2506 2635 2562 Sed
2661 2505 2776 2561 hac
2798 2507 2866 2561 de
2878 2506 3173 2562 Athanasio
3198 2524 3306 2563 non
3332 2507 3538 2579 poteris

1937 2602 2155 2669 dicere,
2200 2598 2461 2672 quoniam
2508 2599 2729 2671 quidem
2774 2598 2945 2671 magis
2994 2612 3241 2667 constet,
3290 2613 3342 2658 te
3384 2602 3541 2660 odire

1939 2696 2133 2763 Deum,
2150 2697 2275 2766 quia
2298 2693 2727 2765 etdereliqueris
2745 2693 2893 2748 illum
2909 2738 2923 2761 ,
2951 2703 3008 2751 et
3032 2696 3315 2750 transitum
3342 2696 3541 2752 feceris

1940 2790 2009 2846 ad
2034 2790 2420 2845 idololatriam.
2462 2788 2678 2857 Itaque,
2706 2796 2831 2859 quia
2880 2788 3081 2843 nullam
3112 2791 3325 2862 culpam
3354 2805 3543 2860 perse-

1943 2883 2129 2954 queris
2161 2882 2212 2936 in
2239 2881 2332 2937 Dei
2368 2879 2654 2935 sacerdote
2675 2921 2690 2946 ,
2714 2879 2808 2935 sed
2831 2880 3003 2935 solam
3022 2881 3313 2951 justitiam,
3340 2882 3434 2937 sed
3461 2898 3544 2937 so-

1944 2975 2051 3029 lam
2080 2974 2174 3029 Dei
2205 2974 2521 3044 religionem
2549 3015 2564 3040 ,
2596 2982 2848 3043 superest
2891 2984 2950 3027 ut
2979 2974 3157 3028 adhuc
3188 2975 3378 3029 videas
3407 2990 3506 3029 nos
3532 3016 3546 3041 ,

1945 3082 2083 3139 quos
2130 3068 2438 3123 hortabaris
2468 3068 2786 3121 innocentes
2818 3068 3153 3133 interﬁcere,
3206 3067 3395 3138 quales
3424 3083 3549 3124 esse

241 3176 297 3222 ιθ
321 3165 522 3221 idcirco
544 3166 728 3223 odisse
754 3167 902 3222 illum
920 3208 937 3234 ,
956 3169 1077 3237 quia
1101 3184 1237 3238 opus
1256 3178 1407 3225 [unm
1429 3172 1501 3226 sit
1524 3172 1839 3243 malignum,
1868 3138 1918 3203 Ο
1944 3162 2170 3233 jusserit
2192 3164 2335 3219 circa
2366 3175 2659 3217 CODSCI‘VOS
2690 3168 2907 3214 IIOSU‘OS
2929 3159 3034 3215 iste
3058 3161 3246 3215 beatus
3269 3160 3551 3229 apostolus

242 3260 526 3316 Athanasii
558 3276 687 3316 vero
712 3265 940 3331 justum.
975 3261 1266 3331 Propterea
1292 3266 1493 3320 etenim
1524 3264 1603 3320 vis
1636 3266 1844 3321 interﬁ-

241 3366 372 3408 cere
402 3367 557 3415 eum,
593 3354 734 3422 quod
763 3369 868 3407 non
902 3352 1067 3409 fuerit
1096 3363 1149 3409 te
1178 3356 1506 3411 sceleratum
1525 3400 1538 3421 ,
1574 3356 1848 3413 facinoro-

243 3460 366 3502 sum
381 3487 397 3513 ,
417 3456 577 3517 atque
598 3447 919 3518 sacrilegum
945 3448 1205 3504 imitatus.
1222 3448 1446 3504 Constat
1470 3449 1587 3505 haec
1611 3451 1682 3505 ita
1702 3465 1844 3506 esse.

246 3538 381 3595 Cum
415 3540 558 3594 enim
586 3540 857 3611 gloriosus
880 3544 1157 3611 apostolus
1186 3543 1318 3597 Cain
1349 3553 1403 3598 et
1428 3544 1561 3599 Abel
1600 3544 1848 3599 introdu-

246 3635 323 3689 cit
348 3634 813 3705 comparationem
831 3676 847 3703 ,
872 3645 926 3689 tu
957 3636 1088 3690 mihi
1110 3651 1236 3692 esse
1265 3637 1469 3692 videris
1490 3636 1622 3693 Cain
1642 3679 1656 3701 ,
1683 3638 1853 3694 Atha-

249 3730 439 3786 nasius
463 3745 591 3784 vero
621 3729 780 3795 Abel,
809 3729 891 3785 Ea:
914 3730 1013 3785 hoc
1037 3740 1290 3803 apparent
1315 3732 1411 3801 filii
1429 3775 1442 3797 ,
1472 3732 1659 3787 dicens
1677 3774 1693 3800 ,
1717 3730 1849 3800 Dei,

249 3836 296 3881 et
328 3824 427 3895 ﬁlii
456 3824 669 3879 diaboli.
706 3823 886 3879 Omnis
929 3824 1016 3895 qui
1055 3842 1156 3879 non
1194 3836 1269 3879 est
1291 3829 1502 3899 justus,
1542 3842 1644 3881 non
1688 3836 1855 3881 estea:

251 3916 383 3982 Deo,
405 3929 451 3972 et
478 3917 565 3987 qui
589 3934 690 3971 non
721 3927 860 3972 amat
884 3920 1098 3987 fratrem
1122 3934 1293 3985 suum,
1312 3919 1553 3984 quoniam
1580 3918 1690 3973 htec
1716 3916 1744 3957 ι)
1768 3934 1852 3973 re-

255 4010 530 4081 promissio
553 4027 705 4080 quam
733 4010 952 4064 audistis
982 4009 1046 4064 ab
1087 4010 1284 4081 origine
1313 4023 1365 4065 ut
1394 4028 1623 4066 amemus
1661 4012 1856 4066 alteru-

257 4111 392 4157 trum
413 4144 430 4170 ,
459 4110 509 4157 et
538 4119 640 4157 non
664 4102 797 4157 sicut
844 4100 974 4157 Cain
1011 4119 1073 4157 ex
1108 4103 1334 4174 maligno
1361 4104 1458 4169 fuit
1477 4147 1492 4172 ,
1524 4113 1571 4157 et
1602 4104 1859 4174 interfecit

260 4196 475 4267 fratrem
500 4212 670 4251 suum.
715 4194 783 4249 Et
826 4205 1036 4268 propter
1080 4196 1206 4262 quid
1258 4196 1516 4267 interfecit
1549 4198 1709 4252 eum?
1735 4214 1861 4266 quo-

259 4288 403 4342 niam
449 4303 609 4356 opera
648 4287 791 4343 illius
821 4289 1053 4359 maligna
1090 4289 1337 4358 fuerunt,
1369 4289 1546 4358 fratris
1573 4298 1742 4343 autent
1782 4290 1863 4344 sui

251 4381 401 4455 justo
445 4380 611 4455 (Ibid.
646 4381 759 4452 10).
816 4380 927 4437 Nec
954 4381 1122 4436 debes
1148 4381 1398 4437 dubitare
1428 4396 1593 4451 Opera
1624 4392 1713 4437 tua
1742 4396 1864 4437 esse

261 4474 536 4547 maligna,
559 4474 839 4530 Athanasii
878 4488 1012 4530 vero
1048 4474 1213 4543 justa.
1250 4473 1331 4530 Tu
1359 4475 1560 4529 etenim
1592 4490 1652 4531 es
1690 4474 1864 4529 homi-

261 4569 384 4624 cida
414 4611 429 4635 ,
461 4569 736 4640 religionis
761 4568 856 4623 Dei
896 4567 1226 4632 destructor,
1258 4569 1401 4623 unici
1433 4566 1556 4622 Filii
1582 4568 1673 4623 Dei
1697 4584 1861 4639 nega-

265 4669 374 4723 tor,
406 4660 718 4731 apostolica:
760 4660 884 4715 ﬁdei
916 4670 1274 4729 expugnator,
1303 4659 1629 4715 idololatrias
1652 4662 1866 4717 Ariante

263 4752 549 4819 fundator;
574 4744 764 4808 contra
786 4751 1112 4807 Athanasius
1132 4761 1215 4807 est
1237 4753 1287 4806 in
1312 4753 1508 4808 timore
1535 4754 1625 4809 Dei
1650 4758 1719 4808 ita
1744 4771 1867 4825 per-

265 4860 499 4902 manens
516 4887 530 4911 ,
562 4855 619 4899 ut
637 4846 769 4899 nihil
792 4846 1133 4901 commisisse
1150 4887 1165 4912 ,
1191 4856 1450 4914 quantum
1475 4846 1645 4902 videri
1668 4857 1866 4918 potest,

264 4937 600 5003 inveniatur,
645 4937 788 5008 quod
834 4952 956 4993 eum
1002 4937 1174 5007 possit
1196 4953 1226 4992 a
1250 4939 1363 4993 Deo
1383 4938 1751 4998 dilectissimis
1775 4959 1867 5000 se-

342 5109 370 5136 ιι
391 5096 712 5154 EsJoannis
732 5107 880 5151 textu
900 5096 1311 5166 allatolegerim
1327 5097 1463 5167 ﬁlios
1490 5097 1606 5153 Dei.
1637 5100 1870 5161 Galand.

341 5169 373 5209 b
398 5170 528 5293 (fter:
556 5180 639 5293 es;
651 5168 820 5293 h‘abet
840 5168 983 5223 idem
1008 5167 1229 5223 Lucifer
1249 5184 1412 5239 supra
1441 5181 1497 5226 et
1528 5189 1682 5243 opera
1704 5176 1869 5247 ipsius

341 5260 374 5293 0
405 5260 421 5293 ι
469 5258 570 5293 ηις.
652 5257 683 5293 It
706 5257 755 5293 Θ.

308 5260 374 5300 ro
405 5243 570 5296 illius.
602 5241 755 5295 Vide.

267 5260 374 5318 pro
405 5260 570 5296 ttuus.
608 5260 755 5295 Vltle.

349 5326 371 5353 ε
405 5312 581 5367 Vitam
603 5327 848 5368 (sternam
869 5310 1034 5366 habet
1058 5325 1221 5381 supra
1245 5309 1387 5366 idem
1412 5311 1649 5372 Lucifer.

345 5383 373 5422 δ
410 5384 613 5439 Teates.
641 5383 814 5438 Latin.
852 5391 908 5437 et.
926 5383 1153 5437 Galand.

350 5467 375 5533 ξ
404 5455 561 5533 Vers.
592 5454 864 5533 Ant._l’ro
887 5454 1061 5533 nobis,
1092 5466 1141 5508 et
1174 5454 1376 5533 omittit
1404 5469 1629 5514 nostras.
1650 5458 1873 5533 Propter

273 5528 456 5587 solum
494 5531 691 5595 legerat
723 5525 912 5581 Sabat.
945 5526 998 5580 in
1032 5540 1135 5597 suo
1156 5530 1481 5597 exemplari.

358 5599 376 5636 τ
413 5598 677 5651 Habemus
728 5598 856 5666 legit
908 5598 1095 5653 Sabat.
1126 5596 1282 5651 Ver»
1328 5596 1479 5653 ’Aut.
1522 5600 1875 5659 "abemus....

276 5672 956 5747 postulaverimus...._quia
980 5667 1226 5721 mandata
1248 5669 1361 5740 ejus
1392 5688 1745 5730 sert‘amus....
1776 5677 1878 5743 illi,

279 5742 335 5800 in
362 5751 643 5814 conspectu
669 5744 777 5814 ejus
801 5742 1019 5814 facimus
1038 5781 1053 5805 ,
1085 5749 1192 5794 etc.

360 5823 385 5861 ε
411 5810 596 5869 Addit.
630 5810 807 5867 Latin.
840 5812 905 5866 lit
926 5810 1023 5865 hoc
1049 5820 1123 5865 est
1148 5812 1455 5869 mandatum
1480 5818 1591 5889 ejus
1614 5828 1670 5873 ut
1701 5818 1885 5874 creda-

532 5907 809 5972 νηιοι.
849 5904 1023 5966 XIII.

1948 3255 2216 3312 Joannes;
2239 3254 2341 3309 Ille
2364 3264 2574 3326 propter
2594 3270 2686 3307 nos
2707 3263 2730 3291 ο
2752 3254 2982 3307 animam
3005 3271 3150 3309 suam
3174 3256 3374 3326 posuit,
3395 3266 3443 3310 et
3461 3272 3553 3312 nos

1950 3348 2190 3403 debemus
2218 3364 2309 3417 pro
2331 3348 2579 3415 fratribus
2600 3347 2803 3401 animas
2818 3357 3018 3400 nostras
3038 3363 3228 3417 ponere
3244 3344 3407 3418 (Ibid.
3436 3347 3548 3416 16).

1950 3443 2034 3499 Ab
2054 3443 2303 3515 apostolo
2320 3442 2519 3513 jubeor
2544 3441 2780 3496 animam
2805 3455 3014 3511 ponere
3039 3456 3136 3510 pro
3159 3440 3348 3507 fratre,
3366 3451 3423 3497 et
3446 3458 3475 3496 a
3500 3450 3555 3497 te

1952 3538 2261 3594 antichristi
2304 3536 2576 3606 mancipio
2603 3536 2922 3606 pra‘cipitur
2950 3534 3082 3590 mihi
3106 3538 3329 3590 fratrem
3363 3535 3559 3590 interi-

1953 3649 2107 3690 mere
2137 3651 2149 3688 :
2184 3642 2240 3688 et
2270 3634 2464 3687 iterum
2490 3672 2504 3697 ,
2538 3630 2847 3697 Fiduciam,
2901 3631 3108 3699 inquit,
3144 3629 3425 3683 habeamus
3448 3628 3466 3665 ί
3486 3629 3556 3683 ad

1954 3724 2151 3791 Deum,
2186 3733 2235 3777 et
2256 3722 2498 3795 quicquid
2529 3722 2825 3794 petierimus
2873 3722 3182 3793 accipiemus
3211 3722 3275 3776 ab
3305 3737 3365 3775 eo
3386 3764 3400 3787 ,
3431 3737 3562 3792 quo-

1957 3819 2095 3873 niam
2140 3816 2387 3870 mandata
2434 3814 2786 3880 custodimus,
2836 3824 2884 3867 et
2928 3830 3043 3882 qua:
3094 3815 3141 3867 ei
3187 3813 3393 3885 placent
3442 3823 3561 3868 ante

1957 3920 2291 3980 conspectum
2315 3913 2426 3983 ejus
2462 3909 2718 3981 faciamus
2749 3908 2802 3960 in
2850 3912 3056 3961 nomine
3099 3905 3230 3961 Filii
3251 3909 3414 3976 ipsius
3438 3906 3566 3962 .Iesu

1960 4005 2184 4070 Christi,
2218 4014 2242 4050 Β
2264 4012 2313 4058 et
2334 4019 2563 4057 amemus
2607 4017 2699 4054 nos
2720 4000 2934 4053 invicem
2955 4040 2970 4065 ,
3001 4000 3135 4053 sicut
3159 3998 3302 4053 dedit
3342 3999 3564 4053 manda-

1961 4108 2070 4152 tum
2095 4096 2334 4151 nobis....
2361 4094 2525 4165 (Ibid.
2548 4093 2661 4163 21).
2693 4091 2800 4148 Sed
2828 4091 3110 4163 quomodo
3142 4099 3336 4160 potero
3386 4091 3565 4145 audiri

1962 4192 2031 4246 ab
2074 4207 2145 4247 eo
2174 4192 2227 4245 in
2255 4187 2822 4249 omniobsecratione
2848 4226 2862 4250 ,
2906 4186 2996 4255 qui
3034 4185 3137 4238 sim
3180 4200 3287 4237 non
3332 4197 3570 4238 servans

1964 4282 2280 4339 mandatum
2300 4281 2455 4351 ejus?
2476 4279 2543 4335 Ut
2563 4279 2707 4333 enim
2731 4278 2953 4346 diligam
2977 4278 3204 4329 fratrem
3228 4289 3407 4328 meum
3433 4274 3569 4330 mihi

1967 4374 2285 4439 mandavit,
2310 4389 2418 4427 non
2452 4378 2512 4425 ut
2540 4369 2876 4424 interimam.
2912 4365 2979 4420 Et
3004 4364 3146 4420 infra
3179 4382 3192 4419 :
3229 4366 3565 4433 Chariaimi,

1972 4467 2002 4508 ιι
2026 4487 2253 4526 amemus
2286 4486 2376 4524 nos
2411 4468 2740 4530 alterutrum,
2763 4462 3005 4533 quoniam
3028 4463 3254 4516 charitos
3279 4479 3341 4516 ex
3358 4459 3469 4517 Deo
3492 4472 3569 4517 est

1974 4564 2141 4637 (Ibid.
2164 4560 2399 4635 tv,7).Et
2415 4562 2644 4616 iterum:
2667 4557 2990 4627 Quicumque
3002 4572 3103 4610 non
3118 4556 3287 4629 diligit
3301 4554 3566 4626 fratremi,

1974 4674 2078 4713 non
2131 4658 2271 4711 novit
2322 4653 2511 4720 Deum,
2544 4652 2786 4721 quoniam
2820 4645 2960 4701 Deus
2992 4647 3218 4701 charitas
3244 4657 3336 4701 est.
3364 4646 3451 4701 Ea:
3474 4646 3572 4701 hoc

1974 4753 2242 4806 declarata
2267 4756 2341 4803 est
2363 4744 2587 4801 charitas
2636 4741 2731 4796 Dei
2774 4742 2828 4795 in
2875 4741 3050 4805 nobis,
3084 4741 3327 4811 quoniam
3373 4738 3573 4793 Filium

1972 4863 2124 4901 suum
2148 4844 2287 4898 misit
2320 4840 2459 4895 Deus
2487 4838 2698 4891 unicum
2723 4836 2777 4888 in
2796 4836 3047 4889 saeculum
3070 4874 3086 4899 ,
3122 4844 3177 4886 ut
3216 4834 3441 4886 vivamus
3484 4847 3575 4901 per

1975 4957 2112 4997 eum.
2144 4937 2213 4992 In
2236 4935 2333 4989 hoc
2374 4942 2447 4987 est
2490 4929 2755 4995 charitas,
2780 4942 2882 4981 non
2930 4926 3070 4995 quod
3113 4941 3206 4979 nos
3234 4924 3575 4978 amaverimus

1974 5118 2090 5157 mus
2117 5105 2166 5153 et
2196 5108 2423 5150 amemus
2446 5101 2547 5146 etc.
2583 5088 2657 5143 Ita
2685 5085 2844 5141 Vers.
2872 5085 2999 5139 Aut.
3034 5092 3089 5138 et
3117 5083 3576 5157 Vulg._inﬁqnihus

1978 5152 2419 5245 pos—tcredumus
2469 5165 2658 5245 insupt
2709 5159 2870 5245 verba
3003 5152 3385 5210 nomine‘Fitii
3402 5152 3466 5245 ip
3493 5158 3575 5211 ius

1976 5227 2104 5299 Iesu
2133 5237 2325 5293 Christi
2348 5277 2361 5301 ,
2385 5250 2507 5305 quze
2531 5251 2560 5288 a
2592 5228 2845 5286 Lucifero
2872 5227 3178 5282 aﬁ‘eruntur
3200 5238 3323 5296 post
3348 5227 3574 5284 verbum

1974 5322 2269 5437 [αίίατὲιξέ.
2301 5384 2429 5434 Ant.
2465 5372 2803 5431 Dilectissimi
2823 5412 2838 5438 ,
2872 5369 3150 5443 diligamus
3175 5369 3395 5424 invicem
3417 5412 3431 5437 ,
3455 5373 3579 5443 quia

2022 5454 2212 5507 ilectio.

1980 5458 2355 5578 dtlfclggatrem
2375 5520 2551 5575 abest.
2578 5534 2606 5571 a
2631 5516 2788 5571 Vers.
2804 5514 2931 5568 Ant.
2956 5528 3077 5580 qute
3100 5511 3180 5566 sic
3204 5512 3332 5577 legit
3349 5531 3360 5564 :
3380 5513 3579 5581 ῥυείη..

1984 5602 2109 5674 quia
2138 5597 2273 5650 Deus
2297 5594 2507 5674 dilectio
2533 5587 2705 5674 £35121).
2727 5586 2825 5639 hoc
2845 5583 3173 5674 ma‘nifestnta
3193 5598 3262 5635 est
3281 5582 3582 5674 dilatio...”

1987 5654 2178 5741 quia...
2197 5665 2516 5741 unigenitpm
2536 5662 2589 5715 in
2611 5659 2745 5711 hunc
2768 5654 3061 5741 mundum...
3081 5697 3087 5705 .
3109 5658 3160 5726 ip
3192 5671 3275 5741 tum
3309 5655 3583 5736 τάίἰυειὶσ,

1989 5726 2091 5798 non
2120 5741 2243 5812 quia
2289 5726 2380 5791 iw.-
2408 5733 2684 5787 dneximus
2704 5772 2716 5787 .
2750 5728 2844 5811 sed.
2866 5730 2989 5799 quia
3008 5728 3133 5812 ipse
3172 5726 3353 5808 dilexit
3385 5745 3507 5799 nos,
3538 5726 3588 5787 et

1990 5800 2225 5870 misul...
2260 5810 2516 5864 litatorem
2535 5819 2630 5875 pro
2652 5801 2962 5874 peccatis....
2996 5800 3351 5863 Dilectissimi,
3379 5813 3475 5858 etc.

3020 5892 3100 5952 29
