3836 6348
67 354 166 411 915

1114 352 1251 408 PRO
1290 352 1563 410 SANCTO
1603 352 1999 410 ATHANASIO
2036 354 2168 410 LIB.
2213 356 2277 410 ll.

3240 354 3347 412 9η

66 471 228 527 ξιιὶιε
262 466 435 523 Malos
474 466 605 517 male
645 467 821 534 perdet
860 467 1013 532 illos,
1056 469 1258 522 vineam
1294 468 1479 523 locabit
1525 469 1644 524 aliis
1671 471 1722 529 Α
1748 474 1805 522 ιιι
1840 468 1892 521 in
1931 478 2094 537 gente
2136 468 2237 524 hac
2277 484 2359 533 es,
2397 485 2519 540 quas
2554 470 2775 527 fructus
2815 471 3125 527 inveniatur
3165 470 3349 526 facere

68 562 271 622 colonis,
302 558 386 629 qui
406 556 622 610 reddent
644 558 689 611 ei
722 559 951 625 fructum
977 559 1290 629 temporibus
1313 561 1421 614 suis
1448 558 1640 633 (Ibid.,

65 671 167 719 xxi,
195 652 301 722 25).
336 651 415 706 Ex
446 649 529 704 bis
559 650 681 720 quia
724 665 848 706 esse
880 668 1017 706 unus
1059 668 1387 721 magnopere
1425 653 1643 708 deside-

63 748 213 812 raris,
239 754 290 800 et
316 758 411 798 nos
431 743 607 798 socios
635 744 923 799 criminum
950 754 1163 799 tuorum
1192 746 1462 801 suadebas
1488 747 1637 802 fieri:

61 854 226 909 neque
255 837 394 891 enim
425 835 527 890 alia
562 844 691 891 sunt
720 835 946 891 consilia
980 847 1071 891 tua
1114 838 1184 893 ab
1229 838 1444 892 illorum
1488 839 1642 894 nefa-

60 934 148 990 riis
172 930 427 995 consiliis,
460 928 555 1000 qui
578 928 928 984 inveniuntur
959 931 1251 1001 prolihetas
1274 930 1639 997 interemisse,

60 1026 143 1097 qui
181 1024 407 1093 denique
440 1021 490 1075 in
528 1022 745 1076 unicum
777 1022 872 1077 Dei
906 1021 1103 1078 Filium
1144 1023 1338 1092 impias
1379 1037 1642 1092 porrexe-

61 1120 158 1175 rint
186 1130 399 1182 manus;
432 1115 670 1170 maxime
700 1132 823 1171 cum
857 1117 1019 1171 etiam
1048 1118 1334 1187 passiones
1359 1115 1639 1171 beatorum

60 1214 269 1269 istorum
297 1213 590 1266 missorum
629 1208 696 1263 ad
732 1209 957 1264 colonos
998 1210 1063 1264 ad
1110 1209 1341 1263 nihilum
1377 1208 1453 1263 sis
1496 1208 1643 1263 redi-

57 1320 201 1377 gens,
225 1300 516 1357 astruendo
540 1301 663 1356 illos
695 1301 863 1357 fuisse
892 1302 1216 1357 interfectos
1257 1312 1477 1372 propter
1517 1317 1641 1357 eum

58 1403 136 1472 qui
178 1398 332 1470 fuerit
372 1397 582 1467 quando
630 1414 731 1451 non
780 1398 977 1468 fuerit;
1019 1414 1143 1452 cum
1188 1398 1427 1453 clament
1472 1413 1642 1454 sacra:

56 1492 350 1565 scripturae,
374 1491 503 1560 quia
533 1489 725 1545 unicus
751 1489 846 1546 Dei
871 1489 1038 1545 Filius
1064 1505 1283 1561 semper
1312 1492 1640 1562 regnaverit,

57 1601 114 1641 ac
139 1584 202 1640 sit
233 1597 462 1654 regnans
495 1598 620 1638 cum
661 1582 843 1638 Patre.
884 1582 1058 1638 Unam
1093 1584 1296 1640 habere
1327 1582 1355 1622 δ
1384 1583 1641 1639 deitatem

55 1679 293 1747 aperiunt
328 1674 617 1733 dominica:
663 1675 860 1732 litterae
900 1674 1137 1743 Patrem,
1168 1686 1223 1732 ct
1262 1677 1480 1731 unicum
1523 1676 1642 1746 ejus

54 1772 267 1837 Filium;
308 1779 365 1827 et
406 1769 544 1824 dicis
590 1785 736 1834 eum,
768 1784 867 1839 pro
899 1784 1007 1840 quo
1050 1769 1314 1824 interfecti
1347 1776 1474 1823 sunt
1509 1784 1641 1840 pro-

1741 560 1985 630 justitiae,
2010 571 2069 615 ut
2098 578 2203 615 non
2236 579 2374 618 unus
2400 579 2523 620 esse
2552 566 2931 635 pronuncieris
2953 581 3020 621 ex
3051 565 3179 629 illis,
3204 578 3343 634 quos

1747 653 1931 721 pulsos
1968 667 2089 707 esse
2128 668 2157 707 a
2188 654 2283 708 Dei
2317 671 2483 724 regno
2518 668 2743 727 pr0pter
2769 657 3038 728 iustorum
3071 670 3260 711 necem
3292 665 3349 710 et

1744 744 2176 802 incredulitatem
2204 763 2359 802 suam
2388 750 2596 804 audias.
2625 750 2760 806 Esse
2790 761 2841 806 te
2861 750 3085 806 adverte
3109 750 3225 805 brec
3251 766 3347 821 ge-

1744 840 1915 894 rendo
1955 840 2093 894 inter
2121 840 2273 903 illos,
2332 858 2564 909 quorum
2600 845 2874 913 nequitias
2911 844 3166 913 aperiens
3214 843 3350 898 dicit

1746 933 2048 988 Dominus:
2084 932 2271 988 Simile
2309 944 2380 987 est
2421 952 2639 1007 regnum
2678 938 2926 992 ccelorum
2967 937 3165 990 homini
3214 939 3346 1008 regi,

1741 1028 1829 1098 qui
1859 1027 1980 1095 fecit
2008 1027 2215 1089 nuptias
2246 1026 2356 1095 ﬁlio
2383 1042 2500 1090 suo,
2523 1037 2571 1081 et
2598 1029 2740 1082 misit
2763 1044 2936 1083 servos
2966 1045 3090 1084 suos
3114 1028 3183 1081 ad
3210 1027 3347 1081 invi-

1743 1126 1876 1170 tatos
1893 1113 1920 1152 ἀ
1938 1117 2006 1169 ad
2028 1118 2232 1188 nuptias
2255 1114 2420 1188 (Ibid.
2449 1134 2576 1182 χχιι,
2594 1118 2673 1191 2).
2698 1119 2763 1173 Et
2784 1118 2921 1173 infra
2941 1137 2953 1173 :
2974 1117 3043 1172 Et
3066 1120 3349 1174 noluerunt

1744 1211 1931 1264 venire.
1960 1208 1985 1262 l
1994 1221 2158 1263 terum
2181 1211 2315 1263 misit
2334 1220 2357 1247 θ
2374 1210 2442 1264 ad
2465 1211 2584 1265 illos
2602 1228 2775 1265 servos
2798 1214 2971 1267 dicens
2988 1230 3006 1267 :
3027 1213 3196 1268 Dicite
3216 1214 3349 1267 invi-

1744 1302 1864 1355 tatis
1888 1317 1906 1355 :
1929 1299 2065 1354 Ecce
2094 1302 2373 1371 prandium
2395 1303 2573 1370 paravi
2603 1320 2771 1357 meum
2791 1320 2809 1358 :
2828 1305 2969 1357 tauri
2993 1304 3113 1369 ntei,
3137 1315 3185 1359 et
3207 1305 3349 1376 sagi-

1746 1402 1866 1447 nata
1889 1396 2079 1458 occisa,
2100 1404 2149 1447 et
2170 1394 2341 1447 omnia
2368 1404 2587 1464 parata;
2609 1395 2771 1449 venite
2795 1396 2864 1449 ad
2887 1397 3115 1466 nuptias.
3143 1395 3169 1449 1
3176 1396 3235 1449 lli
3255 1413 3351 1450 au-

1746 1495 1843 1539 tem
1858 1487 2212 1555 neglexerunt,
2233 1495 2278 1539 et
2298 1486 2529 1540 abierunt
2548 1487 2642 1539 alii
2661 1488 2715 1540 in
2736 1488 2912 1541 villam
2928 1505 3100 1552 suam,
3120 1490 3210 1544 alii
3225 1507 3346 1544 vero

1745 1579 1814 1633 ad
1842 1580 2237 1649 negotiationem
2269 1596 2452 1645 suam;
2482 1580 2668 1650 reliqui
2700 1596 2818 1634 vero
2859 1592 3137 1636 tenuerunt
3176 1598 3351 1637 servos

1745 1673 1876 1739 eius,
1906 1671 2300 1727 eticontumelia
2348 1669 2564 1738 alfectos
2605 1672 2929 1726 occiderunt.
2964 1670 3071 1726 Ille
3100 1689 3190 1727 rex
3229 1690 3347 1727 cum

1744 1763 1992 1830 audisset,
2024 1764 2185 1818 iratus
2208 1772 2304 1824 est,
2336 1775 2384 1817 et
2417 1763 2553 1817 misit
2584 1764 2865 1817 exercitum
2890 1780 3060 1830 suum,
3091 1772 3138 1817 et
3167 1765 3345 1832 perdi-

55 1867 220 1934 phetaz
240 1863 484 1933 gloriosi,
518 1864 712 1933 factum
741 1878 850 1916 esse
880 1878 942 1916 ea:
963 1861 1149 1915 nihilo.
1184 1861 1241 1915 Si
1265 1862 1408 1916 enim
1443 1871 1497 1915 tu
1519 1876 1640 1931 qua:
1671 1867 1716 1925 Β
1745 1859 1821 1911 dit
1847 1857 2138 1911 homicidas
2160 1857 2298 1921 illos,
2329 1867 2377 1910 et
2408 1858 2639 1909 civitates
2671 1854 2689 1892 ί
2724 1872 2902 1909 eorum
2930 1852 3179 1909 incendit.
3203 1854 3245 1908 Τ
3248 1871 3349 1909 unc

53 1956 178 2011 dicis
223 1971 348 2011 vera
391 1966 539 2021 sunt,
582 1965 797 2010 constat
844 1965 1069 2026 propter
1110 1963 1419 2010 creaturam
1472 1956 1639 2009 inter-

52 2049 214 2105 feetos
240 2048 423 2103 beatos
452 2047 772 2119 prophetas.
817 2048 881 2102 Et
913 2047 1002 2103 ubi
1042 2051 1149 2103 erit
1191 2047 1324 2102 illud
1364 2047 1511 2117 quod
1557 2047 1639 2102 in-

51 2142 187 2213 genti
229 2139 598 2211 indignatione
649 2141 920 2197 irascatur
964 2141 1223 2196 Dominus
1275 2142 1327 2196 in
1371 2156 1500 2208 eos,
1544 2141 1638 2212 qui

50 2236 277 2292 serviant
315 2248 578 2290 creatura:
621 2250 783 2307 quam
829 2236 1103 2290 creatori?
1140 2234 1198 2291 Si
1242 2252 1338 2307 pro
1386 2245 1637 2291 creatura

50 2329 310 2386 interfecti
340 2340 469 2385 sunt
501 2330 647 2386 beati
692 2329 998 2401 prophetae,
1044 2329 1317 2400 quomodo
1348 2344 1442 2385 eos
1474 2326 1640 2383 habet

47 2421 381 2477 cbarissimos
410 2422 591 2477 Deus?
610 2421 885 2493 quomodo
904 2422 1027 2491 quia
1050 2422 1295 2492 ipsorum
1319 2422 1502 2475 verbis
1527 2438 1633 2476 non

45 2512 383 2570 crediderunt
421 2513 619 2580 Judari,
663 2524 789 2570 sunt
840 2514 1001 2571 hodie
1052 2514 1145 2569 Dei
1194 2514 1441 2569 inimici?
1481 2513 1635 2569 Unde

46 2605 133 2663 Dei
172 2606 340 2662 Judaei
386 2607 629 2662 inimici?
659 2606 802 2662 unde
832 2615 990 2663 extra
1023 2605 1236 2661 Domini
1268 2604 1433 2676 positi
1479 2603 1633 2659 inve-

44 2700 252 2755 niuntur
282 2701 499 2756 vineam
518 2701 543 2753 ?
574 2701 677 2756 nisi
700 2700 825 2771 quia
851 2700 1242 2771 pr0phetarum
1277 2701 1635 2768 interempto-

44 2807 124 2847 res
151 2795 509 2858 exstitissent,
540 2795 644 2850 nisi
669 2795 790 2865 quia
822 2804 1088 2850 aeternum
1118 2793 1288 2848 Deum
1320 2791 1512 2847 :eterni
1539 2792 1634 2847 Dei

41 2883 225 2940 Filium
250 2886 670 2956 przedicaverint
693 2888 997 2956 prophetae,
1022 2895 1076 2940 et
1097 2885 1174 2939 illi
1198 2884 1633 2954 comblasphemi

43 2978 113 3033 tui
151 2993 251 3033 non
296 2980 475 3033 solum
518 2994 626 3033 non
678 2977 1016 3033 crediderint
1064 2976 1367 3046 prophetia:
1417 2991 1631 3041 eorum,

39 3068 125 3123 sed
156 3069 451 3125 eteosdem
474 3068 878 3125 interemerint.
905 3067 1045 3136 Quid
1077 3069 1281 3121 etenim
1313 3073 1635 3137 persecutos

39 3160 194 3217 luisse
232 3162 519 3217 arbitraris
562 3162 615 3216 in
659 3161 947 3232 pr0pbetis
990 3159 1232 3225 Judieos,
1268 3159 1373 3214 nisi
1413 3159 1632 3214 unicum

1742 1952 1813 2003 ait
1854 1951 2012 2003 servis
2058 1950 2167 2003 suis
2201 1965 2219 2003 :
2255 1947 2469 2019 Nuptia:
2498 1948 2703 2017 quidem
2733 1958 2931 2018 parata:
2959 1956 3102 2013 sunt,
3134 1947 3226 2001 sed
3256 1952 3348 2017 qui

1743 2054 1888 2098 erant
1926 2043 2152 2109 invitati,
2185 2059 2287 2096 non
2327 2047 2536 2111 fuerunt
2576 2042 2763 2113 digni:
2791 2043 2859 2094 ite
2901 2057 3024 2112 ergo
3069 2042 3138 2094 ad
3178 2042 3348 2096 exitus

1741 2141 1965 2204 viarum,
2000 2150 2047 2194 et
2076 2154 2427 2209 quoscumque
2455 2138 2774 2201 inveneritis,
2812 2146 2985 2191 vocate
3016 2138 3085 2189 ad
3114 2137 3342 2205 nuptias.

1741 2231 1808 2287 Et
1840 2231 2029 2304 egressi
2058 2232 2190 2285 servi
2217 2231 2271 2283 in
2312 2231 2418 2283 vias
2451 2240 2892 2302 congregaverant
2922 2237 3171 2298 quotquot
3198 2229 3345 2283 inve-

1740 2336 1956 2391 nerunt,
2004 2325 2168 2380 malos
2213 2334 2260 2379 et
2301 2325 2491 2389 bonos,
2543 2334 2590 2379 et
2638 2324 2868 2391 impleta:
2911 2332 3029 2377 sunt
3071 2325 3267 2396 nuptiae
3314 2342 3346 2376 a

1739 2418 2197 2473 discumbentibus.
2233 2415 2456 2471 Intravit
2485 2426 2657 2471 autem
2688 2433 2778 2471 rex
2802 2429 2858 2471 ut
2891 2417 3087 2470 videret
3117 2416 3349 2471 discum-

1738 2515 1931 2579 bentes,
1956 2523 2002 2567 et
2022 2513 2151 2566 vidit
2178 2511 2249 2565 ibi
2272 2512 2529 2566 hominem
2552 2528 2655 2565 non
2678 2511 2912 2565 vestitum
2937 2520 3072 2565 veste
3097 2512 3345 2581 nuptiali.

1737 2615 1783 2661 et
1823 2608 1897 2660 ait
1944 2606 2025 2659 illi
2053 2621 2072 2659 :
2102 2604 2300 2670 Amice,
2332 2605 2590 2673 quomodo
2619 2604 2719 2657 huc
2748 2604 2933 2658 uenisti
2963 2613 2987 2650 8
3019 2619 3123 2657 non
3155 2602 3346 2657 habens

1735 2701 2089 2754 vestimentum
2112 2699 2385 2770 nuptiale?
2412 2704 2475 2752 At
2505 2700 2595 2752 ille
2618 2699 2891 2752 obmutuit.
2920 2697 3068 2752 Tunc
3096 2698 3230 2753 dixit
3254 2715 3345 2753 rea:

1736 2795 2030 2848 ministris:
2059 2793 2251 2848 Tollite
2274 2808 2389 2846 eum
2426 2791 2639 2858 pedibus
2676 2801 2726 2846 et
2769 2791 3025 2853 manibus,
3071 2800 3118 2844 et
3158 2791 3346 2845 mittite

1735 2903 1851 2941 eum
1892 2887 1947 2939 in
1990 2887 2224 2940 tenebras
2269 2884 2547 2939 exteriores
2582 2900 2600 2936 :
2635 2883 2707 2936 ibi
2752 2884 2847 2937 erit
2894 2884 3045 2953 ﬂetus
3075 2892 3121 2937 et
3151 2882 3346 2937 stridor

1735 2980 1964 3034 dentium
1986 2976 2153 3049 (Ibid.
2178 2977 2255 3050 5).
2284 2978 2423 3042 Quia
2448 2976 2631 3046 itaque
2657 2977 2777 3031 sine
2808 2979 3010 3031 vestitu
3034 2978 3109 3031 sis
3134 2978 3346 3047 nuptia-

1735 3086 1878 3137 rum,
1905 3071 2210 3135 Constanti,
2240 3070 2349 3125 eris
2379 3069 2431 3124 in
2464 3079 2809 3139 perpetuum,
2842 3069 2946 3123 nisi
2977 3080 3027 3125 te
3055 3079 3344 3126 converte-

1734 3163 1829 3230 ris,
1872 3162 2019 3229 talis,
2064 3163 2242 3233 qualis
2288 3163 2399 3229 ille,
2442 3162 2530 3217 cui
2575 3162 2817 3217 dicitur:
2846 3162 3045 3227 Amice,
3082 3165 3341 3231 quomodo

40 3250 129 3308 Dei
158 3253 374 3319 Filium,
406 3255 553 3310 sicut
581 3263 637 3309 et
671 3254 725 3309 in
766 3252 1031 3323 apostolis
1059 3262 1224 3323 atque
1258 3252 1630 3322 martyribus?
1661 3248 1705 3309 C
1737 3256 1835 3309 huc
1871 3255 2077 3309 intrasti
2104 3264 2205 3309 nan
2250 3255 2440 3309 habens
2466 3264 2650 3309 vestem
2686 3256 2976 3324 nuptialem
3006 3254 3172 3327 (lbid.
3209 3256 3338 3328 19)?

38 3345 113 3400 Ex
143 3358 191 3401 te
217 3347 410 3402 saltem
435 3361 708 3417 cognosce
731 3361 858 3401 vera
885 3361 1007 3401 esse
1030 3362 1150 3416 qua:
1171 3347 1294 3400 dico
1321 3362 1333 3397 :
1363 3345 1629 3415 siquidem

37 3448 88 3493 et
117 3448 189 3505 tu,
212 3456 372 3509 quem
411 3451 433 3479 ο
466 3441 522 3497 in
563 3440 862 3495 Athanasio
893 3455 993 3495 nec
1022 3456 1129 3494 non
1160 3448 1215 3496 et
1246 3440 1298 3492 in
1324 3438 1503 3503 nobis,
1534 3437 1631 3493 Dei

37 3545 213 3586 verum
252 3534 603 3603 persequaris
639 3532 865 3588 Filium.
897 3531 1028 3586 Cum
1064 3533 1181 3588 hinc
1220 3534 1290 3586 ita
1332 3535 1463 3597 sint,
1503 3547 1632 3587 cen-

36 3636 214 3680 sueras
250 3641 350 3681 nos
383 3625 700 3696 iungendos
735 3625 1175 3681 interfectoribus
1214 3627 1629 3694 prophetarum,

32 3716 293 3786 justorum
322 3720 607 3791 sanguinis
638 3718 934 3785 lusoribus,
962 3718 1347 3789 consacrilegis
1372 3720 1500 3783 tuis,
1528 3719 1631 3774 boc

36 3820 115 3865 est
138 3811 363 3881 ludatis,
400 3815 647 3885 ipsorum
682 3812 935 3867 videlicet
960 3812 1084 3882 quia
1115 3812 1190 3866 sis
1227 3811 1489 3866 imitator.
1521 3810 1630 3866 Nec

35 3903 168 3957 enim
198 3903 305 3958 alia
332 3904 400 3960 de
432 3919 516 3971 re,
551 3904 889 3959 Athanasium
919 3904 1183 3967 damnate,
1214 3903 1423 3968 dixisti,
1457 3905 1631 3959 susci-

39 4008 282 4064 peremus
328 3998 498 4054 etiam
548 4000 665 4053 Arii
712 3997 871 4054 fidem
920 3999 1211 4063 mandasti,
1247 4000 1350 4053 nisi
1389 4007 1447 4053 ut
1489 4008 1543 4053 et
1575 3999 1626 4053 in

35 4086 288 4145 cll‘usiOne
315 4090 601 4161 sanguinis
637 4091 929 4160 iustorum,
957 4101 1009 4145 ct
1050 4092 1101 4144 in
1137 4092 1384 4160 negando
1414 4092 1626 4146 unicum

36 4177 124 4234 Dei
153 4181 343 4237 Filium
376 4199 543 4254 pares
574 4183 865 4237 fuissemus
894 4182 1234 4246 JUdLL'Ol'llm,
1256 4199 1483 4253 quorum
1516 4183 1627 4252 jam

36 4283 86 4328 tu
114 4277 184 4330 sis
216 4278 266 4332 in
303 4279 559 4333 omnibus
590 4276 889 4348 particeps.
929 4276 987 4331 Si
1026 4275 1171 4330 enim
1216 4276 1293 4331 illi
1336 4275 1628 4344 prophetas

36 4366 426 4426 interemerunt
458 4386 556 4426 cos
592 4371 680 4441 qui
715 4370 782 4424 de
816 4368 1055 4423 adventu
1088 4368 1454 4438 loquebantur
1485 4368 1626 4423 unici

36 4457 124 4515 Dei
151 4461 291 4527 Filii,
321 4472 376 4517 et
405 4471 462 4515 tu
484 4477 580 4516 eos
614 4460 872 4516 interficis
898 4460 989 4530 qui
1016 4460 1127 4515 sint
1157 4459 1464 4526 credentes,
1490 4457 1631 4513 sicut

34 4554 386 4609 crediderunt
414 4554 717 4625 pr0pliela3.
749 4554 855 4609 Sed
886 4553 1145 4624 quamdiu
1178 4552 1246 4607 dc
1279 4550 1363 4607 his
1391 4567 1514 4607 cum
1549 4552 1631 4606 iu-

1734 3346 1826 3402 Sic
1852 3357 2113 3401 venturus
2141 3347 2195 3400 in
2221 3346 2481 3401 tenebras
2501 3349 2828 3403 exteriores.
2854 3347 2965 3402 Nec
2988 3347 3208 3403 dubites
3231 3357 3345 3404 ete-

1736 3439 1845 3493 nim
1889 3448 1941 3494 te
1985 3447 2277 3494 venturum
2322 3439 2388 3493 ad
2435 3439 2741 3495 exteriores
2782 3440 3061 3508 tenebras,
3095 3440 3346 3512 quando-

1732 3534 1951 3605 quidem
1977 3534 2089 3604 jam
2124 3543 2266 3588 totus
2298 3534 2350 3587 in
2380 3534 2634 3589 tenebras
2654 3535 2731 3589 sis
2760 3549 3078 3591 conversus.
3115 3534 3197 3590 Illi
3229 3545 3342 3592 ete-

1734 3630 1869 3697 nim,
1919 3631 2012 3699 qui
2060 3629 2329 3698 iustorum
2364 3627 2623 3683 fuderunt
2666 3630 2988 3700 sanguinem
3040 3629 3339 3700 proiiheta-

1733 3738 1877 3786 rum,
1902 3722 1993 3791 qui
2023 3720 2244 3774 unicum
2270 3719 2363 3773 Dei
2388 3730 2723 3790 negaverunt
2748 3719 2969 3786 Filium,
2994 3731 3048 3776 et
3073 3721 3339 3787 tenebrae,

1732 3823 1787 3871 et
1815 3815 1910 3869 filii
1943 3812 2145 3868 diaboli
2177 3820 2461 3867 vocantur.
2492 3812 2629 3879 Quia
2662 3812 2777 3867 haec
2805 3814 2883 3868 sis
2913 3822 2969 3868 et
2997 3814 3112 3884 ipse
3144 3830 3334 3885 agens,

1733 3907 1917 3978 utique
1952 3918 2002 3961 ei
2050 3905 2425 3967 tenebrarum,
2464 3915 2520 3960 et
2565 3905 2771 3960 diaboli
2808 3906 2954 3961 filius
2994 3908 3104 3961 eris
3150 3923 3337 3976 perse-

1731 4011 2058 4066 veraturus,
2109 3999 2211 4055 nisi
2258 3999 2352 4053 tibi
2398 3999 2763 4054 consulueris.
2813 3998 3122 4066 Quomodo,
3171 4001 3333 4068 dicis,

1731 4094 1999 4147 consulere
2033 4094 2157 4147 mihi
2194 4094 2410 4165 potero?
2442 4102 2499 4148 ιιι
2524 4089 2554 4128 ιι
2585 4096 2838 4164 persequi
2872 4110 2971 4148 nos
2999 4094 3245 4160 desinas,
3278 4103 3337 4150 et

1734 4183 1893 4240 fidem
1939 4185 2294 4255 apostolicam
2338 4185 2640 4253 suscipias;
2685 4184 2779 4252 qui
2818 4183 2833 4220 ί
2871 4185 2973 4238 nisi
3021 4184 3241 4251 feceris,
3277 4196 3335 4239 ιιι

1731 4296 1793 4335 es
1825 4295 1989 4342 nunc,
2023 4294 2240 4349 semper
2272 4277 2488 4332 futurus
2522 4280 2535 4328 i
2581 4279 2723 4331 inter
2756 4278 2898 4340 illos,
2931 4277 2997 4332 ad
3034 4293 3169 4348 quos
3200 4277 3335 4332 dici-

1734 4383 1853 4427 tur:
1886 4372 1980 4427 Vce
2008 4372 2170 4437 vobis,
2204 4371 2401 4426 Scriba:
2429 4382 2476 4425 et
2508 4370 2769 4425 Phariswi
2797 4372 3103 4442 hypocritaz,
3126 4373 3214 4442 qui
3245 4373 3335 4426 de-

1732 4467 1938 4519 cimatis
1986 4465 2245 4519 ment/iam
2295 4474 2339 4518 et
2378 4466 2650 4529 anethum,
2696 4475 2744 4519 et
2783 4465 3072 4535 cyminum,
3117 4476 3163 4519 et
3204 4466 3333 4520 reli-

1731 4558 1910 4628 quistis
1940 4573 2053 4625 qua:
2088 4558 2331 4629 graviora
2370 4568 2490 4611 sunt
2532 4558 2682 4627 legis,
2712 4557 3002 4631 judicium,
3046 4569 3092 4613 et
3132 4560 3333 4614 miseri-

36 4648 292 4705 credulo?
333 4666 457 4705 cum
496 4651 873 4720 pmposuerim
924 4648 1016 4703 tibi
1061 4649 1431 4712 manifestare,
1466 4663 1630 4702 unum
1656 4642 1711 4703 D
1737 4654 1992 4718 cordiam,
2032 4664 2078 4708 et
2126 4653 2283 4724 ﬁdem
2308 4668 2326 4707 :
2354 4651 2464 4707 haec
2495 4653 2722 4721 oportuit
2769 4656 2961 4725 facere,
3008 4664 3055 4707 et
3096 4655 3189 4708 illa
3232 4670 3335 4708 non

40 4748 88 4795 te
130 4758 247 4798 esse
291 4759 365 4797 ex
414 4743 544 4807 illis,
578 4744 644 4798 ad
690 4758 827 4812 quos
857 4741 994 4797 dicit
1030 4740 1325 4795 Dominus:
1355 4739 1486 4794 Ideo
1514 4740 1629 4794 dico

38 4832 192 4900 vobis,
222 4837 347 4904 quia
384 4839 651 4908 auferetur
691 4854 723 4891 a
759 4836 899 4890 vobis
936 4851 1150 4906 regnum
1182 4834 1299 4901 Dei,
1333 4844 1383 4889 et
1423 4835 1631 4888 dabitur

36 4930 167 4998 genti
196 4931 408 5002 facienti
445 4931 674 5001 fructum
721 4935 832 5003 ejus
879 4930 1078 5003 (Ibid.,
1110 4930 1229 5001 45).
1262 4930 1451 5002 Neque
1483 4931 1630 4986 enim

104 5108 127 5135 λ
167 5099 307 5154 Dicit
337 5102 467 5155 illis.
502 5101 675 5155 Vatic.

102 5169 127 5209 δ
173 5171 403 5229 Habeas.
465 5173 641 5229 Latin.
695 5180 754 5229 et
807 5171 1056 5228 Galland.
1115 5187 1183 5227 ex
1241 5185 1402 5239 prava
1457 5171 1629 5225 inter-

36 5244 331 5314 puuctione
361 5245 612 5314 decepti;
646 5260 771 5299 cum
803 5244 1107 5314 legeretur;
1140 5244 1206 5297 sit
1236 5258 1477 5313 regnans,
1510 5258 1627 5295 cum

37 5311 191 5367 Patre
220 5333 377 5369 unam
406 5311 591 5371 habere
617 5311 879 5369 deitatem:
912 5314 1159 5382 Aperiunt
1184 5326 1289 5368 etc.

106 5395 127 5423 ε
172 5384 295 5453 Qui.
328 5386 434 5441 Til.
464 5388 694 5456 Quoque.
718 5385 900 5441 Latin.
926 5396 979 5440 et
1002 5385 1253 5439 Gallautl.
1277 5385 1421 5438 haud
1446 5392 1622 5448 recte;

38 5471 157 5511 nam
185 5474 381 5513 sensus
412 5468 530 5515 est:
563 5468 610 5513 et
640 5468 716 5525 tu,
744 5473 892 5529 quem
923 5456 1241 5527 persequeris
1269 5456 1324 5510 in
1344 5456 1627 5511 Athanasio

38 5544 231 5583 necnon
260 5540 308 5583 et
339 5530 395 5583 in
426 5532 591 5595 nobis,
624 5539 733 5585 etc.

112 5598 136 5636 ἀ
178 5600 336 5655 Vers.
365 5600 495 5656 Ant.
537 5600 733 5655 Vocare
760 5601 1023 5655 invitatos.

119 5681 141 5708 °
179 5670 338 5726 Vers.
388 5676 514 5726 Ant.
560 5672 703 5727 Misit
749 5673 878 5727 alios
928 5686 1099 5725 servos
1143 5686 1359 5724 suos....
1407 5679 1453 5723 et
1498 5671 1639 5742 sagi-

49 5743 279 5798 natio....
312 5753 500 5814 parata
526 5754 738 5798 sunt....
770 5743 870 5796 Ille
898 5754 1069 5797 autem
1096 5756 1282 5795 rem...
1307 5751 1355 5793 et
1381 5742 1639 5795 civitatem

48 5813 259 5888 illorum
290 5813 645 5888 succenditur"
676 5817 807 5869 servi
849 5818 1066 5888 ejus....‘
1084 5828 1256 5867 omnes
1294 5822 1465 5888 quotqz
1490 5821 1635 5867 ot....

57 5886 248 5953 nuptia'
270 5886 792 5940 discumbentium...
818 5884 986 5940 videre
1015 5884 1213 5937 disc....
1244 5884 1637 5935 uestimento...

1738 4747 1973 4801 omittere
1993 4763 2011 4800 :
2042 4747 2200 4800 duces
2231 4746 2375 4811 cwci,
2407 4747 2660 4810 liquantes
2691 4747 2929 4807 culicem,
2962 4746 3213 4801 camelunt
3238 4763 3337 4799 au-

1736 4851 1835 4895 tem
1864 4841 2316 4909 contraglutientes
2339 4838 2365 4877 ¹ί
2389 4838 2554 4912 (lbid.
2581 4855 2737 4904 XXIII,
2766 4838 2880 4911 23).
2914 4838 2970 4894 Si
2999 4856 3105 4892 non
3134 4847 3187 4892 tu
3222 4838 3339 4893 haec

1738 4934 1902 5006 digne
1931 4935 2085 4991 audis
2113 4949 2237 4990 cum
2268 4933 2397 4999 illis,
2432 4933 2522 4989 ubi
2552 4945 2637 4989 est
2654 4934 2861 5005 justum
2886 4932 3149 5004 judicium
3190 4932 3337 5003 quod

1736 5109 2017 5155 vestem....
2052 5098 2199 5153 Tunc
2222 5098 2389 5152 ait....
2422 5097 2571 5152 illum
2598 5104 2704 5152 etc.

1812 5168 1833 5209 ί
1877 5170 2146 5225 Civitatem
2176 5169 2305 5239 legit
2334 5168 2463 5225 Sal).

1810 5251 1835 5289 8
1874 5241 2018 5298 lnfra
2067 5237 2436 5298 idem—Lucil.
2492 5238 2714 5295 Intrasti
2761 5254 2867 5295 non
2914 5237 3106 5293 habens
3149 5247 3337 5296 vestem

1735 5324 1886 5369 nunt.

1807 5332 1985 5440 ἐπὶ)ιο
2014 5385 2059 5438 si
2088 5383 2194 5438 Til.
2224 5394 2279 5440 et
2310 5383 2359 5438 Ia
2388 5382 2584 5439 Cerda.

1813 5459 1832 5495 ι
1878 5457 1985 5511 Pro
2012 5454 2169 5525 quod.
2204 5456 2274 5509 l.a
2301 5455 2498 5511 Cerda.

1817 5531 1831 5580 i
1882 5526 2005 5580 Eris
2033 5529 2259 5597 futurus.
2290 5526 2393 5580 Til.

1813 5598 1839 5637 ιε
1879 5595 2344 5670 Transglutientes.
2392 5595 2573 5649 Latin.
2621 5605 2681 5670 ut
2735 5596 2875 5670 idem
2930 5595 3115 5670 Lucil.
3173 5602 3337 5666 paulo

1743 5672 1994 5732 inferius,
2027 5665 2187 5721 v'erso
2232 5668 2396 5722 etiam
2429 5676 2603 5719 autent
2639 5667 2690 5719 in
2721 5676 2788 5720 et.
2816 5665 3023 5721 Verum
3067 5666 3154 5721 hic
3178 5665 3344 5728 nulla

1744 5738 2207 5813 mutationefacta
2239 5738 2472 5813 legerim.
2489 5736 2745 5813 equidem
2772 5737 2993 5796 divisim
3021 5751 3202 5797 contra
3228 5745 3346 5813 glu-

1747 5812 1945 5871 tientes.
1976 5809 2209 5866 Galand.
2237 5806 2345 5865 non
2372 5806 2506 5863 satis
2532 5807 2696 5863 bene.
