4042 6338
509 271 618 336 915

1601 268 1930 334 ιυοιιτεειι
1972 267 2121 336 ΕΡῙΕ

2222 266 2285 334 PI
2319 264 2744 332 CALARITANI
3665 275 3752 336 Olli

508 387 756 466 procedit
775 403 802 442 a
829 395 904 456 te,
926 386 1240 462 quijustum
1264 386 1463 451 virum,
1487 386 1847 458 apostolicam
1870 401 1968 440 cur
1991 394 2017 424 ιι
2038 385 2111 450 sit
2138 390 2186 448 Α
2213 386 2422 458 fugietis
2461 401 2492 439 a
2521 383 2725 454 judicio
2758 393 2782 421 ο
2815 383 3101 454 gehennae?
3137 380 3264 438 Ideo
3291 400 3401 439 ecce
3429 386 3563 442 mitto
3589 387 3648 444 ad
3680 407 3750 446 vos

512 480 819 552 priedicans
849 477 1033 546 fidem,
1065 477 1258 534 nitaris
1289 476 1630 534 interﬁcere?
1657 477 1760 535 Ubi
1793 491 1874 534 e5t
1901 477 2111 554 justum

507 571 818 644 judicium?
864 571 954 644 qui
995 587 1090 629 eos
1123 569 1202 626 sis
1243 569 1499 626 omnibus
1540 570 1742 626 viribus
1775 570 1987 646 imperii
2035 569 2110 624 lui

514 679 875 736 persequens,
905 681 1042 738 quos
1069 664 1254 721 videas
1292 681 1468 742 neque
1495 667 1759 722 damnare
1789 665 1928 721 velle
1961 666 2115 719 inau-

511 757 710 826 ditum,
744 775 921 832 neque
961 759 1123 816 (idem
1154 760 1478 818 catholicam
1509 759 1787 828 deserere,
1823 769 1879 818 et
1910 774 2007 815 eos
2037 759 2112 813 sis

509 849 767 928 diligens,
797 866 935 922 quos
961 851 1476 924 cognoSCas'tecum
1511 864 1564 910 et
1596 855 1914 926 sanguinem
1957 854 2113 906 inno—

510 945 689 1002 centis
716 944 942 1009 fudisse,
972 958 1028 1001 et
1057 945 1220 1003 ﬁdem
1249 946 1618 1020 evangelicam
1653 948 1948 1018 respuisse.
1980 946 2112 1014 Quae

509 1046 596 1092 est
621 1037 762 1110 apud
795 1046 872 1108 te,
898 1048 954 1094 et
981 1039 1032 1094 in
1058 1050 1114 1104 te
1141 1039 1435 1100 constituta
1469 1040 1870 1110 misericordia,
1902 1055 2023 1112 quae
2054 1047 2114 1096 ut

511 1128 858 1200 exhibentur,
900 1129 989 1185 lex
1033 1131 1292 1202 praecepit
1333 1130 1564 1190 sancta?
1608 1147 1806 1204 nempe
1851 1132 1944 1188 illa
1992 1146 2112 1202 quze

507 1233 767 1296 torquet,
811 1222 1131 1294 proscribit,
1179 1223 1464 1294 deportat,
1506 1224 1672 1279 mittit
1713 1225 1769 1280 in
1807 1239 2108 1294 carcerein,

510 1316 737 1372 deducit
779 1315 845 1371 ad
897 1316 1110 1384 exsilia,
1163 1317 1397 1373 collocat
1439 1317 1490 1372 in
1539 1317 1796 1383 metalla;
1849 1317 1940 1373 illa
1991 1334 2112 1390 qua:

508 1408 663 1472 fatui,
696 1409 811 1476 siti,
843 1405 1188 1478 verberibus,
1227 1409 1471 1466 nuditate
1512 1421 1702 1480 necat;
1743 1410 1811 1475 ad
1861 1411 2112 1468 ultimum

502 1501 599 1556 illa
630 1519 749 1573 quae
775 1501 957 1576 gladio
985 1503 1164 1576 punit.
1197 1503 1323 1562 lliec
1352 1515 1458 1572 est,
1491 1502 1801 1573 Constanti,
1831 1515 1922 1564 tua
1951 1507 2114 1564 mise-

509 1595 772 1662 ricordia,
798 1612 920 1670 quae
949 1613 1056 1654 non
1095 1597 1280 1654 veniat
1313 1613 1381 1654 ex
1421 1597 1542 1669 lege
1582 1597 1700 1666 Dei,
1732 1599 1827 1656 sed
1866 1615 1932 1658 ex
1973 1614 2114 1670 pra:-

508 1689 820 1760 sumptione
861 1687 1087 1745 diaboli.
1134 1688 1442 1758 Iudicium,
1487 1701 1534 1746 et
1579 1692 2027 1760 misericordiam,
2066 1702 2114 1750 et

2218 477 2513 550 propltetas,
2540 487 2585 531 et
2613 479 2890 548 sapientes,
2919 488 2967 532 et
2997 478 3210 547 scribas,
3241 488 3286 534 et
3311 496 3372 534 ea:
3400 480 3498 536 illis
3525 483 3750 550 occidens,

2216 581 2265 626 et
2287 569 2621 644 cruciﬁgetis,
2653 583 2699 622 et
2732 571 3093 640 persequimini
3122 571 3185 624 de
3215 571 3415 626 civitate
3438 572 3491 628 in
3523 574 3753 644 civitatem,

2217 674 2270 718 ut
2301 665 2468 719 veniat
2497 665 2566 720 ad
2594 681 2683 718 vos
2715 666 2882 718 omnis
2921 666 3132 737 sanguis
3161 667 3452 737 justoruin,
3484 670 3566 737 qui
3594 668 3757 738 en'iisus

2216 771 2290 815 est
2313 775 2464 832 super
2491 769 2698 823 terram,
2738 776 2770 812 a
2802 760 3055 830 sanguine
3082 758 3208 814 Abel
3228 761 3360 834 justi
3395 777 3545 830 usque
3577 763 3637 816 ad
3659 780 3759 820 san-

2215 853 2422 924 guinem
2447 849 2723 908 Zacharias
2755 851 2855 918 ﬁlii
2886 849 3177 918 Barachitc,
3203 868 3351 924 quem
3386 853 3625 910 occidistis
3649 855 3759 912 inter

2217 945 2461 1014 templum
2484 952 2531 997 et
2551 944 2735 998 altare.
2761 941 2922 997 Amen
2948 944 3086 997 vobis
3111 944 3248 1010 dico,
3281 944 3474 998 venient
3502 946 3601 1004 lucc
3617 947 3759 1004 munia

2213 1053 2370 1110 super
2403 1036 2785 1108 generationem
2823 1037 2975 1092 istaut
3012 1035 3179 1108 (Ibid.
3219 1035 3334 1107 55).
3374 1035 3614 1096 Probaris
3652 1039 3762 1096 acti-

2217 1131 2318 1186 bus
2364 1131 2469 1186 tuis
2504 1146 2567 1186 ex
2606 1129 2713 1184 alio
2755 1143 2957 1200 genere
3001 1137 3056 1184 te
3083 1143 3206 1184 esse
3250 1129 3471 1202 vipereo
3511 1126 3552 1190 ί.
3580 1127 3762 1188 Inveni-

2215 1226 2290 1286 ris
2324 1235 2348 1272 8
2381 1224 2584 1280 etenim
2615 1237 2737 1280 esse
2767 1238 2906 1278 unus
2948 1239 3012 1278 ex
3063 1222 3191 1288 illis,
3216 1221 3283 1278 ad
3329 1236 3464 1293 quos
3508 1221 3613 1280 lucc
3646 1221 3763 1296 quod

2216 1318 2576 1394 perpetraturi
2594 1325 2779 1372 essent
2794 1316 3134 1374 dicebantur.
3159 1315 3266 1370 Aut
3287 1316 3333 1376 si
3357 1329 3516 1388 negas
3531 1329 3642 1376 esse
3658 1325 3700 1368 te
3710 1330 3762 1370 es

2214 1412 2323 1467 illis
2351 1411 2441 1482 qui
2473 1407 2703 1464 audiunt
2737 1423 2834 1464 ore
2871 1407 3085 1464 Domini
3112 1425 3125 1460 :
3158 1405 3454 1480 Serpentes,
3479 1406 3765 1478 generandae

2213 1504 2503 1576 viperarum
2525 1498 2757 1576 (Ibid.);
2789 1499 2958 1572 proba
2986 1515 3093 1555 non
3121 1509 3194 1568 te,
3218 1499 3314 1554 sed
3336 1497 3550 1556 Iudaeos
3577 1495 3602 1534 ¹³
3629 1495 3767 1552 desti-

2215 1613 2376 1653 nasse
2421 1597 2649 1652 militem
2687 1594 2755 1650 ad
2799 1594 3206 1656 Alexandriam,
3237 1591 3547 1652 Iudaeorum
3575 1591 3766 1648 militem

2215 1691 2497 1748 obsedisse
2541 1691 2682 1746 fores
2725 1687 2819 1744 Dei
2849 1687 3064 1753 domus,
3099 1685 3413 1743 Judieornm
3447 1685 3660 1750 militum
3685 1683 3768 1740 dii.

505 1779 685 1852 ﬁdem,
707 1781 835 1850 lucc,
867 1780 1063 1854 inquit,
1086 1797 1182 1838 vos
1203 1784 1432 1854 oportuit
1452 1787 1649 1856 facere,
1665 1785 1818 1844 etilla
1835 1802 1936 1842 non
1957 1788 2113 1844 omit-
2143 1780 2191 1844 B
2217 1801 2334 1841 cem
2361 1785 2528 1840 fuisse
2552 1783 2867 1856 Syrianum.
2899 1781 3072 1836 Proba
3103 1780 3325 1837 Judaios
3355 1781 3622 1850 ingressos
3652 1779 3770 1834 basi-

510 1873 842 1948 tere(Ibid.).
871 1874 973 1930 Ubi
1001 1887 1083 1932 est
1109 1877 1243 1932 lides
1263 1877 1386 1932 tua?
1410 1880 1499 1948 qui
1527 1877 1709 1946 (idem,
1732 1894 1894 1952 quam
1921 1890 2113 1938 tenue-

507 1979 635 2024 runt
673 1968 973 2036 Abraham,
1006 1968 1175 2038 Isaac,
1204 1979 1259 2025 et
1285 1969 1454 2028 Iacob
1493 1957 1820 2038 beatissimi,
1851 1982 1905 2028 et
1930 1974 2114 2030 cuncti

504 2062 825 2132 prophetae,
864 2063 1119 2132 apostoli,
1157 2077 1220 2118 ac
1261 2073 1553 2135 martyres,
1588 2064 1948 2124 damnaveras
1973 2064 2026 2134 ι’,
2057 2075 2115 2126 et

505 2155 653 2210 illam
701 2156 960 2210 statueris
989 2157 1394 2228 suscipiendam
1437 2173 1465 2211 a
1505 2159 1716 2216 cunctis
1753 2159 1849 2218 Dei
1887 2161 2114 2218 cultori~

505 2249 631 2312 bus,
664 2264 824 2320 quam
868 2261 1058 2304 contra
1107 2249 1245 2312 hanc
1287 2251 1618 2308 catholicam
1665 2251 1829 2309 fidem
1861 2253 2113 2312 diabolus

506 2355 606 2410 per
639 2342 957 2414 magistrum
986 2352 1228 2396 vestrum
1254 2342 1446 2404 Arium
1477 2347 1765 2412 vomuerit.
1804 2346 2011 2416 Quibus
2045 2364 2112 2410 ex

506 2434 669 2492 rebus
705 2451 828 2491 esse
873 2436 1200 2510 intelligeris
1231 2453 1371 2492 unus
1402 2453 1468 2492 ex
1514 2439 1620 2494 illis
1655 2440 1748 2514 qui
1789 2440 2115 2516 dignoscan-

504 2537 595 2584 tur
623 2529 814 2584 anilire
841 2547 854 2582 :
899 2528 988 2585 Via
1017 2530 1177 2602 vobis,
1218 2530 1420 2588 Scriba:
1445 2541 1491 2586 et
1518 2531 1776 2594 Pharisa’i
1805 2533 2111 2608 hypocritw,

508 2622 594 2692 qui
639 2619 911 2688 decimatis
954 2623 1239 2690 mentitam,
1269 2632 1318 2686 et
1357 2625 1620 2698 anethum,
1666 2634 1711 2679 et
1749 2626 2034 2696 cyminum,
2065 2637 2114 2690 et

508 2713 790 2786 reliquistis
829 2729 944 2780 qua:
967 2716 1209 2786 graviora
1249 2725 1366 2769 sunt
1396 2717 1546 2787 legis,
1569 2716 1856 2792 judicium,
1885 2728 1933 2772 et
1963 2719 2118 2780 mise-

508 2805 812 2870 ricordiam,
845 2816 892 2861 et
935 2806 1094 2878 ﬁdem
1125 2808 1276 2863 :liiec
1316 2810 1547 2882 oportuit
1574 2809 1770 2882 facere,
1798 2819 1847 2864 et
1874 2810 1968 2864 illa
2013 2827 2115 2874 non

511 2900 746 2952 omittere
774 2914 793 2954 :
823 2898 980 2953 duces
1019 2901 1160 2970 cceci,
1213 2902 1466 2972 liquantes
1513 2903 1726 2956 culicem
1773 2911 1822 2962 et
1859 2902 2115 2962 camelum

513 2992 930 3063 transglutientes
989 2990 1221 3064 (Ibid.).
1279 2997 1381 3047 Aut
1434 2994 1656 3063 negabis
1702 3004 1725 3032 ε
1770 2995 2001 3052 culicem
2063 3006 2114 3051 te

514 3085 740 3156 liquare,
788 3094 841 3138 et
879 3085 1149 3138 camelum
1190 3093 1571 3150 transvorare,
1618 3087 1799 3156 homo,
1841 3089 1955 3158 qui,
1989 3103 2112 3143 cum

2216 1878 2373 1934 licam
2404 1891 2527 1932 cum
2561 1876 2749 1942 armis,
2794 1884 2959 1946 atque
3003 1882 3212 1929 certum
3259 1886 3543 1926 numerum
3583 1869 3771 1924 interie-

2214 1970 2378 2028 cisse.
2408 1969 2466 2026 Si
2495 1969 2729 2040 probare
2767 1982 2874 2023 non
2903 1979 3082 2040 petes,
3113 1966 3238 2036 quia
3271 1974 3491 2020 constet
3519 1971 3569 2018 te
3593 1962 3773 2022 misisse

2213 2064 2282 2120 ad
2333 2064 2423 2118 Dei
2473 2064 2900 2136 iiupugnandam
2953 2059 3303 2130 religionem,
3335 2058 3630 2120 rectissime
3664 2057 3773 2112 dici-

2215 2169 2336 2210 mus
2366 2164 2417 2208 te
2441 2169 2604 2208 unum
2631 2169 2752 2208 esse
2785 2169 2855 2208 cx
2887 2151 3013 2218 illis,
3040 2151 3106 2206 ad
3139 2166 3276 2221 quos
3304 2149 3508 2205 dictum
3537 2157 3646 2205 est:
3670 2147 3772 2205 Ser-

2215 2257 2412 2318 pentes,
2441 2246 2777 2318 generamina
2806 2247 3124 2316 viperarum,
3155 2242 3411 2316 quomodo
3439 2242 3636 2314 fugietis
3653 2239 3774 2314 judi-

2215 2343 2352 2395 cium
2379 2338 2627 2413 gchenna:
2655 2337 2884 2410 (lbid.)?
2925 2337 3040 2392 Non
3088 2337 3207 2390 sine
3251 2335 3424 2391 dubio
3464 2332 3628 2406 fugies
3657 2329 3776 2402 judi-

2215 2437 2359 2488 cium
2399 2429 2696 2503 gebennze,
2737 2433 2835 2488 sed
2883 2432 2994 2487 eris
3039 2445 3257 2502 semper
3299 2429 3416 2484 illic
3455 2427 3639 2482 ardens
3675 2441 3774 2482 cum

2215 2527 2670 2598 conserpeniibus
2704 2526 2831 2594 tuis,
2865 2525 2969 2580 nisi
2998 2525 3094 2580 tibi
3125 2525 3498 2596 prospexeris.
3530 2521 3681 2586 Tunc,
3706 2521 3775 2574 iii-

2217 2622 2353 2698 quil,
2389 2621 2596 2677 tradent
2631 2637 2717 2674 vos
2746 2621 2800 2674 in
2836 2619 3242 2683 tribulationem,
3266 2629 3316 2675 et
3349 2618 3578 2674 occident
3612 2623 3777 2670 vos:et

2219 2717 2364 2772 eritis
2396 2716 2517 2769 odio
2546 2715 2783 2768 omnibus
2819 2713 3054 2786 gentibus
3081 2724 3291 2786 prapter
3321 2729 3506 2768 nomen
3534 2726 3700 2766 meum.
3729 2703 3778 2761 Et

2219 2824 2342 2868 tunc
2382 2807 2880 2865 scandalizabuntur
2926 2809 3118 2862 multi:
3151 2818 3194 2862 et
3235 2808 3457 2866 invicem
3504 2807 3707 2868 tradent,
3743 2809 3782 2856 et

2219 2907 2338 2962 odio
2361 2903 2620 2959 habebunt
2643 2903 2858 2958 invicem
2879 2918 2898 2955 :
2920 2910 2967 2954 et
2992 2901 3142 2956 multi
3161 2900 3618 2969 pseudonroplieta:
3634 2909 3782 2950 exsur-

2219 3008 2339 3072 geitt
2374 2996 2419 3072 ί,
2452 3005 2496 3052 et
2528 2996 2769 3052 sedarent
2796 2994 2990 3048 multos
3017 3010 3036 3048 :
3068 3003 3114 3048 rt
3141 2993 3392 3063 quoniam
3418 2990 3679 3046 abundabit
3704 2987 3783 3040 iiii-

2219 3093 2414 3168 quitas,
2440 3090 2774 3168 perfrigesret
2800 3085 3027 3140 charitas
3051 3088 3335 3142 multorum
3367 3083 3530 3157 (Ibid.
3565 3097 3695 3146 xxiv,
3720 3078 3782 3149 9).

513 3180 708 3248 stipem
751 3194 856 3242 non
889 3178 1066 3240 S‘lium
1099 3189 1342 3256 rogatus,
1383 3179 1479 3234 sed
1515 3190 1569 3236 et
1607 3179 1853 3236 tribuens
1877 3181 1953 3236 sis
1981 3198 2119 3246 non-
2146 3167 2191 3231 C
2222 3184 2277 3240 Si
2322 3167 2429 3240 non
2477 3167 2632 3240 mens
2671 3191 2760 3238 tua
2793 3177 3062 3248 sacrilega
3089 3177 3192 3232 scit
3221 3191 3306 3234 ine
3341 3186 3565 3252 propter
3599 3175 3785 3230 unicam

517 3286 810 3341 numquam
866 3282 1102 3340 sponte,
1155 3280 1378 3338 tamen,
1430 3283 1487 3340 ut
1543 3282 1628 3327 est
1681 3288 1828 3348 sa-pe
1877 3274 2119 3346 dictum,

514 3365 828 3434 proscribas
858 3361 1201 3418 Christianos
1233 3380 1292 3418 se
1326 3365 1674 3428 conﬁtentes,
1705 3367 1985 3438 deportas,
2013 3377 2126 3424 tor-

512 3474 701 3530 queas,
739 3472 1016 3534 poswemo
1041 3458 1376 3514 inici-licius:
1413 3469 1463 3513 et
1495 3461 1702 3516 idcirco
1741 3477 1862 3516 esse
1910 3471 1961 3516 te
1998 3477 2122 3522 cum

510 3556 618 3608 illis
650 3555 820 3610 debes
851 3553 1174 3624 advertere,
1215 3553 1280 3607 ad
1325 3569 1466 3626 quos
1509 3543 1724 3610 dicatur
1767 3573 1779 3608 :
1833 3554 1923 3609 Va:
1961 3555 2122 3626 vobis,

520 3645 720 3699 Scriba'
761 3655 809 3698 et
858 3643 1114 3700 Pliarisiei
1147 3645 1452 3720 Iiypocritte,
1485 3645 1606 3713 quia
1653 3645 1847 3699 similes
1883 3646 2005 3700 estis
2045 3661 2124 3699 se-

519 3734 713 3803 pulcris
754 3733 1040 3804 dealbatis,
1083 3750 1197 3808 qua:
1237 3736 1402 3810 aforis
1443 3747 1625 3808 parent
1668 3737 1958 3792 hominibus
2002 3753 2123 3806 spe-

521 3825 692 3889 ciosa,
739 3825 880 3878 intus
927 3840 1045 3880 vero
1093 3824 1248 3898 plena
1291 3835 1412 3880 sunt
1456 3826 1656 3880 ossibus
1697 3838 2043 3896 mortuorum,
2079 3839 2128 3884 et

518 3917 661 3969 omni
691 3916 947 3983 spurcitia
972 3930 990 3968 :
1021 3917 1094 3972 sic
1121 3927 1169 3970 et
1200 3934 1286 3970 vos
1315 3917 1478 3982 alaris
1503 3920 1708 3990 quidem
1735 3923 1932 3994 paretis
1963 3922 2128 3976 homi-

518 4009 668 4062 nibus
698 4007 855 4078 justi,
899 4008 1038 4062 intus
1075 4025 1195 4062 vero
1227 4009 1368 4080 pleni
1397 4011 1521 4070 estis
1557 4009 1822 4086 hypocrisi
1855 4023 1902 4068 et
1939 4015 2127 4086 iniqui-

520 4110 624 4153 tate
666 4097 832 4172 (Ibid.
864 4097 985 4170 27).
1020 4099 1094 4166 Es
1119 4114 1188 4155 ex
1225 4099 1330 4154 illis
1354 4100 1818 4171 interfectoribus,
1867 4103 1936 4160 ad
1991 4120 2129 4178 quos

519 4194 718 4250 dicitur
743 4212 757 4250 :
786 4193 1088 4270 Serpentes,
1113 4198 1449 4268 generamina
1468 4193 1493 4234 δ
1521 4199 1840 4274 viperarum,
1871 4204 2129 4273 quomodo

597 4384 624 4445 tt
663 4374 771 4445 Pro
797 4374 943 4445 quia.
974 4372 1081 4431 Til.

593 4444 622 4486 δ
662 4443 828 4500 Forte
854 4448 1202 4506 damnaueris.
1233 4447 1312 4502 Id.

601 4525 622 4556 ο
665 4515 722 4579 id
772 4523 887 4586 est,
932 4516 1136 4579 minaris
1182 4529 1440 4592 pracepta
1489 4536 1714 4590 servare,
1755 4529 1959 4598 injora
2001 4542 2128 4581 sou-

533 4597 776 4642 temnere.

600 4655 628 4692 ά
670 4654 837 4738 Vers.
867 4656 996 4711 Ant.
1020 4655 1404 4738 .Prggenies...‘
1427 4678 1544 4738 ecce
1573 4681 1760 4738 ego....
1791 4678 1842 4725 et
1871 4669 2129 4736 sapientes

526 4729 753 4782 viros....
790 4736 848 4809 et.
879 4742 946 4808 ea:
986 4729 1058 4809 eis
1099 4729 1430 4809 flagellabitis
1455 4734 1509 4786 in
1537 4729 1814 4808 syisagogis
1855 4729 2054 4806 vestris,
2083 4750 2131 4795 et

529 4799 983 4882 persequamini“.-
1008 4799 1365 4882 dais'ec’vei’siat
1391 4820 1548 4871 super
1562 4799 1759 4882 'i~os:_..'.
1784 4815 1985 4882 justus,
2018 4799 2127 4868 etc.

605 4879 629 4907 ι·
667 4869 934 4952 Iudicium
964 4869 1180 4952 Lucifer
1204 4871 1365 4940 infra,
1399 4869 1466 4930 et
1493 4879 1757 4948 genintina
1784 4869 1885 4950 pro
1913 4869 2132 4952 genera-

534 4943 692 5004 mina,
729 4950 784 4994 et
813 4956 928 4993 ecce
954 4957 1048 5011 ego
1073 4943 1238 4996 mitto.
1496 4943 1511 4945 ”
1583 4943 1588 4948 ’
1788 4943 1802 4950 “
1861 4947 1864 4950 ’

609 5011 628 5050 f
672 5011 836 5094 Forte
863 5028 1018 5080 quam
1044 5014 1267 5084 vipereo.
1298 5013 1550 5074 Galland.
1580 5020 1678 5075 sed
1707 5024 1925 5090 melius,
1955 5041 2020 5098 ea:
2039 5023 2134 5092 illo

535 5099 720 5156 genere
743 5098 968 5156 vipereo,

613 5163 637 5201 κ
676 5155 812 5208 Cum
848 5152 1022 5208 Vatic.
1050 5155 1224 5216 Antea
1252 5155 1527 5215 inveneris.

607 5223 640 5308 ιξ
679 5226 753 5278 Ea
791 5224 880 5308 hic
912 5225 1124 5308 (innuit,
1155 5242 1273 5308 qua:
1305 5228 1470 5308 impie
1499 5232 1907 5308 crudeliterque
1935 5253 2132 5308 perpe-

607 5255 636 5262 -
679 5255 753 5278 ua
792 5255 880 5278 ιιιυ
920 5255 1124 5307 III-lists,
1155 5255 1273 5296 qua:
1305 5255 1470 5294 Illlplc
1499 5255 1907 5308 cruuellterque
1935 5255 2030 5308 per
2072 5255 2132 5296 eo

539 5305 678 5375 trata
707 5305 833 5348 sunt
855 5308 889 5375 a
911 5294 1312 5375 Syrianoduce
1333 5300 1488 5368 jussu
1515 5301 1849 5375 Cpnstantii,
1880 5320 1935 5363 ut
1963 5255 2136 5375 Aliis-

535 5366 690 5451 nasip
728 5368 1102 5452 expuisohvel
1142 5366 1496 5452 interempto,
1537 5366 1810 5452 Gtt—Q-I'Bilis
1837 5366 2135 5452 "Cappadox

536 5440 592 5521 in
623 5437 1391 5524 eiuslocum.intruderetur
1414 5437 1738 5524 anno.
1787 5437 2021 5524 quaeque
2051 5437 2136 5509 ab

537 5465 592 5521 Eu
623 5465 743 5518 qua
782 5465 1376 5519 IUCUIII'IIslI‘lIUBI‘Clllr
1414 5465 1561 5523 atina
1599 5465 1736 5518 om);
1793 5467 2021 5524 .umquis
2067 5465 2136 5509 ab

537 5525 673 5592 ipSis
702 5507 1086 5592 Alexandrinis
1116 5521 1500 5592 nai-i'antiir_iii
1537 5515 1726 5573 libello
1754 5465 1821 5592 a3
1867 5521 2138 5592 Consulu-

539 5581 671 5636 tium
706 5581 875 5662 misso
915 5587 1157 5648 graviter
1204 5581 1591 5662 de_Syriaiio,_
1623 5583 1848 5662 eiusque
1894 5581 2138 5652 facinore

538 5658 974 5728 quinqueremes;
1006 5665 1130 5728 naui
1176 5655 1527 5728 vigilantibus,
1577 5655 1850 5728 inquiunt,
1895 5665 2036 5720 nobis
2083 5667 2138 5719 in

545 5723 842 5808 υννένξίῖίξε
859 5721 1177 5808 οεετξεεδιει
1201 5721 1522 5808 υῖισατῐίίθίέεέ
1555 5745 1612 5784 σο
1641 5721 1780 5801 ἇαοά
1806 5721 2020 5808 εὐκαιρία
2043 5751 2138 5806 ρα-

529 5806 729 5848 asceves
759 5788 843 5842 die
881 5788 1190 5856 celebranda
1235 5789 1365 5848 assit
1386 5837 1399 5862 ,
1433 5788 1746 5870 de'repe'iite
1797 5788 1896 5874 ῥῖν’
1925 5788 2131 5862 ἶηεῶιί·

2225 3275 2320 3334 Dei
2352 3274 2545 3333 Filium
2570 3273 2678 3346 pati
2707 3272 3143 3342 persecutionem
3175 3285 3205 3332 a
3234 3279 3306 3336 te,
3334 3267 3542 3340 poteris
3567 3283 3662 3328 non
3689 3277 3788 3326 esse

2226 3369 2294 3434 de
2345 3367 2442 3434 illo
2486 3381 2708 3438 genere.
2761 3379 2867 3422 non
2904 3379 3029 3420 esse
3074 3365 3126 3418 in
3167 3364 3387 3424 illorum
3437 3361 3705 3420 sententia.
3733 3355 3785 3412 ad

2226 3477 2363 3534 quos
2391 3459 2595 3518 dicitur
2618 3477 2630 3514 :
2662 3458 2962 3525 Serpentes,
2993 3459 3321 3528 generamins
3349 3457 3658 3526 viperarum,
3678 3465 3786 3524 quo-

2189 3540 2198 3552 ’
2230 3553 2384 3614 modo
2410 3552 2624 3624 fugietis
2666 3568 2696 3604 a
2725 3550 2931 3624 judicio
2973 3549 3254 3622 gehennae?
3283 3547 3420 3604 Ideo
3451 3563 3562 3604 ecce
3586 3547 3713 3600 mitto
3737 3541 3791 3598 ad

2229 3663 2318 3704 vos
2351 3647 2650 3716 prophetas,
2674 3655 2723 3698 et
2753 3644 3042 3714 sapientes,
3069 3651 3117 3696 et
3139 3641 3365 3708 scribas,
3396 3651 3446 3704 et
3477 3657 3539 3696 ea“.
3568 3639 3664 3696 illis
3685 3634 3795 3692 octi-

2228 3741 2381 3803 deti's,
2409 3749 2457 3798 et
2481 3737 2818 3807 cruri/igetis,
2846 3745 2894 3791 et
2917 3733 3280 3806 persequimini
3303 3733 3373 3786 de
3399 3733 3601 3788 civitate
3623 3730 3670 3784 in
3697 3726 3794 3790 ciiii-

2230 3842 2389 3894 iatem
2417 3829 2587 3900 (Ibid.
2619 3844 2809 3896 xxxiii,
2840 3827 2955 3899 55).
2994 3827 3128 3900 Quae
3166 3841 3290 3888 cum
3329 3835 3391 3892 tu
3433 3826 3511 3882 sis
3543 3823 3690 3886 hodie
3723 3833 3794 3900 ge-

2230 3940 2379 3990 rens,
2422 3938 2622 3994 negare
2667 3938 2772 3977 non
2813 3921 3042 3976 audebis
3071 3928 3126 3976 te
3154 3920 3224 3975 de
3253 3922 3448 3990 vipera
3481 3931 3599 3976 esse
3638 3927 3796 3988 proge-

2231 4017 2399 4074 niem.
2459 4013 2792 4072 interemisti
2845 4013 2989 4068 enim
3033 4013 3223 4068 multis
3267 4013 3323 4066 in
3378 4012 3519 4068 locis
3568 4006 3796 4081 plurimas

2231 4107 2689 4172 Christianorum,
2722 4105 2856 4162 alios
2892 4105 3110 4160 detines
3139 4105 3353 4160 vinctos
3391 4105 3446 4160 in
3493 4099 3792 4161 carceribus,

2233 4203 2287 4256 in
2316 4199 2640 4272 ergastulis;
2685 4199 2853 4254 etiam
2899 4198 3026 4254 hinc
3074 4198 3283 4268 poteris
3327 4197 3522 4252 videre
3569 4205 3618 4249 te
3658 4201 3794 4246 unum

2236 4392 2433 4452 pestam
2487 4390 2778 4438 noctem....
2834 4382 2888 4436 in
2943 4381 3072 4452 ipsis
3126 4381 3521 4440 recitationibus
3570 4393 3799 4452 sacraria!

2151 4457 2207 4518 D
2235 4448 2508 4509 lectionum
2527 4455 2720 4523 januas
2748 4448 2995 4523 [regit.‘..'.
3030 4453 3199 4507 statim
3243 4469 3306 4506 ea:
3344 4453 3493 4506 illius
3537 4453 3692 4506 edicto
3727 4448 3802 4523 alii

2232 4527 2450 4596 sagittas
2475 4521 2770 4578 mittere....
2803 4521 3049 4596 ensesque
3076 4523 3144 4576 ad
3154 4525 3342 4596 lucem
3372 4524 3697 4596 candelaruin
3721 4521 3800 4573 nti-

2233 4595 2372 4664 care,
2400 4597 2624 4667 virgines
2654 4596 2828 4650 multis
2856 4595 3084 4667 calcibus
3112 4595 3334 4667 elidi....
3366 4597 3459 4667 icti
3487 4595 3679 4667 sagittis
3706 4607 3800 4667 prr-

2235 4671 2360 4741 fossi
2386 4664 2678 4741 concidere,
2708 4667 2868 4741 aliqui
2897 4665 3118 4741 militum
3159 4664 3225 4741 ad
3258 4666 3494 4741 praedam
3523 4664 3801 4741 versirirgi-

2235 4734 2324 4795 nes
2358 4740 2714 4793 denudare...
2749 4734 3064 4807 EpiscOpus,
3095 4736 3447 4801 Athanasius,
3484 4752 3574 4804 per
3609 4734 3659 4787 id
3695 4743 3801 4792 teni-

2235 4827 2331 4883 pus
2356 4810 2652 4883 sedebatuin
2698 4809 2904 4872 throno,
2947 4824 3120 4861 omnes
3150 4807 3228 4883 ad
3260 4824 3436 4883 preces
3467 4808 3801 4883 cohortaris...

2235 4880 2352 4942 cuiu
2394 4883 2514 4938 hinc
2549 4881 2694 4938 illinc
2732 4888 3046 4949 raptaretur,
3091 4880 3301 4936 minime
3339 4881 3512 4932 minus
3551 4880 3804 4949 discerpitis

2238 4956 2429 5024 fuit...
2463 4961 2510 5006 et
2553 4945 2806 5005 nescimus
2842 4949 2965 5020 quid
3001 4953 3064 5002 de
3096 4950 3189 5003 illo
3226 4954 3421 5019 factum
3464 4953 3618 5024 sit._._..
3651 4945 3804 5024 deinde

2237 5019 2309 5078 tot
2341 5028 2629 5079 occisorum
2657 5019 2920 5076 hominum
2945 5036 3162 5093 corpora
3183 5024 3460 5093 jusserunt
3491 5021 3673 5093 milites
3689 5035 3739 5071 ea
3761 5019 3803 5070 in

2237 5097 2453 5159 occultis
2471 5099 2676 5160 abdere.
2698 5089 3065 5158 Sanctissimas
3085 5089 3254 5152 autem
3276 5093 3499 5164 virgines
3519 5089 3801 5164 interiectas,

2236 5157 2406 5240 ibique
2431 5157 2648 5246 relictas
2668 5165 2747 5246 λη
2786 5157 3569 5246 monumentis.sepelierunt.:..
3622 5157 3810 5246 Uiacoiti

2240 5227 2394 5308 paizro
2427 5239 2477 5291 in
2515 5238 2626 5307 ipso
2656 5233 2929 5308 Dominico
2971 5233 3062 5287 alii
3090 5227 3258 5306 plagis
3288 5235 3705 5308 concidebantiir,
3728 5227 3806 5308 alii

2239 5303 2458 5370 vinculis
2502 5303 3330 5382 constringebantur....'quisque
3364 5321 3461 5376 pro
3495 5322 3588 5370 sua
3625 5303 3804 5382 libidine

2239 5381 2420 5460 fractis
2459 5381 2602 5438 ostiis
2643 5374 3071 5460 introrumpebat,
3109 5374 3803 5460 scrutabaturlque'opinionis

2241 5445 2298 5506 ea
2325 5451 2436 5504 loca
2465 5463 2759 5521 penetrans,
2786 5445 2983 5521 inquae
3013 5445 3114 5501 nan
3143 5447 3372 5521 omnibus
3419 5445 3712 5521 Christianis
3739 5445 3804 5521 [at

2240 5533 2314 5576 est
2344 5513 2574 5575 introire.
2620 5513 2752 5574 Haec
2790 5513 2891 5573 illi;
2931 5519 3101 5582 Porro
3140 5520 3401 5573 discimus
3435 5534 3502 5582 ex
3537 5517 3634 5570 hoc
3673 5513 3804 5576 Luci-

2242 5595 2338 5662 feri
2389 5595 2698 5646 testimonio
2739 5591 2969 5646 ﬁnxisse
3007 5590 3263 5660 Arianos,
3304 5606 3363 5644 ea
3405 5605 3474 5645 ex
3520 5585 3800 5646 Judawrum

2245 5664 2476 5733 tumultu
2507 5670 2715 5733 patrata
2735 5663 2943 5733 fuisse.

2321 5734 2335 5772 ί
2382 5729 2542 5792 Vers.
2572 5733 2699 5788 Ant.
2725 5730 3096 5804 Insurgent....
3120 5731 3492 5796 abundavit...
3517 5729 3802 5814 νομίσασα.

3965 2480 3967 2626 l

3967 2814 3969 2960 ί
