3836 6348
29 232 143 292 917
1153 247 1289 307 PRO
1323 248 1596 311 SANC'I'O
1632 250 2032 313 ATHANASIO
2071 255 2199 315 LIB.
2241 255 2308 317 ll.
3275 258 3383 319 9l8

30 372 161 411 esse
202 372 276 413 ex
328 360 488 428 illis,
535 364 610 419 ad
652 378 788 434 quos
824 364 1061 423 dicitur:
1097 365 1392 436 Serpentes,
1423 368 1681 441 genimina
1710 371 1759 433 Α
1785 369 1929 439 quod
1974 386 2147 425 omnes
2176 375 2263 442 qui
2291 374 2523 447 gladium
2562 377 2840 449 accipiunt,
2870 376 3049 447 gladio
3077 384 3196 432 sunt
3235 376 3379 441 peri-

29 450 354 519 viperarum
401 453 656 526 (Ibid.);
689 468 744 512 et
786 458 968 517 infra:
1000 460 1134 515 Ecce
1169 474 1264 532 ego
1306 463 1451 517 mitto
1488 463 1557 519 ad
1603 479 1687 519 vos
1791 463 1894 517 turi
1936 473 1957 501 ε
1988 461 2203 534 (Ibid).
2244 464 2383 533 Quid
2433 464 2845 536 acceptut‘usd?
2884 467 2974 537 qui
3020 465 3122 523 nisi
3165 466 3379 523 veniam

30 546 360 613 praphetas,
394 558 450 603 et
484 551 773 623 sapientes,
802 561 848 607 et
874 553 1094 621 scribas,
1115 563 1168 609 et
1202 571 1266 609 ea:
1302 554 1408 609 illis
1445 557 1687 612 occideris
1786 553 2089 611 facinorum
2135 565 2373 624 tuorum,
2418 560 2648 619 credens
2693 560 2745 617 in
2789 574 2911 615 eum
2961 573 3126 628 quem
3172 571 3381 628 negans

34 635 214 709 (ibid.
273 638 425 707 54):
463 642 607 698 dum
664 660 773 699 non
830 661 925 701 eos
963 646 1204 718 dignaris
1230 652 1525 718 exsecrari,
1551 667 1689 722 quos
1791 647 1993 713 fueris,
2038 659 2365 705 consecutus
2417 653 2575 707 toties
2622 652 2886 707 mercaris
2928 659 2983 706 et
3019 649 3237 720 quidem
3284 649 3384 707 Dei

32 730 238 785 videas
268 747 378 803 per
412 735 805 793 abundantem
838 739 1177 809 iniquitatem
1212 751 1355 797 tuam
1390 746 1689 801 recessisse
1791 740 1995 810 percuti
2025 740 2226 811 gladio,
2252 742 2466 812 quoties
2493 752 2546 797 ιιι
2575 744 2910 813 percusseris
2935 744 3053 813 ejus
3074 743 3381 799 clementia

31 823 104 879 ab
130 825 474 897 apostolica
508 828 646 894 fide,
674 830 815 899 illos,
841 847 1071 902 quorum
1094 835 1406 905 perfrixerit
1423 836 1687 904 cbaritas,
1790 837 2016 895 dicatos.
2046 838 2178 905 Quis
2203 848 2227 874 θ
2253 838 2415 893 homo
2448 839 2541 896 Dei
2581 839 2959 896 sacerdotibus
2997 837 3381 907 imponendam

32 914 137 970 sed
166 930 272 971 eos
310 932 468 988 quos
511 920 703 976 videas
730 936 1059 991 permanere
1091 925 1145 981 in
1184 940 1251 981 eo
1280 933 1426 982 statu
1454 926 1603 994 ﬁdei,
1633 928 1685 985 in
1790 929 1975 986 dixisti
2019 932 2396 985 necessitatem
2429 931 2495 987 ad
2530 932 2811 988 absentem
2844 930 3277 1001 percutiendum,
3312 929 3381 989 ad

35 1022 147 1077 quo
181 1020 504 1065 manentes
541 1012 693 1068 beati
728 1014 1033 1085 propltetze,
1063 1019 1318 1086 apostoli,
1350 1028 1515 1089 atque
1547 1034 1687 1076 mar-
1790 1021 2091 1076 inauditum
2148 1021 2512 1092 puniendum,
2567 1023 2635 1079 ad
2690 1024 2996 1079 innocentis
3052 1021 3382 1080 fundendum

38 1110 196 1171 tyres
250 1115 608 1161 meruerunt
653 1114 891 1163 aeternas
937 1108 1035 1164 Dei
1081 1112 1343 1181 consequi
1393 1112 1686 1171 amicitias.
1787 1113 2143 1183 sanguinem?
2175 1113 2289 1169 Cur
2319 1114 2537 1171 noluisti
2573 1114 2748 1171 audiri
2784 1114 3139 1172 Athanasium
3182 1128 3379 1172 consa-

38 1191 157 1247 Nou
185 1193 345 1248 enim
398 1198 559 1267 apud
609 1198 998 1255 Alexandriam
1044 1201 1350 1259 Machetam
1383 1211 1408 1239 α
1440 1213 1494 1258 et
1524 1203 1688 1275 Dydi-
1788 1206 2067 1262 cerdotem
2100 1216 2343 1265 nostrum
2371 1221 2402 1261 a
2439 1206 2627 1261 nobis?
2669 1205 2779 1263 Cur
2808 1209 2888 1263 sic
2927 1222 3079 1265 more
3109 1209 3383 1266 latronum

39 1302 189 1345 mam
234 1302 310 1343 ex
364 1290 731 1361 presbyteris
775 1295 1106 1359 exsecraris,
1150 1294 1239 1365 qui
1285 1304 1580 1353 noscantur
1620 1311 1688 1352 ex
1789 1300 1999 1355 occulte
2047 1314 2147 1355 nos
2187 1300 2438 1371 jugulare
2483 1299 2575 1355 Dei
2619 1299 2891 1357 hominem
2932 1300 3228 1358 volueras?
3279 1302 3383 1359 nisi

38 1376 393 1435 Christianis
426 1381 569 1439 facti
616 1382 829 1449 Ariani,
879 1385 974 1441 sed
1017 1400 1135 1451 eos.
1183 1402 1322 1458 quos
1369 1388 1547 1445 adhuc
1594 1402 1688 1444 eo-
1787 1392 1912 1462 quia
1942 1392 2017 1447 sis
2052 1407 2119 1448 ex
2148 1391 2276 1459 illis,
2303 1392 2355 1447 in
2383 1407 2615 1464 quorum
2645 1392 3128 1462 exprobrationem
3170 1395 3384 1464 prolata

40 1473 278 1543 gnoscis
311 1483 478 1531 stare
512 1476 823 1531 nobiscum.
850 1479 1022 1533 Autsi
1051 1494 1157 1535 non
1185 1481 1256 1536 ita
1281 1491 1385 1548 est,
1418 1497 1517 1537 cur
1543 1498 1689 1540 nunc
1786 1484 1895 1539 sint.
1922 1484 2035 1539 haec
2064 1500 2079 1539 :
2110 1482 2280 1539 Nemo
2312 1485 2545 1541 ascendit
2570 1485 2625 1538 in
2660 1484 2866 1552 calum,
2894 1485 2993 1540 nisi
3018 1486 3107 1555 qui
3153 1485 3219 1541 de
3257 1489 3385 1543 ccela

46 1583 154 1621 non
198 1567 542 1623 exsecraris
576 1568 857 1641 Dydimam
896 1580 952 1627 et
995 1572 1318 1641 Macbetam,
1356 1589 1491 1647 quos
1528 1585 1685 1631 antea
1786 1576 2084 1644 descendit,
2133 1575 2305 1633 Filius
2353 1578 2575 1633 hominis
2625 1579 2713 1647 qui
2761 1586 2835 1632 est
2888 1578 2941 1631 in
2985 1578 3125 1634 cretis
3154 1578 3200 1633 ί.
3236 1579 3387 1637 Sicut

46 1661 497 1717 exsecrabaris?
530 1663 636 1717 nisi
670 1664 794 1734 quia
830 1671 956 1720 tunc
996 1681 1023 1723 ει
1060 1677 1111 1721 te
1152 1665 1387 1723 fuissent
1427 1682 1683 1724 exsecra-
1785 1668 1918 1722 enim
1944 1666 2149 1739 Moyses
2180 1668 2422 1724 exultavit
2443 1677 2729 1738 serpentem
2754 1667 2806 1721 in
2833 1668 3055 1733 deserto,
3082 1670 3159 1723 sic
3185 1678 3387 1739 oportet

48 1753 188 1809 biles
230 1752 447 1821 habiti,
494 1756 626 1825 quia
666 1768 853 1812 essent
897 1757 1075 1814 adhuc
1112 1759 1324 1816 scilicet
1361 1762 1678 1831 Christiani,
1710 1758 1758 1819 B
1786 1762 2003 1817 exaltari
2029 1762 2227 1817 Filium
2252 1762 2504 1830 hominis,
2546 1771 2604 1817 ut
2646 1764 2809 1818 omnis
2853 1765 2943 1833 qui
2973 1763 3133 1819 credit
3160 1765 3213 1819 in
3242 1780 3383 1831 eunt,

52 1861 201 1902 nunc
235 1861 381 1902 vero
406 1848 530 1903 sint
576 1848 670 1903 tibi
701 1849 1043 1920 charissimi,
1090 1854 1216 1923 quia
1259 1854 1516 1912 videlicet
1562 1871 1687 1913 esse
1786 1854 1967 1911 habeat
1992 1864 2016 1902 Β
2040 1855 2194 1909 vitam
2234 1863 2501 1912 «sternam.
2538 1854 2631 1912 Sic
2666 1854 2801 1910 enim
2829 1851 2970 1908 Deus
3011 1856 3262 1913 mundum
3297 1856 3386 1913 di-

49 1947 373 2007 cmperunt,
413 1948 481 1994 ut
533 1949 590 1993 tu
638 1956 698 1995 es
741 1951 1008 2015 apostata,
1044 1944 1369 2015 blasphemi.
1421 1948 1525 2003 Sed
1568 1948 1682 2019 jam
1791 1950 1933 2017 texit,
1971 1958 2025 2005 ut
2068 1948 2266 2004 Filium
2307 1966 2459 2005 suum
2494 1953 2704 2004 unicum
2730 1946 2758 1986 ιι
2786 1950 2951 2015 daret,
2989 1959 3047 2005 ut
3089 1952 3258 2006 omnis
3298 1953 3389 2022 qui

52 2031 363 2093 credimus,
392 2040 449 2085 te
480 2040 613 2102 post
636 2041 811 2089 tantas
841 2036 1189 2106 probationes
1212 2038 1305 2095 tibi
1329 2039 1611 2097 exhibitas
1634 2049 1687 2099 te
1788 2041 1948 2097 credit
1979 2042 2033 2095 in
2059 2058 2199 2104 eum,
2234 2058 2337 2096 non
2364 2050 2557 2110 pereat,
2587 2040 2677 2099 sed
2704 2041 2857 2096 vitam
2896 2049 3143 2097 (sternam
3169 2041 3383 2100 habeat.

1793 2131 1918 2188 Non
1938 2133 2072 2189 enim
2093 2134 2231 2189 misit
2252 2131 2391 2189 Deus
2419 2132 2618 2188 Filium
2637 2150 2789 2189 suum
2809 2134 2862 2187 in
2882 2134 3133 2189 mundum
3159 2144 3214 2189 ut
3231 2136 3388 2207 judi-

1791 2236 1865 2281 cet
1911 2226 2180 2294 mundum,
2209 2228 2299 2283 sed
2325 2236 2379 2281 ut
2403 2226 2627 2281 salvetur
2655 2226 2877 2281 mundus
2911 2243 3001 2298 per
3028 2226 3219 2296 ipsum.
3253 2226 3386 2284 Ideo

1790 2320 1879 2390 qui
1906 2319 2066 2374 credit
2093 2320 2147 2374 in
2175 2336 2313 2388 eum,
2346 2336 2449 2374 non
2469 2320 2780 2390 judicatur:
2807 2323 2897 2391 qui
2924 2331 3097 2377 autem
3132 2338 3236 2379 non
3277 2338 3389 2381 cre-

1791 2411 1867 2466 dit
1909 2411 1964 2465 in
2005 2427 2152 2477 eum,
2185 2414 2303 2484 jam
2335 2411 2608 2484 judicatus
2643 2421 2750 2479 est,
2781 2412 2906 2482 quia
2944 2429 3047 2473 non
3082 2413 3304 2471 credidit
3331 2414 3389 2473 in

1792 2505 1996 2559 nomine
2035 2505 2177 2559 unici
2221 2501 2352 2560 Filii
2396 2502 2516 2559 Dei.
2560 2502 2676 2558 Hoc
2724 2502 2739 2542 ί
2786 2514 2860 2559 est
2895 2514 3067 2563 autem
3096 2506 3382 2578 judicium.

1791 2596 1912 2662 quia
1945 2595 2036 2651 lux
2067 2596 2203 2650 venit
2238 2596 2292 2651 in
2316 2597 2591 2663 mundum,
2618 2605 2665 2651 et
2694 2596 2985 2653 dilexerunt
3015 2597 3244 2655 homines
3289 2615 3387 2667 po-

1792 2688 1891 2742 tius
1932 2689 2161 2745 tenebras
2200 2705 2354 2757 quam
2389 2689 2597 2745 lucem:
2622 2699 2768 2747 eram
2802 2690 2939 2745 enim
2975 2706 3136 2762 opera
3178 2691 3391 2748 illorum

1790 2782 1948 2837 mala.
1990 2780 2169 2835 Omnis
2197 2783 2285 2852 qui
2326 2798 2485 2854 prava
2510 2782 2634 2853 agit,
2670 2782 2777 2837 odit
2806 2781 2971 2838 lucem
3005 2782 3054 2849 t';
3084 2793 3139 2837 ut
3170 2799 3272 2841 non
3302 2799 3390 2841 ar-

1790 2882 2015 2947 guantur
2044 2889 2200 2945 Opera
2225 2877 2357 2948 ejus.
2392 2872 2532 2928 Nam
2575 2875 2662 2946 qui
2694 2874 2820 2945 facit
2850 2877 3135 2942 veritatem,
3168 2875 3304 2930 venit
3332 2876 3388 2935 in

54 2134 221 2173 unum
257 2136 389 2176 esse
424 2137 497 2177 ex
552 2124 679 2193 illis,
709 2127 773 2180 ad
804 2142 939 2198 quos
967 2128 1185 2197 dicitur,
1217 2130 1516 2204 Serpentes,
1543 2134 1687 2207 geni-

54 2217 198 2270 mina
238 2217 584 2287 viperarum,
616 2222 873 2291 quomodo
913 2222 1125 2294 fugietis
1154 2241 1185 2279 a
1205 2225 1410 2298 judicio
1437 2227 1690 2301 geltenntz

58 2307 226 2379 (Ibid.
270 2310 418 2383 33)?
451 2311 715 2369 daturum
761 2325 811 2371 te
853 2330 1077 2386 operam
1124 2333 1234 2389 quo
1281 2320 1456 2391 possis
1495 2335 1690 2379 curare

56 2403 289 2457 vulnera
318 2403 423 2459 tibi
457 2420 562 2475 per
590 2406 861 2462 diabolum
888 2408 1090 2465 inflicta
1119 2418 1226 2466 tam
1249 2412 1457 2483 gravia,
1484 2414 1609 2482 quia
1635 2422 1691 2471 et

58 2496 341 2557 homicida
386 2499 471 2555 sis
516 2509 573 2556 et
619 2503 961 2573 sacrilegus:
994 2517 1023 2556 a
1055 2504 1251 2574 quibus
1290 2506 1616 2565 criminibus
1642 2508 1688 2562 si

59 2600 111 2645 te
155 2591 421 2648 nolueris
460 2593 717 2661 liberari,
762 2597 981 2667 sanguis
1032 2608 1155 2652 tuus
1199 2599 1510 2669 requiratur
1543 2616 1574 2655 a
1610 2609 1686 2668 te,

60 2699 159 2739 nos
190 2700 385 2740 coram
410 2687 531 2742 Deo
564 2688 748 2743 mundi
780 2689 942 2745 futuri
970 2705 998 2744 a
1030 2691 1297 2762 sanguine
1331 2702 1447 2758 tuo,
1474 2693 1565 2761 qui
1592 2692 1688 2753 tibi

62 2776 323 2839 omnibus
356 2779 660 2837 veritatem
704 2782 1123 2857 patefecerimus
1155 2784 1367 2847 modis;
1414 2799 1443 2838 a
1487 2792 1539 2839 te
1580 2800 1687 2843 non

62 2873 241 2929 solum
279 2882 431 2940 tuus,
464 2873 665 2939 sedet
709 2890 899 2931 eorum
936 2878 1246 2948 requiratur
1276 2879 1521 2949 sanguis,
1550 2894 1688 2949 quos

65 2974 157 3021 aut
180 2966 249 3022 ad
277 2966 557 3025 breresem
588 2968 890 3038 perduxisti
923 2971 1350 3041 suscipiendam,
1383 2984 1477 3027 aut
1505 2973 1571 3027 ad
1598 2974 1687 3027 in-

69 3071 356 3119 nocentem
390 3062 625 3121 illexisti
651 3062 1033 3133 jugulandum.
1067 3064 1172 3118 Sed
1196 3065 1239 3119 si
1261 3064 1502 3123 dixeris:
1534 3066 1688 3120 Arbi-

1791 2971 1982 3033 lucem,
2012 2978 2067 3022 ut
2108 2970 2501 3041 manifestentur
2525 2985 2685 3037 opera
2712 2968 2846 3039 ejus,
2885 2968 3131 3039 quoniam
3177 2968 3232 3025 in
3278 2967 3389 3027 Deo

1793 3073 1865 3115 est
1898 3060 1919 3099 ¹ι
1955 3063 2165 3131 factum‘
2188 3061 2368 3129 (Jaan.
2415 3079 2497 3127 ιιι,
2544 3062 2658 3134 15).
2699 3062 2758 3119 Si
2788 3077 3002 3119 servum
3035 3072 3089 3117 te
3123 3062 3265 3117 unici
3297 3077 3393 3120 co-

73 3154 249 3211 trabar
289 3156 512 3211 illorum
554 3156 861 3212 catholicam
909 3158 1069 3227 fuisse
1114 3157 1301 3228 ﬁdem.
1342 3176 1469 3229 quos
1521 3159 1689 3215 dicitis
1716 3148 1761 3210 C
1792 3168 2084 3225 gnosceres
2106 3152 2201 3209 Dei
2228 3154 2371 3221 Filii,
2398 3168 2687 3225 numquam
2717 3146 2960 3224 profecto
2986 3154 3103 3222 ejus
3131 3152 3392 3222 majesta-

70 3245 328 3312 Arianos;
370 3248 418 3302 si
465 3249 520 3301 in
578 3246 703 3303 fidei
752 3248 953 3309 nutaSti
1013 3263 1196 3309 causa.
1243 3250 1287 3305 si
1320 3250 1465 3320 quod
1512 3250 1552 3305 ii
1598 3251 1689 3321 qui

71 3337 295 3394 credere
334 3353 397 3394 se
442 3338 637 3395 dicant
682 3340 734 3395 in
783 3350 1087 3397 creaturam
1122 3341 1379 3411 ignorasu
1407 3342 1551 3413 quod
1582 3344 1693 3403 sint

78 3432 342 3499 haeretici,
377 3432 435 3487 bi
468 3434 570 3505 qui
600 3434 787 3488 dicant
816 3434 985 3489 Deum
1017 3448 1123 3488 non
1154 3434 1355 3490 habere
1387 3450 1573 3493 verum
1602 3435 1690 3495 Fi-

77 3524 231 3593 lium,
283 3528 560 3600 numquid
601 3528 766 3584 etiam
816 3528 918 3583 hoc
966 3528 1249 3599 ignorasti,
1298 3529 1423 3599 quia
1467 3544 1574 3584 non
1624 3527 1698 3593 sit

75 3619 282 3688 justum
325 3621 514 3689 gladio
550 3623 803 3692 persequi
837 3622 1223 3679 innocentem?
1252 3623 1512 3693 numquid
1543 3623 1696 3695 fuge-

82 3719 162 3765 rat
207 3722 257 3767 te
298 3712 511 3770 dixisse
550 3712 838 3771 Domi-num
880 3715 1041 3769 beato
1076 3713 1272 3775 Petro;
1301 3715 1547 3771 Converte
1581 3718 1696 3789 gle-

86 3804 229 3859 dium
269 3815 419 3865 tuum
466 3809 523 3862 in
564 3809 676 3862 loco
719 3806 885 3865 θυοδ.
923 3806 1111 3865 Omnes
1135 3809 1271 3865 enim
1304 3810 1394 3880 qui
1433 3811 1695 3879 accipiunt

87 3898 340 3968 gladium,
365 3900 551 3970 gladia
581 3901 818 3970 peribunt
880 3901 1044 3973 (Ibid.
1081 3918 1239 3968 xxvr,
1273 3901 1405 3971 52)?
1436 3903 1573 3971 Quid
1614 3904 1695 3959 in-

92 3999 257 4055 terea,
300 3992 629 4057 Constanti,
665 4004 917 4063 acturus,
960 3996 1048 4067 qui
1102 4003 1303 4049 tantam
1352 3994 1555 4050 CltriSIi
1602 3996 1695 4051 Dei

93 4083 230 4139 unici
264 4081 383 4139 Filii
428 4100 712 4139 servorum
761 4085 1096 4141 interemeris
1129 4085 1570 4143 multitudinem?
1600 4086 1696 4143 Vi-

96 4172 219 4228 deas
255 4176 458 4231 etonim
486 4191 638 4241 eum,
676 4191 838 4245 quem
868 4176 921 4235 in
957 4190 1055 4231 nos
1093 4177 1457 4247 persequeris,
1489 4177 1697 4245 dicere,

169 4345 193 4372 ³
236 4339 277 4391 A
303 4337 538 4393 Socrate
570 4337 665 4392 lib.
697 4353 755 4401 ιι,
787 4353 905 4402 cap.
943 4336 1035 4402 ‘23,
1068 4347 1120 4389 ct
1148 4335 1458 4405 Nicephoro
1488 4335 1583 4391 lib.
1617 4350 1693 4401 rx,

1800 3256 1906 3302 tem
1955 3262 2205 3318 negares,
2238 3263 2530 3319 numquam
2572 3247 2691 3318 ejus
2730 3261 2918 3303 servos
2965 3262 3111 3303 nunc
3156 3246 3392 3313 occulte,

1798 3355 1939 3396 nunc
1967 3340 2179 3411 publice
2202 3339 2439 3412 jugulari
2462 3338 2779 3405 mandares;
2811 3338 2907 3394 sed
2933 3338 3060 3410 quia
3082 3338 3159 3393 sis
3182 3346 3397 3401 amator

1801 3433 2171 3499 tenebrarum,
2218 3433 2417 3509 quippe
2465 3431 2709 3495 tenebra,
2760 3431 2885 3501 quia
2935 3431 3046 3486 sint
3090 3445 3252 3501 opera
3304 3439 3396 3489 tua

1801 3527 1965 3593 mala,
2001 3525 2226 3585 noluisti
2272 3542 2386 3582 rem
2417 3540 2580 3597 quam
2612 3525 2888 3581 detuleras
2916 3522 3236 3596 plenissime
3261 3538 3397 3583 exa-

1804 3621 1997 3676 minari
2031 3635 2127 3690 per
2177 3621 2267 3675 Dei
2318 3620 2650 3677 sacerdotes.
2691 3619 2801 3677 Cur
2846 3617 3104 3674 uoluisti?
3134 3616 3241 3675 nisi
3269 3617 3397 3689 quia

1803 3712 2050 3769 timueris
2073 3727 2209 3785 opus
2239 3721 2389 3769 tuum
2421 3710 2686 3783 publicari
2718 3712 3113 3783 serpentinum.
3145 3707 3286 3777 Dum
3313 3725 3403 3765 su-

1802 3822 1913 3860 mus
1942 3808 1996 3861 in
2021 3822 2253 3878 corpore,
2282 3805 2460 3876 inquit
2483 3804 2785 3876 apostolus,
2815 3804 3205 3877 peregrinantur
3232 3820 3265 3857 a
3292 3800 3403 3861 Da-

1802 3899 1939 3953 mino
1971 3895 1989 3934 1
2019 3916 2031 3951 :
2056 3914 2119 3953 ea:
2167 3898 2270 3967 ﬁde
2312 3898 2448 3955 enim
2491 3897 2815 3953 ambulamus
2863 3912 2966 3955 non
3007 3912 3099 3968 per
3138 3896 3402 3967 speciem:

1802 3992 2049 4045 audemus
2074 3991 2228 4045 etiam
2250 3991 2431 4044 bonam
2451 3990 2761 4044 voluntatem
2792 3988 3030 4043 habentes
3056 3988 3225 4061 magis
3258 4001 3404 4057 pere-

1802 4083 1998 4155 grinari
2023 4099 2054 4136 a
2075 4098 2289 4155 corpore
2309 4092 2354 4140 et
2380 4093 2649 4153 prtesentes
2672 4098 2779 4139 esse
2798 4080 2866 4136 ad
2886 4079 3187 4147 Dominum,
3211 4089 3259 4134 et
3283 4097 3405 4139 catt-

1808 4178 2060 4231 tendimus
2085 4178 2189 4231 sive
2219 4177 2448 4233 absentes
2467 4177 2570 4231 sive
2594 4185 2871 4248 prasentes
2901 4174 3102 4243 placere
3128 4173 3230 4226 illi.
3264 4171 3406 4225 Nam

1875 4333 1904 4375 ³³
1947 4334 2101 4388 Vera.
2132 4336 2258 4405 Ant.
2296 4332 2724 4405 Unigenitum....
2754 4328 3212 4405 credidit...._Qui
3248 4328 3411 4405 credit

102 4421 220 4473 cap.
246 4408 340 4473 il,
376 4410 602 4464 Achelos
630 4399 865 4474 dicitur,
893 4419 952 4464 nt
988 4399 1150 4461 etiam
1185 4399 1432 4461 Latinius
1465 4399 1698 4460 notavit.
1728 4405 1780 4464 D
1811 4406 2054 4476 (omisso
2098 4403 2345 4476 ideo)....
2392 4399 2481 4475 qui
2524 4411 2698 4456 autem
2727 4416 2831 4455 non
2861 4400 3024 4454 credit
3070 4399 3310 4472 (omisso
3351 4400 3411 4454 in

105 4477 151 4531 Is
177 4491 292 4533 erat
322 4482 613 4547 diaconus,
647 4497 770 4534 cum
812 4496 956 4534 anno
984 4478 1112 4543 548,
1150 4480 1359 4533 litteras
1397 4477 1705 4533 Constantii

106 4548 299 4605 detulit
324 4552 391 4605 ad
429 4553 784 4607 Athanasium
814 4561 1244 4607 commorantem
1272 4551 1555 4618 Aquileiae.
1587 4548 1706 4618 qui-

1807 4475 1924 4530 cum
2091 4475 2342 4545 unigeniti
2367 4484 2475 4530 etc.

1890 4547 1903 4585 ί
1996 4561 2105 4600 crs.
2140 4547 2271 4599 Ant.
2298 4544 2416 4599 Hoc
2443 4561 2475 4599 e.

1890 4547 1903 4585 ί
1946 4540 2105 4601 Vers.
2140 4540 2271 4599 Ant.
2298 4544 2416 4599 Hoc
2443 4553 2514 4599 est
2537 4552 2705 4598 autem
2733 4544 2893 4613 :quia
2916 4549 3028 4598 etc.
3053 4540 3236 4598 Gra‘c.
3267 4541 3416 4599 favet

111 4620 207 4675 bus
255 4623 319 4677 ad
370 4623 806 4678 Alexandrinam
857 4624 1043 4677 sedem
1094 4616 1482 4678 revocabatur.
1518 4620 1574 4674 In
1606 4616 1711 4673 ’διι-
1812 4633 1958 4673 vers.
1996 4616 2174 4671 Lucii.

109 4693 404 4764 cerdntinm
456 4705 748 4762 cooptatus
785 4695 896 4764 jam
946 4696 1145 4755 fuerat,
1176 4707 1301 4747 cum
1335 4692 1550 4764 Lucifer
1594 4691 1710 4745 lucc

112 4762 431 4836 Constantio
456 4762 848 4836 exprobrabat,
872 4772 929 4819 et
954 4780 1078 4818 cum
1109 4766 1333 4836 liitlyina
1361 4762 1708 4832 presbytero,

114 4836 197 4908 qui
228 4836 362 4908 forte
386 4834 644 4908 Didyinus
669 4837 1052 4905 appellandus,
1081 4852 1107 4887 ιι
1133 4834 1438 4908 Catholicis
1467 4835 1714 4902 partibus

117 4903 180 4975 ad
218 4906 448 4961 Arianae
497 4903 800 4961 Ili-fecerat.
852 4908 1174 4961 Gallandlns
1225 4905 1510 4975 legendum
1561 4911 1717 4972 putat

121 4974 355 5029 Achetam
406 4995 475 5032 ea:
516 4980 780 5045 diaconls;
829 4979 922 5033 sed
957 4979 1107 5032 nullo
1147 4974 1317 5031 fretus
1362 4983 1712 5044 argumento,

118 5059 234 5121 cum
291 5047 513 5105 Lucifer
563 5063 856 5121 utrumque
902 5066 969 5104 ex
1024 5049 1368 5120 presbyteris
1418 5046 1588 5101 fuisse
1638 5046 1717 5101 af-

128 5114 322 5172 firmet.

193 5185 219 5224 δ
258 5188 414 5245 Veis.
447 5192 577 5247 Ant.
620 5193 687 5247 in
729 5193 899 5246 locum
942 5208 1115 5256 suum,
1150 5198 1207 5245 ut
1236 5191 1382 5246 idem
1415 5188 1631 5245 Lucifer
1662 5188 1716 5243 in

129 5254 220 5310 lib.
252 5258 316 5311 de
342 5278 445 5316 non
474 5280 615 5331 parc.
650 5266 706 5317 in
731 5262 900 5316 Deum
925 5254 1119 5331 delinq.

198 5340 223 5435 ἓ
261 5330 682 5435 ﬁttpra'LucifeJ
712 5336 853 5415 ipse,
889 5330 1149 5402 peribunt.

311 5418 432 5435 η...
460 5422 577 5435 .......
684 5414 788 5435 ...ω

202 5400 223 5435 τι
266 5400 599 5474 Accepturos.
634 5404 808 5461 Vatic.

202 5479 223 5505 °
265 5470 362 5537 Qui
387 5474 560 5529 Latin.

210 5537 226 5576 ¹
272 5540 421 5598 Vers.
452 5545 579 5600 Ant.
617 5544 683 5599 In
707 5545 856 5599 coelo.
890 5543 956 5597 Et
983 5544 1183 5598 sicut...
1213 5544 1309 5606 ita,
1340 5555 1451 5601 etc.

1887 4689 1900 4740 i
1955 4688 2019 4742 Et
2055 4705 2156 4741 non
2188 4688 2324 4742 venit
2352 4687 2422 4740 ad
2464 4687 2648 4751 lucem,
2681 4685 2890 4741 addunt
2928 4682 3103 4739 Vatlc.
3135 4695 3188 4739 et
3228 4685 3410 4741 Latin.

1813 4772 1865 4815 et
1892 4760 2105 4825 Grmc.;
2134 4760 2225 4813 sed
2253 4759 2366 4813 haec
2390 4759 2585 4813 absunt
2609 4758 2769 4811 etiam
2795 4772 2822 4811 a
2849 4756 3011 4814 Vers.
3042 4756 3173 4812 Ant.
3206 4757 3259 4811 in
3284 4771 3413 4828 qua,

1819 4832 2000 4886 Omnis
2026 4834 2160 4886 enim
2184 4831 2273 4901 qui
2298 4833 2433 4883 male
2455 4831 2655 4901 agit....
2687 4836 2976 4903 arguuntur
3001 4836 3111 4903 etc.
3149 4898 3181 4903 μ
3306 4832 3309 4833 ⁷

1889 4904 1915 4940 ¹ι
1958 4898 2281 4967 Dicendum,
2312 4911 2434 4955 sunt
2472 4898 2611 4969 facta
2638 4917 2655 4955 :
2682 4898 2822 4955 et'in
2855 4900 3035 4955 veteri
3063 4898 3253 4953 codice
3278 4898 3419 4953 scri-

1820 4986 1968 5045 ptum
2000 4984 2117 5028 erat
2146 4975 2198 5028 in
2228 4972 2511 5045 singulari,
2544 4972 2807 5044 Arguatur
2827 4986 2985 5039 opera
3007 4971 3142 5035 eius,
3171 4979 3219 5022 et
3248 4969 3420 5045 inani:-

1821 5040 2030 5118 Iestetur
2056 5061 2213 5112 opera
2235 5040 2369 5117 ejus.
2397 5040 2700 5118 Genera'et
2731 5056 2989 5118 numeros
3025 5055 3180 5118 mare
3210 5040 3423 5118 vulgari

1824 5110 1930 5171 non
1960 5110 2178 5183 semper
2207 5110 2481 5169 observat.
2516 5114 2622 5167 Til.
2654 5123 2699 5168 et
2726 5117 2775 5167 la
2808 5110 3000 5183 Cerdo,
3031 5112 3121 5180 qtti
3154 5112 3417 5178 subiicit:

1824 5187 1953 5242 Tale
1972 5189 2025 5239 in
2047 5181 2167 5240 aliis
2184 5186 2397 5239 eruditis
2412 5185 2900 5257 frequentissimum.
2916 5181 3094 5257 Graec.
3111 5184 3421 5257 Δειιοινιηοωθῆ,

1899 5260 2000 5335 θεῷ
2019 5260 2154 5315 ἐστιν
2176 5250 2463 5335 ὲργασμέιια
2486 5250 2510 5335 ,ξ
2536 5256 2746 5335 scilicet
2772 5253 2941 5335 ιιίιφίξ
2965 5250 3223 5335 religiose
3256 5250 3426 5335 verba

1825 5322 2004 5385 Graeci
2049 5322 2223 5383 textu's
2243 5322 2524 5397 expressit
2554 5326 2788 5381 Lucifer.
2816 5323 3068 5397 Calland.
3098 5322 3259 5378 Vers.
3292 5326 3422 5379 Ant.

1831 5400 1931 5470 Qui
1964 5411 2138 5454 autem
2171 5393 2364 5470 faciti.
2399 5399 2729 5470 adjacent...
2752 5396 2888 5470 quia
2903 5395 2956 5448 in
2982 5393 3091 5447 Deo
3113 5404 3233 5470 sunt
3262 5398 3426 5464 facta.

1904 5469 1921 5510 ι
1969 5471 2125 5526 Vers.
2171 5465 2313 5524 'Ant.
2366 5470 2408 5522 A
2458 5467 2566 5521 Deo
2611 5486 2629 5524 :
2675 5465 2772 5537 per
2814 5465 3429 5537 ﬁdem....ﬂvoluntatem

1832 5543 2059 5613 (omisso
2106 5541 2637 5613 bonam)...._omnes
2679 5553 2768 5593 vos
2813 5543 2920 5590 etc.
2970 5536 3186 5613 Lucifer
3230 5536 3282 5590 in
3328 5536 3431 5592 lib.

208 5618 231 5688 If
272 5610 424 5669 Vers.
473 5617 600 5672 Ant.
654 5615 755 5688 Qui
791 5614 956 5669 credit
984 5616 1034 5667 in
1076 5617 1212 5685 ipso.
1259 5632 1359 5688 non
1407 5625 1604 5688 pereat,
1636 5614 1727 5669 sed
1833 5608 1992 5688 [Iura
2021 5631 2118 5680 pro
2159 5615 2253 5666 Dei
2291 5610 2393 5665 Fit.
2428 5609 2594 5688 Positi
2623 5612 2953 5688 in_corpore,
2980 5608 3370 5688 perogrinemur
3396 5623 3434 5661 ιι

146 5680 339 5758 trahent,
391 5696 498 5742 ste.
556 5680 776 5743 Lucifer
828 5680 1260 5741 convenit‘cum
1313 5680 1477 5758 Cypr.
1530 5687 1629 5741 lib.
1691 5702 1727 5741 ιι

149 5748 361 5825 Τθειίιιι.

1840 5685 2085 5750 Domino,
2108 5698 2326 5739 sensum
2352 5684 2534 5750 potius
2554 5682 2889 5752 exprimens,
2911 5692 3077 5749 quam
3104 5683 3216 5751 ipsa
3243 5680 3435 5739 verba.
