4042 6338
445 224 550 285 919
1515 229 1842 288 LUCIFERI
1885 227 2192 287 EPISCOPI
2233 224 2657 282 CALABITANI
3635 225 3740 280 99.0

442 361 618 402 omnes
645 363 737 402 nos
766 357 967 419 oportet
994 349 1317 415 manifestari
1340 358 1459 403 ante
1483 348 1710 403 tribunal
1741 345 1953 412 Christi,
1987 356 2042 401 ut
2072 349 2120 407 Α
2146 342 2320 399 sidem
2373 340 2595 397 Festum
2647 340 2872 396 minime
2915 340 3081 396 coetui
3131 338 3447 396 JUdiBOl'lllll
3495 353 3741 394 commo-

442 438 579 507 ferat
627 440 970 508 unusquisque
1011 441 1225 508 propria
1263 443 1526 510 corporis,
1572 441 1856 495 secundum
1905 439 2042 508 quod

442 531 600 601 gessit
620 531 724 584 sive
747 530 935 584 bonum
963 533 1067 586 sive
1101 532 1296 586 malum
1336 533 1406 604 (ll
1445 531 1566 588 Cor.
1601 549 1652 598 ν,
1691 532 1767 601 6).
1808 532 1876 586 Et
1902 530 2046 586 Con-

443 623 675 677 stantius
706 623 997 680 bmreticus
1028 625 1202 682 dicis:
1229 627 1500 692 Damnate,
1541 625 1842 691 Christiani,
1886 621 2042 680 Chri-

440 717 689 772 stianum.
715 718 824 774 Cur
854 719 957 775 hoc
986 720 1157 776 dicis?
1185 721 1289 776 nisi
1319 721 1441 792 quia
1470 720 1695 776 fundere
1723 720 2042 798 sanguinem

434 807 736 879 juStorum,
761 810 1143 884 derelinquere
1166 813 1330 868 etiam
1359 813 1526 868 Deum
1551 822 1607 867 et
1633 810 1912 881 suscipere
1931 811 2047 865 ido-

441 902 716 959 lolatriam
751 903 853 960 hoc
884 921 1006 962 esse
1037 907 1304 975 Optimum
1333 906 1648 961 censueris?
1689 906 1794 961 Sed
1845 905 2043 961 iterum

440 1005 498 1051 te
528 996 760 1051 obsecro
793 998 1039 1067 piissime
1068 1013 1369 1069 cognoscas
1400 1001 1716 1069 imperator,
1747 1015 1870 1053 cum
1891 999 1969 1054 sis
1992 1009 2046 1054 et

444 1090 589 1145 unici
619 1089 742 1145 Filii
777 1091 868 1146 Dei
900 1101 1145 1163 negator,
1173 1101 1227 1147 et
1249 1093 1301 1146 in
1335 1108 1458 1148 eum
1485 1091 1824 1147 credentium
1862 1107 2047 1160 perse-

444 1192 623 1248 cutor,
667 1183 715 1238 si
770 1199 877 1238 non
921 1199 1145 1254 compar
1193 1185 1300 1240 illis
1348 1185 1666 1249 invenieris,
1714 1200 1943 1256 quorum
1991 1185 2044 1240 in

445 1275 672 1332 Actibus
701 1279 1076 1347 apostolorum
1112 1277 1441 1336 describitur
1463 1277 1707 1348 nequitia
1733 1294 1746 1330 :
1777 1276 1905 1331 Cum
1933 1292 2047 1330 ma-

444 1386 548 1442 gna
575 1379 601 1406 ι
633 1370 889 1425 dissensio
939 1382 1068 1426 esset
1109 1373 1243 1425 inter
1288 1370 1429 1438 illos,
1477 1373 1658 1425 timens
1704 1371 1939 1425 tribunus
1984 1387 2046 1426 ne

444 1471 628 1531 raptus
655 1464 840 1532 fuisset
865 1462 1067 1519 Paulus
1095 1467 1159 1519 ab
1183 1465 1310 1527 illis,
1332 1465 1496 1535 jussit
1524 1465 1801 1519 exercitum
1827 1464 2044 1518 descen-

444 1555 588 1621 dere,
617 1565 666 1609 et
695 1573 876 1626 rapere
907 1574 1020 1611 eum
1060 1559 1111 1611 in
1158 1558 1361 1612 castris.
1398 1557 1642 1626 Sequenti
1684 1567 1855 1612 autem
1903 1568 2048 1612 nocte

440 1648 688 1702 assistens
721 1651 768 1702 ei
798 1648 1056 1704 Dominus
1085 1653 1155 1706 ait
1183 1668 1201 1706 :
1227 1651 1479 1706 Constans
1505 1651 1533 1692 ι)
1562 1662 1670 1707 esto
1693 1668 1713 1707 :
1737 1653 1871 1706 sicut
1913 1653 2048 1706 enim

2145 437 2307 492 dasse
2328 445 2352 483 ε
2377 450 2687 501 assensum,
2711 433 2808 490 sed
2835 444 2941 488 tam
2968 435 3140 504 ipsos,
3172 450 3270 488 nec
3296 449 3406 488 non
3431 442 3488 489 et
3515 432 3746 489 Paulum

2143 547 2204 588 se
2238 532 2288 586 in
2335 547 2498 585 unum
2542 530 2862 585 auditurum
2894 543 3054 597 posse
3085 526 3112 566 δ
3142 528 3450 600 pollicitum
3480 545 3494 580 :
3529 529 3748 596 gentilis

2144 625 2386 682 servavit
2439 623 2711 693 aequitatis
2753 623 2868 692 jus,
2925 633 2980 677 tu
3038 637 3172 678 vero
3227 623 3550 678 destruxisti
3596 640 3610 675 :
3658 632 3753 678 aut

2146 720 2374 790 :equitas
2417 729 2502 772 est
2538 718 2800 773 damnare
2832 716 3156 781 inauditum,
3195 717 3516 772 interﬁcere
3547 719 3750 772 absen-

2149 824 2278 876 tem,
2310 810 2644 865 audientiam
2695 824 2824 864 vero
2873 823 3074 879 negare
3111 809 3260 880 justo
3304 810 3352 863 ei
3403 808 3633 871 lmmini,
3663 811 3750 864 cui

2145 905 2329 959 omnis
2389 904 2542 959 testis
2598 902 2671 956 sit
2704 901 2799 956 Dei
2858 902 3128 971 poimlns,
3195 901 3336 970 quod
3403 902 3550 956 enim
3615 901 3750 957 false

2146 996 2306 1052 fuerit
2336 997 2534 1066 petitus
2556 1009 2584 1048 a
2618 1002 2670 1049 te
2700 1008 2764 1048 ac
2793 994 2933 1058 tuis,
2963 991 3304 1048 Christianus
3338 1009 3366 1045 a
3400 993 3559 1048 vobis
3591 994 3748 1048 Aria-

2148 1090 2252 1146 nis.
2285 1089 2452 1158 Ergo,
2482 1099 2539 1142 ut
2569 1087 2751 1143 dicere
2781 1102 3082 1157 cmperam,
3113 1102 3236 1158 qua:
3260 1087 3465 1143 fuerint
3490 1088 3634 1142 inter
3655 1087 3755 1144 Ju-

2147 1183 2295 1238 dteos
2357 1192 2411 1239 et
2465 1181 2687 1236 Paulum
2742 1185 2956 1236 beatum
3008 1187 3160 1252 gesta
3209 1196 3237 1233 a
3283 1179 3483 1246 Festo,
3539 1181 3748 1249 accipe.

2148 1275 2337 1331 Festus
2374 1273 2588 1328 iautem
2633 1289 2745 1326 cum
2795 1273 3012 1327 venisset
3059 1276 3112 1326 in
3163 1272 3484 1340 provinciam
3535 1287 3749 1342 prteses,

2149 1369 2374 1424 ascendit
2390 1367 2824 1438 Hierosolymam,
2849 1367 3069 1422 insidias
3086 1367 3368 1434 tendentes,
3386 1377 3443 1420 ut
3457 1384 3574 1421 eum
3593 1367 3754 1421 inter-

2149 1466 2354 1533 ﬁcerent
2377 1464 2431 1517 in
2449 1469 2550 1516 via.
2574 1461 2758 1516 Festus
2780 1478 2903 1534 ergo
2927 1461 2973 1528 i,
2999 1463 3264 1533 respondit
3289 1459 3520 1515 Paulum
3546 1461 3752 1531 quidem

2147 1558 2335 1611 servari
2360 1557 2414 1610 in
2437 1553 2688 1622 Caesarea,
2711 1572 2766 1610 se
2785 1565 2955 1609 autem
2982 1557 3235 1609 maturius
3260 1555 3545 1624 proﬁcisci.
3572 1552 3755 1625 Itaque

2149 1649 2235 1719 qui
2264 1646 2288 1685 ιε
2319 1651 2452 1702 inter
2480 1663 2567 1702 vos
2593 1657 2734 1708 sunt,
2764 1646 3104 1714 descendant,
3133 1657 3198 1712 et,
3229 1652 3274 1700 si
3295 1647 3432 1716 quod
3457 1656 3536 1701 est
3567 1647 3621 1699 in
3646 1647 3755 1702 viro

445 1739 752 1808 testiﬁcatus
782 1759 836 1796 es
871 1742 935 1796 de
957 1759 1036 1796 me
1061 1743 1115 1796 in
1150 1740 1460 1807 Jerusalem,
1491 1745 1566 1797 sic
1593 1753 1790 1816 oportet
1822 1753 1870 1798 te
1897 1745 2048 1797 etiam
2079 1735 2126 1794 B
2151 1744 2361 1806 crimen,
2392 1753 2632 1796 accusent
2663 1758 2797 1795 eum.
2830 1740 3139 1796 Demaratus
3170 1740 3190 1779 1
3221 1760 3341 1814 ergo
3373 1743 3507 1796 inter
3533 1758 3622 1796 eos
3650 1759 3754 1797 non

448 1830 634 1888 Roma!
660 1836 951 1904 testiﬁcari.
979 1834 1148 1891 Facta
1177 1847 1346 1891 autem
1379 1838 1482 1900 die,
1510 1837 1828 1910 collegerunt
1857 1854 1910 1891 se
1934 1837 2045 1907 qui-

445 1928 568 1982 dam
599 1944 665 1982 ea:
691 1927 914 1986 Iudicis.
947 1941 994 1984 et
1022 1930 1330 1986 devoverant
1359 1949 1412 1986 se
1440 1932 1690 1996 dicentes,
1718 1948 1877 2000 neque
1902 1948 2048 1984 man-

446 2019 663 2087 ducare,
692 2038 853 2092 neque
875 2023 1064 2090 bibere,
1089 2023 1250 2078 donec
1281 2023 1571 2078 occiderent
1607 2022 1854 2078 Paulum.
1883 2024 2047 2078 Erant

446 2120 619 2164 autem
651 2115 760 2182 fere
791 2124 814 2152 ο
846 2115 1213 2184 quadraginta,
1240 2117 1328 2185 qui
1355 2117 1491 2170 hanc
1529 2117 1940 2190 conjurationem
1967 2122 2048 2188 fe-

444 2216 642 2271 cerant,
671 2208 762 2277 qui
800 2217 849 2261 et
877 2219 1202 2263 accesserunt
1231 2210 1304 2261 ad
1327 2208 1354 2246 δ
1387 2211 1650 2279 principes
1693 2211 2044 2277 sacerdotum,

445 2307 496 2353 et
520 2299 878 2354 indicaverunt
901 2301 1128 2356 dicentes
1149 2319 1169 2356 :
1189 2300 1525 2357 Devotionem
1552 2304 1778 2358 novimus
1797 2321 1893 2359 nos
1915 2305 2048 2360 nihil

443 2401 654 2460 gustare
693 2392 752 2446 in
797 2403 993 2462 totum,
1043 2395 1205 2448 donec
1251 2395 1550 2450 occidamus
1595 2396 1825 2451 Paulum
1865 2413 1884 2451 :
1911 2415 2047 2452 nunc

445 2495 568 2553 ergo
599 2497 687 2536 vos
718 2493 740 2520 θ
769 2484 1004 2557 colligite
1026 2488 1328 2553 concilium,
1359 2497 1406 2541 et
1435 2499 1611 2542 notum
1641 2491 1796 2558 facite
1817 2491 2044 2559 tribuno,

447 2581 503 2625 ut
544 2573 764 2629 deducat
792 2591 912 2630 eum
942 2578 1010 2630 ad
1038 2594 1149 2644 vos,
1179 2581 1326 2648 quasi
1353 2579 1418 2633 de
1444 2597 1504 2634 eo
1529 2581 1826 2653 diligentius
1853 2585 2045 2652 quaesi-

445 2675 588 2722 turos
609 2685 630 2722 :
658 2685 751 2724 nos
775 2685 894 2724 vero
925 2673 1223 2742 priusquam
1253 2675 1548 2744 appropiet,
1572 2677 1742 2746 parati
1768 2692 1948 2732 sumus
1966 2677 2049 2730 in-

447 2764 681 2833 terﬁcere
711 2781 826 2818 eum
854 2765 993 2834 (Act.
1026 2783 1182 2832 χχιιι,
1215 2768 1328 2839 10).
1361 2769 1417 2822 Si
1444 2783 1552 2823 non
1587 2769 1680 2824 Dei
1704 2770 2046 2826 sacerdotem

445 2853 554 2910 isto
614 2857 816 2924 petiisti
869 2873 1077 2928 genere
1130 2860 1528 2929 Athanasium,
1581 2862 1684 2918 nisi
1740 2879 1846 2918 non
1902 2865 2046 2921 aliud

447 2946 657 3004 ﬁnxisti
682 2961 734 3005 te
757 2964 940 3021 agere,
966 2959 1021 3006 et
1040 2952 1187 3008 aliud
1212 2953 1475 3023 perﬁcere
1495 2955 1867 3026 disposueras,
1893 2969 2050 3027 potes

447 3058 520 3099 ne
545 3059 750 3114 negare
778 3061 884 3101 non
915 3047 1107 3103 eodem
1131 3049 1364 3104 adverso
1388 3050 1584 3119 spiritu
1614 3060 1665 3105 te
1691 3067 1908 3122 quoque
1937 3053 2046 3122 agi,

2152 1837 2268 1906 plus
2293 1853 2448 1909 quam
2477 1845 2591 1890 octo
2612 1845 2703 1890 aut
2733 1837 2908 1890 decem
2938 1835 3068 1899 dies,
3091 1837 3357 1891 descendit
3375 1834 3690 1900 Ctesaream,
3709 1847 3754 1892 et

2149 1929 2313 1984 altero
2345 1930 2430 1985 die
2449 1930 2580 1986 sedit
2609 1947 2702 2001 pro
2730 1930 3010 1997 tribunali,
3041 1941 3090 1986 et
3107 1933 3268 2004 jussit
3297 1934 3448 1987 citari
3480 1933 3708 1986 Paulum
3735 1950 3752 1987 :

2149 2025 2236 2096 qui
2261 2041 2375 2078 cum
2401 2024 2658 2079 adductus
2680 2035 2832 2091 esset,
2848 2030 3294 2078 circumsteterunt
3312 2041 3426 2080 eum
3449 2025 3647 2090 Judaei,
3665 2027 3756 2096 qui

2148 2135 2182 2172 a
2201 2128 2239 2154 ω
2267 2117 2639 2190 Hierosolymis
2661 2118 3050 2181 descenderant,
3075 2118 3238 2173 multa
3258 2130 3306 2174 et
3330 2123 3512 2190 gravia
3535 2121 3753 2174 crimina

2149 2210 2475 2283 objicientes,
2503 2227 2619 2281 qua:
2647 2211 2865 2280 probare
2898 2227 3000 2265 non
3029 2223 3265 2284 poterant
3293 2228 3313 2265 :
3355 2211 3534 2266 Paulo
3580 2223 3750 2268 autent

2147 2305 2396 2358 rationem
2423 2304 2696 2370 reddente,
2726 2305 2866 2375 quod
2905 2321 3066 2375 neque
3109 2305 3162 2358 in
3206 2303 3368 2377 legem
3408 2303 3748 2372 Judteoruns,

2150 2413 2311 2466 neque
2337 2398 2391 2450 in
2417 2397 2666 2469 templum
2690 2439 2702 2462 ,
2733 2415 2893 2470 neque
2919 2399 2974 2452 in
3003 2397 3258 2452 Cursarem
3288 2400 3487 2469 aliquid
3525 2401 3749 2468 delique-

2148 2488 2217 2542 rit
2249 2487 2355 2560 (Ib.
2387 2505 2512 2556 xxv,
2554 2489 2632 2560 1).
2666 2489 2927 2545 Ethnicus
2965 2492 3241 2560 aequitatis
3268 2493 3411 2546 viam
3446 2494 3598 2548 inter
3628 2493 3752 2549 bea-

2152 2588 2261 2634 tum
2293 2580 2519 2635 Paulum
2548 2590 2603 2636 et
2641 2581 3015 2638 cohomicidas
3043 2593 3165 2638 tuos
3192 2583 3415 2639 Judteos
3458 2586 3665 2650 tenuit,
3694 2596 3752 2641 et

2151 2681 2209 2725 tu
2239 2671 2525 2727 desideriis
2557 2673 2822 2728 malarum
2855 2675 3267 2729 meditationum
3301 2686 3518 2730 tuarum
3560 2691 3750 2747 parere

2149 2765 2374 2835 cupiens
2411 2767 2720 2834 :equitatem
2759 2766 3133 2836 iustitiamque
3164 2766 3553 2824 tollendam'ex
3581 2769 3752 2824 sensi-

2148 2857 2248 2912 bus
2276 2872 2570 2913 ceusueras
2600 2859 2820 2915 nostris.
2847 2858 2954 2914 Sed
2985 2860 3257 2928 quomodo
3281 2861 3422 2916 istud
3453 2860 3636 2918 facere
3657 2877 3758 2932 po-

2150 2956 2429 3004 tueramus
2455 2949 2598 3020 quod
2631 2957 2684 3004 tu
2716 2949 2829 3005 ﬁeri
2859 2951 3094 3020 cogebas
3119 2964 3308 3007 contra
3333 2953 3636 3022 justitiam?
3659 2955 3748 3024 qui

2151 3043 2585 3099 meminissemus
2616 3044 2876 3113 scriptum
2909 3062 2922 3097 :
2973 3043 3151 3102 Nolite
3180 3046 3425 3120 judicare
3461 3053 3739 3103 secundum

448 3152 559 3208 quo
588 3147 718 3194 sunt
747 3142 851 3194 acti
884 3149 1049 3211 atque
1079 3152 1310 3212 agantur
1336 3143 1543 3199 Judaei?
1573 3144 1688 3200 Nisi
1719 3148 1921 3201 etenim
1953 3147 2046 3202 illo
2073 3126 2118 3189 (ἶ
2153 3155 2424 3207 personant
2454 3148 2504 3205 ιι,
2535 3138 2625 3193 sed
2656 3142 2860 3212 justum
2894 3140 3156 3210 judicium
3189 3142 3446 3212 judicate.
3498 3142 3750 3198 Damnate

446 3228 648 3286 fuisses
693 3234 965 3288 excitatus
993 3234 1190 3304 spiritu
1226 3245 1416 3290 contra
1450 3251 1548 3291 nos
1579 3237 1688 3292 Deo
1719 3238 2049 3304 servientes,

449 3340 748 3396 numquam
779 3327 900 3382 sine
929 3327 1096 3382 dubio
1123 3329 1405 3384 absentem
1439 3332 1709 3397 damnari,
1741 3340 1797 3387 et
1826 3332 2048 3401 quidem

447 3421 798 3477 innocentem
823 3421 1133 3478 mandares.
1161 3422 1271 3479 Sed
1297 3425 1411 3479 haec
1433 3426 1511 3480 sic
1535 3441 1635 3495 ego
1661 3439 1806 3495 saepe
1834 3437 2046 3496 repeto,

449 3524 726 3585 tamquam
757 3516 919 3570 etiam
951 3515 1088 3586 ipse,
1123 3531 1246 3572 cum
1290 3519 1559 3574 interdum
1591 3535 1754 3575 vacas
1785 3535 1812 3572 a
1848 3521 2049 3576 luroris

447 3607 711 3674 stimulis,
763 3625 871 3662 non
918 3609 1236 3664 consideres
1283 3613 1535 3666 omnibus
1587 3622 1640 3668 te
1687 3613 1862 3668 modis
1907 3617 1979 3668 ita
2019 3630 2049 3669 a

443 3698 674 3770 iustitia:
727 3700 919 3770 regula
975 3702 1314 3757 exorbitasse
1350 3705 1394 3770 ί,
1453 3714 1508 3758 ut
1563 3720 1664 3759 nec
1713 3705 1766 3759 in
1823 3705 2052 3761 Actibus

447 3793 828 3862 apostolorum
873 3795 1061 3851 videre
1102 3797 1371 3864 potueris,
1407 3799 1715 3865 petentibus
1745 3798 1950 3854 Judmis
1981 3800 2051 3854 ad

443 3883 678 3941 Paulum
703 3890 1012 3942 necandum
1042 3889 1286 3954 beatum,
1309 3887 1586 3944 hominem
1619 3891 1882 3960 gentilem
1915 3907 2053 3960 pra:-

518 4007 545 4037 ⁸
585 3999 740 4056 Vers.
793 4003 918 4057 Ant.
965 4001 1163 4071 Magna
1202 4012 1374 4056 autem
1419 4003 1560 4072 facta
1598 4005 1942 4057 seditione....
1986 4023 2050 4059 ne

446 4071 918 4143 discerperetur....
952 4074 1016 4128 ab
1042 4075 1264 4145 ipsis....
1294 4071 1614 4130 descendens
1635 4091 1815 4143 rapere
1840 4091 1957 4129 eum
1984 4079 2049 4130 de

446 4145 619 4198 medio
645 4160 844 4206 eorum.
880 4156 928 4200 et
957 4147 1206 4200 reducere
1230 4145 1284 4198 in
1314 4157 1507 4200 castra.

517 4213 546 4294 ξ)
581 4213 717 4294 Cum
767 4219 981 4284 Grteco,
1013 4219 1216 4294 Oépa'ﬁt.
1260 4214 1418 4294 Vers.
1462 4216 1942 4294 Ant.__Conﬁde.._..
1970 4221 2046 4294 _in

447 4285 904 4360 Dierosolyma....
947 4299 996 4344 et
1040 4285 1312 4345 Renum...
1356 4292 1496 4360 facta
1533 4285 1837 4344 collectione
1870 4288 2048 4347 Judaei

445 4357 752 4413 devoverant
779 4364 1100 4426 semetipsos.

2150 3232 2445 3286 inauditum
2475 3231 2598 3300 (lo.
2643 3247 2744 3298 vn,
2787 3229 2894 3301 24)
2918 3271 2933 3294 .
2977 3248 3085 3302 quo
3116 3232 3299 3288 dixisti
3339 3243 3627 3306 tempore,
3655 3251 3749 3290 cur

2154 3341 2262 3380 non
2305 3333 2636 3380 memoratus
2672 3339 2730 3379 es
2774 3324 2984 3379 dixisse
3029 3325 3428 3380 Nicodemum:
3482 3326 3749 3400 Numquid

2153 3419 2237 3473 lea:
2263 3429 2440 3474 nostra
2461 3419 2669 3492 judicat
2713 3427 2737 3455 ο
2776 3419 2839 3473 de
2865 3421 3099 3485 homine,
3130 3421 3231 3475 nisi
3258 3421 3440 3474 audiat
3471 3422 3536 3476 ab
3564 3425 3678 3494 ipso
3705 3434 3750 3479 et

2149 3520 2428 3585 cOgnoscat
2455 3511 2581 3582 quid
2608 3511 2782 3582 fecerit
2809 3511 2973 3583 (Ibid.
3004 3509 3132 3583 5i)?
3159 3514 3268 3567 Cur
3308 3514 3534 3569 noluisti
3574 3515 3748 3570 audiri

2151 3622 2312 3677 quem
2343 3620 2492 3661 reum
2525 3606 2716 3661 mortis
2741 3607 2947 3672 dixisti,
2983 3605 3083 3660 nisi
3115 3608 3243 3678 quia
3276 3609 3404 3662 lalsa
3432 3609 3750 3666 detulisses?

2155 3700 2298 3755 Dicit
2322 3700 2580 3755 Dominus
2601 3700 2666 3755 ad
2693 3699 2912 3756 Judmos
2934 3717 2953 3755 :
2987 3702 3089 3766 Qui
3128 3703 3356 3772 loquitur
3393 3705 3744 3770 mendacium,

2154 3797 2218 3850 de
2246 3795 2642 3862 suoPloquitur,
2659 3796 2903 3866 quoniam
2929 3795 3152 3850 mendax
3178 3808 3250 3850 est
3268 3806 3317 3850 et
3341 3806 3484 3866 pater
3504 3801 3620 3872 ejus
3643 3797 3743 3870 (Ib.

2155 3905 2267 3954 vui,
2301 3887 2419 3960 44).
2450 3888 2519 3943 Ει
2547 3898 2626 3952 ιιι,
2655 3903 2778 3942 cum
2811 3897 2839 3936 ει
2871 3885 3105 3942 mendax
3131 3901 3255 3942 esse
3288 3887 3574 3958 clarueris,
3608 3889 3747 3944 testi-

2152 4003 2478 4059 intermedia
2513 4003 2766 4070 equidem
2799 4001 3162 4057 existimarim
3208 4003 3276 4057 ab
3321 4003 3598 4060 incurioso
3639 4005 3746 4062 sive

2151 4075 2380 4130 librario
2424 4074 2540 4129 sive
2571 4076 2940 4145 typograplio,
2971 4076 3058 4142 qui
3105 4077 3300 4130 oculos
3342 4091 3368 4128 a
3404 4078 3742 4145 prmcedente

2151 4162 2285 4201 voce
2336 4145 2697 4217 Hierosolyma
2741 4146 2806 4199 ad
2853 4157 3172 4215 sequentem
3221 4149 3580 4202 converterit.
3625 4147 3744 4204 (ial-

2150 4217 2294 4272 land.
2321 4217 2428 4273 Sed
2459 4232 2607 4272 caret
2629 4218 2790 4288 culpa
2824 4217 3218 4288 typographus.
3249 4233 3375 4272 cum
3407 4234 3468 4274 ea
3500 4222 3662 4275 verba
3689 4221 3740 4277 in

2148 4290 2269 4360 ipso
2295 4289 2484 4344 codice
2510 4291 2709 4360 omissa
2734 4287 2901 4342 fuisse
2927 4289 3105 4342 Titius
3134 4289 3389 4344 afﬁrmet.

2223 4362 2236 4411 i
2273 4360 2436 4434 AVers.
2478 4365 2602 4414 Ant.
2647 4357 2834 4414 Festus
2873 4361 3100 4430 igitur...
3133 4363 3331 4416 servari
3362 4360 3602 4433 (omisso
3630 4365 3739 4434 qui-

520 4437 543 4510 ξ
586 4428 742 4485 Vers.
768 4435 894 4486 Ant.
926 4431 1210 4505 Plusquam
1233 4432 1672 4504 quadraginta....
1709 4435 2041 4504 fecissent....
2072 4454 2124 4514 D
2151 4431 2362 4514 dein)?
2405 4435 2778 4514 profecturum.

442 4497 678 4569 quicum
704 4517 900 4556 access.

517 4566 544 4605 ά
586 4569 742 4625 Vers.
774 4577 902 4644 ᾼιιι.
934 4575 1013 4628 Ad
1057 4575 1314 4644 principes
1341 4577 1687 4636 sacerdotum.
1721 4586 1769 4630 et
1796 4578 2042 4644 seniores,

444 4639 732 4720 dixerunt;
761 4639 1360 4720 Devotionevdevovimus
1388 4664 1482 4702 nos
1511 4648 1650 4720 ipsos
1679 4647 1810 4702 nihil
1834 4639 2046 4719 gustare

444 4711 673 4783 (omisso
699 4713 752 4767 in
780 4715 987 4783 totum).

520 4792 544 4820 ε
587 4782 742 4840 Vers.
772 4789 899 4856 Ant.
934 4782 1128 4841 Notum
1161 4788 1313 4856 facile
1347 4789 1552 4842 tribuno
1580 4805 1696 4842 cum
1727 4793 2038 4846 concilim...

2223 4502 2528 4558 l{Palenses
2573 4503 2724 4576 addit
2768 4502 3048 4576 Latin._et
3092 4503 3346 4576 Galland.
3380 4520 3446 4558 ex
3491 4503 3738 4576 Vulgata.

2151 4575 2308 4631 Vers.
2345 4579 2473 4629 Aut.
2509 4575 2610 4642 Qui
2637 4591 2759 4644 ergo
2785 4575 2837 4627 in
2867 4573 3031 4640 vobis,
3059 4574 3156 4643 ait,
3211 4585 3442 4645 potentes
3467 4573 3623 4645 sunt;
3647 4579 3736 4633 dco

2147 4648 2469 4712 scendentes,
2497 4648 2609 4700 si...
2637 4645 2876 4700 illicitum
2906 4655 3014 4701 etc.

2223 4723 2242 4761 1
2278 4718 2436 4774 Vers.
2466 4720 2594 4774 Ant.
2621 4716 2926 4771 Demaratus
2956 4728 3029 4771 est
3055 4729 3344 4774 autem.....
3372 4719 3483 4772 dies
3507 4737 3608 4775 non
3633 4737 3741 4775 am-

2149 4790 2286 4856 plius
2315 4800 2544 4845 octo.....
2579 4789 2888 4844 descendens
2919 4790 3092 4842 in.....
3124 4790 3177 4842 in
3218 4791 3501 4844 crastinum
3530 4795 3738 4856 sedens,

442 4863 705 4934 tamquam
753 4855 953 4928 aliquid
997 4860 1294 4928 cognituros
1335 4861 1522 4914 certius
1570 4861 1634 4914 de
1673 4877 1732 4916 eo
1763 4877 1782 4915 :
1807 4879 1900 4916 nos
1949 4880 2044 4918 au-
2136 4861 2299 4934 jussit
2339 4859 2567 4934 Paulum
2604 4861 2832 4934 adduci._
2849 4859 3162 4934 Adveniente
3184 4870 3357 4934 autem
3385 4877 3540 4917 eo....
3566 4868 3653 4934 qui
3681 4855 3738 4916 ab

439 4933 542 4980 tem
568 4937 674 4982 etc.

473 5067 486 5079 .
518 4995 538 5036 τ
583 4999 879 5124 Αὲςῖνωεε,
927 4999 1236 5070 declinasse,
1284 5019 1317 5056 a
1354 5003 1578 5076 justitiw
1620 5005 1802 5075 regula
1842 5004 2039 5060 disces-

473 5085 586 5123 tsse.
666 5089 720 5124 I.

437 5084 586 5123 83888.
619 5084 720 5125 ἰἸΙ.

513 5149 539 5215 ξι
581 5139 896 5215 (immensum
925 5144 1227 5215 prtebuisse,
1251 5144 1336 5199 vel
1360 5148 1680 5200 consensisse
1703 5145 1929 5202 Iudaeis.
1960 5148 2036 5204 Id.

509 5212 541 5249 ιι
584 5212 728 5268 Esse.
763 5214 842 5269 Id.
876 5212 934 5268 et
959 5216 1139 5270 Latin.
1170 5224 1226 5271 el.
1253 5216 1501 5273 Galland.

511 5282 527 5318 ί
567 5284 772 5356 Des-int
803 5287 887 5341 hic
921 5290 1098 5356 plura,
1124 5304 1245 5356 qum
1268 5289 1497 5342 omnino
1518 5304 1584 5342 ex
1610 5288 1769 5344 Vers.
1796 5290 1923 5345 Ant.
1956 5290 2043 5345 in-

429 5355 685 5416 serenda,
712 5367 767 5409 ut
793 5355 986 5413 sensus
1013 5369 1263 5424 constet;
1288 5359 1434 5426 qtiod
1457 5360 1633 5414 Tilius
1653 5363 1817 5416 etiam
1848 5373 1900 5416 et
1929 5361 2035 5416 La-

435 5426 599 5482 tinius
631 5428 1133 5484 auitnaulverterunt
1160 5449 1174 5485 :
1210 5431 1394 5486 Festus
1425 5449 1546 5499 ergo
1589 5449 1706 5486 cum
1738 5436 1956 5487 venisset
1984 5435 2036 5488 in

429 5499 721 5575 provincia,
751 5511 866 5575 post
891 5502 1122 5555 triduum
1147 5504 1378 5557 ascendit
1405 5505 1456 5556 in
1483 5502 1530 5556 Η
1541 5505 1849 5575 ierOsolym/i
1875 5523 1906 5558 a
1925 5502 2038 5558 Cte-

428 5586 598 5644 sarea.
633 5571 1094 5644 Manifestaverunt
1118 5587 1289 5626 autem
1313 5575 1361 5626 ei
1385 5575 1640 5644 principes
1665 5571 2033 5638 sacerdotum,

428 5651 479 5706 et
517 5642 715 5709 priores
743 5641 1085 5718 udieorum,
1117 5645 1360 5706 adversus
1385 5641 1620 5698 'Paulum
1648 5663 1666 5699 :
1697 5658 1742 5699 et
1788 5651 2036 5718 rogabant

428 5724 579 5784 cum,
603 5715 918 5784 postulantes
955 5717 1175 5784 gratiam
1205 5717 1454 5770 adversus
1480 5733 1621 5780 eum,
1655 5726 1710 5770 ut
1751 5715 2036 5775 accerseret

424 5794 541 5834 cum
565 5783 617 5836 in
649 5781 997 5854 Hierusalem,
1032 5787 1252 5841 insidias
1279 5790 1547 5856 facientes,
1575 5798 1653 5855 ut,
1687 5796 1792 5844 etc.
1817 5787 2033 5844 (tutissa

2146 4930 2514 5003 Hierosolyma
2540 4933 2767 5004 (omisso
2796 4929 3092 4999 Judaei)....
3125 4932 3318 4986 multas
3349 4945 3396 4986 et
3417 4929 3595 5004 graves
3621 4951 3740 4988 cau-

2145 5018 2228 5076 s_as
2248 5002 2544 5075 objicientes
2573 5002 2760 5068 Paulo,
2791 5019 2920 5076 quas
2953 5018 3054 5055 non
3085 5005 3350 5076 vincebant
3376 5002 3731 5076 probare......

2148 5072 2402 5147 Quoniam
2440 5092 2715 5147 neque.....
2745 5074 3026 5144 quidquam
3066 5075 3292 5144 peccavi.

2215 5146 2354 5200 ω.Αὸ
2389 5146 2520 5216 legit
2554 5147 2738 5201 Sabat.

2177 5225 2242 5299 ,τι
2273 5219 2407 5272 Cum
2441 5215 2545 5273 ins.
2572 5217 2886 5288 Cautrabig.
2919 5217 3062 5288 apud
3091 5215 3279 5273 Sabat.
3312 5217 3472 5274 Vers.
3506 5221 3632 5274 Ant.
3665 5223 3738 5292 {a-

2141 5304 2288 5344 csem.

2215 5367 2240 5396 ο
2275 5359 2423 5416 Vers.
2470 5360 2598 5416 Ant.
2635 5358 2850 5414 Judicat
2893 5360 3177 5428 hominem,
3225 5362 3327 5416 nisi
3370 5362 3596 5416 audierit
3631 5363 3734 5433 pri-

2141 5447 2283 5484 mum
2312 5433 2374 5485 ab
2406 5436 2538 5500 ipso,
2569 5442 2617 5487 et
2648 5433 2934 5502 cognoverit
2965 5433 3190 5502 primum
3217 5434 3339 5500 quid
3369 5435 3532 5502 fecit?

2215 5513 2239 5551 ρ
2275 5503 2426 5558 νει-η.
2463 5506 2590 5560 Ant.
2627 5503 2707 5558 Ex
2746 5504 2853 5558 suis
2880 5505 3224 5575 prepriis.....
3267 5507 3508 5574 quia.....
3538 5509 3666 5562 sicut
3691 5514 3734 5562 et

2140 5587 2303 5648 pater:
2316 5578 2449 5648 ejus.

2213 5656 2240 5702 (ι
2266 5644 2395 5700 Cain
2425 5646 2552 5723 luce
2586 5649 2788 5723 clarius
2808 5649 2896 5723 _sit
2934 5647 3323 5723 terntendacem
3348 5665 3479 5720 esse,
3512 5660 3562 5706 et
3605 5649 3731 5723 falsa

2139 5728 2318 5774 contra
2347 5719 2684 5775 Athanasium
2708 5719 2921 5776 dixisse.
2958 5719 3063 5776 Til.

3937 6193 3990 6292 Η
