4042 6338
235 280 330 341 921

1308 287 1444 345 ΡΙὶο
1481 286 1754 345 SANCTO
1792 284 2186 343 ATHANASIO
2223 286 2355 342 LIB.
2396 286 2464 343 ll.

3422 285 3530 343 92‘)

233 417 347 460 mas
390 420 498 462 non
542 415 596 464 te
620 421 740 463 esse
788 407 957 464 illium
1003 408 1282 464 mendacis
1302 449 1318 474 ,
1366 418 1423 464 et
1466 406 1636 463 audes
1681 405 1824 462 ﬁlius
1850 408 1900 468 Α
1930 418 2056 460 suos
2087 404 2232 460 Deus
2256 418 2445 461 servos
2475 414 2721 476 pastores
2746 419 2869 462 esse
2899 403 3073 461 voluit
3100 418 3261 475 supra
3288 418 3532 475 gregem,

230 499 506 556 mendacis
537 505 794 559 resistere
826 501 1111 559 veracibus
1142 503 1299 559 fallax
1327 502 1539 556 Domini
1572 499 1825 557 sacerdo-

231 591 406 647 tibus?
431 595 728 665 sacrilegus
760 605 814 648 ιιι
853 595 1047 659 audes,
1097 611 1259 665 quem
1302 594 1649 649 advertamus
1698 605 1823 647 esse

226 683 495 741 latronem
520 700 683 756 atque
706 685 877 742 furem
904 687 1078 753 illum,
1097 702 1257 756 quem
1285 685 1689 755 praeusteuderit
1713 686 1821 740 Do-

225 778 406 833 minus
433 778 623 833 dicens
652 795 665 832 :
697 780 878 840 Amen.
908 780 1338 834 amendicorobis
1362 788 1410 845 κ,
1434 781 1521 849 qui
1543 795 1644 833 non
1664 779 1822 832 intrat

224 887 316 941 per
339 871 559 941 ianuam
590 872 645 926 in
672 872 803 927 ovile
841 875 1033 938 ovium,
1064 875 1154 926 sed
1181 872 1268 943 qui
1290 872 1520 926 ascendit
1545 888 1635 941 per
1664 871 1821 924 aliam

222 976 448 1034 partem,
471 965 560 1019 ille
587 966 676 1035 fur
697 977 769 1019 est
790 977 837 1019 et
859 966 996 1020 latro
1016 964 1195 1038 (Joan.
1214 966 1350 1036 x,l).
1380 964 1679 1021 Porrexisti
1702 965 1823 1035 qui-

219 1054 344 1112 dem
368 1074 564 1112 manus
597 1058 662 1112 ad
686 1056 886 1113 Christi
924 1074 1055 1114 oves
1080 1058 1403 1113 autichristo
1430 1057 1819 1123 viudicnndas;

218 1151 315 1207 sed
349 1161 407 1205 ut
435 1166 496 1207 es
522 1152 738 1223 agnitus
762 1151 848 1207 fur
875 1164 1038 1223 atque
1062 1157 1221 1222 latro,
1244 1168 1305 1210 es
1325 1154 1522 1208 vitatus
1550 1165 1713 1224 atque
1738 1170 1822 1208 re-

212 1243 416 1315 iectus.
434 1244 543 1299 (Jur
560 1255 612 1302 te
634 1246 716 1301 vel
732 1248 1164 1317 consacrilegum
1183 1258 1333 1303 tuum
1350 1248 1645 1318 Georgium
1663 1246 1690 1286 ι)
1714 1263 1821 1303 non

214 1348 347 1393 sunt
372 1346 575 1394 secuta:
601 1356 733 1394 oves
752 1340 884 1395 Dei?
911 1339 1021 1395 Cur
1052 1340 1228 1407 illum,
1246 1357 1406 1409 quem
1437 1357 1557 1396 esse
1580 1341 1823 1397 Alexan-

212 1427 506 1485 drinorum
527 1430 826 1487 fortissime
848 1446 907 1487 es
927 1432 1118 1487 dolens
1142 1435 1479 1504 episcopum,
1495 1435 1823 1504 sequuntur?

213 1527 323 1582 nisi
369 1529 499 1599 quia
541 1529 692 1584 illum
738 1530 956 1598 quidem
1009 1531 1309 1586 instituerit
1352 1530 1461 1585 illis
1507 1532 1821 1600 episcOpuni

212 1620 365 1676 Deus
388 1663 406 1686 ,
435 1631 491 1677 te
518 1637 647 1677 vero
673 1631 835 1691 atque
863 1623 1156 1694 Georgium
1201 1624 1267 1679 ad
1316 1624 1627 1679 mactandas
1660 1633 1715 1679 ut
1748 1625 1825 1679 la-

210 1723 411 1771 trones
446 1723 500 1771 et
547 1714 696 1771 fures
743 1716 1034 1771 immiserit
1080 1716 1349 1772 diabolus.
1389 1717 1490 1782 Qui
1534 1722 1694 1772 intrat
1734 1736 1824 1787 per

1926 505 1983 551 ut
2015 505 2066 553 te
2090 511 2157 552 ac
2178 507 2298 553 tuos
2318 508 2718 569 cognoscentes
2749 498 2989 554 latrones
3015 513 3137 554 esse
3163 513 3226 554 ac
3248 498 3398 554 fures
3422 498 3538 568 pel-

1924 590 2117 646 lerent.
2143 590 2252 647 Sed
2276 600 2332 645 tu
2359 591 2561 647 idcirco
2588 601 2639 647 te
2669 607 2733 647 ac
2761 600 2903 656 tuos,
2935 590 3107 661 pulsis
3129 590 3289 645 nobis
3322 589 3416 646 Dei
3448 605 3538 647 or-

1924 684 2125 739 dinatis
2146 684 2371 754 judicio,
2416 699 2653 755 praeesse
2699 685 2851 755 gregi
2897 684 3180 739 dominico
3228 683 3531 750 censuisti,

1923 792 2031 848 quo
2055 778 2232 846 possis
2255 777 2424 833 libere
2453 777 2506 832 in
2537 777 2627 832 Dei
2652 776 2888 847 grassziri
2917 791 3157 847 gregem.
3190 776 3320 831 Cum
3344 776 3419 830 sis
3452 785 3535 829 ta-

1922 872 2012 939 lis,
2044 871 2231 927 mirari
2275 888 2383 926 non
2431 871 2736 942 poterimus
2775 872 2905 942 quia
2947 869 3154 925 dixeris
3195 868 3530 940 puniendum

1923 966 2209 1020 absentem
2233 963 2330 1019 Dei
2361 965 2650 1019 cultorem.
2684 962 2873 1034 Neque
2903 964 3049 1018 enim
3083 962 3323 1018 retinere
3345 973 3534 1030 potue-

1924 1071 2013 1112 ras
2038 1056 2239 1112 dixisse
2271 1056 2560 1112 Dominum
2594 1074 2607 1110 :
2643 1056 2705 1111 Si
2742 1055 2959 1128 diligitis
3000 1072 3080 1111 nte
3100 1096 3113 1119 ,
3137 1054 3383 1109 mandata
3415 1071 3529 1109 mea

1924 1161 2117 1206 servate
2139 1150 2165 1189 ιι
2189 1168 2208 1207 :
2239 1161 2287 1205 et
2310 1167 2404 1222 ego
2442 1150 2635 1223 rogabo
2678 1148 2913 1217 Patrem,
2952 1160 2999 1204 et
3038 1151 3197 1205 alium
3222 1150 3529 1205 advocatum

1926 1243 2068 1298 dabit
2095 1244 2257 1310 vobis,
2289 1256 2345 1299 ut
2374 1245 2633 1298 vobiscum
2664 1244 2731 1297 sit
2758 1247 2811 1297 in
2835 1254 3083 1297 trternum
3106 1243 3318 1315 spiritus
3343 1242 3533 1296 verita-

1925 1341 2010 1401 tis,
2042 1354 2193 1408 quem
2234 1338 2457 1392 mundus
2484 1353 2585 1391 non
2615 1346 2781 1406 potest
2824 1338 3092 1406 accipere,
3138 1336 3381 1406 quoniam
3427 1351 3530 1389 non

1925 1432 2062 1487 videt
2087 1433 2236 1487 illum
2262 1449 2354 1486 nec
2382 1433 2639 1504 agnoscit;
2669 1447 2757 1485 vos
2782 1432 3069 1502 agnoscitis
3094 1447 3207 1486 eum
3225 1472 3241 1497 ,
3284 1430 3529 1501 quouiant

1926 1526 2181 1581 vobiscum
2233 1535 2404 1580 manet
2444 1535 2491 1579 et
2542 1526 2593 1580 in
2631 1525 2773 1579 vobis
2804 1533 2878 1578 est
2908 1523 3081 1592 (Ibid.
3115 1538 3230 1590 xiv,
3263 1521 3388 1594 15).
3419 1521 3529 1577 Sed

1926 1619 2032 1687 dic,
2068 1634 2163 1675 oro
2196 1629 2269 1686 te,
2294 1618 2568 1691 quomodo
2600 1618 2771 1687 possit
2800 1618 2853 1672 iii
2888 1617 3045 1672 nobis
3078 1617 3327 1673 habitare
3355 1615 3530 1686 Spiri-

1928 1720 2013 1766 tus
2037 1719 2253 1765 sanctus
2285 1710 2597 1780 paraclitns,
2625 1708 2669 1764 si
2705 1719 2851 1763 tuam
2882 1708 2966 1764 vel
2998 1708 3165 1778 patris
3192 1707 3269 1762 tui
3301 1707 3528 1764 fecisse-

203 1811 456 1881 januam,
492 1808 687 1879 inquit.
730 1821 908 1881 pastor
932 1818 1006 1864 est
1037 1811 1208 1865 ovium
1232 1828 1251 1865 :
1278 1811 1400 1865 huic
1428 1813 1668 1866 ostiarius
1695 1830 1818 1881 ape-
1850 1809 1897 1868 Β
1924 1819 2044 1859 "ius
2073 1803 2444 1858 VOI'llllalem?
2468 1801 2607 1856 infra
2635 1802 2821 1867 “iam.
2848 1800 2951 1869 Qui
2975 1800 3143 1868 αηιίίῖν
3172 1800 3368 1871 inquit.
3396 1816 3532 1872 Ρηε·

210 1899 309 1964 rit,
341 1909 390 1953 et
433 1916 548 1954 oves
587 1900 808 1955 audiunt
833 1917 1007 1954 vocem
1030 1904 1176 1974 ejus,
1208 1912 1253 1955 et
1283 1920 1403 1957 suas
1428 1920 1541 1958 oves
1567 1912 1714 1957 vocat
1736 1920 1827 1957 no-

211 1993 479 2056 minatim,
503 2002 553 2047 et
568 1993 736 2048 educit
758 1994 903 2057 illas;
923 2004 972 2047 et
998 2011 1116 2049 cum
1136 2013 1257 2050 suas
1274 2013 1448 2051 omnes
1471 1998 1697 2069 ejecerit,
1713 1997 1781 2050 ad
1800 2008 1822 2035 ο

210 2084 343 2138 illas
365 2086 527 2150 vadit,
552 2094 601 2139 et
646 2101 761 2141 oves
803 2102 919 2140 eum
940 2098 1244 2156 sequuntur,
1274 2090 1398 2159 quia
1420 2099 1674 2143 noverunt
1698 2086 1723 2126 ἀ
1748 2105 1827 2143 vo-

211 2194 330 2233 cem
359 2181 503 2252 ejus;
532 2180 749 2234 alterum
790 2196 891 2234 non
922 2192 1228 2249 sequuntur,
1256 2187 1346 2235 sed
1386 2182 1590 2255 fugiunt
1619 2181 1679 2235 ab
1710 2181 1824 2246 illo,

211 2272 345 2339 quia
374 2271 607 2325 nesciunt
632 2274 745 2345 ejus
771 2286 943 2325 vocem
972 2270 1136 2343 (Ibid.
1169 2271 1251 2343 2).
1283 2273 1415 2341 Quia
1452 2274 1612 2344 igitur
1638 2282 1690 2327 tu
1719 2289 1825 2327 non
1854 2272 1869 2287 ‘

215 2362 523 2419 intraveris
550 2380 647 2434 per
673 2366 893 2434 januam
928 2366 979 2419 iii
1033 2366 1345 2426 ecclesiam.
1378 2368 1515 2422 latro
1548 2384 1671 2422 csse
1698 2384 1829 2423 con.

214 2456 455 2527 spiceris
490 2466 653 2527 atque
686 2458 768 2512 fur
798 2475 812 2514 :
839 2474 943 2513 non
975 2459 1119 2513 enim
1141 2458 1284 2514 nosti
1313 2459 1408 2514 Dei
1435 2459 1630 2514 Filium
1662 2471 1720 2515 ut
1750 2461 1829 2515 di-

214 2557 389 2603 caste
416 2548 648 2603 intrasse
677 2549 1009 2620 perjantiatn
1043 2569 1057 2605 :
1087 2551 1355 2621 siquidem
1389 2552 1479 2608 ille
1501 2568 1597 2609 eos
1623 2553 1831 2608 diceret

215 2649 275 2695 et
301 2641 454 2695 fures
482 2650 537 2695 et
561 2643 822 2705 latrones,
843 2644 969 2713 quia
998 2652 1053 2699 et
1084 2652 1214 2699 tunc
1240 2660 1345 2698 tt0n
1375 2647 1598 2701 luerunt
1628 2646 1679 2700 in
1711 2646 1830 2716 ejus

216 2733 574 2791 clementiam
608 2736 848 2791 divinam
881 2736 1202 2802 credentes,
1236 2754 1336 2794 nec
1362 2739 1620 2808 deinceps
1643 2750 1831 2795 essent

216 2827 517 2896 credituri,
551 2840 606 2886 et
639 2832 798 2887 aliter
831 2832 1064 2889 fuissent
1101 2834 1324 2889 erudire
1356 2850 1489 2891 oves
1529 2835 1680 2891 illius
1712 2848 1830 2892 ten-

218 2922 420 2978 taturi.
450 2922 615 2994 Igitur
635 2939 758 2979 cum
787 2938 840 2979 ιιι
874 2924 999 2982 hinc
1024 2936 1046 2963 θ
1070 2926 1371 2981 doctrinam
1401 2944 1662 3000 spargens
1689 2929 1832 2985 insa-

218 3029 351 3070 nam
379 3016 488 3081 sis,
519 3016 661 3085 quod
691 3018 834 3072 enim
865 3034 971 3073 non
1016 3020 1068 3074 in
1110 3036 1235 3075 eum
1278 3021 1613 3086 credideris,
1646 3024 1831 3093 utique

217 3124 349 3166 esse
375 3110 517 3165 latro
540 3112 633 3167 ille
658 3122 821 3183 atque
843 3112 951 3179 fur,
982 3114 1075 3184 qui
1097 3115 1208 3185 jam
1234 3125 1360 3170 tunc
1393 3117 1832 3184 prmostendeba-

1930 1898 2119 1970 cepta1
2156 1917 2295 1965 mea,
2333 1909 2380 1954 et
2400 1899 2618 1953 custodit
2646 1908 2685 1935 ω
2709 1898 2833 1963 illa,
2864 1897 2954 1951 ille
2983 1906 3059 1951 est
3095 1896 3185 1967 qui
3226 1912 3305 1950 nte
3336 1896 3529 1967 diligit.

1934 1994 2036 2061 Qui
2065 2002 2233 2048 autem
2261 2009 2341 2045 me
2366 1991 2557 2063 diligit,
2588 1990 2832 2061 diligetur
2861 2006 2892 2043 a
2913 1988 3073 2044 Patre
3101 2005 3235 2054 meo,
3264 1998 3310 2042 et
3334 2005 3425 2059 ego
3452 1988 3535 2042 di-

1931 2088 2086 2158 ligant
2106 2087 2275 2152 illum,
2316 2095 2363 2140 et
2392 2084 2655 2140 ostendam
2683 2082 2765 2137 illi
2804 2083 3078 2151 meipsum.
3112 2081 3194 2134 Ait
3234 2081 3313 2135 illi
3357 2078 3529 2135 ludas

1931 2196 2034 2235 non
2063 2178 2304 2235 Scarioth
2327 2187 2353 2215 η
2386 2194 2404 2233 ;
2434 2177 2654 2231 Domine
2679 2175 2803 2247 quid
2832 2177 3027 2246 factum
3054 2182 3127 2228 est
3147 2214 3161 2236 ,
3190 2173 3329 2243 quod
3358 2175 3529 2227 mani-

1932 2275 2089 2345 festas
2114 2284 2161 2326 te
2188 2271 2351 2338 nobis,
2382 2280 2430 2325 et
2454 2288 2553 2324 non
2582 2268 2704 2322 ltuit:
2732 2267 2963 2322 mundo?
2989 2265 3274 2339 Respondit
3304 2264 3460 2321 Iesus
3482 2277 3532 2320 et

1931 2366 2063 2421 dixit
2088 2367 2165 2420 illi
2196 2383 2214 2420 .'
2243 2366 2302 2421 Si
2338 2365 2452 2435 quis
2480 2379 2562 2416 me
2601 2361 2806 2433 diligit,
2840 2376 3125 2415 sermonem
3162 2374 3331 2414 meum
3356 2369 3528 2412 custo-

1932 2462 2057 2529 dict,
2082 2471 2130 2515 et
2159 2460 2321 2515 Pater
2340 2476 2479 2514 meus
2504 2458 2679 2529 diliget
2704 2457 2874 2523 illum,
2898 2466 2947 2509 et
2976 2454 3044 2507 ad
3073 2453 3223 2507 illum
3247 2453 3529 2517 veniemus,

1932 2569 1979 2613 et
2009 2558 2151 2629 apud
2178 2575 2290 2612 eum
2317 2557 2656 2610 manebimus.
2683 2554 2785 2620 Qui
2815 2572 2915 2609 non
2942 2571 3021 2609 me
3049 2552 3241 2623 diligit.
3271 2566 3529 2608 sermones

1932 2667 2069 2705 nteos
2120 2667 2222 2704 non
2260 2647 2482 2703 custodit
2525 2646 2718 2715 (lbid.,
2757 2645 2872 2717 21).
2908 2646 2985 2699 Ex
3032 2643 3116 2699 his
3154 2643 3367 2698 Domini
3402 2660 3529 2713 pro-

1934 2742 2394 2807 nuntiationibus,
2424 2756 2583 2813 quam
2617 2741 2866 2795 inimicus
2895 2748 3076 2793 noster
3099 2738 3407 2804 exstiteris,
3442 2752 3538 2806 po-

1936 2849 2041 2896 test
2069 2838 2264 2909 conjici
2292 2856 2304 2891 :
2336 2836 2440 2904 Qui
2465 2836 2612 2891 audit
2653 2836 2901 2890 mandata
2938 2851 3049 2888 mea
3074 2843 3122 2888 et
3152 2832 3375 2888 custodit
3402 2832 3498 2888 illa
3516 2874 3534 2900 ,

1932 2933 2024 2987 ille
2046 2942 2121 2986 est
2149 2932 2237 3002 qui
2266 2946 2344 2984 nte
2370 2929 2541 3001 diligit
2572 2927 2795 3001 (Ibid.).
2826 2926 3111 2995 Quomodo
3144 2924 3402 2980 dilexisse
3435 2939 3535 2980 nos

1934 3040 2057 3081 eum
2089 3023 2549 3087 monstrabamus,
2578 3022 2645 3087 si,
2677 3028 2736 3075 ut
2768 3030 2843 3087 tu,
2871 3018 3121 3074 mandata
3150 3018 3269 3088 ejus
3296 3018 3537 3073 calcare-

1936 3118 2080 3174 mus?
2107 3118 2323 3173 calcans
2351 3132 2410 3172 es
2438 3116 2638 3172 etenim
2669 3113 2939 3170 dominica
2982 3112 3261 3178 mandata;
3304 3127 3536 3181 cumque

218 3203 325 3267 ris,
347 3218 414 3259 ex
438 3204 769 3273 blasphemis
795 3204 814 3243 ί
844 3206 948 3261 tuis
968 3205 1412 3265 manifestissime
1432 3209 1825 3279 comprobaris.
1857 3203 1903 3267 C
1935 3213 2025 3268 ille
2046 3212 2252 3268 servari
2274 3209 2546 3275 sanxerit,
2566 3218 2618 3263 tu
2643 3223 2747 3263 non
2772 3215 2978 3262 tantum
3002 3222 3109 3260 non
3131 3220 3251 3260 esse
3270 3202 3537 3259 servanda

219 3294 381 3362 Quod
414 3294 486 3350 ita
517 3311 641 3351 esse
688 3297 884 3368 probat
923 3300 1205 3369 sequentia
1250 3310 1275 3349 ε
1318 3301 1778 3372 pronuntiationis
1812 3320 1826 3358 :

220 3389 301 3445 ait
332 3389 399 3444 ad
425 3389 547 3444 illos
573 3389 735 3445 Jesus
763 3408 775 3443 :
806 3391 986 3456 Amen,
1018 3409 1165 3446 amen
1190 3393 1332 3447 dicos
1360 3394 1520 3461 vobis,
1548 3411 1640 3465 ego
1661 3392 1689 3431 ¹³
1716 3411 1830 3450 sum

208 3481 388 3552 janua
421 3483 605 3537 ovium.
637 3480 828 3537 Omnes
856 3484 1162 3553 quicumque
1187 3496 1430 3541 venerunt
1455 3498 1575 3541 ante
1605 3485 1620 3525 ί
1652 3503 1749 3553 me,
1780 3496 1828 3541 et

220 3578 369 3646 fures
391 3585 508 3629 sunt
533 3586 578 3630 et
606 3576 854 3641 latrones,
873 3576 965 3631 sed
987 3594 1088 3631 non
1114 3579 1389 3633 audierunt
1412 3580 1528 3634 illos
1552 3596 1686 3634 oves.
1713 3579 1827 3651 Ego

220 3683 341 3721 sum
356 3671 527 3740 janua
556 3670 572 3719 ι
597 3684 611 3734 ;
641 3670 686 3723 si
724 3671 837 3738 quis
868 3686 960 3738 per
990 3688 1068 3725 me
1092 3672 1391 3738 intraverit,
1420 3673 1592 3727 salvus
1620 3675 1746 3741 erit,
1778 3683 1826 3729 et

218 3760 453 3825 intrabit,
474 3769 521 3815 et
540 3778 732 3833 pascua
758 3763 1004 3830 inveniet;
1032 3768 1118 3835 fur
1144 3782 1246 3819 non
1274 3767 1427 3831 venit,
1458 3768 1557 3820 nisi
1598 3776 1653 3820 ut
1684 3770 1825 3840 [ure-

220 3862 309 3907 tur
337 3849 504 3920 (Ibid.
556 3853 637 3925 7).
668 3852 713 3909 Ο
764 3865 819 3909 ιιι
865 3856 1049 3925 itaque
1092 3854 1197 3923 fur,
1231 3857 1321 3926 qui
1361 3857 1427 3912 ad
1460 3857 1563 3913 hoc
1594 3859 1827 3915 intrasse

220 3944 324 4001 Dei
350 3946 643 4003 inveniaris
663 3949 825 4015 ovile,
853 3959 910 4004 ut
936 3950 1185 4006 videlicet
1214 3951 1410 4008 fuisses
1436 3954 1639 4008 furatus
1668 3964 1722 4009 et
1750 3954 1831 4009 in—

223 4040 525 4109 terliceres,
549 4059 653 4114 qua
683 4043 863 4099 adhuc
890 4061 1022 4100 voce
1052 4048 1255 4116 poteris
1284 4047 1467 4103 dicere
1493 4066 1505 4101 :
1539 4046 1703 4103 Debet
1725 4066 1825 4103 non

219 4150 334 4189 esse
359 4136 621 4209 episcOpus
644 4138 959 4193 Athanasius
1003 4141 1501 4209 Alexandrinorum,
1542 4143 1633 4197 sed
1663 4142 1829 4199 Geor-

217 4228 363 4300 gius,
383 4230 603 4299 quando
628 4230 811 4286 videas
835 4242 887 4287 te
916 4232 1231 4302 Georgium,
1264 4236 1347 4290 vel
1380 4246 1606 4290 cunctos
1636 4252 1827 4291 consa-

219 4322 457 4395 crilegos
475 4334 690 4381 vestros
712 4341 817 4380 non
851 4340 973 4381 esse
994 4326 1140 4381 aliud
1170 4327 1274 4381 nisi
1305 4327 1450 4383 iures
1478 4328 1827 4398 ac,latrones?

1940 3306 2184 3369 mandes,
2208 3305 2301 3361 sed
2325 3313 2381 3361 et
2403 3304 2576 3373 ipsum
2600 3302 2784 3373 negari
2812 3301 3125 3370 praecipias:
3149 3307 3240 3353 aut
3262 3297 3536 3369 quomodo

1937 3417 2025 3458 me
2054 3401 2215 3457 Pater
2236 3400 2425 3472 ipsius,
2456 3407 2739 3470 pronterea
2762 3396 2903 3468 quod
2929 3394 3258 3451 servaverim
3283 3392 3539 3449 mandata

1936 3494 2056 3549 Filii
2100 3495 2246 3563 ejus,
2276 3508 2460 3548 amare
2505 3491 2733 3560 poterit,
2767 3490 2812 3545 si
2854 3489 3107 3544 damnem
3154 3488 3537 3543 innocentem?

1936 3588 2075 3643 Dicit
2106 3587 2274 3642 Filius
2304 3587 2397 3643 Dei
2428 3603 2441 3640 :
2470 3586 2533 3641 Si
2572 3586 2686 3655 quis
2720 3601 2800 3639 me
2828 3583 3028 3655 diligit,
3056 3598 3337 3637 sermonem
3366 3598 3534 3635 meum

1933 3682 2212 3746 custodiet,
2244 3688 2291 3735 et
2327 3678 2481 3734 Pater
2508 3695 2650 3732 nteus
2688 3677 2864 3747 diliget
2893 3675 3072 3738 illum,
3112 3684 3158 3729 et
3188 3675 3255 3727 ad
3276 3674 3426 3728 illuni
3454 3688 3538 3728 vc-

1933 3774 2161 3841 nietnus,
2191 3782 2239 3827 et
2278 3770 2420 3844 apud
2460 3772 2609 3826 illum
2654 3768 2969 3824 manebimus
3002 3764 3169 3841 (Ibid.
3199 3765 3336 3839 25):
3380 3775 3437 3822 et
3480 3775 3537 3822 tu

1932 3866 2093 3931 dicis,
2123 3880 2244 3921 esca
2290 3862 2431 3935 ignis
2461 3873 2702 3933 apostata
2725 3904 2740 3929 ,
2769 3861 3026 3916 Damnate
3051 3864 3389 3917 innocentem.
3420 3858 3541 3928 Quo

1931 3972 2131 4029 genere
2156 3957 2250 4013 Dei
2282 3956 2510 4028 diligere
2534 3954 2735 4011 inventi
2765 3952 3058 4008 fuissemus
3088 3951 3312 4018 Filium,
3340 3953 3385 4006 si
3409 3966 3542 4007 con-

1933 4059 2015 4106 tra
2046 4049 2296 4105 mandata
2325 4050 2495 4121 ipsius
2522 4049 2897 4119 jugularemus
2924 4047 3101 4101 virum
3128 4045 3371 4115 justum?
3396 4044 3540 4111 Quo-

1933 4142 2097 4198 modo
2122 4142 2238 4198 ﬁeri
2265 4151 2477 4212 poterat
2502 4152 2558 4197 ut
2588 4142 2838 4211 diligeret
2863 4154 2962 4194 nos
2986 4138 3171 4202 Pater,
3202 4148 3256 4193 et
3286 4136 3541 4194 venirent

1935 4238 2095 4293 Pater
2114 4248 2169 4293 et
2192 4237 2381 4304 Filius,
2400 4247 2456 4293 et
2480 4236 2772 4291 mansitare
2792 4234 2996 4303 dignati
3024 4232 3250 4287 fuissent
3275 4232 3326 4285 in
3357 4231 3533 4298 nobis,

1932 4332 1979 4387 si
2012 4332 2379 4388 rescindentes
2408 4330 2620 4385 Domini
2663 4327 2917 4383 mandata
2939 4369 2955 4391 ,
2991 4336 3074 4379 tua
3109 4325 3361 4396 sacrilegi
3392 4340 3537 4397 prte-

296 4499 324 4528 ι
356 4490 517 4564 Yers.
552 4491 682 4547 Ant.
716 4491 879 4545 Amen
905 4490 1201 4560 dico....',in
1220 4499 1504 4545 cortent....
1539 4491 1628 4545 sed
1654 4508 1832 4547 ascen-
1857 4496 1911 4558 D
1936 4490 2061 4547 Cum
2092 4504 2260 4550 autem
2289 4510 2499 4550 oves....
2523 4492 2850 4564 produxerit,
2880 4500 2997 4543 ante
3026 4487 3145 4543 illas
3166 4486 3333 4543 vadet.
3359 4486 3535 4543 Grmc.

221 4564 300 4618 dit
331 4562 441 4616 alia
476 4575 643 4618 parte.

294 4579 300 4613 τ
331 4579 441 4616 ana
512 4579 643 4617 arte.

294 4633 323 4673 δ
358 4579 709 4703 Quaiitopere
747 4650 775 4688 a
803 4633 1022 4704 Georgii
1053 4634 1438 4689 communione
1467 4633 1832 4690 abhorrerent

220 4705 610 4772 Alexandrini,
631 4707 734 4776 ipsi
762 4716 1033 4761 testantur
1063 4706 1115 4759 in
1151 4706 1332 4759 libello
1360 4704 1521 4774 paulo
1549 4715 1677 4761 ante
1716 4722 1829 4761 me-

221 4787 444 4834 tum-ato
476 4794 487 4829 :
520 4776 582 4834 Si
611 4778 830 4831 edictum
860 4778 1110 4846 principis
1135 4787 1232 4838 est,
1254 4788 1311 4831 ut
1340 4777 1392 4830 in
1422 4793 1516 4830 nos
1546 4781 1829 4849 persecutio

220 4851 391 4921 ﬁeret,
425 4850 594 4915 parati
620 4865 794 4903 suntus
816 4866 990 4903 omnes
1016 4852 1086 4901 ad
1108 4850 1410 4921 martyrium
1434 4848 1826 4906 subeundum...

221 4922 684 4986 obserramusque,
718 4931 771 4974 ut
810 4921 1161 4983 obtineamus,
1195 4937 1257 4973 ne
1294 4920 1403 4974 illis
1445 4920 1661 4976 liberum
1704 4921 1825 4987 ﬁat,

221 4994 387 5047 alium
410 4991 727 5063 Episcopum
744 4992 1091 5057 introducere,-
1108 4992 1248 5061 quod
1269 5009 1331 5046 ne
1352 4992 1496 5062 ﬁeret
1523 4992 1828 5063 restitimus,

220 5065 568 5119 Athanasium
607 5062 1084 5117 reverendissimum
1115 5063 1484 5130 desiderantes,
1513 5080 1663 5132 quem
1693 5062 1832 5119 Deus

220 5144 286 5190 ab
317 5136 467 5190 initio
514 5136 660 5189 nobis
704 5138 847 5190 dedit
885 5136 1173 5207 secundum
1215 5136 1586 5207 successionem
1627 5144 1832 5207 patrum

220 5219 538 5272 nostrorum,
571 5223 719 5276 quem
762 5210 872 5276 ipse
908 5204 1239 5262 Constantius
1269 5204 1694 5276 religiosissimus
1723 5206 1833 5261 Au-

220 5293 407 5352 gustus
434 5296 549 5332 cum
576 5279 762 5332 litteris
784 5279 1195 5352 jttramentisque
1222 5279 1324 5352 huc
1349 5278 1508 5352 misit.
1539 5278 1673 5352 Quin
1702 5293 1832 5333 Vero

220 5349 517 5407 consecuta
550 5360 705 5414 sunt,
737 5352 949 5412 ciedes,
978 5350 1202 5415 exsilia,
1236 5349 1632 5418 publicationes
1664 5350 1834 5404 bono-

221 5440 369 5486 rum,
405 5423 840 5488 proscriptiones
888 5422 938 5475 in
969 5428 1080 5475 tota
1123 5420 1295 5475 ferme
1320 5421 1674 5476 Alexandrini
1709 5422 1834 5490 Epi-

224 5503 485 5563 scopatus
532 5493 758 5548 ditecesi
808 5494 1017 5561 integro
1046 5492 1217 5546 ferme
1256 5494 1524 5547 sexennio
1550 5508 1723 5564 usque
1766 5494 1833 5548 ad

224 5569 465 5623 reditum
496 5566 776 5619 Athanasii
800 5565 938 5619 satis
961 5566 1266 5630 declarant,
1292 5572 1515 5633 paratos
1541 5563 1707 5618 luisse
1729 5564 1833 5620 Ca-

225 5638 469 5694 tholicns
517 5637 640 5691 illos
684 5649 931 5690 eXtrema
970 5650 1205 5705 quaeque
1247 5639 1514 5690 malorum
1548 5645 1827 5704 oppetere,

224 5727 388 5781 quam
413 5724 535 5762 cum
558 5707 793 5778 Georgio
813 5707 975 5763 ullam
999 5707 1140 5762 inire
1165 5707 1450 5778 religionis
1474 5722 1539 5763 ac
1553 5722 1833 5764 sacrorum

226 5780 576 5855 societatctiu
796 5784 868 5855 1_'.
913 5798 943 5855 μζ
1043 5848 1054 5855 Δ
1188 5850 1198 5855 Α
1262 5790 1307 5855 ζ,
1470 5830 1528 5855 νς,
1628 5843 1640 5855 Δ
1748 5844 1791 5855 Η

309 5861 333 5891 ο
369 5851 517 5909 Ante.
543 5850 723 5910 Latin.
754 5848 1079 5909 etGalland.
1105 5856 1164 5906 ut
1186 5850 1240 5907 in
1262 5848 1420 5906 Ἴθι-ε.
1452 5844 1603 5915 Aut,
1628 5843 1679 5904 in
1705 5844 1830 5919 qua.

1935 4567 2122 4625 ἔκϐἀλη
2133 4606 2146 4620 .

2004 4636 2031 4675 ἀ
2058 4626 2213 4694 νἐις.
2240 4639 2368 4694 Ant.
2399 4637 2701 4694 Sciunt.....
2730 4636 2951 4690 alienum
2976 4642 3212 4687 autem...
3238 4631 3301 4686 ab
3323 4647 3405 4700 eo,
3432 4642 3537 4688 etc.

1932 4748 1937 4755 .
2008 4718 2031 4747 ε
2064 4709 2237 4765 Hanc.
2287 4709 2392 4765 Til.

2011 4778 2030 4817 ί
2064 4780 2435 4849 Blasphemiis.
2466 4779 2547 4837 Id.

2006 4862 2031 4898 ε
2065 4846 2298 4926 Ifrobant
2342 4853 2628 4926 sequentia,
2678 4850 2764 4906 vel
2809 4849 3069 4920 sequentia
3093 4846 3413 4903 femininum
3459 4846 3541 4901 la-

1934 4923 2026 4979 cit.
2076 4922 2163 4977 Id.

2009 4991 2035 5068 'f
2067 4996 2223 5068 γει-ε.
2255 4996 2383 5052 Ant.
2419 4994 2554 5062 Quia
2581 5010 2677 5068 ego
2707 5009 2821 5046 sum
2851 4993 3154 5068 o_stis_tnt.....
3172 4998 3447 5068 quotquot.

2014 5064 2030 5145 ξ
2066 5066 2144 5145 Ita
2175 5067 2551 5145 Graemts,_grpt‘i
2580 5064 2725 5145 suos“.
2758 5064 2900 5134 quod
2930 5064 3140 5145 abesta
3172 5064 3493 5145 Vers..Aut.

2012 5141 2025 5187 1
2068 5138 2225 5193 Vers.
2258 5141 2385 5193 Ant.
2404 5132 2646 5193 VOs'tt'un't.
2682 5132 2791 5190 Per
2812 5152 2891 5189 me
2912 5135 2958 5187 si
2980 5136 3091 5199 quis
3120 5132 3402 5197 introierit,
3432 5132 3539 5186 sal-

1939 5209 2135 5263 vabitur
2158 5226 2176 5264 :
2202 5222 2247 5263 et
2278 5208 2531 5271 introibit,
2562 5220 2610 5264 et
2640 5209 2791 5270 exiet,
2822 5217 2868 5260 et
2897 5223 3038 5267 pasc.

2008 5278 2032 5316 ιε
2070 5280 2224 5337 Vers.
2249 5280 2377 5336 Aut.
2407 5280 2674 5351 I’rtccepta
2701 5296 2811 5333 mea
2832 5276 3173 5332 custodite....
3199 5276 3536 5351 spiritum...

1938 5352 2021 5405 hic
2047 5353 2389 5407 mundus.....
2423 5349 2661 5421 quia...”
2693 5368 2829 5418 eum,
2861 5366 2953 5404 nec
2977 5349 3235 5422 cognoscit
3257 5364 3372 5404 eum
3402 5363 3420 5402 :
3450 5363 3538 5403 vos

1936 5433 2104 5477 autem
2130 5426 2292 5479 nostis
2320 5424 2494 5489 illum,
2520 5426 2641 5493 quia
2663 5465 2677 5488 ,
2709 5435 2815 5477 etc.

2014 5493 2031 5533 1
2070 5496 2281 5552 Lucifer
2309 5496 2442 5551 infra
2472 5491 2747 5559 mandata,
2780 5503 2827 5547 et
2853 5499 2993 5563 apud
3018 5491 3168 5545 illum
3196 5491 3533 5545 manebimus.

2008 5577 2049 5605 ω
2084 5568 2235 5623 Vers.
2270 5572 2396 5623 Atil.
2430 5567 2613 5623 Servat
2640 5574 2855 5620 ea....et
2894 5566 3230 5636 manifestabo
3260 5565 3325 5616 ei.
3362 5579 3536 5636 .._nou

1938 5638 2028 5693 ille
2056 5640 2351 5707 Scariotlut,
2377 5641 2466 5696 sed
2495 5639 2725 5693 alius....
2757 5638 2878 5707 quia
2901 5634 3045 5689 nobis
3072 5636 3256 5706 incipis
3281 5634 3536 5707 ntanifess

1939 5721 2048 5765 tare
2088 5706 2421 5781 teipsum.....
2471 5713 2595 5765 dicit
2632 5706 2777 5763 ei....’
2819 5708 3155 5763 servavit.....
3185 5721 3337 5774 eum,
3377 5714 3428 5761 et
3466 5706 3535 5760 ad

1938 5798 2140 5851 eum...
2167 5798 2677 5851 manentus....,,non
2700 5786 2885 5837 servat.

2009 5846 2037 5889 ξι
2069 5845 2321 5907 Ιεοάνίοιῆ
2352 5842 2481 5917 Ιειάὶι
2512 5841 2697 5907 gebat.
