4042 6338
260 277 365 338 925

1317 284 1453 346 PRO
1483 283 1758 347 SANGTO
1799 281 2198 345 ATHANASIO
2236 283 2367 345 LIB.
2409 286 2474 347 Il.

3456 281 3563 342 είς

257 394 376 447 bene
421 393 515 447 bon
528 410 671 448 orum
700 410 912 468 operum
932 438 945 461 ,
974 395 1028 450 in
1054 397 1290 455 doctrina
1311 441 1323 465 ,
1365 401 1420 456 in
1448 400 1768 474 integritate.
1797 399 1851 459 in
1879 402 1931 469 Α
1965 397 2147 457 Videte
2171 400 2343 473 itaque
2376 404 2637 476 quomodo
2665 412 2814 462 ante
2864 402 2879 443 ί
2927 399 3232 465 ambulatio,
3272 413 3374 457 non
3413 400 3566 469 quasi

254 486 527 557 gravitate,
569 488 621 541 in
653 496 680 525 α
725 504 958 542 sermone
1001 506 1208 555 sanum,
1249 490 1772 561 irrepreltensibilem,
1803 501 1860 549 ut

253 579 585 635 adversarius
610 590 923 649 revereatur,
958 582 1093 636 nihil
1117 580 1311 638 habens
1340 584 1466 657 quid
1491 583 1519 623 δ
1551 584 1722 639 dicere
1746 600 1860 639 ma-

252 677 365 729 lum
395 673 462 727 de
489 674 635 729 nobis
668 673 796 747 (Tit.
831 691 902 743 tt,
934 675 1012 745 6).
1047 676 1331 743 Quomodo
1374 692 1460 735 me
1504 676 1733 735 formam
1765 677 1861 733 b0-

251 782 451 822 norum
484 783 711 838 operum
737 767 861 823 aliis
900 767 1275 839 praebuissem,
1312 770 1355 825 si
1398 772 1717 843 sanguinem
1765 768 1858 825 Dei

248 862 399 919 servi
429 860 715 918 fudissem?
738 862 1023 932 Quomodo
1045 862 1348 920 doctrinam
1381 865 1667 937 integram,
1694 878 1855 934 quam

251 953 593 1009 tradiderunt
645 954 897 1025 apostoli,
935 955 1323 1025 prmdicantem
1373 972 1458 1012 me
1500 957 1595 1010 Ι).τί
1624 956 1858 1028 pepulus

245 1058 637 1119 cognosceret,
668 1048 714 1101 si
748 1045 999 1103 haeresim
1035 1057 1182 1103 tuam
1214 1048 1600 1121 suscepissem,
1637 1050 1683 1103 si
1711 1048 1860 1104 deni-

245 1156 359 1213 que
380 1142 465 1197 vel
497 1141 551 1196 in
586 1141 864 1219 hypocrisi
896 1142 1148 1198 satellitis
1182 1153 1204 1181 ο
1233 1144 1339 1197 tuis
1367 1142 1854 1215 pscudoepiscopis

246 1236 469 1292 Arianis
536 1236 1046 1293 communicarem?
1104 1238 1389 1305 Quomodo
1443 1239 1620 1310 possit
1672 1252 1856 1296 sermo

246 1344 405 1384 meus
427 1327 659 1403 proferri
677 1343 863 1395 sanus,
890 1328 1408 1403 irreprchensibilis,
1425 1332 1468 1384 si
1484 1313 1852 1401 evangelicam

245 1429 415 1493 atque
445 1423 802 1490 apostolicam
833 1422 1096 1483 deserens
1121 1424 1282 1481 tidem
1316 1434 1463 1480 tuam
1490 1424 1853 1495 suscepissem

248 1514 669 1585 blasphemiam?
697 1516 982 1585 Quomodo
1013 1517 1363 1574 adversarius
1390 1516 1634 1575 revereri
1663 1529 1855 1589 potue-

247 1607 363 1663 rat?
393 1608 676 1677 Quomodo
720 1611 788 1669 de
820 1625 903 1663 me
950 1610 1083 1665 nihil
1118 1611 1287 1681 possit
1328 1611 1515 1667 dicere
1544 1611 1693 1677 mali,
1728 1626 1850 1674 cum

245 1704 292 1757 si
329 1703 426 1757 tibi
456 1703 915 1775 acquiescendnm
946 1706 1304 1767 censuissem.
1338 1714 1394 1760 et
1435 1703 1767 1763 homicidam
1798 1710 1853 1759 et

1962 493 2261 566 insipientes
2279 534 2294 563 ,
2322 495 2412 551 sed
2440 506 2493 552 ut
2520 499 2776 568 sapientes
2796 539 2809 562 .
2843 498 3149 553 redimentes
3176 503 3408 562 tempus,
3438 493 3561 563 quia

1958 588 2071 645 dies
2101 589 2225 645 mali
2246 599 2390 647 sunt.
2417 589 2700 663 Propterea
2722 593 2881 648 nolite
2903 591 3045 663 efﬁci
3069 587 3446 661 imprudentes,
3469 588 3562 642 sed

1961 679 2302 753 intelligentes
2330 700 2445 753 qua:
2471 685 2539 754 sit
2568 686 2806 745 voluntas
2838 684 3048 741 Domini
3074 679 3240 756 (Eph.
3266 697 3325 747 ν,
3359 679 3470 751 15).
3504 678 3565 737 Si

1960 774 2212 829 voluntas
2235 785 2318 835 est
2346 776 2559 835 Domini
2588 778 2893 835 interﬁcere
2924 778 3294 837 innocentem,
3322 771 3567 828 dcrelin.

1958 882 2127 941 quere
2148 868 2719 942 tidemevangelicam.
2737 872 2939 942 poterit
2955 885 3061 925 non
3080 870 3253 924 solum
3275 866 3391 921 hac
3413 881 3564 936 pars,

1958 961 2055 1019 sed
2084 970 2139 1017 et
2181 971 2351 1019 tntum
2376 979 2580 1035 corpus
2606 965 2966 1035 epistularum
2996 963 3143 1018 beati
3183 959 3413 1031 apostoli
3457 960 3564 1023 tuis

1960 1054 2315 1123 patrocinium
2334 1057 2578 1125 praebere
2592 1055 3111 1126 praescriptionibus;
3126 1056 3210 1110 sin
3228 1054 3402 1108 minus
3417 1052 3561 1109 favet

1960 1149 2465 1225 prmscriptionibus
2501 1149 2605 1207 tuis
2638 1150 2783 1205 nulla
2821 1152 2834 1201 t
2873 1164 3000 1220 pars
3022 1162 3302 1204 sacrarum
3325 1148 3565 1217 scriptu-

1958 1256 2167 1307 rarum,
2187 1242 2401 1299 estluce
2413 1244 2614 1303 clarius
2632 1243 2977 1303 manifestum
2999 1254 3051 1299 te
3076 1242 3181 1298 sub
3206 1241 3560 1297 tenebrarum

1957 1332 2156 1403 degere
2177 1342 2469 1405 potestate;
2495 1334 2636 1393 unde
2660 1334 2991 1403 etleﬂectum
3010 1335 3101 1397 sit,
3130 1343 3188 1388 ut
3217 1332 3353 1388 nihil
3377 1331 3447 1387 de
3471 1346 3562 1386 sa.

1955 1428 2063 1483 eris
2074 1427 2469 1498 scripturarum
2498 1428 2746 1485 hauseris
2768 1429 3030 1492 fontibus,
3046 1426 3195 1498 quod
3218 1436 3273 1482 te
3293 1426 3560 1496 potuisset

1954 1532 1983 1577 ἢ
2009 1519 2177 1577 tantis
2203 1534 2496 1580 removere
2526 1521 2803 1588 periculis.
2835 1519 2896 1577 Si
2921 1520 3066 1576 enim
3096 1534 3202 1575 non
3234 1527 3288 1573 te
3313 1526 3559 1588 potestas

1955 1611 2295 1666 tenebrarum
2328 1613 2429 1666 sub
2449 1613 2531 1673 sui
2562 1614 2863 1685 redegisset
2881 1614 3110 1678 ditione,
3137 1612 3385 1682 profecto
3415 1612 3555 1668 retin

1958 1721 2117 1761 neres
2157 1722 2280 1777 qua:
2329 1706 2716 1778 Philippenses
2765 1708 3036 1765 audiunt:
3075 1704 3433 1763 Coitttitatores
3460 1706 3562 1759 uel

243 1797 572 1871 sacrilegum
603 1814 687 1853 me
713 1801 910 1854 factum
934 1800 1462 1871 comprehendisset?
1481 1800 1702 1868 lterum,
1725 1814 1849 1856 cum
1881 1787 1929 1851 Β
1955 1808 2136 1865 estote,
2163 1803 2373 1869 fratres.
2404 1808 2451 1857 et
2477 1800 2737 1857 observate
2756 1812 2866 1867 eos,
2892 1800 2981 1871 qui
3008 1801 3081 1855 sic
3110 1798 3395 1862 ambulant,
3424 1799 3559 1854 sicut

247 1900 520 1957 moneret,
548 1906 736 1947 servos
762 1891 999 1948 dominis
1031 1895 1144 1949 suis
1175 1894 1419 1949 subditos
1446 1909 1569 1949 esse
1598 1894 1800 1951 debere
1831 1913 1845 1953 ε

246 1984 439 2039 Illuxit
455 1984 614 2051 enim,
647 1985 841 2057 inquit,
867 1988 1039 2065 gratia
1054 1983 1153 2040 Dei
1168 1987 1440 2041 salvatoris
1462 1990 1626 2040 nostri
1639 1982 1667 2025 ά
1685 1987 1854 2041 omni-

246 2078 343 2132 bus
361 2077 673 2147 hominibus,
698 2078 982 2149 corripiens
1005 2088 1027 2116 ε
1056 2096 1173 2146 nos,
1198 2089 1254 2133 ut
1277 2079 1587 2153 abnegantes
1613 2080 1852 2150 impieta-

246 2178 349 2223 tem
362 2180 408 2222 et
420 2168 694 2225 swcularia
707 2168 986 2239 desideria,
1004 2170 1191 2237 sobrie,
1212 2181 1260 2225 et
1274 2171 1378 2242 pie,
1403 2181 1450 2225 et
1460 2175 1605 2246 juste
1625 2172 1852 2227 vivamus

246 2263 300 2316 in
326 2261 423 2319 hoc
452 2264 661 2332 sceculo,
689 2274 1040 2335 exspectantes
1062 2263 1261 2321 beatam
1285 2282 1430 2333 spem
1456 2268 1508 2319 in
1531 2261 1549 2301 ί
1578 2263 1854 2319 adventum

247 2354 435 2427 gloria:
462 2355 635 2427 magni
667 2353 784 2420 Dei,
814 2365 861 2410 et
885 2356 1157 2410 salvatoris
1185 2356 1351 2409 nostri
1378 2355 1507 2409 Iesu
1528 2354 1741 2423 Christi,
1767 2356 1853 2423 qui

248 2444 397 2499 dedit
428 2461 523 2514 pro
550 2445 695 2499 nobis
724 2446 980 2519 scipsum,
1013 2456 1068 2501 ut
1095 2447 1335 2501 liberaret
1373 2465 1465 2503 nos
1493 2448 1555 2500 ab
1584 2448 1721 2505 omni
1746 2447 1851 2500 ini.

247 2539 463 2611 quitate,
496 2549 541 2593 et
568 2538 777 2594 mandet
810 2550 835 2587 κ
871 2540 967 2595 sibi
997 2541 1244 2614 pupulum
1283 2541 1653 2611 abundantem,
1694 2558 1855 2599 temu-

250 2633 469 2685 latorem
501 2631 749 2686 bonorum
785 2649 992 2707 operum
1036 2632 1204 2709 (Ibid.
1250 2634 1363 2707 ll).
1394 2633 1529 2688 Cum
1561 2636 1615 2688 in
1645 2635 1727 2689 his
1757 2650 1855 2689 nos

248 2724 533 2780 ambulare
564 2728 883 2798 prazceperit
911 2726 1067 2781 benis
1096 2726 1371 2798 operibus,
1397 2726 1525 2798 quid
1556 2727 1648 2787 tibi
1681 2725 1854 2780 visum

249 2828 333 2873 est
361 2828 420 2873 ut
450 2818 698 2877 invitaris
729 2820 792 2875 ad
828 2821 1178 2883 homicidium
1212 2821 1544 2876 faciendum?
1572 2820 1857 2890 Quomodo

248 2912 453 2971 etenim
485 2912 816 2991 abncgnntes
847 2914 1205 2983 impietatem,
1238 2914 1324 2986 pie
1353 2924 1406 2969 ct
1435 2914 1578 2983 juste
1613 2915 1857 2967 viventes

253 3005 496 3075 Conspici
522 3016 892 3083 potueramus,
922 3007 966 3061 si
991 3017 1166 3063 tecum
1200 3006 1526 3061 tudisscmus
1551 3007 1857 3060 innocentis

251 3100 534 3156 cruorem?
548 3098 654 3155 Sed
671 3110 867 3155 etcum
886 3099 1033 3157 dicat
1048 3100 1248 3163 iccirco
1271 3116 1331 3155 se
1355 3115 1453 3175 pro
1469 3101 1707 3171 peccatis
1722 3116 1852 3155 nos-

1953 1889 2151 1945 Itabetis
2178 1894 2404 1960 [orntum
2440 1901 2690 1951 nostram.
2725 1890 2884 1947 Multi
2913 1893 3050 1947 enim
3085 1891 3390 1954 ambulant,
3432 1905 3561 1960 quos

1953 1998 2091 2052 saepe
2106 1980 2132 2021 ιε
2154 1983 2388 2041 dicebant
2415 1984 2577 2048 vobis.
2602 2001 2737 2039 nunc
2750 1994 2924 2041 autem
2942 1995 2991 2040 et
3015 1984 3145 2053 ﬂens
3166 1982 3562 2048 dico,inintim

1955 2080 2123 2137 crucis
2153 2077 2364 2140 Christi.
2392 2094 2612 2149 quorum
2636 2080 2754 2146 ﬁnis
2783 2086 2858 2131 est
2886 2078 3144 2142 interitus,
3177 2091 3396 2146 quorum
3418 2073 3563 2130 Deus

1955 2180 2129 2231 venter
2148 2180 2243 2235 est,
2261 2179 2312 2225 et
2331 2172 2499 2244 gloria
2518 2173 2573 2225 in
2602 2166 2944 2240 confusionel
2976 2170 3227 2242 ipsorum,
3251 2170 3337 2238 qui
3360 2178 3563 2224 terrena

1956 2265 2174 2336 sapiant
2211 2262 2439 2337 (Philip.
2471 2280 2558 2329 tu,
2591 2263 2702 2334 l7).
2733 2264 2891 2319 Dicas
2912 2263 3097 2332 cupio,
3130 2261 3561 2331 prudentissimo

1955 2361 2289 2430 imperator,
2339 2361 2394 2413 in
2437 2358 2635 2428 quibus
2681 2357 2945 2417 debemus
2987 2354 3134 2413 efﬁci
3180 2356 3561 2412 coimitatores

1958 2452 2189 2522 apostoli
2222 2469 2236 2507 :
2264 2452 2401 2508 doce
2426 2460 2702 2521 apoStata.
2728 2450 2786 2505 Si
2820 2448 3087 2507 homicida
3115 2446 3215 2505 luit
3245 2447 3553 2515 apostolus,

1958 2548 2003 2603 si
2036 2545 2410 2616 blasphemus,
2435 2545 2481 2599 si
2507 2543 2846 2614 evangelicae
2876 2542 2997 2596 ﬁdei
3026 2541 3365 2606 destructor,
3398 2537 3445 2594 si
3471 2554 3564 2595 stt-

1958 2639 2235 2707 crilegus;
2264 2638 2379 2693 haec
2400 2636 2605 2697 etenim
2630 2634 2815 2693 omnia
2838 2641 2894 2688 et
2917 2641 3209 2702 antequam
3233 2628 3559 2687 credidisset

1959 2731 2012 2786 in
2044 2730 2265 2787 unicum
2297 2728 2397 2783 Dei
2441 2726 2638 2783 Filium
2683 2725 2878 2781 fecisse
2900 2738 2964 2779 se
2995 2722 3318 2792 proﬁtetur;
3343 2729 3401 2781 tu
3428 2733 3564 2780 vero

1959 2824 2049 2895 qui
2080 2822 2197 2877 haec
2229 2822 2362 2878 lacis
2392 2820 2574 2883 hodie.
2602 2833 2724 2890 qum
2757 2819 2844 2873 ille
2887 2827 3014 2875 ante
3042 2815 3381 2886 agnitimiem
3410 2812 3561 2873 unici

1962 2917 2056 2972 Dei
2086 2916 2211 2973 Filii
2241 2913 2500 2978 faciebat,
2520 2929 2624 2984 qua
2646 2913 2716 2968 de
2743 2927 2801 2968 re
2824 2927 2987 2967 ausus
3010 2910 3153 2967 luisti
3181 2908 3378 2979 jubere
3402 2908 3563 2969 nobis

1962 3006 2174 3063 Duritini
2220 3005 2629 3071 sacerdotibus,
2675 3014 2733 3061 ut
2780 3006 3126 3060 innocentem
3167 3001 3564 3057 eundemusro-

1964 3116 2101 3163 llillS,
2120 3112 2177 3161 ut
2193 3099 2445 3156 haeresim
2463 3109 2608 3155 tuam
2630 3096 3013 3169 suscipientes,
3028 3093 3561 3165 apostolicumlidem

256 3193 357 3249 tris
387 3193 679 3249 tradidisse
705 3193 1016 3258 Dominum,
1041 3202 1099 3248 ut
1119 3208 1219 3248 nos
1241 3192 1568 3269 criperelab
1598 3192 1853 3267 operibus
1882 3176 1930 3247 C
1963 3196 2395 3267 despueretnus?
2441 3194 2520 3249 Tu
2550 3210 2654 3264 qua
2680 3192 2750 3249 de
2783 3208 2843 3248 re
2883 3194 2999 3246 haec
3029 3188 3151 3245 ﬁeri
3181 3187 3518 3258 pracepistis
3544 3226 3561 3252 ,

255 3298 486 3353 satanas,
530 3296 583 3341 et
609 3286 970 3341 constitueret
1005 3288 1070 3341 ad
1116 3285 1217 3340 hoc
1260 3295 1316 3340 ut
1345 3285 1690 3340 aemulatores
1712 3301 1856 3340 esse-

254 3394 376 3434 mus
400 3380 665 3435 honnrum
698 3395 945 3455 operum,
974 3381 1018 3435 si
1051 3394 1186 3451 opus
1219 3378 1361 3441 istud
1394 3389 1540 3432 tuum
1566 3391 1618 3432 et
1648 3394 1746 3432 nos
1775 3389 1854 3434 te-

251 3490 376 3529 cum
424 3473 718 3547 perpetrati
767 3475 1092 3540 fuissemus,
1136 3474 1189 3527 iu
1236 3490 1337 3545 qua
1384 3488 1629 3527 essemus
1678 3486 1850 3541 parte,

254 3568 358 3621 nisi
385 3568 436 3620 in
468 3582 572 3638 qua
603 3567 667 3620 sit
696 3564 869 3627 Cain?
898 3564 1084 3621 Illuxit
1116 3567 1281 3629 enim,
1319 3567 1487 3637 inquit
1509 3609 1521 3627 ,
1556 3565 1724 3640 gratia
1760 3566 1854 3619 D.i

252 3660 530 3715 salvatoris
552 3660 712 3715 nostri
741 3657 973 3713 omnibus
997 3658 1308 3723 hominibus,
1341 3659 1623 3730 corripiens
1654 3677 1767 3725 nos,
1798 3670 1853 3714 ut

252 3755 563 3827 abnegantes
593 3754 908 3825 impietatem
928 3768 989 3805 ac
1012 3750 1037 3788 ιι
1060 3750 1317 3807 desideria
1341 3752 1635 3816 swcnlaria,
1662 3751 1851 3821 sobrie,

252 3860 299 3903 et
339 3851 512 3925 juste.
547 3857 595 3901 et
637 3847 721 3919 pie
764 3847 994 3900 vivamus
1038 3847 1093 3899 in
1141 3843 1238 3901 hoc
1284 3847 1474 3901 saeculo
1524 3845 1739 3920 (llud).
1788 3846 1857 3901 Et

252 3940 607 3997 Constantius
655 3949 710 3996 tu
760 3941 1059 4019 imperator
1106 3937 1352 4010 dignaris
1395 3939 1580 3995 dicere
1612 3981 1628 4000 .
1682 3940 1854 3994 simus

253 4033 427 4105 impii.
458 4033 733 4101 scelerati,
768 4033 985 4106 perditi,
1022 4033 1267 4101 maligni,
1293 4034 1483 4103 iniqui,
1515 4033 1724 4102 injusﬁ.
1751 4032 1855 4090 Ubi

254 4131 399 4185 hanc
428 4143 579 4197 spem
622 4127 897 4191 inveniam
943 4126 1191 4189 beatam,
1223 4140 1382 4197 quam
1415 4140 1499 4180 me
1531 4136 1855 4197 exspectare

252 4223 410 4276 docet
442 4221 724 4291 apostolus
747 4220 956 4283 beatus,
981 4218 1027 4271 si
1057 4233 1164 4272 non
1194 4218 1374 4277 solum
1405 4217 1596 4286 ipsius,
1620 4218 1714 4289 qui
1736 4234 1857 4274 om-

254 4329 380 4370 nem
413 4311 800 4368 beatitudinem
834 4311 1077 4366 trlbuere
1097 4317 1288 4381 potens
1319 4320 1433 4376 est,
1467 4325 1656 4366 servos
1686 4312 1854 4373 inter-

251 4420 462 4473 emero,
523 4404 616 4460 sed
649 4413 704 4460 et
732 4404 907 4474 ipsum
956 4402 1260 4473 negavero?
1290 4401 1370 4458 Tu
1398 4402 1596 4458 etenim
1646 4413 1855 4469 utrum-

251 4514 362 4569 que
393 4498 543 4560 lacis,
568 4497 873 4565 Constanti,
898 4496 1022 4567 quia
1053 4505 1109 4550 et
1137 4509 1324 4555 servos
1352 4495 1471 4565 ejus
1501 4498 1854 4566 persequeris

1958 3308 2076 3360 qua:
2108 3299 2298 3344 contra
2331 3290 2559 3343 formam
2588 3287 2826 3353 apostoli
2865 3294 2995 3343 sunt
3026 3285 3232 3353 prolata
3255 3322 3271 3346 ,
3296 3280 3400 3336 nisi
3433 3279 3561 3350 quia

1958 3386 2033 3437 sis
2060 3399 2124 3438 ex
2146 3382 2381 3441 inimicis
2409 3384 2586 3435 crucis
2606 3377 2911 3445 Cltristi,ex
2937 3377 3040 3431 illis
3064 3376 3157 3445 qui
3180 3375 3292 3444 jam
3318 3382 3445 3431 tunc
3465 3371 3564 3433 de-

1958 3477 2155 3548 signati
2186 3475 2413 3537 fueratis
2458 3491 2552 3535 ore
2581 3472 2761 3529 sancti
2803 3470 3070 3541 apostoli?
3103 3470 3179 3533 Te
3225 3485 3295 3527 ne
3331 3483 3397 3523 ac
3438 3477 3559 3525 tuos

1956 3571 2291 3636 audiremus,
2320 3584 2550 3641 quarunt
2585 3570 2747 3631 linem
2781 3567 2910 3629 dicit
2954 3564 3238 3636 apostolus
3267 3577 3390 3621 esse
3420 3565 3559 3619 inte-

1959 3664 2159 3722 ritum?
2190 3674 2249 3723 ut
2296 3664 2419 3729 illos
2472 3675 2593 3719 tuos
2637 3661 2928 3725 satellites,
2976 3660 3070 3731 qui
3110 3658 3557 3727 derelinquatth

1958 3759 2186 3817 formam
2236 3756 2488 3816 traditam
2537 3754 2866 3826 disciplinac,
2907 3764 2963 3808 et
3008 3750 3248 3821 regulam
3291 3748 3418 3807 ﬁdei
3463 3763 3559 3818 per

1958 3850 2281 3925 apostolos,
2340 3850 2434 3906 tibi
2491 3858 2664 3904 semet
2728 3847 2899 3917 turpis
2956 3846 3092 3905 lucri
3158 3844 3331 3914 gratia
3388 3842 3559 3903 tradi-

1957 3946 2184 4014 derint;
2246 3944 2369 4003 illos
2423 3944 2515 4016 qui
2573 3943 2695 4013 plus
2741 3956 2946 4007 mensa)
3016 3950 3121 3999 tua:
3176 3939 3362 4008 copias
3416 3940 3561 3997 tece-

1958 4047 2115 4102 runt,
2156 4054 2316 4108 quam
2370 4052 2456 4100 ea,
2507 4052 2628 4107 qum.
2660 4035 2934 4105 promittit
2961 4035 3079 4089 suis
3109 4033 3403 4097 Dominus;
3435 4032 3560 4086 illos

1957 4130 2050 4202 qui
2080 4132 2152 4195 tui
2198 4130 2444 4187 convivat
2483 4145 2605 4185 esse
2641 4128 2969 4194 delegerint,
3014 4140 3178 4196 quam
3222 4125 3557 4195 patriarcha-

1958 4239 2101 4285 rum,
2132 4221 2539 4292 prophctarum,
2575 4222 2975 4289 apostolorum,
3006 4219 3094 4273 vel
3128 4231 3459 4290 martyrum;
3491 4212 3558 4271 ad

1956 4330 2095 4386 quos
2121 4315 2318 4370 dicitur
2347 4314 2652 4369 rectissime
2677 4329 2691 4366 :
2726 4312 2907 4367 Vester
2930 4308 3068 4364 Dens
3095 4320 3270 4365 venter
3290 4318 3384 4365 est.
3408 4306 3559 4367 Exaa

1957 4410 2147 4471 minate
2167 4417 2241 4474 ιη,
2286 4407 2422 4469 dicit
2449 4406 2763 4483 aposmlus,
2790 4406 2981 4469 bonum
3006 4405 3296 4477 continete,
3328 4404 3392 4458 ab
3423 4403 3566 4457 omni

1956 4503 2125 4573 specie
2152 4501 2293 4556 male
2323 4500 2578 4555 continete
2606 4506 2635 4543 η
2665 4514 2755 4552 vos
2785 4496 2836 4569 (l
2862 4494 3043 4559 Thess.
3078 4510 3134 4561 ν,
3164 4494 3227 4549 Bt
3252 4497 3269 4561 ι
3306 4512 3319 4550 :
3352 4502 3409 4549 et
3434 4495 3558 4565 quia

253 4600 419 4660 atque
450 4590 731 4656 interﬁcis,
763 4599 821 4646 et
848 4592 1024 4660 ipsum
1063 4591 1324 4646 deserens
1362 4590 1526 4646 idolis
1554 4602 1606 4645 te
1646 4590 1847 4645 manci-
1875 4562 1931 4627 D
1959 4562 2255 4650 viderimus
2292 4592 2635 4655 maledictum
2679 4604 2900 4659 operam
2950 4599 3187 4645 vestram
3230 4588 3563 4647 Arianorum

253 4682 492 4755 pandum
516 4682 820 4739 censueris.
852 4681 958 4739 Cur
989 4684 1089 4739 ista
1121 4684 1285 4754 geris,
1322 4683 1423 4738 nisi
1458 4685 1582 4755 qttia
1619 4682 1712 4749 tibi
1746 4697 1851 4737 non

254 4779 500 4843 illuxerit
526 4777 699 4849 gratia
746 4778 843 4839 Dei
882 4777 1166 4839 salvatoris
1209 4778 1417 4841 nostri?
1444 4779 1500 4837 Si
1542 4779 1687 4835 enim
1733 4778 1855 4833 illus

254 4870 449 4938 sisset,
480 4872 824 4929 meminisses
855 4871 1089 4940 apostoli
1130 4870 1363 4927 dicentis
1403 4884 1804 4945 praeceptorum
1838 4893 1852 4931 ι

330 5042 357 5070 α
388 5031 544 5087 Vers.
581 5030 706 5085 Ant.
745 5027 808 5084 In
838 5028 1162 5110 doctrinam,
1195 5032 1251 5085 in
1281 5031 1655 5110 integritatem,
1686 5039 1863 5110 gravt-

250 5115 434 5175 tatem,
463 5117 751 5175 sermonem
777 5118 1030 5175 sanum...
1062 5102 1254 5158 habens
1283 5102 1423 5175 quod
1451 5117 1556 5161 etc.

329 5177 358 5215 ὶ)
393 5174 534 5241 Quid
563 5175 767 5227 Omittit
792 5173 978 5229 Sabat.

341 5260 364 5321 ρ
396 5243 853 5321 δίιιεξιιίρίι›ως.ᾜ’11Ϊ
890 5255 943 5299 et
971 5245 1159 5321 Latin.
1182 5246 1264 5321 vel
1311 5245 1564 5305 satellitas
1608 5251 1859 5321 satelliti,

260 5320 352 5377 vel
377 5318 650 5391 quudego
695 5317 948 5391 existimo
986 5316 1262 5391 satellitis,
1295 5329 1352 5391 ut
1392 5323 1461 5372 sit
1492 5338 1662 5391 genus
1695 5316 1861 5387 inter;

260 5389 606 5466 punctionis,
647 5388 789 5466 quod
838 5404 934 5443 nos
980 5389 1209 5466 dicimus
1254 5388 1703 5466 abbreviaturam;
1733 5412 1856 5450 cum

261 5458 449 5533 postea
476 5458 637 5533 pclare
666 5458 846 5533 dicat,
877 5470 932 5513 ut
979 5458 1099 5514 illos
1128 5464 1557 5533 tuos_satellites.
1593 5467 1663 5520 ιλιι
1693 5467 1855 5533 Curti.

260 5529 352 5592 Sic
382 5532 556 5605 stylus
587 5529 959 5605 Lucifer-ianus
990 5546 1086 5601 pro
1113 5529 1441 5587 satellitibus.
1476 5535 1727 5605 Galland.
1780 5530 1781 5533 “

332 5605 355 5641 d
398 5599 550 5656 \"ers.
581 5601 709 5655 Ant.
738 5599 839 5655 Dei
867 5599 1115 5657 salutaris
1142 5606 1397 5670 omnibus,
1429 5617 1533 5662 etc.

340 5688 360 5714 ε
400 5674 658 5728 Erudiens
687 5673 815 5743 legit
845 5674 929 5735 hic
960 5674 1143 5730 Sabat.

338 5747 359 5786 ί
396 5744 459 5799 Et
490 5743 790 5803 adventum.
821 5745 997 5804 Latin.
1026 5761 1093 5807 ex
1122 5745 1316 5813 Graeco
1341 5757 1398 5813 et
1429 5746 1582 5823 Vulg.
1614 5765 1677 5807 ac
1703 5751 1863 5819 Yers.

270 5822 398 5899 itm.

1955 4697 2011 4744 et
2041 4687 2414 4752 vitaverimus,
2441 4684 2569 4749 odio
2597 4683 2929 4741 laboramus.
2955 4679 3059 4739 Sed
3089 4697 3249 4753 quam
3273 4682 3560 4753 pulchrum

1955 4793 2061 4846 est,
2087 4795 2357 4852 quamque
2377 4778 2672 4850 jucundum
2694 4792 2724 4830 a
2750 4787 2803 4831 te
2823 4776 2985 4838 odiri,
3008 4776 3179 4829 amari
3211 4790 3342 4830 vero
3365 4792 3394 4829 a
3426 4778 3555 4831 Deo!

1957 4876 2224 4947 Reputisti
2266 4888 2367 4928 nos
2410 4888 2440 4929 e
2487 4886 2547 4927 re
2586 4869 2879 4925 connnissa
2922 4868 3103 4936 nobis,
3134 4867 3435 4924 arbitratus
3463 4883 3562 4939 po-

2039 5045 2063 5083 s
2091 5034 2200 5089 Pro
2226 5031 2516 5086 mandaret.
2548 5027 2659 5084 Tit.
2691 5026 2994 5084 Mundaret.
3025 5027 3203 5085 Latin.
3243 5029 3399 5086 Vers.
3434 5028 3564 5090 Ant.

1965 5110 2176 5163 mandet
2205 5120 2325 5159 cum
2358 5101 2527 5157 Lucil.

2036 5178 2064 5217 ιι
2098 5177 2166 5232 Et
2196 5173 2470 5233 swrularia
2489 5173 2818 5227 desideria...
2844 5181 2891 5226 et
2912 5174 2999 5245 pie
3026 5183 3072 5227 et
3086 5176 3253 5247 juste.
3279 5171 3427 5230 Idem
3459 5174 3566 5232 Lu-

1964 5252 2098 5306 cifer
2125 5263 2309 5306 supra.

2042 5266 2448 5395 ῗτςῗξὲξῗῗξνςιῖρο
2477 5318 2719 5395 ἀκριϐῶς,
2754 5314 2892 5387 quod
2922 5314 3078 5371 deest
3107 5316 3159 5370 in
3190 5316 3349 5374 Vers.
3378 5318 3504 5375 Ant.

2039 5394 2052 5445 ἱ
2096 5392 2239 5449 Ulla.
2271 5391 2448 5444 Latin.

2038 5464 2063 5503 ιι
2096 5468 2226 5517 llum
2259 5464 2471 5516 (irmco.
2502 5459 2659 5514 Vers.
2693 5460 2817 5515 Ant.
2854 5474 3072 5531 semper.

2043 5535 2060 5575 ι
2098 5535 2171 5611 Ita
2204 5534 2378 5611 Graec.
2413 5536 2464 5589 ὲν
2484 5542 2547 5611 τῇ
2569 5532 2819 5611 ᾳεσχύνῃ.
2855 5528 3010 5585 Vers.
3056 5532 3168 5611 itit.
3197 5533 3539 5611 confessione,

2040 5619 2079 5645 ω
2109 5608 2421 5663 Examinate
2449 5603 2643 5659 omnia.
2684 5603 2857 5657 Latin.
2906 5617 3025 5658 cum
3070 5603 3262 5660 Gl‘il‘Ct)
3302 5613 3357 5659 et
3402 5604 3559 5669 Vera.

1971 5683 2099 5739 Ant.
2131 5691 2187 5735 et
2219 5678 2377 5751 Vulg.

2043 5762 2071 5790 ιι
2098 5752 2256 5827 Vers.
2288 5748 2414 5825 Ajtt.
2440 5748 2717 5823 Abstinetc.
