4042 6338
497 255 608 317 9η
1585 257 1910 318 LUCIFER!
1950 259 2261 319 EPISCOPI
2298 261 2725 322 CALARITANI
3692 263 3783 321 9‘28

498 378 671 435 tuisse
698 387 773 446 te,
801 378 944 452 quod
969 379 1118 436 Deus
1136 379 1446 448 aedificavit,
1472 381 1778 438 destruere.
1813 379 2106 450 Unicuique
2131 383 2186 447 Α
2210 396 2468 449 veneras,
2501 383 2722 453 inquam
2743 423 2758 448 ,
2791 379 2954 438 homo
2976 380 3192 452 sapiens
3220 381 3474 437 colorem
3504 387 3679 449 aptum
3703 380 3788 437 fal-

501 479 672 527 autem
702 484 954 530 nostrum.
987 473 1065 526 ait
1091 472 1341 542 Ephesiis
1369 474 1641 537 scribens,
1676 475 1802 528 data
1831 483 1907 528 est
1935 474 2112 548 gratia

500 566 784 619 secundum
803 580 1097 620 mensuram
1121 566 1436 641 dignationis
1451 577 1477 605 ιι
1506 567 1724 632 Christi,
1744 577 1954 639 prapter
1976 566 2114 637 quod

504 657 630 712 dicit
656 673 676 713 :
703 656 994 740 Ascendens
1021 661 1075 714 in
1100 661 1265 715 altum
1286 664 1548 731 captiuam
1567 661 1717 716 duxit
1743 662 2111 730 captivitatem,

507 751 647 807 dedit
695 751 836 808 dona
892 753 1213 810 hominibus.
1250 756 1402 824 Quod
1450 768 1626 811 autem
1667 755 1938 822 ascendit,
1990 755 2116 826 quid

510 855 619 912 est,
677 844 778 900 nisi
829 846 953 918 quia
1003 857 1051 904 et
1103 848 1364 904 descendit
1417 848 1473 904 in
1527 849 1781 920 inferiora
1833 848 2024 904 terra?
2072 856 2120 902 et

509 936 601 1008 qui
628 938 916 1000 descendit.
951 941 1064 1011 ipse
1123 951 1200 998 est
1257 951 1306 996 et
1341 943 1427 1012 qui
1456 943 1687 998 ascendit
1735 959 1896 1012 super
1950 957 2120 996 omnes

518 1031 671 1087 caelos
704 1075 719 1099 ,
763 1041 822 1088 ut
877 1035 1188 1104 adimpleret
1239 1038 1413 1092 omnia
1466 1048 1559 1093 :et
1619 1039 1729 1110 ipse
1775 1036 1918 1093 dedit
1970 1051 2124 1108 quos-

513 1124 636 1180 dam
685 1126 894 1194 quidem
939 1130 1236 1198 apostolos,
1275 1132 1527 1201 quosdam
1577 1141 1748 1186 autem
1797 1129 2118 1203 praphetas,

515 1217 768 1289 quosdam
796 1234 912 1274 vero
941 1222 1280 1293 evangelistas
1307 1265 1321 1290 ,
1362 1223 1616 1294 quosdam
1652 1229 1825 1276 autem
1853 1230 2086 1291 pastores
2103 1260 2118 1288 ,

517 1320 565 1368 et
590 1313 828 1368 doctores
856 1311 926 1366 ad
950 1316 1446 1371 consummationem
1474 1325 1773 1370 sanctorum
1795 1316 1849 1368 in
1876 1330 2007 1386 Opus
2030 1312 2127 1366 mi-

519 1406 719 1462 nisterii
738 1445 755 1474 ,
796 1410 852 1461 in
880 1407 1279 1478 ludiﬁcationem
1309 1412 1538 1482 corporis
1569 1408 1762 1466 Christi
1787 1451 1802 1477 ,
1845 1410 2012 1464 donec
2043 1424 2130 1463 oc-

519 1514 790 1555 curramus
834 1515 1010 1556 omnes
1045 1501 1102 1556 in
1131 1502 1329 1558 unitate
1365 1503 1491 1574 ﬁdei
1515 1513 1563 1557 et
1593 1503 1857 1576 agnitione
1888 1500 1983 1556 Dei
2012 1499 2040 1539 δ
2071 1500 2130 1555 in

522 1592 691 1648 virum
752 1595 1075 1664 perfectum,
1121 1595 1178 1648 in
1225 1611 1525 1650 mensuram
1575 1596 1744 1650 a’tatis
1791 1592 2131 1666 plenitudinis

521 1683 716 1741 Christi
747 1701 766 1740 :
796 1694 852 1740 ut
869 1688 986 1760 jant
1011 1703 1117 1741 non
1157 1689 1316 1741 simus
1346 1686 1550 1757 parvuli
1577 1688 1914 1757 ﬂuctuantes,
1943 1694 1994 1740 et
2024 1687 2129 1738 cir-

2217 475 2369 530 laciae
2400 486 2504 530 tuze
2529 491 2544 540 ;
2573 489 2680 545 quo
2712 489 2832 529 nam
2865 473 3028 529 modo
3051 488 3239 543 passes
3281 472 3620 528 dominicum
3645 473 3791 543 depo-

2218 573 2403 641 pulare
2415 585 2632 640 gregem
2661 569 2848 624 dicens
2873 587 2884 623 :
2916 567 3151 623 Peccavit
3172 568 3533 634 Athanasius,
3563 577 3609 622 et
3631 569 3792 626 iccirco

2215 663 2302 731 qui
2325 661 2472 716 illum
2503 677 2699 716 mecum
2728 661 3062 727 interemerit,
3100 661 3194 715 erit
3219 663 3527 731 episcOpus;
3560 662 3644 729 qui
3669 662 3788 717 insuo

2219 771 2309 826 per
2337 753 2628 808 habendum
2667 755 2938 818 censuerit,
2987 770 3090 807 non
3117 753 3210 807 erit
3236 769 3256 807 :
3289 761 3349 808 et
3370 751 3466 821 qui
3493 751 3795 810 damnabant

2221 847 2576 904 Athanasium
2616 846 2982 917 jungebantur
3028 845 3524 917 pseudoepiscopis
3553 844 3796 914 dogmatis

2222 949 2326 995 tua:
2355 938 2594 995 Arianzc.
2635 939 2692 995 Si
2740 940 2827 1009 qui
2858 949 3003 993 tuam
3036 944 3349 994 metuentes
3381 937 3521 991 iram
3552 934 3650 991 hoc
3675 938 3797 1008 egis-

2223 1042 2375 1097 sent,
2423 1033 2616 1100 triplex
2659 1048 2755 1102 per
2801 1041 2854 1087 te
2901 1030 3228 1086 homicidam
3279 1039 3451 1100 atque
3506 1029 3797 1099 sacrilegum

2224 1125 2580 1183 incurrebant
2609 1128 2812 1182 crimen
2831 1166 2847 1188 ,
2890 1125 3004 1180 sive
3030 1125 3174 1195 quod
3218 1125 3580 1180 innocentem
3607 1123 3800 1178 damna-

2227 1231 2386 1287 rent,
2421 1219 2535 1273 sive
2555 1217 2698 1288 quod
2730 1217 2986 1272 catholici
3015 1216 3294 1272 haereticis
3325 1215 3798 1284 communicarent,

2227 1322 2283 1369 et
2309 1314 2360 1368 in
2383 1327 2602 1384 gregem
2636 1311 2730 1366 Dei
2761 1326 2856 1366 vos
2880 1311 3034 1380 lupos
3054 1311 3261 1365 intrare
3294 1307 3580 1375 sinerent,
3605 1323 3714 1364 cum
3737 1309 3801 1364 di-

2229 1417 2317 1463 cat
2345 1408 2654 1478 apostolus,
2685 1405 2880 1461 iccirco
2922 1405 3081 1460 datos
3104 1414 3357 1474 pastores
3380 1444 3394 1465 .
3432 1414 3491 1458 ut
3532 1403 3696 1458 omnis
3714 1403 3804 1458 da:-

2232 1517 2453 1558 mouum
2485 1500 2732 1556 doctrina
2752 1541 2767 1566 ,
2800 1514 2920 1570 qum
2964 1514 3064 1570 per
3095 1513 3189 1553 vos
3235 1497 3539 1552 hmrcticos
3568 1504 3621 1551 et
3642 1510 3804 1553 omnes

2231 1597 2574 1654 adversarios
2621 1595 2870 1651 ecclesias
2941 1593 3250 1664 profertur,
3305 1592 3506 1647 fuisset
3572 1593 3803 1656 exclusa,

2233 1690 2469 1762 atquein
2501 1689 2731 1745 veritate
2757 1698 3044 1745 currentes
3077 1687 3172 1743 Dei
3201 1685 3352 1742 servi
3385 1699 3455 1741 co
3486 1698 3652 1753 usque
3677 1699 3803 1740 man-

525 1778 876 1848 wmferamur
895 1776 1034 1832 omni
1056 1787 1204 1831 υεηιο
1224 1775 1492 1841 άοεινίηω,
1510 1778 1564 1832 in
1588 1777 1816 1848 nequitia
1837 1774 2126 1839 hominum.
2158 1757 2208 1817 Β
2235 1757 2438 1843 sissent
2459 1783 2764 1840 immobiles
2789 1824 2803 1850 ,
2835 1781 3010 1837 donec
3040 1782 3107 1836 ad
3138 1795 3414 1836 summam
3449 1779 3688 1835 venirent
3709 1793 3806 1847 per-

523 1868 582 1923 in
597 1868 790 1924 astutia
820 1869 889 1922 ad
913 1868 1198 1923 remedium
1227 1878 1250 1906 ο
1283 1869 1495 1923 erroris.
1542 1867 1822 1922 Veritatem
1852 1877 2022 1921 autem
2051 1869 2135 1937 fa-

527 1961 714 2018 cientes
741 1962 797 2016 in
818 1961 1067 2018 charitate
1097 1978 1388 2018 crescamus
1408 1963 1464 2016 in
1488 1962 1584 2017 illo
1599 1978 1688 2034 per
1706 1962 1734 2001 ά
1757 1963 1928 2017 omnia
1947 1962 2034 2033 qui
2062 1971 2138 2017 est

529 2067 686 2129 caput
732 2054 998 2123 Christus,
1039 2073 1105 2112 ex
1137 2074 1242 2129 quo
1289 2067 1451 2113 totum
1497 2075 1688 2127 corpus
1731 2067 2055 2125 compactum
2082 2068 2134 2110 et

531 2166 820 2206 connexum
849 2165 940 2220 per
957 2149 1262 2220 juncturam
1288 2150 1785 2205 subministrationt‘s
1827 2150 1882 2204 in
1921 2164 2136 2204 mensu-

527 2247 645 2300 rdm
671 2245 1082 2316 uniuscujusque
1121 2245 1285 2316 partis
1326 2246 1697 2300 incrementum
1737 2243 1969 2311 corporis
2013 2241 2141 2314 facit

530 2340 588 2396 in
611 2339 1005 2410 aediﬁcationem
1029 2339 1110 2394 sui
1121 2341 1176 2393 in
1192 2339 1443 2395 charitate
1469 2337 1634 2412 (Eph.
1657 2354 1731 2404 Iv,
1757 2339 1836 2403 7).
1862 2335 1998 2392 Cum
2027 2336 2144 2392 haec

537 2433 613 2490 ita
643 2447 770 2490 esse
799 2433 957 2504 legis,
986 2447 1085 2488 cur
1115 2431 1262 2487 fuisti
1289 2447 1455 2488 ausus
1479 2431 1680 2488 tollere
1707 2442 1976 2503 pastores,
2004 2443 2141 2500 quos

531 2527 685 2600 gregi
716 2539 817 2582 suo
858 2525 1000 2582 Deus
1044 2526 1286 2581 voluerit
1333 2525 1608 2596 praaesse?
1637 2525 1770 2579 cur?
1806 2522 1912 2579 nisi
1946 2531 1969 2561 θ
2001 2531 2058 2577 ut
2089 2531 2141 2578 te

535 2632 660 2676 cum
693 2617 842 2674 omni
872 2627 1038 2674 vento
1069 2618 1333 2674 doctrinm
1377 2626 1601 2688 possent
1644 2617 1744 2672 Dei
1785 2615 2141 2672 circumferre

536 2727 705 2784 supra
733 2711 1066 2768 dominicum
1096 2728 1318 2784 gregem
1345 2721 1618 2784 pastores,
1644 2726 1712 2767 ne
1734 2710 1967 2766 fuissent
1990 2709 2141 2764 ducti

539 2812 817 2876 tamquam
849 2805 1063 2876 parvuli
1092 2807 1239 2860 omni
1270 2816 1433 2860 vento
1465 2802 1770 2858 doctrinm?
1797 2801 2142 2858 Accedentes

539 2898 609 2955 ad
640 2898 827 2965 ﬁdem,
857 2913 929 2953 ne
959 2907 1140 2954 vestra
1183 2898 1640 2970 nequissimorum
1677 2897 1959 2952 hominum
1990 2907 2141 2951 astu-

541 2989 614 3045 tia
646 2990 713 3046 ad
742 2988 946 3044 diaboli
988 2989 1254 3060 principis
1297 2991 1463 3046 vestri
1494 2990 1734 3046 remedia
1767 2987 1786 3028 ι
1820 2988 2146 3046 recederent

541 3081 611 3138 ab
643 3082 944 3154 apostolica
973 3082 1401 3155 evangelicaque
1439 3083 1568 3151 fide,
1599 3083 1769 3139 tulisti
1803 3093 1830 3132 κ
1856 3085 2147 3154 episcopos

540 3191 573 3234 θ
625 3149 904 3248 plebibus,
956 3149 1154 3249 quibus
1209 3149 1511 3249 prae-sumus
1557 3149 1746 3233 divina
1795 3149 2142 3248 dignatione,
2172 3149 2217 3212 C

542 3269 613 3326 ad
660 3271 766 3327 hoc
805 3271 988 3344 utique
1033 3281 1093 3327 ut
1137 3272 1368 3330 duceres
1409 3273 1714 3330 doctrinam
1770 3289 1876 3328 non
1923 3281 2149 3343 aposto-

541 3364 707 3422 licam
756 3366 852 3422 sed
904 3368 1238 3425 haereticam.
1284 3369 1377 3424 Vae
1423 3371 1519 3426 tibi
1570 3371 1793 3436 misero,
1837 3384 1936 3440 per
1984 3383 2147 3440 quem

545 3457 664 3515 haec
705 3459 848 3530 gerit
894 3468 1132 3516 satanas.
1181 3462 1472 3519 Inveneras
1521 3463 1685 3519 homo
1731 3464 1952 3534 sapiens
1999 3464 2150 3518 colo-

545 3565 666 3608 rem
706 3563 892 3624 aptum
949 3553 1176 3610 fallaciae
1223 3561 1368 3621 tute,
1418 3570 1527 3627 quo
1576 3572 1699 3611 nam
1749 3555 1910 3612 modo
1962 3569 2153 3626 posses

550 3641 648 3700 Dei
676 3657 809 3701 oves
852 3645 992 3716 patri
1038 3653 1132 3701 tuo
1181 3646 1475 3704 defendere
1501 3644 1552 3715 δ,
1599 3648 1691 3720 qui
1723 3648 1817 3704 tibi
1862 3657 1921 3703 ut
1969 3647 2021 3703 in
2069 3648 2154 3702 his

553 3737 865 3795 demoreris
892 3739 1054 3794 malis
1075 3782 1090 3807 ,
1119 3739 1232 3810 jam
1277 3739 1388 3796 illis
1420 3742 1619 3810 jaculis
1640 3785 1655 3810 ,
1703 3742 1900 3813 quibus
1947 3743 2073 3798 Eva:
2103 3752 2163 3799 et

555 3829 689 3887 Adae
712 3841 924 3887 mentes
952 3832 1215 3887 sauciavit
1237 3876 1253 3900 ,
1281 3847 1376 3890 cor
1413 3831 1429 3870 ί
1461 3843 1608 3888 tuum
1635 3833 1930 3905 jaculavit,
1964 3833 2160 3890 adhoc

557 3923 854 3994 videlicet,
881 3934 940 3981 ut
970 3924 1021 3981 in
1047 3927 1149 3981 hac
1173 3935 1342 3983 temet
1365 3927 1632 3999 pravitate
1660 3929 2040 3984 conatitueret.
2069 3927 2160 3984 ln-

629 4114 658 4144 ι
685 4104 1017 4162 Donationis.
1049 4107 1103 4162 Id
1135 4107 1311 4164 Latin.
1355 4122 1478 4162 cum
1523 4108 1738 4164 iisdem.
1780 4107 1922 4164 Nihil
1969 4117 2138 4163 muto.

555 4176 673 4252 Vo}
702 4180 850 4252 enim
877 4179 1110 4252 dignatio
1143 4195 1239 4248 pro
1277 4179 1492 4234 donatio
1522 4178 1834 4252 frequenter
1861 4189 2150 4252 usurpatur

554 4264 598 4324 a_
615 4249 976 4324 Tertulliani},
1007 4250 1299 4324 Cypriane,
1335 4252 1563 4324 aliisque
1591 4251 1866 4308 Patribus.
1895 4249 2031 4308 Vide
2076 4251 2152 4306 sis

557 4318 750 4393 Cangti
777 4318 1112 4378 Glossarium
1142 4339 1196 4379 ν.
1228 4318 1496 4393 υἱρηᾳιίό.
1529 4323 1779 4380 Galland.

627 4391 656 4432 ι’
683 4391 868 4464 ‘Vulg.
912 4393 977 4449 Et
1023 4391 1312 4466 agnitionis
1337 4392 1461 4448 Filii
1505 4395 1636 4458 Dei,
1667 4404 1727 4448 ut
1771 4394 1936 4449 habet
1975 4398 2158 4466 textus

561 4461 784 4520 Graecus
812 4461 840 4520 τ’
859 4469 949 4521 Καὶ
979 4461 1075 4528 τῆξ
1099 4469 1420 4528 ἐπι-γνώσεως
1447 4475 1537 4524 τοῦ
1564 4468 1681 4523 υἱοῦ
1709 4473 1800 4523 τοῦ
1827 4468 1964 4522 Θεοῦ.
1997 4465 2162 4520 Deest

2237 1879 2568 1942 fectionetn;
2617 1887 2669 1932 et
2703 1887 2758 1930 tu
2810 1873 3034 1931 tenebra
3075 1873 3290 1930 auferre
3323 1871 3582 1942 dignatus
3610 1885 3666 1925 es
3703 1883 3805 1940 pas-

2241 1983 2388 2029 tores
2425 1969 2631 2040 judicio
2668 1969 2994 2023 constitutos
3043 1967 3172 2033 Dei,
3209 1981 3325 2036 quo
3363 1965 3544 2035 possis
3581 1971 3636 2018 tu
3675 1962 3806 2032 lupus

2240 2077 2565 2120 convertere
2593 2071 2820 2118 cunctos
2850 2061 2904 2116 in
2937 2060 3140 2116 diaboli
3172 2059 3449 2114 amatoris
3481 2057 3555 2112 tui
3585 2056 3803 2127 pricdam.

2247 2158 2315 2214 Ut
2335 2162 2473 2232 jam,
2505 2156 2697 2227 inquit,
2729 2171 2832 2210 non
2860 2156 3019 2208 simus
3049 2153 3254 2225 parvuli
3282 2153 3597 2223 ﬂuctuantes
3620 2192 3633 2216 ,
3663 2160 3706 2203 et
3728 2150 3807 2203 cir-

2243 2255 2591 2322 cumferamur
2608 2248 2748 2302 omni
2765 2257 2912 2302 vento
2935 2246 3202 2308 doctrinae,
3222 2247 3278 2299 in
3309 2244 3541 2314 nequitia
3562 2243 3805 2304 hominum,

2244 2346 2298 2398 in
2323 2344 2512 2398 astutia
2531 2343 2600 2396 ad
2621 2340 2904 2396 remedium
2924 2341 3133 2393 erroris.
3153 2337 3442 2393 Veritatem
3458 2347 3626 2390 autent
3645 2334 3804 2406 facien-

2245 2447 2318 2493 tes
2342 2439 2395 2492 in
2419 2433 2671 2491 charitate
2695 2449 2982 2488 crescamus
3005 2433 3058 2485 in
3087 2432 3178 2486 illo
3200 2448 3294 2503 per
3319 2431 3497 2484 omnia
3512 2471 3528 2496 ,
3550 2428 3632 2496 qui
3653 2435 3716 2480 est
3735 2441 3806 2479 ca-

2248 2523 2931 2601 putChristus(lbid.,M).
2965 2521 3247 2592 Quomodo
3280 2533 3574 2593 possemus
3599 2532 3805 2574 crescere

2246 2627 2300 2683 in
2333 2628 2454 2692 illo,
2505 2626 2550 2680 si
2593 2634 2646 2681 te
2682 2623 2853 2680 secuti
2900 2619 3176 2676 tenebram
3215 2618 3512 2673 fuissemus
3538 2655 3553 2680 ,
3599 2629 3709 2670 cum
3742 2611 3800 2666 sis

2249 2737 2455 2794 negans
2486 2720 2636 2776 illum
2658 2733 2843 2773 verum
2878 2716 3200 2774 Deumesse,
3225 2726 3355 2766 cum
3387 2710 3537 2765 dicas
3556 2707 3695 2764 illum
3719 2719 3804 2758 non

2251 2825 2436 2872 natum
2465 2813 2533 2868 de
2563 2810 2864 2867 substantia
2897 2807 3107 2872 Patris,
3140 2802 3236 2860 sed
3280 2813 3501 2858 astruas
3544 2799 3721 2854 factum
3753 2811 3804 2850 ex

2250 2907 2460 2965 nihilo?
2489 2901 2776 2974 Quomodo
2802 2911 3152 2972 pctueramus
3187 2895 3200 2946 i
3243 2908 3502 2951 crescere
3529 2891 3582 2946 in
3609 2889 3710 2956 illo,
3731 2887 3804 2957 qui

2253 3021 2360 3060 non
2389 3000 2716 3058 ambulaturi
2759 3011 2979 3053 eramus
3009 2995 3061 3048 in
3093 2992 3363 3054 veritate,
3404 3005 3470 3044 ex
3494 3000 3596 3058 quo
3625 2995 3670 3039 te
3702 2979 3806 3036 fuis-

2252 3113 2435 3152 semus
2463 3103 2766 3165 apostatam
2794 3089 3005 3146 secuti?
3037 3085 3241 3143 Deinde
3268 3100 3396 3140 cum
3437 3083 3614 3138 dicat:
3648 3075 3806 3131 Verita-

2253 3201 2353 3247 tem
2393 3188 2638 3261 facientes
2680 3199 2967 3239 crescamus
2988 3181 3042 3235 in
3068 3179 3322 3235 charitate
3357 3174 3525 3249 (Ibid.
3555 3170 3658 3242 15),
3687 3167 3805 3261 θιγείι

2256 3260 2607 3339 manifestum
2647 3276 2972 3334 criminibus
3005 3272 3158 3329 falsis
3202 3271 3438 3344 petitum
3470 3265 3562 3322 Dei
3590 3260 3803 3319 sacerdo-

2256 3387 2364 3434 tem
2398 3390 2493 3447 per
2521 3383 2571 3430 te
2599 3387 2662 3427 ac
2693 3381 2816 3427 tuos
2845 3367 3200 3425 Athanasium
3226 3407 3241 3432 ,
3265 3363 3310 3418 si
3334 3379 3399 3418 ea
3417 3404 3432 3428 ,
3453 3376 3571 3430 qua:
3593 3358 3802 3423 imperas,

2257 3471 2598 3532 fecissemus,
2631 3464 2904 3537 quomodo
2925 3469 3018 3515 aut
3048 3459 3100 3514 iu
3124 3458 3387 3521 veritate,
3406 3452 3568 3509 autin
3587 3447 3804 3504 charitale

2256 3580 2479 3623 currere
2503 3558 2781 3630 conspecti
2805 3555 3118 3621 fuissemus,
3133 3553 3220 3620 qui
3244 3560 3296 3606 et
3312 3549 3626 3605 charitatem
3647 3539 3807 3597 exstin-

2263 3660 2538 3715 xissemus
2566 3694 2581 3715 .
2627 3667 2787 3723 quam
2836 3657 3084 3704 tenemus
3129 3659 3251 3700 cum
3296 3642 3616 3712 coepiscOpo
3657 3640 3804 3689 nostro

2261 3750 2565 3810 Athanasio
2587 3791 2600 3813 ,
2629 3755 2686 3802 et
2713 3745 2836 3814 quia
2857 3741 2882 3780 ιι
2904 3741 3042 3796 falso
3070 3748 3538 3808 temperassentus
3563 3729 3580 3768 ι
3609 3724 3804 3784 crimini,

2264 3857 2318 3904 et
2350 3846 2450 3916 ipsi
2481 3843 2575 3897 tibi
2607 3837 2786 3894 fallaci
2825 3839 2876 3890 in
2921 3831 3231 3889 innocentis
3263 3845 3454 3885 necem
3479 3822 3636 3895 juncti
3665 3827 3801 3873 tecum

2268 3953 2606 4000 mercremur
2636 3933 2818 3989 divina
2861 3926 3232 3999 indignatione
3263 3920 3510 3996 percuti?
3559 3917 3640 3972 Sic
3679 3922 3801 3981 ergo.

2323 4103 2348 4141 ἀ
2381 4100 2688 4157 Crescamus
2719 4097 2774 4149 in
2803 4093 2896 4148 illo
2926 4091 3122 4146 oinnia.
3152 4089 3311 4144 Vers.
3347 4087 3478 4143 Ant.
3643 4148 3654 4160 .

2327 4186 2350 4214 ε
2383 4146 2982 4231 Ec'cHQIiiiu'eng,sui
3017 4162 3242 4216 omnino
3286 4163 3576 4232 corruptus
3602 4146 3800 4232 videtur.

2257 4247 2360 4304 Til.
2387 4227 2448 4301 et
2476 4227 2552 4298 ita
2580 4238 2825 4312 quidem,
2844 4227 2918 4290 ἰιι
2946 4245 3181 4304 nequeat
3207 4240 3333 4302 apte
3359 4227 3642 4312 explicari:
3669 4283 3770 4312 mm

2336 4284 2360 4356 ἶ
2391 4284 2854 4370 iiw'tii'aaTéEnacét
2882 4322 2949 4362 eo
2978 4284 3139 4361 se'nsu
3162 4346 3178 4372 ,
3209 4284 3376 4374 quem
3408 4284 3564 4356 modo
3585 4307 3643 4348 ex
3667 4284 3800 4343 Millio

2261 4389 2658 4448 enarravimus.
2692 4379 2943 4436 Galland.
3120 4446 3146 4448 ν,
3450 4441 3478 4448 _
3541 4439 3552 4448 _
3601 4434 3629 4448 ,,

2337 4433 2720 4517 inibit-illisu,
2769 4433 3051 4520 deposuisti
3105 4433 3799 4520 Episcorpos_Catholicoizlff

563 4498 784 4520 UIWDUU
814 4507 827 4520 ο
859 4498 949 4521 nm.
979 4498 1068 4528 της
1099 4498 1194 4523 επι*
1245 4498 1416 4528 ωσιως
1447 4498 1537 4524 TW
1564 4498 1681 4523 νιυν
1709 4498 1800 4523 τυυ
1827 4498 1964 4522 νιυυ.
1997 4498 2162 4520 llr-CB.
2337 4498 2361 4511 "
2419 4498 2687 4514 “"""""’"
2706 4498 2720 4517 9
2771 4498 3048 4520 "'l’""""'
3105 4498 3252 4517 —r"'
3275 4498 3282 4499 7
3301 4498 3324 4515 Γ
3725 4498 3734 4510 ⁸

563 4543 850 4614 Ξι-ῐηθηημι
874 4537 1011 4614 apud
1039 4498 1368 4614 ιτιιςίῐζιζυιη,
1396 4538 1558 4593 lectio
1584 4545 1674 4614 εοῦ
1696 4540 1806 4614 dqu
1829 4541 1993 4614 etiam
2018 4535 2159 4614 apud
2191 4554 2240 4614 υ
2267 4535 2487 4589 Arianos
2512 4525 2802 4614 instituisti.
2837 4523 3030 4614 'l‘i‘lhet
3061 4521 3145 4614 La2
3163 4506 3801 4614 φερε,Δίξξὲῗξὶαὲττιργίξιξ

562 4601 736 4678 Clem.
766 4601 924 4661 Alex:
961 4609 1173 4678 Paedag.
1206 4608 1299 4662 lib.
1337 4612 1388 4671 t,
1419 4623 1468 4661 c.
1499 4610 1554 4665 5.
1576 4608 1825 4664 Cultand.
1850 4607 2006 4664 Vers.
2027 4601 2155 4664 Ant.

567 4673 640 4731 In
677 4681 928 4748 unitatem
959 4679 1080 4747 fidei
1111 4673 1159 4732 Et
1187 4680 1469 4748 agnitionis
1502 4678 1631 4734 Filii
1663 4679 1784 4736 Dei.

641 4757 664 4786 ο
696 4745 874 4821 Graec.
895 4745 1022 4820 πρὸς
1040 4754 1132 4808 τὴν
1158 4745 1412 4819 μεθοδείαν
1433 4767 1527 4814 τῆς
1546 4753 1757 4814 πλάνης.
1781 4750 1938 4821 Vulg.
1963 4749 2032 4804 ad
2059 4749 2164 4803 cir-

565 4820 982 4874 cumventionem
1016 4825 1230 4874 erroris.
1255 4826 1425 4886 Quem
1461 4825 1511 4874 in
1540 4824 1716 4878 locum
1746 4820 1942 4878 Millius
1973 4823 2166 4877 obser-

567 4902 681 4965 vat,
714 4905 954 4965 veterem
993 4893 1343 4965 interpretem
1377 4893 1633 4965 μεθοδείαν
1673 4894 1975 4948 reddidisse
2004 4909 2166 4946 reme-

569 4963 715 5020 dium
755 4972 866 5018 tutn
899 4963 1018 5028 hic,
1055 4973 1166 5016 tutu
1199 4962 1336 5028 Eph.
1370 4962 1454 5028 vt,
1487 4966 1574 5030 ll,
1603 4981 1832 5035 eamque
1861 4965 2166 5020 versionem

570 5036 625 5106 in
653 5035 1014 5106 complurium
1043 5043 1284 5088 veterum
1321 5036 1630 5092 Latinorum
1663 5039 1864 5106 scripta
1896 5050 2165 5091 manasse.

571 5103 740 5175 Cujus
782 5103 1031 5176 'quidetn
1098 5105 1558 5176 interpretationis
1626 5103 1845 5164 causam
1901 5105 2166 5175 ejusmodi

570 5176 740 5233 fuisse
779 5188 931 5248 putat
970 5177 1111 5249 idem
1160 5179 1242 5230 vir
1280 5178 1523 5234 eruditus
1565 5180 1615 5234 iu
1649 5180 1860 5249 Proleg.
1895 5179 1961 5234 ad
2007 5177 2072 5237 N.
2103 5177 2166 5231 T.

577 5266 784 5305 nutum.
813 5249 941 5314 568,
985 5248 1113 5305 866.
1148 5249 1432 5315 Nimirum,
1465 5252 1669 5320 inquit,
1697 5248 1982 5306 remedium
2012 5259 2170 5304 aetate

575 5321 678 5376 ista
721 5321 1058 5395 significasse
1089 5323 1302 5377 videtur
1341 5319 1655 5395 deceptionis
1695 5338 1880 5395 genus,
1909 5319 2126 5395 aliquod
2151 5361 2165 5386 ,

577 5408 687 5463 quo
719 5408 812 5464 per
841 5393 1086 5448 adhibita
1130 5395 1420 5462 pltartnaca
1459 5393 1512 5447 ct
1554 5393 1802 5462 potiones
1843 5393 2167 5462 simplicium

579 5467 794 5524 loculos
816 5465 1182 5536 emungebant
1206 5466 1429 5523 veneﬁci
1453 5465 1615 5520 aliive
1635 5464 2050 5536 circumforanei
2083 5480 2180 5518 ne-

581 5539 836 5597 bulones.
886 5539 1022 5594 Cum
1106 5547 1287 5593 autem
1333 5537 1650 5608 jamdudum
1704 5535 2031 5608 exsoleverit
2080 5536 2182 5608 iste

583 5613 735 5667 vocis
760 5625 974 5675 sensus,
999 5618 1056 5663 et
1078 5605 1364 5664 remedium
1398 5610 1507 5680 jam
1536 5609 1682 5664 aliud
1719 5610 1944 5680 omnino
1976 5605 2184 5676 signiﬁ-

585 5694 697 5746 cet,
720 5684 776 5737 S.
806 5681 1170 5752 Hieronymus
1185 5683 1238 5735 in
1256 5685 1374 5749 ejus
1399 5677 1574 5736 laeum
1597 5677 2178 5752 circumiventionemere-

609 5754 792 5823 posuit:
813 5763 869 5807 et
886 5747 1082 5823 Ephes.
1106 5767 1184 5816 vt,
1211 5747 1299 5816 ll,
1323 5768 1422 5823 pro
1445 5753 1674 5823 remedia
1689 5747 1904 5814 diaboli,
1923 5751 2066 5823 Quod
2081 5749 2177 5823 ha-

627 5811 1104 5897 uitVetusqltalica,
1134 5811 1354 5878 insidia}
1385 5820 1572 5880 diaboli
1604 5811 1904 5894 rescripsit.
1923 5811 2171 5876 Galland.

2265 4579 2832 4672 cliniiiiériniiieumn
2861 4593 3214 4672 .A_tlt_auasius
3237 4589 3336 4672 in.
3367 4579 3662 4672 Apnlttgjlg.1
3668 4581 3797 4672 fidi."

2267 4644 3200 4744 ἕῦἱῖἴέἰί’έὸιίξέἶέιίέὸίεέοροξ
3226 4644 3440 4744 effice;
3459 4644 3585 4744 9.?!sz
3600 4644 3797 4744 "Iffi‘ii‘:

2269 4709 2706 4806 ii’iiﬁafiifi'iiii
2733 4709 2830 4792 “de
2844 4709 2977 4806 fu;
2999 4709 3196 4788 suarad
3223 4709 3607 4806 COItjtaniium,
3626 4729 3715 4806 ruet}

2268 4794 2664 4894 ξιὲἷὸὸὲιέὲιὲιάε
2693 4812 2754 4894 ειὺ
2783 4794 3196 4894 ἐιίίξνΪΑτὲίιιξίεν
3228 4805 3283 4894 ί¹ἔ
3305 4794 3795 4894 ,Ενίπθνξὶξέιῗῇτῖῗιῖ

2685 4863 2954 4936 Antiochia
2985 4880 3047 4932 ob
3076 4863 3468 4946 Eustathium...
3494 4865 3742 4946 adctn‘pl‘ttttt

2665 4926 3008 5007 ei
3021 4926 3112 5002 vol;
3127 4926 3536 5017 aphrationeni
3551 4952 3569 5017 ί
3592 4926 3798 5017 Duilli“

2274 4995 2583 5087 nostra:
2598 4995 2670 5081 'ob
2720 5021 3017 5112 εψηιίιηιτίι
3041 5030 3106 5112 ,ει
3136 4995 3458 5112 Quintum;
3497 4995 3794 5112 Αάξίαῧῇξῖξὶῗ

2725 5068 2916 5168 dieinde
2940 5091 3247 5168 ob__I,uciu_m
3269 5105 3286 5168 ξ
3320 5068 3516 5168 Alncy'ra
3537 5068 3796 5168 olt__ua"“'

2277 5157 2406 5238 lunt,
2443 5157 2621 5226 Der-ma
2652 5157 2714 5222 ob
2735 5166 2950 5237 Cyrum.
2981 5162 3216 5238 Gazdolt
3245 5160 3537 5238 ᾼδςιιεριιηι.Δ

2348 5205 2406 5238 νη,
2443 5205 2620 5226 “me.
2652 5205 2712 5222 νυ
2736 5205 2950 5237 μνη...
2984 5205 3123 5217 νη...
3154 5205 3210 5214 --
3248 5205 3527 5230 .-ηητηρη

2348 5243 2375 5283 ¹¹
2399 5245 2440 5301 I.
2465 5261 2518 5298 e.
2545 5240 2763 5296 diabolo
2785 5251 3010 5292 servare.
3027 5231 3350 5290 Gallandius
3374 5229 3544 5285 mallet
3565 5205 3793 5286 legendum

2276 5334 2398 5396 955.3
2425 5317 2644 5397 iter"???
2790 5391 2800 5397 .
3066 5395 3091 5397 μ,
3147 5376 3282 5397 .__-_..-.
3319 5390 3398 5397 _-_
3609 5352 3792 5397 Αριῖνιιιῐι

2358 5357 2398 5426 iv
2417 5357 2695 5442 fabulatus
2725 5391 2800 5437 est
2829 5397 2917 5435 cor
2954 5376 3284 5450 tttttnnferiit
3311 5390 3399 5428 cor
3428 5357 3752 5450 tuitui-7:10:33"

2288 5478 2389 5518 usu
2399 5423 2927 5526 rlii‘iKGS'pQ'ésivi;
2957 5423 3298 5522 quod'l'atine
3317 5461 3424 5502 non
3453 5438 3641 5498 dicitur.
3660 5423 3740 5480 Tll-

2363 5534 2376 5584 i
2430 5523 2755 5586 Poteramus.
2791 5523 2972 5582 Latin.

2362 5603 2390 5678 ξ
2433 5603 2556 5678 Qui'
3271 5663 3283 5676 .
3464 5675 3476 5678 _
3507 5652 3616 5678 1.1...
3646 5626 3795 5678 nimini

2369 5675 2402 5763 ι.
2419 5647 2540 5763 ,ἕῖό
2570 5647 3060 5763 ieiunamus
3081 5647 3790 5763 ’ἀνεταίεδξηξξιερζαέξοεῖπὲἐῖἷ

2287 5749 2342 5803 in
2373 5721 2933 5802 Αῡιὶιῖιιιὲξὶιὶίῖἵίριαίάζ
2964 5721 3275 5796 ΤίΙ.’ἰίωὶιιέ
3310 5727 3365 5794 ‘et
3401 5733 3449 5791 ta
3469 5721 3608 5784 Cerd.
3631 5722 3675 5772 et

2277 5818 2422 5876 land.

3959 5781 3970 5924 l
