4042 6338
549 288 660 348 935
1647 283 1972 348 LUCIFERI
2008 286 2317 348 EPISCOPI
2356 282 2778 346 CALARITANI
3702 290 3791 352 936

549 413 795 462 sanctum
827 403 1130 461 credideris
1153 443 1170 468 .
1201 402 1367 462 crede
1395 403 1526 461 mihi
1566 406 1710 477 quod
1742 405 1961 461 futurus
1985 405 2060 462 sis
2088 404 2143 461 in
2172 409 2226 469 Α
2248 407 2403 478 queri
2424 422 2546 463 cum
2576 406 2798 463 diabolo
2813 412 2867 461 et
2890 404 3144 463 omnibus
3171 403 3493 463 satellitibus
3510 405 3618 478 ejus
3640 407 3793 466 videre

547 498 719 554 choro
750 497 1204 567 patriarcharum,
1230 498 1618 570 prophetarum
1646 540 1661 565 ,
1689 501 2061 570 apostolorum
2086 515 2151 556 ac
2257 502 2514 573 cmperis,
2536 518 2635 558 cur
2668 501 2765 558 has
2794 510 2900 557 tam
2924 499 3177 557 salubres
3201 501 3589 557 admonitiones
3615 513 3795 560 nostras

547 601 879 664 martyrum;
929 591 1172 662 alioquin
1219 592 1318 648 tibi
1366 591 1773 664 imputaturus,
1801 608 1925 650 cum
1958 606 2009 650 te
2038 605 2148 650 tor-
2257 595 2600 667 despexeris.
2928 590 2933 595 ’

542 710 3789 743 mm

850 840 1445 919 FLORENTII
1517 845 1669 920 AD
1746 847 2383 921 LUCIFERUM
2456 849 2623 923 ΕΡ.
2702 845 3513 920 CALARITANUM

1904 992 2462 1077 EPISTULA
2478 1050 2501 1076 .

2026 1147 2358 1167 —

1176 1243 1537 1302 EPISTOLA.
1982 1324 2001 1331 φ
2022 1322 2128 1331 μη
2256 1246 2573 1316 mandavit,
2606 1255 2663 1304 et
2688 1262 3022 1320 cognoscere
3051 1246 3361 1315 desiderat,
3392 1248 3436 1303 si
3464 1246 3599 1304 idem
3618 1247 3803 1305 eodem

731 1335 961 1394 Domino
992 1338 1358 1413 benignissimo
1388 1340 1630 1411 Lucifero
1650 1322 2132 1396 Florentiusfw
2258 1350 2311 1395 te
2338 1340 2645 1396 destinatus
2675 1340 2767 1394 sit.
2800 1339 2854 1393 Id
2884 1354 3019 1411 ergo
3041 1338 3217 1410 ,quod
3241 1339 3295 1394 itt
3323 1338 3431 1394 fide
3459 1339 3567 1392 veri
3590 1349 3684 1405 est,
3710 1355 3804 1407 per-

622 1430 855 1486 Nomine
888 1440 981 1487 tuo
1001 1431 1251 1486 codicem
1290 1439 1316 1468 ι
1339 1432 1558 1502 quidam
1590 1432 1817 1487 domino
1841 1444 1893 1488 et
1925 1440 2156 1504 augusto
2186 1503 2195 1504 ί
2261 1434 2504 1490 scribere
2532 1432 2755 1488 debebis
2778 1473 2795 1493 .
2842 1443 2896 1487 et
2942 1431 3191 1488 codicem
3242 1434 3554 1500 remittere,
3581 1439 3636 1486 ut
3668 1433 3806 1503 possit

552 1531 744 1579 nostro
790 1522 989 1580 obtulit
1014 1541 1026 1578 :
1067 1523 1214 1579 hunc
1238 1523 1307 1580 ad
1335 1526 1683 1581 sanctitatem
1732 1535 1881 1581 tuam
1923 1503 2152 1597 perferri
2184 1503 2232 1564 Β
2257 1524 2551 1581 aeternitati
2579 1523 2608 1563 ι’
2636 1524 2754 1595 ejus
2778 1523 2961 1579 denuo
2982 1523 3192 1580 offerri.

623 1666 650 1696 ¹ι
689 1657 1216 1732 Librorumscilicet
1244 1701 1258 1725 ,
1284 1674 1421 1730 quos
1437 1659 1656 1717 Lucifer
1687 1676 1785 1732 pro
1813 1661 1870 1718 S.
1904 1660 2150 1716 Atltana-
2251 1663 2370 1717 lius.
2406 1660 2813 1732 Papebroahius
2861 1661 2913 1715 in
2950 1669 3084 1715 tom.
3118 1662 3163 1732 4,
3179 1660 3323 1727 Maii,
3356 1660 3598 1715 Bollaud.
3624 1660 3682 1716 ad
3709 1676 3803 1723 can.

548 1728 633 1786 sio
655 1732 899 1800 scripsit.
934 1729 1071 1786 Vide
1095 1728 1316 1799 praefat.
1340 1747 1607 1788 nossram.
1687 1728 1701 1732 ⁷
2250 1735 2286 1789 2
2312 1728 2619 1790 Comment.
2648 1732 2784 1787 Ilist.
2822 1732 2890 1786 de
2919 1736 2976 1785 ὃ.
3004 1731 3282 1788 Lucifero.
3321 1732 3477 1787 Hanc
3529 1736 3727 1795 αἰωνίου.
3767 1732 3805 1786 id

620 1800 648 1841 ι’
690 1800 769 1856 ita
820 1804 1119 1875 reternitutis
1173 1803 1405 1875 titulum,
1442 1804 1737 1873 arrogabat
1784 1804 1888 1860 sibi
1947 1805 2150 1875 impius
2252 1816 2339 1862 est
2363 1806 2541 1860 aeterni
2588 1805 3013 1875 appellationem
3056 1805 3383 1875 Constantio
3436 1805 3725 1859 attributam
3765 1804 3804 1858 in

552 1870 983 1941 (Constantius),
1014 1888 1177 1941 quem
1204 1873 1344 1930 Filio
1386 1874 1482 1930 Dei
1526 1870 1858 1932 imminuere
1887 1892 1995 1932 non
2029 1870 2153 1931 'me-
2249 1878 2505 1932 Fortnula
2536 1870 2820 1932 Sirniiensi
2862 1877 2992 1930 anni
3020 1874 3147 1941 359,
3184 1876 3388 1931 irridet
3416 1877 3578 1931 etiam
3604 1875 3806 1930 Athana-

552 1888 983 1941 tuonstanuusi,
1014 1888 1177 1999 auem
1204 1888 1344 1930 r‘ttto
1386 1888 1482 1930 Det
1526 1891 1858 1932 tttttntnuere
1887 1892 1995 1932 non
2039 1893 2153 1931 tne-
2249 1888 2505 1932 r'ortnula
2536 1888 2820 1932 Struttenst
2862 1890 2992 1930 anni

552 1944 767 2018 luebat,
800 1942 989 1999 Arium
1060 1944 1323 2018 efendens
1347 1986 1364 2012 ,
1392 1947 1550 2016 cujus
1582 1947 1725 2002 inter
1751 1957 1977 2003 caeteras
2007 1948 2151 2003 blas-
2252 1950 2365 2004 sius
2394 1950 2446 2004 iit
2477 1949 2622 2004 libro
2643 1949 2709 2003 de
2733 1947 2992 2018 Synodis.

553 2014 803 2086 phetttias
842 2030 946 2069 una
974 2025 1113 2079 erat,
1145 2017 1305 2088 fuisse
1333 2014 1531 2088 tempus
1554 2019 1761 2089 quando
1789 2036 1890 2074 non
1922 2032 2031 2074 erat
2058 2019 2152 2073 Fi—

703 2281 1556 2398 LUGIPEBI
1630 2282 2468 2398 EPISCOPI
2545 2284 3374 2399 CALARIT
3393 2283 3725 2398 AN!

1645 2468 1816 2555 AD
1890 2470 2761 2557 FLORENTIUM

1727 2627 2695 2761 EPISTOLA.

1177 2946 1534 3004 EPISTOLA.
2186 2971 2231 3034 ρ
2266 2962 2401 3002 noso
2428 2947 2678 3004 in’rebus
2713 2948 2895 3019 agenti
2939 2959 2968 2998 b
3017 2950 3417 3021 perferendum
3458 2948 3729 3015 traditum,
3752 2944 3817 3003 Itis

2268 3039 2548 3096 formanda
2576 3050 2598 3078 ο
2632 3039 2729 3096 fuit
2752 3041 3001 3112 religiosa
3029 3043 3319 3113 prudentia
3341 3056 3456 3110 tua,
3481 3043 3818 3098 ﬁlicarissime.

2270 3130 2387 3187 Jam
2422 3142 2525 3187 tua;
2564 3131 2669 3187 erit
2707 3135 3098 3204 generositatis
3126 3137 3370 3207 agnitum
3406 3152 3436 3190 a
3470 3152 3555 3191 nte
3595 3133 3701 3189 sine
3737 3130 3820 3186 ulla

636 3224 857 3282 Codicis
880 3223 1210 3296 perlatorem
1242 3238 1403 3294 quem
1446 3231 1717 3280 memorat
1752 3220 2168 3279 honorificentia
2268 3224 2615 3279 cunctatione
2636 3224 2948 3282 defendere.
2974 3226 3086 3283 Nos
3114 3228 3314 3284 etenim
3342 3229 3581 3300 propitio
3606 3225 3705 3282 Deo
3723 3238 3821 3279 con-

566 3326 656 3375 tua
694 3319 914 3375 nomine
943 3334 1065 3374 meo
1093 3318 1296 3374 adiisse
1326 3318 1713 3389 imperatorem
1775 3332 1805 3370 a
1852 3333 1970 3372 mea
2002 3316 2171 3373 fuisse
2271 3326 2352 3373 tra
2382 3333 2445 3373 ea
2471 3334 2592 3389 qua:
2624 3319 2677 3373 in
2709 3331 2950 3375 nostram
2981 3331 3241 3392 parantur
3278 3336 3478 3379 necem
3506 3331 3645 3376 stare
3666 3318 3817 3382 laetos,

564 3413 899 3470 destinatum
931 3412 1343 3477 mediocritate,
1376 3412 1550 3481 ipsum
1581 3425 1797 3482 quoque
1836 3410 2080 3466 codicem
2112 3420 2173 3465 ut
2265 3424 2387 3467 cum
2416 3426 2609 3466 causas
2636 3453 2651 3478 ,
2684 3427 2782 3467 cur
2814 3412 2911 3469 tali
2937 3410 2964 3451 ἀ
2995 3415 3313 3486 scripserim
3362 3414 3527 3471 modo
3550 3456 3566 3483 ,
3592 3412 3819 3469 discutere

565 3521 627 3563 es
659 3507 959 3563 admonere
976 3506 1233 3577 dignatus
1259 3505 1492 3561 sollicite
1512 3504 1842 3576 inspectum,
1870 3514 2035 3576 atque
2065 3503 2168 3558 Bo-
2268 3504 2496 3575 coeperit
2523 3547 2537 3573 ,
2566 3504 2830 3563 inveniet.

2001 2839 2449 2855 ἡ

600 3088 869 3145 Florentio
900 3086 1157 3162 Magistro
1188 3087 1487 3157 Oﬁiciorum
1512 3094 1538 3123 ⁸
1568 3083 1780 3158 Lucifer
1809 3083 2121 3158 Episcoyus.

635 3658 659 3685 °
691 3647 913 3705 Summa
946 3647 1187 3718 dignitas
1224 3647 1278 3701 in
1305 3646 1428 3701 aula
1457 3643 1889 3718 Imperatorum,
1922 3659 2045 3715 qua».
2065 3642 2166 3699 Pa-
2341 3642 2378 3718 δέ
2407 3644 2626 3716 Agentes
2654 3647 2709 3701 in
2736 3646 2890 3701 rebus
2914 3644 3286 3716 Magistratum
3319 3646 3619 3702 Palatinum
3656 3636 3817 3698 consti-

557 3720 746 3776 latinis
790 3732 844 3777 et
900 3717 1174 3787 Principis
1201 3717 1545 3771 administris
1580 3725 1850 3785 praeerat,
1890 3718 2163 3787 praecipue
2272 3717 2519 3781 tuebant,
2552 3721 2711 3785 cujus
2739 3718 2843 3773 hoc
2870 3719 3036 3773 etiam
3080 3734 3279 3772 munus
3312 3728 3429 3773 erat
3460 3759 3477 3785 ,
3530 3726 3584 3772 ut
3620 3732 3703 3787 per
3726 3725 3818 3787 pro‘

558 3734 746 3776 latinis
790 3734 844 3777 et
900 3734 1174 3787 I’I‘IIICIpIS
1201 3734 1545 3771 adlntlthll‘ls
1580 3734 1850 3785 praeerat,
1890 3734 2049 3782 ιιι-πει
2076 3734 2163 3770 iue
2272 3734 2519 3781 tnenant,
2552 3734 2711 3785 cuius
2739 3734 2843 3773 noc
2870 3734 3036 3773 etiam
3080 3734 3279 3772 munus
3312 3734 3429 3773 erat
3460 3759 3477 3785 ,
3530 3734 3584 3772 ut
3620 3734 3703 3785 per
3726 3734 3816 3779 pru-

558 3806 694 3845 vero
717 3791 1018 3861 legationes
1060 3798 1369 3861 exterarum
1394 3792 1635 3854 gentium
1658 3787 1982 3861 tractabat.
2031 3734 2164 3861 \iide
2269 3788 2477 3861 vincitis
2507 3790 2879 3858 inquirerent,
2924 3791 3119 3861 siquid
3153 3791 3226 3861 in,
3250 3789 3560 3861 Principiam
3603 3784 3816 3842 nefarium

561 3858 843 3917 Valesitim
893 3864 946 3914 in
990 3870 1108 3915 not.
1157 3858 1225 3914 ad
1258 3860 1607 3915 Aminianum
1657 3858 2032 3914 Marcellinum
2067 3858 2161 3913 lib.
2270 3858 2558 3913 coitsilium
2584 3863 2932 3916 inireturzet
2956 3862 3080 3915 ideo
3101 3858 3339 3915 Luciferi
3364 3864 3488 3915 libri
3519 3861 3714 3915 Bonoso
3737 3865 3817 3908 tra-

560 3932 655 3997 26,
688 3948 807 4003 cap.
842 3933 899 3988 5.
939 3930 1259 3985 Florentius
1287 3930 1425 3984 hanc
1453 3930 1770 3997 dignitatem
1803 3930 1980 4003 adhuc
2009 3944 2165 4003 gere-
2270 3930 2549 4003 diti._Vid.
2590 3932 2767 3987 Vales.
2800 3933 2866 3987 ad
2909 3932 3094 4003 Amm.
3127 3932 3370 3989 Marcet].
3414 3933 3511 3987 lib.
3544 3933 3628 3997 I5,
3656 3943 3754 4003 cap-
3775 3925 3815 3979 ὃν

562 4003 657 4059 bat
684 3999 775 4058 an}
806 4004 933 4068 560,
970 4012 1027 4056 ut
1059 4008 1290 4056 testatur
1320 4003 1639 4072 Ammianus
1690 4003 1783 4054 lib.
1821 4001 1911 4072 20.
1939 4015 2060 4070 cap.
2104 3999 2159 4054 2.
2345 4012 2367 4072 ς
2408 4001 2546 4057 Puto
2592 4002 2945 4072 informando.
2979 4002 3084 4057 Til.
3139 4017 3308 4059 reete.
3347 4004 3610 4059 Baronius
3646 4000 3706 4054 ad
3746 4010 3813 4050 ano

559 4085 617 4131 et
642 4090 786 4131 anno
817 4076 1124 4143 insequenti
1156 4088 1185 4126 a
1216 4072 1437 4144 Juliano
1465 4071 1805 4144 Imperatore
1832 4071 2158 4144 in‘exsiliutn
2272 4071 2575 4144 5564mm.
2620 4071 2711 4139 67,
2746 4076 2825 4129 his
2854 4075 3208 4144 informanda.

561 4158 837 4202 contrusus
860 4140 1012 4202 estin
1039 4144 1263 4199 insulam
1292 4140 1567 4216 Dalmatia}
1610 4142 1767 4209 Boas,
1800 4142 1991 4199 scribit
2017 4143 2160 4199 idem
2341 4140 2369 4180 ά
2404 4143 2573 4200 Talia.
2601 4140 2943 4216 Papebrocti.
2976 4148 3099 4201 loco
3128 4146 3225 4202 cit.

563 4217 886 4275 Ammianus
914 4218 1009 4273 lib.
1042 4216 1135 4283 ἓξ,
1177 4230 1301 4287 cap.
1331 4215 1386 4271 5.

560 4328 3816 4363 _____________________________________________.

1411 4481 1561 4599 Β.
1639 4483 1799 4596 P.
1884 4484 2072 4595 Ν.
2148 4484 3009 4603 LUCII‘EBI

1760 4655 2103 4720 EPISCOPI
2146 4658 2632 4723 CALARITANI

831 4813 977 4967 DE
1049 4810 1270 4967 NON
1342 4809 1941 4965 PARCENDII
2008 4813 2137 4964 IN
2190 4815 2507 4967 DEUM
2578 4816 3601 5001 DELINQUENTIBUS,

1177 5042 1335 5129 AD
1411 5042 2263 5131 CONSTANTIUM
2337 5048 3254 5160 IMPERATORILM,

1858 5195 2033 5269 LIB
2042 5199 2182 5270 EB
2258 5199 2401 5273 UN
2408 5199 2559 5277 US.

631 5449 960 5523 Superatum
989 5448 1018 5481 ⁸
1050 5455 1125 5517 te,
1154 5425 1486 5519 Imperator,
1520 5460 1550 5502 a
1580 5446 1679 5505 Dei
1706 5450 1881 5508 servis
1909 5466 1979 5509 ex
2013 5455 2160 5510 omni
2270 5471 2393 5512 cum
2424 5459 2813 5530 conspexisses
2840 5470 3020 5531 parte,
3048 5462 3231 5520 dixisti
3256 5478 3474 5536 passum
3510 5472 3562 5521 te
3594 5476 3652 5520 ac
3679 5454 3769 5533 pati
3788 5467 3813 5507 ι

637 5613 1641 5707 :_I}e§picit‘liicrifuciferAnon‘solium
1660 5631 1789 5707 qute
1805 5617 2163 5707 a‘Qatholicis
2272 5623 2471 5707 animis
2491 5636 2800 5707 gesserunt,
2832 5644 2935 5707 qua
2963 5630 3117 5707 libris
3138 5630 3192 5686 in
3215 5629 3586 5707 Constantium
3612 5621 3810 5707 scriptis3

563 5683 1020 5773 lipijsclttpisngesui
1056 5687 1272 5769 fuerant
1298 5683 1738 5773 constantissime
1765 5702 1951 5743 contra
1985 5693 2160 5746 minas
2268 5708 2373 5764 qua
2395 5683 2707 5753 fortitudine
2726 5683 3108 5756 in'tolerandis
3128 5683 3643 5773 suppliciilacipsa
3669 5683 3810 5773 ρόπξυε

562 5754 623 5809 et
646 5754 1169 5837 d0|08_Ctt_tt_stan_li_t,
1198 5768 1359 5837 atque
1389 5763 1734 5837 A_rtanorutn,
1776 5775 2008 5830 quorum
2036 5776 2161 5837 pars
2267 5754 2466 5830 limite,
2492 5784 2651 5835 quam
2678 5780 2735 5825 ut
2766 5774 2816 5825 in
2840 5754 3220 5829 haereticOruni
3239 5754 3810 5830 'Qenteiitiam'concedc-

561 5840 756 5896 magna
805 5826 1022 5886 Lucifer
1064 5828 1188 5898 fuit,
1220 5826 1321 5885 sed
1360 5830 1524 5887 etiam
1574 5846 1697 5903 quae
1727 5826 1912 5903 postea
1945 5826 2163 5890 invictis
2269 5845 2414 5892 rent.
2447 5826 2537 5894 Ait
2564 5855 2696 5897 vero
2722 5858 2785 5896 ex
2811 5826 3119 5915 omniporte
3140 5826 3807 5918 superetum‘Constantium,
