3836 6348
24 275 137 333 95⁷

637 278 727 336 DE
762 277 903 336 NON
942 277 1315 337 PARCENDO
1353 279 1418 336 IN
1462 277 1654 337 DEUM
1693 278 2300 348 DELINQUENTIBUS
2342 279 2543 338 LIBER
2585 278 2790 338 UNUS.

3257 283 3363 341 958

24 396 193 453 nobis
230 405 444 454 contra
482 398 688 454 monita
708 415 988 458 sacrarum
1026 400 1417 469 scripturarum
1455 411 1650 456 contu-
1678 410 1730 470 Α
1756 402 2024 456 exarserit
2051 401 2170 457 zelo
2196 401 2506 459 devotionis
2534 403 2787 458 incensus
2819 401 3054 457 Phinees
3082 401 3363 469 sacerdos,

25 490 259 546 meliam
289 510 303 546 :
327 492 477 549 dicis
494 510 590 549 nos
612 495 915 551 insolentes
938 495 1380 551 exstitisse-circa
1405 503 1475 561 te,
1497 509 1656 563 quem

24 584 298 640 honorari
335 585 610 644 decuerit.
642 587 698 644 Si
720 590 1006 660 quisquam
1045 589 1140 645 Dei
1170 589 1442 644 cultorum
1466 604 1659 659 peper-

22 677 98 733 cit
133 688 160 715 ει
193 683 498 749 apostatis,
543 682 653 736 sint
681 698 809 737 vera
840 698 960 753 qum
1007 682 1145 738 dicis
1186 682 1254 738 de
1284 681 1461 738 nobis.
1501 680 1657 738 Unde

22 772 350 841 ordiamur,
378 787 437 829 ut
466 785 521 830 tu
549 791 693 832 nunc
721 793 752 831 a
774 776 933 833 nubis
960 777 1280 846 corriperis,
1306 778 1380 831 ita
1397 791 1521 831 esse
1537 791 1657 831 cor-

22 873 220 937 reptos
251 883 459 924 omnes
475 869 740 924 erraticas
768 884 863 939 per
888 869 981 924 Dei
1007 869 1268 935 cultores,
1291 885 1400 939 quo
1427 869 1658 939 probare

21 961 352 1031 possimus?
384 962 566 1018 unde?
592 963 696 1019 nisi
729 979 760 1019 a
794 963 959 1019 Mosis
993 964 1091 1019 Dei
1115 963 1260 1019 servi
1287 962 1519 1018 actibus.
1554 962 1656 1018 Le-

20 1056 209 1127 gimus
266 1057 324 1111 in
378 1057 595 1125 Exodo,
644 1060 958 1114 ascendisse
1006 1068 1243 1114 montem
1299 1057 1483 1114 Mosen
1532 1066 1659 1129 post

24 1158 432 1206 testamentum
466 1152 567 1206 sibi
600 1151 879 1219 traditum,
927 1161 981 1208 et
1013 1154 1281 1222 plurimos
1312 1152 1654 1208 interfecisse

23 1257 219 1299 eorum
269 1254 508 1317 propter
560 1246 882 1301 idololatriae
931 1258 1163 1304 reatum.
1226 1247 1402 1313 Stetit,
1455 1249 1650 1315 inquit,

23 1335 202 1392 Moses
224 1337 255 1376 ἲ)
285 1339 361 1392 ad
384 1351 562 1412 portas
601 1350 912 1407 castrorum,
940 1353 987 1396 et
1011 1343 1143 1397 dixit
1173 1361 1184 1395 ε
1216 1342 1344 1409 Quis
1374 1345 1443 1397 ad
1466 1342 1651 1397 Domi.

24 1446 149 1484 num
176 1440 410 1501 paratus
432 1433 599 1486 veniat
628 1434 698 1487 ad
719 1434 827 1488 me?
854 1432 920 1488 Et
939 1445 1284 1490 convenerunt
1301 1436 1369 1488 ad
1394 1452 1509 1490 eum
1541 1452 1652 1490 om-

23 1541 109 1578 nes
141 1524 246 1594 ﬁlii
276 1523 431 1590 Levi,
475 1536 520 1581 et
562 1526 692 1580 dixit
724 1529 797 1582 eis
827 1544 845 1584 :
882 1526 1010 1583 Hcce
1038 1528 1165 1582 dicit
1206 1526 1464 1583 Dominus
1508 1529 1653 1584 Deus

22 1619 195 1675 Israel
236 1636 257 1674 :
307 1618 507 1675 Ponite
539 1622 890 1693 unusquisque
927 1623 1161 1694 gladium
1188 1640 1339 1678 suum
1378 1624 1430 1677 in
1459 1628 1655 1695 femore

22 1733 138 1781 suo,
190 1727 245 1771 et
296 1718 639 1787 per:ransite,
680 1727 728 1773 et
767 1719 1083 1774 revertimini
1107 1737 1138 1774 a
1178 1729 1331 1792 porta
1372 1736 1534 1790 usque
1584 1719 1654 1774 ad

1760 505 2046 567 propterea
2072 496 2157 553 vel
2181 497 2413 552 maxime
2435 496 2580 569 quod
2603 496 2788 567 gladio
2810 492 3168 552 idololatresd
3183 496 3365 550 media

1759 589 1811 644 in
1858 605 2132 662 synagoga
2184 591 2544 655 interemerit,
2588 590 2728 645 adeo
2770 589 2973 660 placuit
3014 590 3147 655 Deo,
3196 598 3255 645 ut
3297 588 3373 643 sit

1758 686 2023 757 scriptum
2061 687 2127 741 ad
2175 686 2277 741 hoc
2325 686 2528 742 factum
2575 686 2791 741 Domini
2838 685 3168 757 indignantis
3204 685 3363 754 quie-

1758 780 1901 835 visse
1929 780 2089 847 iram,
2118 791 2172 834 et
2202 778 2377 850 ipsum
2415 780 2587 835 nimio
2625 781 2956 851 prmeipuum
2999 778 3140 848 apud
3182 777 3368 831 Domi-

1761 890 1891 931 num
1908 874 2061 929 effect
2074 889 2161 928 um
2182 892 2195 927 :
2220 872 2285 926 Et
2301 875 2504 928 locutus
2523 882 2597 927 est
2615 872 2871 928 Dominus
2887 872 2955 927 ad
2972 871 3157 926 Mosen
3169 871 3371 925 dicens:

1759 965 1983 1022 Pltinees
1997 967 2140 1037 ﬁlius
2164 965 2387 1020 Eleazar
2414 966 2512 1035 ﬁlii
2541 965 2720 1021 Aaron
2742 966 3027 1022 sacerdotis
3050 964 3363 1036 compescuit

1762 1070 1785 1098 ε
1806 1061 1940 1115 iram
1956 1076 2122 1115 meam
2145 1078 2176 1114 a
2193 1060 2321 1129 ﬁliis
2343 1058 2535 1121 Israel.
2565 1061 2622 1113 in
2651 1058 2669 1097 τ
2700 1078 2759 1116 eo
2789 1060 2924 1129 quod
2945 1058 3140 1113 zelatus
3162 1069 3237 1113 est
3253 1058 3363 1113 zelo

1754 1157 1811 1211 in
1828 1158 1920 1220 eis,
1938 1167 1990 1211 ut
2011 1166 2035 1203 Β
2068 1173 2171 1209 non
2205 1155 2490 1209 occiderem
2517 1156 2655 1223 ﬁlios
2683 1153 2852 1209 Israel
2876 1154 2927 1207 in
2940 1154 3050 1207 zelo
3072 1169 3183 1208 meo
3211 1170 3229 1207 :
3261 1161 3307 1207 et
3339 1148 3368 1189 ιι

1757 1268 1869 1306 ecce
1883 1250 2016 1305 dabo
2032 1250 2079 1305 ei
2100 1258 2454 1304 testamentum
2475 1265 2668 1315 meum,
2693 1260 3056 1303 testamentum
3080 1248 3222 1313 pacis
3242 1248 3291 1300 ei
3310 1257 3359 1301 et

1755 1345 1938 1398 semini
1959 1347 2073 1414 ejus
2089 1360 2206 1397 cum
2222 1344 2335 1409 ipso
2347 1342 2401 1396 in
2419 1350 2779 1397 testamentum
2793 1341 3072 1397 sacerdotii
3084 1350 3357 1403 wternum,

1756 1436 2050 1509 quoniami
2098 1438 2294 1492 celatus
2327 1446 2405 1491 est
2447 1432 2558 1489 Deo
2589 1452 2702 1503 suo,
2750 1446 2798 1489 et
2839 1436 3069 1489 exoravit
3106 1450 3198 1505 pro
3240 1433 3366 1502 filiis

1759 1528 1929 1585 Israel
1964 1527 2153 1603 (Num.
2204 1544 2333 1594 xxv,
2371 1526 2485 1598 10).
2519 1526 2590 1581 Et
2622 1537 2674 1581 tu
2708 1540 2808 1582 nos
2846 1526 3137 1582 arbitraris
3174 1534 3367 1579 contu-

1759 1636 1942 1676 maces
1963 1623 2085 1690 quia
2110 1620 2207 1676 tibi
2236 1620 2442 1676 erranti
2474 1634 2601 1674 vera
2627 1618 2911 1673 dicamus?
2935 1617 3215 1673 exiSIimas
3239 1631 3364 1672 cum

1757 1714 1854 1770 tibi
1881 1714 2237 1785 displicemus
2268 1730 2376 1769 non
2407 1726 2508 1767 nos
2539 1722 2670 1768 tunc
2702 1712 2812 1766 Deo
2848 1709 3098 1781 placere?
3128 1708 3237 1765 Sed
3266 1723 3366 1764 oro

22 1820 230 1880 portam
282 1826 380 1881 per
425 1820 619 1880 castra,
672 1822 720 1867 et
768 1813 987 1869 occidite
1034 1815 1390 1885 unusquisque
1435 1816 1649 1885 fratrem
1682 1802 1726 1862 Β
1757 1815 1810 1862 te
1840 1808 2011 1875 dicas,
2042 1806 2357 1872 Constanti,
2400 1820 2506 1877 qua
2546 1804 2874 1860 auctoritate
2916 1804 3056 1858 viam
3090 1802 3365 1872 justorum

24 1921 198 1970 suum,
229 1915 281 1959 et
323 1906 681 1976 unusquisque
708 1908 1057 1976 propinquum
1096 1924 1267 1971 suum,
1300 1918 1346 1962 et
1376 1908 1651 1979 unusquis-

22 2014 120 2067 que
148 1998 464 2066 proximum
488 2015 659 2053 suum.
692 1998 760 2053 Et
787 2004 1016 2070 fecerunt
1052 2000 1328 2070 ﬁliiLevi,
1360 2001 1489 2055 sicut
1520 2002 1654 2056 dixit

26 2091 97 2144 eis
120 2089 317 2145 Moses.
346 2090 421 2145 Et
449 2092 745 2146 ceciderunt
765 2092 828 2147 de
858 2094 1127 2164 populoin
1157 2093 1253 2147 illa
1276 2094 1358 2148 die
1384 2095 1531 2165 quasi
1552 2095 1653 2148 tria

25 2184 191 2237 millia
218 2183 520 2240 hominum.
550 2185 617 2239 Et
645 2186 777 2242 dixit
795 2188 868 2242 eis
894 2187 1065 2243 Moses
1090 2204 1108 2242 :
1138 2186 1403 2259 Implestis
1438 2200 1458 2228 ο
1500 2189 1653 2244 hodie

28 2293 210 2332 manus
232 2276 468 2335 Domino
501 2281 849 2351 unusquisque
869 2281 923 2335 in
942 2282 1053 2343 ﬁlio
1080 2291 1169 2335 aut
1192 2282 1247 2335 in
1274 2282 1567 2349 fratredari
1594 2282 1651 2336 in

24 2370 163 2425 vobis
183 2369 597 2427 benedictionem
612 2371 741 2445 (Ex.
765 2390 949 2439 xxxvr,
973 2374 1090 2445 26;.
1117 2374 1319 2430 Sumus
1337 2375 1434 2429 tibi
1459 2384 1649 2430 contu-

28 2464 234 2518 meliosi
255 2477 315 2520 ut
331 2463 439 2520 fuit
460 2465 635 2521 Moses
654 2466 1165 2537 populoinsulsoilli
1186 2483 1392 2537 :nequc
1414 2468 1520 2524 illis
1534 2468 1650 2539 pla-

29 2559 224 2614 cebaut
251 2561 344 2616 illa
364 2576 489 2633 qua:
502 2556 844 2629 dicebantur,
863 2561 1169 2617 autﬁebant
1183 2577 1214 2617 a
1232 2561 1402 2630 Mose,
1430 2561 1648 2630 quando

25 2650 136 2722 jam
163 2653 507 2726 delegissent
539 2671 646 2711 non
685 2657 891 2712 servire
930 2658 1060 2725 Deo,
1099 2657 1189 2728 qui
1220 2672 1317 2713 eos
1358 2658 1650 2726 eripuisset

32 2749 98 2803 de
139 2758 422 2818 potestate
452 2750 775 2817 Pharaonis,
804 2751 901 2806 sed
926 2752 1002 2807 illi
1040 2752 1212 2809 vitulo
1239 2767 1400 2823 quem
1432 2752 1538 2807 illis
1565 2753 1649 2807 lu-

34 2839 185 2897 derat
213 2842 355 2912 ignis
387 2861 402 2897 :
429 2844 501 2897 ita
544 2852 599 2899 ct
632 2853 685 2897 tu
709 2843 822 2914 jam
862 2859 969 2899 non
1008 2845 1123 2900 Deo
1158 2846 1519 2915 mancipatus,
1550 2845 1646 2901 sed

36 2937 145 2989 Arii
192 2936 546 3004 idololatriae,
586 2939 678 3011 qui
706 2953 921 2995 errasse
950 2941 1216 3011 argueris,
1255 2940 1475 3011 indigne
1510 2941 1641 3007 fers,

37 3039 395 3087 contumaces
439 3044 538 3086 nos
578 3032 851 3098 clamitas,
889 3032 1026 3088 dicis
1056 3033 1336 3103 indignum
1371 3048 1470 3088 nos
1499 3033 1646 3089 circa

39 3107 87 3169 le
116 3119 326 3176 lacinus
369 3131 732 3192 perpetratos,
776 3132 835 3177 ut
873 3123 1187 3194 imperatori
1214 3124 1444 3180 Romani
1486 3126 1639 3196 regni

37 3208 213 3266 dicere
237 3214 572 3271 auderemus
598 3234 611 3269 :
637 3216 803 3283 Male,
827 3217 1112 3280 Constanti,
1140 3219 1268 3287 facis
1291 3219 1641 3273 idololatriam
1668 3199 1714 3261 C

38 3300 364 3380 introducere
394 3308 450 3362 in
480 3308 774 3364 ecclesiam.
810 3309 987 3365 Moses
1012 3310 1217 3381 primus
1250 3310 1636 3381 prophetarum

39 3393 125 3450 ille
147 3396 257 3454 Deo
278 3402 696 3459 amantissimus
719 3403 899 3473 gladio
926 3413 1011 3460 est
1029 3412 1343 3474 persecutus
1362 3420 1479 3471 eos,
1506 3420 1642 3476 quo-

40 3503 153 3546 rum
187 3502 239 3548 te
263 3494 550 3551 instituisti
590 3496 946 3565 imitatorem,
983 3508 1039 3555 et
1061 3514 1161 3570 ego
1189 3510 1485 3555 contumax
1515 3514 1639 3557 esse

40 3590 195 3638 notor
221 3602 250 3641 a
300 3596 381 3655 te,
427 3590 554 3659 quia
595 3589 827 3645 dixerim
858 3591 1029 3646 Deum
1062 3603 1112 3646 te
1159 3592 1540 3664 dereliquisse,
1584 3604 1639 3649 et

43 3674 365 3737 idololatriae
411 3692 583 3741 temet
624 3686 1001 3757 mancipasset
1044 3686 1238 3742 Adhuc
1291 3686 1433 3742 ﬁlios
1472 3687 1639 3744 Israel

41 3767 331 3831 fornicatos
344 3775 545 3832 clamat
558 3793 713 3834 sacra
734 3779 1000 3849 scriptura
1016 3780 1067 3834 in
1088 3780 1227 3836 ﬁlias
1250 3781 1634 3851 Moabitarum,

44 3867 255 3935 etquod
286 3870 466 3925 vocati
488 3870 559 3926 ab
595 3872 678 3928 eis
718 3873 1170 3931 manducaverint
1211 3876 1490 3932 immolata
1519 3878 1639 3933 ido-

42 3956 125 4028 lis,
165 3972 219 4020 et
247 3965 445 4023 eadam
484 3967 743 4027 adorasse
783 3969 957 4037 idola;
986 3981 1176 4028 contra
1217 3988 1355 4044 quos
1397 3975 1521 4045 quia
1564 3974 1635 4030 ita

46 4163 163 4233 quia
209 4184 387 4243 neque
425 4171 680 4227 Arianam
718 4172 1113 4242 blaSphemiam
1153 4174 1421 4243 proliteri,
1459 4190 1636 4243 neque

46 4249 161 4319 curn
194 4240 860 4319 Arianiscommunicare,
897 4260 1071 4316 neque
1099 4240 1636 4319 in'Atlianasiida'iii-

47 4314 314 4388 nationem
347 4314 696 4388 subscribere
727 4330 790 4371 se
821 4314 1074 4385 umquam
1119 4318 1260 4385 passi
1282 4327 1407 4371 sunt
1437 4315 1635 4372 Catho-

47 4377 467 4457 li_ci_An_tistites,
498 4402 620 4457 qua:
652 4388 749 4441 tria
782 4387 835 4442 in
875 4377 1255 4443 \lédinlanensi
1284 4388 1550 4454 Concilio,
1581 4398 1636 4445 et

49 4450 634 4556 :E‘il’sjshpfgvser'tim.
664 4458 940 4556 liontilicis
984 4460 1178 4531 legatis
1215 4450 1547 4531 extorquere
1580 4462 1631 4517 vi
1660 4494 1715 4556 Β

50 4526 187 4577 omni
219 4528 394 4581 ennati
427 4528 640 4585 fuerant
668 4532 876 4586 Ariani.

117 4603 141 4669 ἦ
170 4594 222 4650 Id
247 4609 351 4663 est,
372 4616 471 4654 non
497 4612 572 4654 est
593 4612 860 4669 apostatas
885 4603 1181 4666 insectatus,
1205 4612 1259 4656 ut
1285 4604 1363 4659 vel
1379 4606 1448 4659 ad
1462 4622 1634 4660 verum

49 4660 150 4785 θεῖ.
183 4660 377 4724 cultum
406 4660 653 4741 redirent,
686 4675 763 4730 vel
790 4674 852 4729 ab
884 4660 1187 4731 lacessendo
1215 4690 1336 4731 vera
1384 4678 1634 4749 religione

87 4751 358 4788 εδιειιινρηι-

110 4752 359 4795 sisterent.

53 4805 377 4937 ηἱέιλὶέῗὲεεδ
409 4815 538 4886 legit
579 4814 765 4873 Sabat.
812 4827 884 4884 et,
945 4817 1073 4884 Quis
1109 4818 1177 4872 ad
1204 4816 1525 4875 Dominum?
1552 4838 1634 4877 ve-

121 4962 141 4989 ε
168 4951 239 5008 lla
272 4957 399 5028 legit
445 4960 631 5017 Sabat.
659 4979 672 5019 :
701 4960 1048 5017 Consecrastis
1097 4962 1250 5017 hodie
1297 4981 1481 5018 manus
1525 4982 1634 5019 ves-

53 5026 238 5078 tras....
275 5026 343 5102 inf
358 5034 517 5102 fratre
556 5050 670 5097 suo,
708 5044 764 5087 ut
801 5035 951 5088 detur
995 5034 1135 5089 vobis
1176 5034 1493 5100 benedictio;
1536 5037 1631 5092 sed
1701 5039 1705 5042 ’

52 5100 383 5185 nostraet-lit.
416 5108 667 5185 convenit
699 5106 749 5185 in
772 5102 874 5185 his
903 5106 1235 5185 cum‘Grth.
1271 5109 1631 5185 i‘ﬁkneécags,

54 5169 362 5255 intrplevistls,
388 5185 441 5227 et
469 5173 671 5237 δοθῆναι
713 5177 785 5250 ἐφ’
814 5178 952 5249 ὑμᾶς
979 5178 1230 5251 εὐλογίαν,
1264 5179 1381 5234 duri
1400 5169 1462 5235 ’ἐκ
1494 5169 1634 5235 vobis

52 5232 457 5300 benedictionem.

120 5305 142 5344 ἀ
171 5308 503 5372 Idololatras.
536 5318 714 5375 Latin.

126 5393 145 5462 ξ
178 5382 331 5462 Xers.
355 5389 479 5443 Ant.
510 5390 727 5462 Seduxit
753 5394 977 5462 furorem
1000 5409 1191 5448 meum.

126 5448 143 5487 ί
178 5453 401 5538 Propius
430 5462 493 5538 ad
523 5461 695 5538 Gru’p.
723 5448 772 5518 iit
802 5472 874 5536 τῷ
898 5465 1130 5530 ζηλῶσαὶ
1153 5487 1253 5538 μου
1281 5468 1366 5525 τὸν
1397 5469 1543 5534 ζῆλον
1583 5470 1632 5523 ἐν

56 5522 427 5656 ginis;
459 5533 591 5590 Ant.
637 5534 701 5589 In
750 5552 809 5590 eo
848 5522 989 5607 quod
1030 5522 1630 5595 azmu'latusiesl'selum

136 5611 216 5649 um
241 5615 336 5655 tut
384 5621 449 5656 ts.

136 5611 216 5649 um
241 5615 293 5652 tn
323 5611 449 5659 illis.

128 5676 149 5707 κ
182 5667 246 5723 Ut
271 5689 374 5750 non
397 5678 720 5743 ἐξανέλουσα.
749 5677 920 5734 Valic.
952 5678 1008 5733 In
1029 5681 1196 5750 veteri
1217 5680 1352 5736 Cod.
1374 5680 1629 5750 habetur,

60 5745 113 5788 ut
139 5745 569 5817 noniiuwi‘lwa.
599 5759 653 5804 et
680 5751 785 5804 alia
816 5766 977 5805 manu
1008 5752 1061 5804 in
1092 5748 1399 5817 interliuea,
1433 5745 1634 5809 occide;

61 5819 179 5865 rem.
202 5811 304 5871 'l‘il.
328 5819 403 5875 lta
428 5823 592 5876 estin
616 5821 826 5885 Graeco,
861 5824 1175 5896 ἐξανήλωσα,
1208 5811 1490 5893 consumsi,
1512 5841 1632 5898 quae

415 5914 688 5977 ΡΑτιιοι..
738 5914 913 5978 XIII.

1761 1902 2215 1973 patriarcharum,
2248 1902 2661 1973 pr0pltetarum,
2704 1900 3077 1971 apostolorum
3107 1915 3171 1955 ac
3215 1914 3363 1954 mar—

1757 2004 1933 2067 tyrum
1951 2010 2051 2050 nos
2075 1996 2313 2051 volueris
2335 1994 2609 2062 deserere,
2628 2003 2681 2049 et
2698 1992 3168 2063 comprehendere
3196 1992 3359 2049 istam

1759 2099 1903 2144 tuam
1942 2106 2161 2157 novam,
2192 2105 2352 2160 quam
2397 2104 2496 2160 per
2525 2088 2713 2144 Arium
2752 2089 3064 2143 instituerat
3088 2087 3363 2142 diabolus.

1753 2181 2157 2253 Numquidnam
2188 2184 2401 2237 somnio
2429 2197 2489 2237 es
2517 2183 2833 2236 admonitus
2859 2187 2914 2236 et
2940 2180 3143 2235 dictum
3176 2188 3259 2235 est
3294 2178 3365 2233 ad

1754 2285 1827 2342 te,
1852 2290 1921 2332 ne
1957 2276 2181 2344 patiaris
2207 2275 2409 2330 Christi
2442 2289 2542 2329 nos
2568 2283 2757 2329 tenere
2780 2273 2945 2339 viam,
2975 2288 3135 2345 quam
3169 2282 3367 2327 tenue-

1753 2377 1883 2425 runt
1930 2368 2090 2434 Abel,
2159 2367 2332 2433 Euoc,
2385 2368 2522 2433 Noe,
2578 2367 3003 2433 Melchisedech,
3060 2367 3358 2432 Abraham,

1751 2462 1928 2530 Isaac,
1961 2473 2009 2519 et
2039 2462 2230 2531 Jacoh,
2261 2462 2488 2533 Joseph,
2526 2461 2725 2525 Moses,
2753 2462 2960 2527 Aaron,
2994 2459 3157 2516 Jesus
3187 2457 3357 2525 Nave,

1751 2557 1875 2621 Iob.
1903 2556 2147 2623 Iudices,
2174 2565 2230 2612 et
2262 2556 2449 2612 caeteri
2482 2571 2661 2626 reges,
2694 2556 2796 2609 hoc
2832 2562 2936 2620 est,
2968 2551 3161 2619 David,
3199 2550 3362 2606 Josa-

1754 2651 1905 2723 phat,
1938 2651 2227 2718 Ezechias,
2254 2651 2457 2717 Josias,
2497 2666 2661 2721 quam
2708 2656 2999 2704 tenuerunt
3019 2647 3199 2702 cuncti
3233 2660 3361 2717 pro-

1750 2747 1954 2819 phetm,
1994 2747 2250 2817 apostoli,
2285 2762 2348 2801 ac
2393 2756 2686 2817 martyres,
2714 2761 2875 2816 quam
2910 2752 3207 2800 tenuerunt
3236 2756 3358 2797 om-

1748 2857 1848 2898 nes
1889 2842 1981 2913 qui
2028 2842 2142 2897 Deo
2188 2839 2542 2896 inveniuntur
2571 2838 2888 2909 placuisse?
2926 2838 2983 2893 Si
3034 2837 3138 2891 hoc
3189 2834 3286 2890 tibi
3327 2850 3356 2889 a

1748 2935 2060 2992 daemonum
2087 2935 2292 2990 dictum
2316 2943 2400 2989 est
2428 2932 2695 3003 principe,
2738 2930 2863 2985 audi
2896 2929 3026 3001 quid
3057 2928 3176 2983 ﬁeri
3212 2928 3357 2983 Deus

1748 3030 1999 3087 statuerit
2025 3029 2093 3084 de
2124 3039 2178 3085 te
2210 3044 2305 3095 per
2343 3029 2641 3099 gloriosum
2675 3026 2996 3096 prophetam
3026 3024 3214 3079 Mosen
3249 3040 3261 3076 :
3297 3022 3359 3079 Si

1749 3134 1921 3179 autem
1958 3124 2239 3178 surrexerit
2270 3126 2284 3172 l
2335 3122 2390 3175 in
2420 3132 2466 3175 te
2494 3120 2763 3193 propheta,
2806 3130 2894 3173 aut
2922 3119 3181 3173 somnium
3224 3133 3362 3171 som-

1746 3218 1916 3280 nians,
1963 3225 2009 3271 et
2040 3215 2239 3270 dederit
2286 3216 2493 3288 signum
2521 3225 2610 3268 aut
2654 3212 2972 3285 prodigium,
3013 3220 3062 3263 et
3110 3206 3356 3264 venerit"

1744 3313 1894 3385 signa
1938 3311 2135 3381 faciens
2180 3319 2268 3365 aut
2310 3309 2574 3382 prodigia,
2621 3319 2666 3362 et
2698 3307 2889 3362 dixerit
2927 3305 2996 3360 ad
3023 3315 3091 3368 te,
3126 3305 3305 3359 dicens
3330 3321 3350 3359 :

1746 3406 1944 3462 Eamus
1975 3418 2023 3461 et
2053 3406 2337 3461 serviamus
2376 3405 2478 3459 diis
2529 3401 2545 3440 ‘-
2583 3403 2791 3467 alienis,
2820 3418 2946 3466 quos
2978 3398 3219 3465 nescitis;
3254 3415 3361 3453 non

1742 3503 1962 3557 audietis
2000 3501 2208 3556 verbum
2237 3500 2504 3572 propheta:
2540 3498 2703 3563 illius,
2752 3505 2845 3550 aut
2874 3494 3201 3556 somniantis,
3234 3510 3364 3564 quo-

1740 3600 1882 3654 niam
1910 3609 2071 3653 tentat
2094 3595 2352 3652 Dominus
2372 3606 2412 3633 ω
2428 3594 2568 3649 Deus
2593 3610 2680 3647 vos
2702 3593 2892 3659 videre,
2916 3592 2961 3645 si
2984 3590 3223 3661 diligatis
3245 3587 3357 3644 Do-

1742 3698 1940 3748 minum
1980 3691 2148 3747 Deum
2179 3701 2403 3748 vestrum
2437 3705 2502 3744 ex
2528 3699 2634 3743 toto
2663 3685 2815 3741 corde
2854 3692 3041 3752 vestro,
3076 3695 3121 3737 et
3162 3691 3361 3739 ex‘tota

1744 3788 1919 3842 anima
1946 3795 2113 3841 vestra
2139 3802 2156 3840 :
2187 3795 2301 3856 post
2330 3792 2360 3820 ιι
2390 3782 2668 3839 Dominum
2695 3780 2862 3835 Deum
2884 3791 3104 3835 vestrum
3128 3777 3357 3844 ebibitis,

1745 3890 1793 3934 et
1822 3880 1989 3953 ipsum
2038 3887 2062 3915 ο
2106 3878 2369 3946 timebitis,
2406 3886 2457 3932 et
2492 3875 2737 3931 mandata
2780 3876 2893 3945 ejus
2938 3873 3257 3933 custodietis.
3308 3880 3359 3926 et

1743 3989 1916 4030 vocem
1955 3974 2069 4045 ejus
2113 3972 2354 4040 audietis,
2400 3980 2449 4027 et
2476 3969 2558 4025 illi
2587 3969 2923 4041 apponemini
2953 3985 2972 4024 :
3012 3977 3059 4023 et
3101 3967 3357 4041 propheta

1742 4191 1846 4231 vox
1888 4180 2141 4258 corrupta
2174 4183 2258 4231 est
2288 4174 2342 4229 in
2370 4170 2506 4229 Cod.
2539 4172 2714 4229 Vatic.
2773 4172 2927 4228 Vers.
2975 4174 3103 4230 Ant.
3157 4183 3204 4229 et
3245 4191 3351 4231 non

1742 4262 2115 4302 consummavi.

1815 4316 1842 4355 ¹ι
1875 4318 2189 4373 Vers..Aut.
2221 4316 2372 4373 Sicut
2398 4317 2529 4371 dixi.
2556 4316 2689 4371 Ecce
2712 4332 2803 4387 ego
2826 4316 2892 4370 do
2914 4317 2960 4371 ei
2984 4326 3348 4373 testamentum

1744 4390 1911 4458 pacis,
1960 4398 2005 4443 et
2033 4390 2129 4445 erit
2172 4388 2251 4443 illi
2293 4400 2340 4443 et
2373 4388 2554 4443 semini
2601 4391 2714 4459 ejus
2752 4399 2863 4459 post
2906 4404 3023 4443 eum
3071 4400 3352 4445 testamen-

1742 4470 2016 4587 ΜΨ
2043 4530 2172 4586 Ant.
2189 4528 2413 4602 PrOpter
2438 4531 2577 4593 quod
2591 4532 2866 4586 aemulatus
2890 4543 2962 4588 est
2980 4531 3149 4587 Deum
3167 4550 3339 4601 suum,

1737 4615 1786 4659 et
1813 4621 1915 4659 non
1943 4613 2211 4683 exoravit,
2235 4614 2348 4683 etc.
2373 4603 2591 4683 lsucil'er
2612 4620 2735 4683 cum
2764 4605 2959 4683 Cra-co
2984 4623 2996 4658 :
3023 4607 3240 4683 ἐζήλωσε
3268 4618 3344 4683 τῷ

1736 4684 1846 4748 Θεῷ
1898 4678 2081 4741 αὐτοῦ,
2128 4678 2215 4731 καὶ
2265 4676 2551 4745 ἐξιλάσατῆ
2596 4675 2988 4747 dcpropitiavit,
3019 4678 3072 4732 id
3100 4691 3186 4734 est
3214 4675 3342 4751 e10.-

1735 4759 2228 4896 ﬂf'iuIiesurrexerit
2256 4819 2387 4896 legit
2418 4819 2604 4877 Sabat.
2624 4819 2957 4896 .Vers._‘Ant.
2991 4821 3053 4876 Si
3082 4822 3194 4891 ipse
3218 4839 3341 4896 pro-

1738 4891 1912 4961 phetes
1942 4890 2413 4947 exsurrexerit.....
2444 4903 2492 4947 ct
2531 4890 2735 4947 dederit
2766 4892 2855 4946 tibi
2889 4894 3095 4965 signum
3127 4890 3228 4948 vel'
3254 4912 3340 4950 os-

1737 4973 1950 5018 lentum.

1788 4976 1950 5018 mum.

1758 4979 1786 5018 e
1813 5033 1839 5072 ¹ί
1876 5036 2029 5091 Vers.
2066 5034 2195 5091 Ant.
2234 5035 2299 5089 Et
2348 5038 2587 5099 evenerit,
2638 5046 2685 5090 et
2733 5036 2959 5093 dixerit:
2995 5036 3190 5093 Eamus
3229 5045 3336 5095 etc.

1736 5105 1978 5184 Graecus.
2010 5108 2142 5184 πρὸς
2172 5130 2261 5184 σε.ἱ
2286 5108 2354 5161 ad
2384 5118 2452 5170 te,
2487 5125 2541 5163 ιιι
2574 5107 2736 5184 Lucil

1814 5178 1829 5216 ι
1867 5179 2017 5234 Vt-rs.
2051 5178 2178 5233 'Aut.
2214 5178 2508 5236 Eamus....
2556 5182 2656 5233 diis
2686 5179 2805 5234 aliis
2835 5196 2961 5251 quos
3005 5197 3105 5234 non
3135 5182 3275 5235 scitis
3321 5200 3334 5236 z

1736 5266 1798 5304 ne
1832 5252 2061 5306 audiatis
2102 5267 2483 5307 sermonem....
2517 5261 2606 5305 aut
2636 5256 2965 5307 somniatoris
3007 5252 3175 5321 illius,
3214 5255 3339 5323 quia

1733 5331 1845 5377 etc.

1806 5404 1844 5431 πι
1876 5393 2028 5448 Vers.
2065 5394 2189 5447 Ant.
2223 5392 2481 5450 Dominus
2510 5394 2650 5449 Deus
2686 5404 2871 5457 vester,
2924 5404 2977 5450 ut
3020 5397 3170 5460 sciat,
3202 5398 3247 5452 si
3277 5416 3341 5455 es

1735 5475 1838 5541 toto
1852 5468 2004 5519 corde
2020 5476 2137 5541 etc.
2158 5466 2378 5521 timentis
2401 5466 2590 5541 Deum.
2616 5465 2788 5541 Graec.
2819 5466 3022 5532 εἰδέναι,
3042 5472 3084 5523 si
3100 5472 3337 5541 ἀγαπᾶτε

1736 5536 1941 5665 {imprimi
1978 5540 2063 5594 τὸν
2102 5553 2173 5593 ex
2214 5554 2347 5595 mss.
2388 5540 2544 5594 Ales.
2580 5549 2635 5593 et
2667 5538 2877 5611 Oxon.)
2924 5543 3045 5597 Θεὸν
3085 5536 3247 5613 ὑμῶν,
3278 5553 3340 5600 ut

1784 5628 1865 5665 "Cl
1898 5649 1912 5663 υ

1784 5628 2019 5736 "intulere.
2050 5684 2180 5736 Aut.
2219 5681 2342 5737 Post
2372 5681 2539 5735 Deum
2564 5690 2671 5738 etc.
2704 5682 2879 5739 Graec.
2910 5699 3032 5739 cum
3060 5684 3236 5739 Lucil.

1810 5762 1835 5790 ο
1863 5751 2025 5828 Vers.
2054 5753 2181 5808 Ant.
2219 5752 2470 5828 Ilunc..._.
2504 5763 2550 5806 et
2589 5766 2939 5826 praeceptam.
2971 5756 3293 5828 adjiciemini
3318 5776 3338 5815 :

1737 5827 2007 5897 praphetes
2034 5834 2208 5882 autem
2231 5834 2279 5881 et
2296 5825 2600 5895 somniator,
2624 5836 2731 5887 etc.

2822 5925 2902 5988 30
