4042 6338
545 237 651 306 939

1633 235 1963 302 LUCIFERI
2003 241 2316 302 EPISCOPI
2355 243 2776 302 CALARITANI
3690 255 3771 317 940

511 405 518 414 ι
543 364 654 433 ille,
682 371 772 418 aut
816 362 1074 417 somnium
1103 368 1129 398 ι
1159 358 1422 414 somnians
1450 357 1534 414 illi
1576 355 1604 398 δ
1631 361 1944 422 moriantur.
1974 359 2159 416 Locutt
2183 363 2234 423 Δ
2263 371 2351 414 aut
2375 360 2529 431 longe
2555 369 2606 424 ε,
2649 376 2712 414 ne
2747 359 2874 414 velis
2905 359 2983 413 ire
3009 375 3128 414 cum
3155 360 3269 428 illo,
3294 371 3340 416 et
3363 379 3421 417 ue
3441 366 3645 422 audieris
3663 387 3767 438 eum,

546 469 570 499 ε
597 467 714 513 sunt
755 456 890 511 enim
930 454 1173 508 seducere
1207 467 1297 508 nos
1321 467 1352 506 tt
1380 450 1604 507 Domino
1632 450 1742 507 Deo
1770 464 1936 509 oestro
1958 453 2142 526 (Deut.

543 568 661 617 xm,
693 548 772 620 l).
807 547 1105 619 Cognoscis
1129 544 1262 615 quid
1291 545 1401 617 pati
1429 544 1617 616 jussus
1651 547 1768 602 sis?
1799 547 1914 604 sive
1941 548 2146 603 etenim

542 653 597 700 te
622 643 836 698 somnio
861 641 1012 697 dicas
1035 639 1396 705 admonitum;
1431 640 1547 695 sive
1577 648 1630 694 te
1659 639 1986 711 prophetam
2007 641 2149 698 velis

539 745 790 795 astruere
831 735 1009 802 nobis,
1047 735 1302 791 inimicus
1323 734 1419 790 Dei
1447 750 1531 803 es,
1569 736 1663 807 qui
1693 735 1831 792 velis
1857 751 1959 792 nos
1983 736 2144 793 tidem

539 829 894 902 apostolicam
921 827 1329 898 derelinquere,
1361 838 1524 898 atque
1549 829 1830 900 suscipere
1851 844 1998 895 eaut,
2025 846 2148 899 qua

541 935 702 997 negat
723 927 948 981 unicum
975 921 1072 978 Dei
1097 923 1315 978 Filium.
1337 921 1470 977 illos
1499 923 1704 978 etenim
1731 931 1984 991 cunctos,
2007 939 2147 995 quos

537 1019 791 1086 recitavi,
817 1029 1105 1090 propterea
1129 1018 1274 1090 quod
1300 1019 1593 1076 credentes
1617 1018 1818 1076 fuerim
1845 1021 1901 1076 in
1923 1022 2142 1076 unicum

538 1115 637 1170 Dei
667 1113 890 1178 Filium,
935 1121 1118 1169 tantos
1149 1128 1214 1169 ac
1254 1114 1392 1170 tales
1417 1113 1643 1170 effectos
1673 1123 1759 1171 est
1795 1115 2000 1171 clarum
2026 1134 2038 1170 :
2071 1116 2148 1171 si-

536 1208 756 1280 quidem
807 1207 896 1279 qui
924 1203 953 1244 ἀ
995 1224 1098 1262 non
1125 1209 1403 1262 credith
1443 1209 1496 1263 in
1540 1207 1761 1273 Filium,
1804 1225 1896 1263 nec
1935 1208 2144 1265 Patrem

535 1301 722 1357 habeat
748 1316 768 1357 :
787 1302 875 1372 qui
900 1315 1015 1356 vero
1045 1301 1210 1357 credit
1237 1303 1294 1357 in
1316 1299 1535 1370 Filium,
1558 1312 1606 1358 et
1629 1302 1841 1358 Patrem
1865 1313 1915 1359 et
1946 1302 2145 1360 Filium

535 1396 723 1452 habeat
747 1395 794 1464 (l
814 1393 1024 1466 10am).
1045 1394 1171 1451 Haec
1191 1409 1315 1451 eum
1343 1411 1450 1450 vox
1479 1397 1550 1450 sit
1577 1395 1719 1451 beati
1746 1395 1992 1462 Joannis,
2015 1411 2140 1453 cum

529 1505 642 1564 quo
671 1491 796 1562 quia
822 1489 894 1545 sit
917 1487 1126 1546 faciens
1156 1489 1362 1545 chorus
1401 1499 1716 1546 sanctorum
1747 1491 2139 1559 apostolorum,

532 1599 725 1642 omnes
775 1584 962 1656 utique
1013 1585 1185 1640 debes
1225 1583 1559 1655 intelligere,
1608 1586 1750 1640 sicut
1793 1584 2142 1641 crediderunt

530 1677 791 1750 apostoli,
817 1676 960 1749 quod
985 1678 1063 1733 sic
1083 1686 1210 1733 ante
1236 1677 1466 1733 fuissent
1493 1677 1786 1734 credentes
1813 1679 2138 1749 patriarcha:

2251 470 2355 510 non
2385 463 2559 526 parcet
2583 454 2766 509 oculus
2790 464 2911 509 tuus
2925 471 3082 525 super
3101 471 3236 523 eum,
3269 472 3356 510 nec
3381 454 3405 496 δ
3431 459 3648 515 salutabis
3665 481 3770 530 εισι,

2248 563 2344 602 nec
2361 547 2551 602 celabis
2575 563 2692 602 eum
2717 563 2736 600 .'
2755 547 3079 602 annuntians
3103 549 3425 604 annuntialtis
3439 551 3500 606 de
3521 569 3575 607 eo
3596 569 3771 612 :ntamu

2251 651 2356 699 tua:
2382 652 2533 698 erunt
2557 644 2613 698 its
2643 659 2758 698 eum
2789 643 2845 697 in
2877 643 3063 715 primis
3101 643 3173 697 ad
3201 644 3528 699 occidendum
3549 664 3650 702 eunt
3671 648 3706 715 ί,
3738 661 3774 707 et

2249 755 2436 793 manus
2463 739 2646 810 populi
2687 739 2762 792 tui
2803 739 2860 792 in
2895 740 3191 794 novissimo.
3223 739 3292 793 Et
3333 740 3607 808 lapidabitis
3629 744 3771 812 illum,

2249 841 2299 886 et
2329 833 2601 896 morietur,
2625 833 2868 901 quoniam
2887 835 3089 904 quaesiit
3115 834 3358 890 obsistere
3383 834 3398 885 i
3431 851 3461 890 ι
3479 835 3675 894 Domino
3691 840 3774 897 Deo

2247 931 2337 977 tuo
2385 921 2546 992 (Deut
2575 939 2692 990 xm,
2729 922 2808 996 ti).
2842 924 3186 996 Praeceptum
3213 925 3241 970 ιι
3267 935 3320 983 te
3351 928 3586 996 interﬁci,
3617 931 3773 1002 quippe

2249 1017 2423 1073 Deum
2471 1034 2560 1073 me
2588 1019 2971 1090 derelinquere
2997 1019 3340 1086 invitantem,
3379 1019 3617 1092 ignorans
3649 1025 3772 1093 dicis,

2247 1108 2624 1165 Contumeliam
2665 1113 2794 1166 mihi
2846 1112 2974 1182 facit
3021 1112 3250 1184 Lucifer.
3285 1117 3393 1170 Aut
3436 1118 3636 1186 negabis
3663 1127 3706 1173 te
3725 1121 3774 1173 ad

2255 1200 2271 1239 ¹
2303 1201 2670 1258 idololatriam
2697 1205 2958 1259 invitasse
2985 1220 3086 1262 nos
3106 1206 3528 1275 suscipiendam?
3553 1209 3602 1266 Si
3627 1225 3778 1266 censes

2248 1296 2577 1366 negandum,
2608 1299 2936 1354 convincent
2981 1308 3033 1355 te
3075 1300 3448 1370 expositiones
3472 1311 3508 1338 ιη
3531 1313 3674 1358 secta
3695 1312 3774 1359 tua

2246 1388 2657 1459 episcoporum,
2710 1390 3284 1468 comblasphemorum
3315 1393 3551 1450 videlicet
3577 1405 3776 1462 tuorum;

2244 1481 2569 1538 convincent
2593 1491 2666 1539 te
2712 1493 2738 1520 ιι
2770 1483 2939 1540 libelli
2979 1487 3191 1541 recitati
3234 1501 3264 1539 a
3297 1494 3370 1553 te,
3415 1503 3475 1542 ac
3500 1489 3601 1545 dati
3631 1489 3776 1547 Bome

2244 1574 2517 1646 episcopis
2543 1577 2708 1632 etiam
2735 1577 3043 1643 catholicis,
3076 1579 3144 1633 ad
3173 1579 3280 1635 hoc
3307 1580 3572 1644 videlicet.
3597 1592 3644 1637 ut
3663 1585 3779 1640 omni

2245 1669 2299 1725 in
2327 1669 2448 1726 loco
2476 1682 2567 1725 tua
2607 1670 2860 1727 roborari
2893 1681 3077 1741 posset
3105 1672 3456 1742 blasphemia.
3477 1675 3610 1742 Quas
3632 1675 3777 1731 incur-

529 1783 694 1847 atque
726 1773 1027 1845 prophetae,
1062 1773 1141 1828 sic
1161 1771 1345 1828 cuncti
1377 1772 1467 1842 qui
1502 1772 1629 1827 tidei
1663 1773 1860 1828 merito
1887 1774 2140 1828 honorati
2173 1761 2220 1824 Β
2247 1763 2387 1818 reris
2403 1779 2653 1820 errorum
2671 1766 2927 1821 tenebras
2947 1781 3054 1821 non
3083 1767 3296 1822 sentis?
3317 1781 3425 1824 non
3444 1769 3686 1840 conspicis
3701 1785 3781 1839 quo

532 1883 659 1926 esse
699 1877 1020 1923 noscantur.
1055 1865 1243 1938 Neque
1277 1867 1424 1922 enim
1470 1866 1677 1938 poteris
1709 1865 1844 1921 mihi
1885 1867 2138 1936 probare,

531 1962 660 2034 quia
691 1959 854 2016 aliter
875 1958 1228 2016 crediderunt
1263 1957 1563 2024 Abraham,
1595 1957 1770 2026 lsaac,
1799 1958 2056 2025 etlacob,
2089 1965 2145 2016 et

530 2056 694 2113 aliter
711 2053 952 2111 Joannes
974 2052 1055 2108 vel
1075 2066 1266 2107 omnes
1279 2051 1580 2122 coapostoli
1605 2051 1749 2122 ejus.
1777 2051 1833 2107 Si
1855 2051 2001 2107 enim
2031 2066 2139 2108 non

530 2149 606 2204 ita
633 2147 982 2204 crediderunt
1017 2145 1276 2216 apostoli,
1316 2154 1375 2199 ut
1409 2143 1758 2200 crediderunt
1788 2145 2136 2214 patriarchae,

531 2255 632 2298 cur
652 2240 844 2296 beatus
865 2237 1066 2294 Paulus
1093 2251 1287 2294 omnes
1315 2235 1382 2292 ad
1411 2235 1644 2292 Abrahae
1667 2236 2142 2306 comprehenden-

529 2333 654 2390 dam
691 2341 952 2404 provocat
993 2328 1325 2386 lidem?Sed
1371 2327 1552 2398 inquis
1582 2343 1595 2382 :
1627 2326 1743 2400 Ego
1770 2339 1818 2383 te
1845 2345 2008 2401 arguo
2045 2345 2140 2383 cur

529 2427 755 2483 insolens
782 2426 877 2492 sis,
925 2441 1016 2479 cur
1037 2420 1440 2479 contumeliosus
1466 2431 1491 2461 ο
1521 2422 1822 2492 imperatori
1849 2421 2138 2487 exstiteris;

531 2529 580 2575 et
622 2529 675 2574 tu
716 2519 840 2588 fidei
885 2533 1095 2573 causam
1123 2516 1337 2570 retexis.
1369 2513 1526 2571 Fidei
1565 2514 1779 2584 itaque;
1821 2523 1885 2570 ut
1911 2514 2135 2584 probent

530 2621 586 2670 te
622 2628 746 2670 esse
772 2612 1098 2683 sacrilegum
1117 2653 1130 2678 ,
1171 2620 1232 2664 ut
1261 2609 1488 2682 probem
1521 2616 1575 2664 te
1603 2623 1633 2662 a
1679 2608 1766 2662 via
1795 2607 2138 2664 deorbitasse

526 2705 816 2768 veritatis;
842 2705 971 2760 hinc
992 2703 1428 2759 contumeliosus
1451 2701 1551 2757 tibi
1573 2701 1782 2768 videor,
1809 2701 1931 2772 quia
1959 2701 2134 2756 dicam

529 2800 627 2856 tibi
664 2797 977 2853 deseruisse
1005 2806 1058 2850 te
1087 2796 1193 2850 iter
1229 2793 1474 2849 omnium
1510 2793 1606 2848 Dei
1649 2793 1948 2860 cultorum,
1973 2803 2139 2866 atque

528 2892 1020 2964 comprehendisse
1065 2891 1211 2946 illam
1241 2904 1406 2961 quam
1452 2897 1747 2944 tenuerunt
1775 2903 1839 2943 ac
1879 2900 2008 2944 sunt
2054 2900 2136 2946 te-

528 2996 726 3043 nentes
757 2985 834 3050 hi,
867 2983 959 3052 qui
989 2997 1096 3036 non
1129 2982 1261 3050 Deo,
1293 2981 1390 3036 sed
1419 2981 1720 3052 phantasia:
1739 2982 2048 3039 servierunt
2071 3001 2137 3041 ae

529 3088 658 3136 sunt
681 3077 1002 3134 serviemes.
1031 3074 1108 3129 De
1129 3085 1183 3129 te
1207 3075 1389 3144 itaque
1416 3089 1446 3128 a
1470 3073 1584 3128 Deo
1613 3090 1700 3130 me
1725 3075 1986 3131 recedere
2009 3091 2137 3132 sua-

2246 1855 2424 1925 possis
2455 1857 2634 1926 perire
2669 1856 2868 1912 modo?
2907 1857 3128 1928 quando
3168 1859 3356 1915 videas
3393 1875 3490 1916 cur
3523 1869 3685 1917 contra
3721 1862 3782 1918 di-

2246 1947 2372 2004 vina
2411 1947 2608 2005 fecerit
2635 1950 2838 2006 monita
2870 1949 3052 2006 Achar
3077 1965 3220 2006 unus
3255 1968 3289 2009 e
3319 1952 3532 2022 populo,
3559 1967 3646 2009 cur
3671 1953 3782 2011 [orto

2241 2042 2558 2099 abstulisset
2602 2043 2673 2100 ab
2731 2043 2991 2100 lliericho
3033 2054 3240 2100 certam
3283 2055 3490 2114 partem
3519 2047 3686 2112 vestis,
3719 2063 3784 2100 ar-

2241 2137 2411 2206 genti,
2441 2138 2688 2208 aurique.
2719 2136 2802 2193 sic
2841 2135 3006 2192 fuerit
3045 2135 3312 2194 multatu‘s
3357 2149 3543 2196 morte.
3565 2139 3689 2208 Quid
3711 2141 3782 2196 tibi

2240 2231 2308 2286 sit
2343 2230 2582 2285 futurum
2623 2230 2904 2302 conspice,
2933 2231 3026 2302 qui
3065 2217 3141 2288 sis
3169 2247 3381 2304 negans
3407 2243 3648 2289 :nternasn
3674 2233 3784 2288 unici

2241 2320 2363 2377 Filii
2416 2321 2513 2378 Dei
2560 2322 2796 2380 divinam
2849 2323 3214 2395 majestatem,
3268 2325 3458 2395 accipe
3505 2325 3624 2397 quid
3669 2327 3782 2382 circa

2243 2415 2421 2472 Achar
2467 2416 2632 2473 interit
2667 2416 3045 2483 celebratum;
3098 2426 3156 2472 et
3203 2418 3428 2476 tandem
3458 2419 3665 2476 consule
3705 2429 3784 2474 tua

2238 2510 2424 2573 saluti.
2457 2511 2570 2567 redi
2599 2511 2668 2568 ad
2697 2511 2793 2568 Dei
2832 2511 3148 2578 ecclesiam,
3179 2527 3210 2568 a
3237 2529 3353 2583 qua
3381 2522 3435 2568 te
3474 2529 3565 2584 per
3603 2513 3785 2569 Asianos

2225 2597 2476 2673 “litigavit
2497 2613 2521 2640 ο
2546 2603 2768 2660 coluber
2794 2603 2887 2661 ille
2913 2603 3123 2675 refuga,
3151 2608 3243 2675 qui
3274 2606 3497 2661 verterit
3515 2605 3668 2664 Adam
3687 2621 3786 2676 quo-

2238 2712 2342 2768 que
2365 2707 2418 2752 et
2447 2697 2614 2753 Evam
2641 2715 2655 2751 :
2683 2695 2753 2752 Et
2779 2707 2919 2765 erat,
2949 2697 3166 2767 inquit,
3217 2697 3474 2754 Dominus
3497 2715 3608 2754 cum
3624 2696 3730 2753 Iesu
3747 2708 3782 2761 Ρ.

2237 2800 2284 2846 et
2307 2799 2421 2845 erat
2439 2806 2625 2846 nomen
2645 2792 2758 2862 ejus
2780 2806 2938 2859 super
2959 2790 3250 2846 universam
3271 2801 3464 2848 terrain
3483 2790 3534 2862 (J
3542 2809 3610 2846 os.
3634 2807 3697 2852 Ill,
3712 2789 3782 2844 27.

2237 2883 2307 2938 Et
2345 2886 2682 2957 neglexerunt
2709 2884 2812 2954 ﬁlii
2843 2882 3015 2940 Israel
3045 2886 3366 2958 negligentia
3405 2897 3456 2952 tt,
3487 2895 3533 2942 et
3559 2883 3785 2954 fraudate-

2236 2988 2356 3034 runt
2401 2977 2591 3048 fraude
2628 2978 2694 3032 de
2722 2978 3069 3040 auat/tentate,
3101 2987 3152 3032 ct
3189 2979 3494 3049 indignatus
3517 2989 3590 3034 est
3613 2978 3680 3032 ira
3707 2975 3788 3030 Do-

2236 3074 2405 3130 minus
2439 3073 2564 3142 ﬁliis
2590 3071 2776 3127 Israel.
2813 3071 2882 3126 Et
2911 3073 3053 3128 misit
3079 3071 3236 3127 Jesus
3266 3075 3408 3130 viros
3437 3073 3490 3128 in
3510 3071 3599 3140 Ge,
3618 3086 3711 3140 qua
3731 3076 3786 3123 est

530 3170 681 3228 denti
707 3169 897 3238 accipe
927 3167 1056 3238 quid
1089 3165 1336 3222 sanxerit
1367 3166 1483 3220 tieri
1513 3166 1656 3222 Deus
1677 3180 1776 3237 per
1815 3167 1998 3224 Mosen
2026 3189 2040 3224 :
2071 3169 2135 3226 Si
2162 3155 2209 3220 C
2238 3171 2519 3240 conjuncta
2549 3165 2748 3232 Bettiel,
2783 3167 2961 3224 dicens
3001 3183 3020 3222 :
3061 3165 3404 3222 Considerate
3439 3166 3532 3222 Ge.
3562 3165 3625 3220 Et
3648 3179 3788 3219 wen-

528 3275 700 3321 uutem
719 3264 977 3332 rogauerit
1012 3271 1061 3316 te
1089 3262 1252 3333 frater
1292 3269 1499 3316 tunsa
1533 3271 1683 3331 patre
1710 3261 1791 3316 vel
1823 3273 2006 3329 matre,
2041 3274 2134 3320 aut

531 3363 677 3433 filius
701 3368 840 3421 tuus,
871 3367 960 3412 aut
991 3357 1106 3425 [ilia
1127 3366 1235 3421 tua,
1261 3363 1353 3409 aut
1377 3356 1584 3424 mulier,
1605 3359 1794 3428 quain
1824 3361 2022 3428 gremio
2047 3370 2134 3416 tuo

528 3465 626 3523 est,
659 3463 747 3508 aut
774 3453 974 3506 amicus
998 3449 1088 3520 qui
1123 3449 1315 3503 animi:
1339 3457 1442 3503 tua
1465 3465 1564 3520 par
1592 3462 1687 3516 est,
1727 3449 1863 3505 ciant
1901 3452 2080 3509 dicens
2115 3470 2135 3508 .-

529 3547 731 3604 Eamus
763 3557 810 3602 et
854 3546 1137 3601 serviamus
1166 3543 1270 3596 diis
1321 3540 1340 3581 ί
1389 3543 1596 3608 alienis,
1639 3560 1769 3614 quos
1807 3547 1995 3614 nescis,
2039 3563 2134 3604 nec

529 3653 706 3716 patres
736 3641 832 3706 tui,
865 3655 928 3695 ess
956 3639 1058 3693 diis
1097 3638 1366 3692 nationum
1394 3653 1511 3706 quat
1545 3639 1687 3694 circa
1714 3648 1761 3694 te
1781 3649 1873 3694 aut
1901 3642 2137 3708 proxime

603 3809 629 3838 ι
668 3798 806 3854 Cum
832 3795 1046 3868 Graeco,
1077 3791 1309 3850 ἐνύπνιον
1336 3790 1771 3874 ἐνυπνιαζόμενος.
1809 3789 1965 3847 Vers.
2000 3795 2128 3846 Ant.

531 3871 836 3929 somniator.
1739 3871 1747 3874 ⁷
2015 3877 2018 3880 ’

605 3941 634 3980 ι’
667 3940 772 3994 ltle
818 3937 1092 3998 moriatur,
1123 3935 1303 3989 Latin.
1339 3949 1409 3988 ex
1459 3935 1672 3998 Greco,
1715 3937 1901 3996 iusin:
1945 3938 2137 3992 ἀποθω-

534 4023 719 4074 νεῖται.
750 4010 909 4064 Vers.
937 4011 1062 4061 Ant.
1099 4004 1201 4060 Ille
1231 4007 1498 4060 morietur.

609 4098 631 4126 ο
669 4083 822 4138 Vers.
857 4082 985 4138 Ant.
1018 4077 1247 4133 Locutus
1293 4087 1366 4133 est
1390 4078 1528 4132 enim
1558 4077 1626 4132 ad
1650 4078 1998 4131 seduccndum
2024 4088 2070 4132 te
2098 4094 2129 4132 a

534 4157 759 4214 Domino
791 4152 900 4207 Deo
931 4161 1038 4205 tuo.

605 4229 633 4270 ἀ
664 4227 818 4281 Vt-rs.
845 4223 974 4280 Ant.
1009 4222 1111 4290 Qui
1151 4231 1298 4294 negat
1323 4220 1542 4294 Filium,
1574 4237 1664 4276 nec
1696 4219 1894 4294 Filium
1927 4237 2017 4276 nec
2039 4239 2134 4294 pa-

532 4311 658 4357 trem
691 4300 881 4352 habet:
908 4306 954 4350 et
985 4289 1074 4365 qui
1099 4289 1371 4364 conﬁtetur
1399 4291 1613 4358 Filium,
1645 4303 1691 4350 et
1729 4289 1928 4347 Filium
1966 4305 2012 4347 et
2039 4289 2134 4366 ῥα..

533 4383 658 4428 trem
690 4369 859 4424 habet.

610 4454 633 4481 ε
669 4441 844 4496 Etlitis
867 4437 1168 4510 prmsertim
1201 4435 1356 4510 libris
1388 4451 1481 4506 pro
1503 4437 1559 4491 S.
1596 4436 1910 4510 Athanasio.

2241 3258 2428 3314 derunt
2453 3259 2572 3322 uiri,
2603 3268 2652 3314 et
2683 3257 3147 3314 considerarerunt
3171 3255 3249 3312 Ge
3283 3274 3306 3314 .'
3333 3269 3380 3314 et
3409 3258 3707 3313 reuersisuut
3734 3253 3784 3306 ad

2239 3356 2446 3424 Iesum,
2477 3365 2524 3410 et
2546 3355 2791 3410 dixerunt
2827 3356 2897 3410 ad
2921 3371 3038 3410 eum
3066 3372 3084 3409 :
3118 3352 3242 3410 Non
3269 3354 3522 3410 ascendat
3547 3353 3784 3420 omnispo-

2239 3453 2414 3524 palus,
2447 3450 2539 3506 sed
2563 3450 2670 3506 duo
2712 3450 2790 3506 vel
2829 3450 2929 3504 tria
2959 3450 3125 3504 millia
3171 3450 3406 3505 virorum
3441 3449 3715 3512 ascendant,
3753 3451 3788 3498 tt

2238 3548 2498 3604 devosteut
2527 3545 2810 3606 ciuitatem,
2854 3561 2916 3600 ne
2941 3545 3159 3600 inducas
3189 3544 3310 3600 illos
3359 3555 3382 3582 ι
3429 3545 3696 3598 universum
3719 3555 3790 3605 po-

2240 3641 2420 3711 pulum
2447 3656 2465 3695 :
2494 3641 2651 3710 pani
2679 3639 2815 3694 enim
2840 3648 2985 3696 sunt.
3011 3637 3080 3695 Et
3105 3639 3454 3696 ascenderunt
3472 3654 3587 3693 cum
3608 3637 3689 3692 illo
3709 3637 3790 3706 fere

2311 3802 2350 3828 η’
2383 3789 2648 3847 Formttlm
2681 3791 2934 3847 nimirum
2976 3789 3099 3846 fidei
3128 3791 3371 3858 Arianm,
3404 3810 3535 3864 quas
3568 3804 3785 3846 annorum

2239 3864 2457 3919 circiter
2496 3865 2871 3920 novemdecim
2917 3866 3108 3932 spailO'
3136 3864 3431 3920 edidctunt
3473 3865 3623 3934 hujus
3661 3873 3788 3918 secta:

2243 3937 2503 4005 magistri,
2529 3951 2593 3990 ac
2615 3935 2858 4000 patroni;
2887 3950 3086 4004 easque
3108 3937 3526 4006 quatuordrciut
3551 3940 3788 3991 enumerat

2233 4007 2485 4062 Petavius
2514 4010 2563 4060 in
2585 4008 2676 4063 lib.
2703 4024 2720 4063 ι
2745 4009 2812 4062 de
2831 4006 3050 4072 Ttinit.,
3071 4024 3193 4076 cap.
3219 4009 3265 4076 9,
3309 4025 3536 4076 quarum
3557 4020 3784 4076 postrema

2234 4080 2537 4134 Antiochia?
2566 4080 2872 4148 c0nsrripta
2917 4079 3126 4133 videtur
3168 4096 3312 4132 anno
3353 4081 3490 4145 360;
3541 4081 3664 4133 adeo
3688 4090 3789 4130 vero

2235 4152 2378 4205 inter
2407 4166 2467 4208 sc
2487 4150 2808 4214 dissimiles,
2839 4165 2900 4204 ac
2927 4152 3164 4205 dissona!
3186 4150 3430 4218 fuerunt,
3460 4152 3663 4216 ut,dum
3684 4150 3790 4201 iden-

2235 4224 2392 4278 tidem
2422 4237 2576 4276 novas
2620 4223 2862 4275 cedentes
2907 4224 2974 4275 iis
3001 4223 3125 4293 ipsis
3171 4225 3403 4293 rejectis,
3451 4240 3513 4276 ac
3554 4220 3788 4293 damnafis,

2235 4293 2368 4347 alios
2404 4293 2705 4366 subjiciunt.
2737 4293 2896 4366 veluti
2921 4292 3245 4366 testamenta
3272 4297 3594 4359 condcntcs,
3637 4303 3688 4346 nt
3709 4292 3790 4366 illis

2237 4361 2511 4437 exprobrat
2541 4363 2850 4418 Athanasius
2879 4365 2931 4417 in
2957 4365 3105 4419 Orat.
3135 4366 3418 4420 tadversus
3443 4368 3666 4426 Arianos,
3688 4361 3789 4415 risui

2155 4469 2208 4530 ι)
2237 4453 2291 4520 ες
2315 4439 2542 4530 οηξῖιίτξνῖι
2563 4438 3472 4530 ⁰ῨῘῩ⁶⁶⁷Ἶ⁸¹1,ίῗξ,⁶⁰’¹.’5’⁷²ξ¹¹ἐί³3⁷⁸1⁸ίὲ
3489 4440 3681 4530 "terra
3697 4449 3789 4530 fit:

605 4511 628 4550 ί
658 4513 846 4567 Sabat.
870 4507 1007 4581 legit
1031 4526 1050 4581 :_
1067 4507 1189 4564 Deis
1220 4509 1422 4570 alienis,
1443 4523 1572 4573 quos
1599 4509 1766 4562 nescis
1794 4517 1847 4561 tu
1877 4518 1926 4562 et
1949 4517 2129 4581 patres
2159 4507 2208 4530 ¹¹
2236 4510 2321 4562 nia
2363 4510 2562 4562 decreta
2603 4526 2703 4561 non
2745 4507 2809 4561 ab
2839 4508 2976 4568 aliis.
3006 4509 3096 4563 sed
3136 4507 3200 4563 ab
3227 4507 3460 4581 ipsismet
3489 4511 3787 4581 antiquitate!

534 4583 610 4640 tui
635 4599 653 4637 :
678 4581 831 4638 νει-β.
866 4578 992 4636 Αιιῖ.
1023 4578 1146 4635 Deis
1171 4581 1310 4640 aliis.
1340 4595 1464 4649 quos
1491 4595 1594 4634 non
1614 4583 1803 4634 scis....
1834 4595 1896 4634 ea:
1921 4579 2125 4633 ἀείδω.

535 4671 649 4729 qua
675 4659 867 4729 circum
897 4663 945 4706 te
965 4653 1193 4728 proxime
1222 4663 1338 4706 sunt
1367 4662 1455 4729 aut
1486 4652 1655 4721 longe.

2231 4583 2440 4653 rejecta,
2469 4581 2766 4634 auctoribus
2802 4581 2910 4653 suis
2939 4581 3180 4652 sacrilegi
3221 4583 3480 4636 mendacii
3507 4591 3554 4635 et

2231 4652 2450 4706 dedecus
2475 4661 2798 4722 aspergunt,
2841 4652 3018 4722 inquit
3043 4655 3264 4708 laudato
3306 4655 3359 4708 in
3406 4655 3525 4709 loco

3630 4577 3787 4660 erﬁda:

3613 4661 3788 4706 elatius

604 4738 630 4776 ε
659 4727 732 4780 Ab
755 4740 980 4780 ex'remo
1008 4722 1156 4776 terra}
1182 4739 1338 4791 usque
1368 4723 1434 4774 ad
1462 4735 1738 4776 extremum
1771 4733 1942 4789 terrea,
1978 4722 2131 4778 addit
2225 4739 2381 4787 _Illltll.
2418 4725 2505 4778 15.

533 4797 715 4856 Latin.
749 4813 812 4851 ex
837 4795 1059 4860 Grmco;
1080 4793 1173 4847 sed
1205 4792 1322 4848 hmc
1341 4794 1535 4847 absunt
1559 4809 1591 4847 a
1618 4808 1718 4847 ms.
1745 4792 1920 4850 Graec.
1945 4795 2121 4851 Oxon.

533 4874 673 4942 apud
705 4867 893 4942 Saltat.

606 4944 633 4980 δ
670 4940 966 4995 Vers.Ant.
996 4934 1109 4989 Nec
1131 4935 1473 4988 misereberis.

613 5013 627 5051 ί
661 5013 728 5069 Ut
754 5014 806 5066 in
832 5009 1039 5086 Graeco,
1069 5008 1256 5086 utitor
1287 5009 1368 5060 καὶ
1395 5007 1446 5060 αἶ
1474 5013 1744 5080 χεῖρες-..μ
1767 5009 1860 5086 ,ἐπ’
1881 5013 2120 5086 ἐσχάτῳ.

2302 4804 2331 4832 ἰ
2381 4795 2461 4850 De
2487 4807 2670 4848 mente
2715 4793 2951 4849 Luciferi
2999 4794 3101 4850 hoc
3145 4796 3374 4862 inloco,
3407 4807 3460 4852 et
3507 4805 3672 4851 utrum
3694 4805 3789 4861 qua:

2231 4865 2581 4921 Constantius
2627 4866 2814 4920 Bonae
2865 4870 3098 4937 gesserit
3151 4884 3247 4934 pro
3296 4869 3538 4928 Arionis,
3582 4885 3644 4921 an
3687 4877 3789 4916 vero

2231 4937 2585 4994 Sirmiensem
2637 4937 2927 5004 formulam
2975 4954 3064 4993 an.
3099 4939 3227 5003 357,
3277 4956 3345 4996 an
3403 4940 3786 4998 Ariminensem,

2230 5012 2349 5065 sive
2380 5011 2703 5064 Acaeianatn
2736 5010 3062 5080 publicatam
3097 5013 3149 5064 in
3174 5012 3421 5066 Concilio
3449 5010 3789 5080 Constantino-

534 5085 691 5140 Vers.
739 5089 870 5137 Ant.
903 5080 1104 5134 omittit
1132 5092 1267 5144 eum,
1312 5090 1389 5144 et,
1431 5077 1613 5132 manus
1642 5081 1808 5134 omnis
1848 5077 2028 5152 populi
2073 5077 2126 5136 in
2233 5083 2473 5148 politam)
2509 5081 2613 5133 sub
2640 5077 2843 5135 exitum
2877 5098 2965 5137 an.
3003 5083 3108 5137 559
3139 5096 3193 5135 et
3236 5085 3458 5138 initium
3492 5077 3788 5147 insequentis

617 5156 839 5208 tissimis.

601 5173 839 5210 t'tsstmts.

531 5173 616 5278 "oi
665 5225 910 5295 Quaesivit
949 5231 1176 5277 avertere
1203 5231 1269 5274 te.
1293 5218 1456 5276 Ἶρι-ε.
1493 5223 1620 5279 Ant.
1665 5221 1986 5282 ’Λπυστῆσαί
2037 5247 2121 5282 σε.

530 5299 642 5408 Gr:
655 5316 981 5428 goriecentnm
1000 5383 1110 5421 esse
1129 5374 1235 5423 etc.
1267 5363 1584 5421 Gallandius
1607 5373 1781 5420 recte.

603 5440 623 5480 ³
655 5443 774 5509 Quo
803 5442 1023 5494 nomine
1047 5440 1367 5494 altertttrttttt
1399 5454 1462 5493 ex
1491 5438 1636 5492 hisce
1660 5447 1841 5510 potest
1867 5438 2114 5510 intelligi,

526 5523 620 5569 aut
669 5512 979 5582 epistolam,
1031 5513 1146 5566 sive
1195 5510 1431 5564 edictum
1480 5510 1762 5582 catholicis
1813 5513 2120 5582 prmsertim

2229 5154 2523 5212 celebrato,
2544 5152 2691 5218 vide,
2716 5169 2837 5221 qua:
2859 5153 2914 5207 in
2947 5153 3110 5209 Prml’.
3139 5154 3523 5216 disseruimus,
3543 5165 3592 5207 et
3621 5154 3788 5221 ittth

2228 5239 2556 5296 Vocaillttlatlt
2583 5224 2637 5278 6.
2661 5219 2957 5292 subjectum
2988 5242 3110 5296 pag.
3138 5225 3326 5295 bit/tie
3349 5227 3452 5280 col.
3477 5227 3583 5280 8‘20
3609 5233 3703 5277 not.
3723 5219 3785 5286 lt).

2303 5306 2326 5331 ο
2359 5295 2413 5350 ld
2443 5305 2550 5382 est,
2584 5313 2620 5382 ft
2644 5312 2748 5366 qua
2776 5306 2822 5349 te
2841 5295 3036 5382 abegit,
3066 5295 3130 5350 iet
3164 5299 3366 5382 ecp'ulit
3396 5298 3604 5382 coluber
3627 5296 3704 5382 ille
3726 5306 3788 5382 re:

2225 5371 2370 5436 fuga,
2399 5369 2485 5434 qui
2515 5366 2771 5420 Adumum
2805 5377 2852 5419 et
2899 5366 3060 5422 anm
3090 5370 3325 5434 seduxit;
3355 5371 3446 5424 ubi
3477 5366 3685 5436 abigarit
3709 5375 3789 5432 pro

2226 5438 2395 5512 abrgit
2427 5448 2669 5512 usurpat.
2701 5437 2804 5494 Tit.
2835 5439 2885 5494 la
2913 5441 3091 5496 Cerda
3113 5450 3168 5496 et
3195 5439 3438 5509 Cangius
3467 5443 3518 5495 in
3549 5439 3710 5512 Gloss:

2297 5505 2426 5565 p'lta
2457 5505 2637 5566 Graec.
2669 5520 3006 5567 constanter.
3050 5513 3235 5569 Sabat.
3277 5505 3411 5583 le'git
3441 5513 3597 5567 Iosue
3623 5510 3670 5563 in
3695 5505 3783 5561 Lu-

527 5587 811 5654 Episcupis
835 5585 1170 5653 protiositnut
1201 5581 1752 5654 Constantii_nurnine
1787 5581 2119 5654 inCoticilio
2223 5584 2386 5654 ciler:

525 5650 948 5720 nontamen,
973 5662 1030 5707 ttt
1055 5655 1230 5707 eidem
1267 5662 1456 5706 contra
1504 5650 1773 5706 Nicia-nam
1827 5653 1986 5709 tidem
2018 5653 2117 5707 ad-

523 5725 856 5790 scriberent;
903 5732 998 5778 aut
1041 5723 1360 5791 simpliciter
1402 5723 1656 5777 Arisnam
1707 5722 1980 5792 haeresim,
2023 5728 2114 5781 cui

519 5796 656 5859 totis
682 5797 887 5853 viribus
907 5793 1046 5852 tavit
1068 5792 1442 5864 Constantius,
1464 5793 1596 5852 dum
1621 5795 1771 5850 visit.

2294 5665 2321 5703 ιι
2350 5652 2688 5725 μρςιίςεκιὲα
2707 5671 2918 5725 magna.
2952 5654 3130 5710 Latin.
3154 5671 3220 5712 es
3247 5656 3463 5713 Graeco.

2293 5733 2316 5762 τ
2349 5723 2574 5798 hanc
2601 5725 2766 5781 ducas
2793 5723 2846 5780 in
2871 5725 2990 5782 illos
3033 5741 3234 5782 omnem
3261 5730 3514 5798 populum
3541 5740 3559 5782 :
3585 5723 3661 5782 sic
3698 5734 3786 5798 5897

2217 5795 2445 5868 placitus
2485 5797 2707 5854 invertit
3061 5813 3216 5858 more
3249 5791 3592 5866 lirbcormn,
3618 5809 3715 5867 quo
3737 5791 3786 5846 Μ
