4042 6338
255 253 347 311 Nl

820 248 908 308 DE
948 247 1084 307 NON
1128 248 1501 307 PARCENDO
1540 248 1609 306 IN
1650 247 1842 307 DEUI

1977 248 2499 320 ιικρυεωτωυδ
2538 249 2745 307 LIBER
2785 252 2986 312 UNUS.

3449 262 3556 320 9b!

253 370 350 424 tria
392 366 563 423 millia
588 368 841 441 siturum,
890 376 940 423 et
972 372 1224 439 fugerunt
1267 383 1299 422 a
1330 367 1464 436 facie
1508 368 1736 422 virorum
1762 368 1852 438 qni
1881 369 1937 428 Α
1958 384 2119 434 mam,
2140 379 2191 423 et
2217 369 2467 425 ducentes
2486 369 2644 425 siclos
2659 370 2879 443 argenti,
2900 372 3319 443 didragmam,et
3341 374 3559 446 ligulam

251 470 393 515 erant
421 462 475 514 in
504 458 579 514 Ge
603 476 622 515 :
650 469 700 515 et
728 459 1030 514 occiderunt
1058 476 1121 515 ex
1145 460 1276 532 ipsis
1302 459 1400 513 uiri
1424 456 1501 514 Ge
1526 460 1741 531 triginta
1762 475 1853 515 sets

249 553 406 614 uiros,
427 560 476 606 et
508 553 762 623 persecuti
783 561 905 607 sunt
931 552 1051 606 illos
1094 569 1127 606 a
1155 561 1305 620 porta
1333 561 1381 619 ιι,
1407 561 1453 605 et
1472 551 1852 607 contribulave-

248 656 367 702 runt
388 647 509 702 illos
538 647 593 700 in
626 648 880 715 proclivo,
911 656 958 701 et
994 647 1197 716 expavit
1224 662 1316 701 car
1345 646 1547 718 populi,
1574 654 1628 701 et
1652 650 1854 715 factum

249 748 402 795 estut
428 755 584 809 aqua.
621 737 694 792 Et
723 738 979 793 conscidit
998 737 1155 793 Iesus
1184 738 1485 794 vestimenta
1513 751 1633 805 sua,
1660 745 1709 792 et
1733 752 1852 810 pro-

246 832 373 887 cidit
405 831 562 887 Iesus
588 830 616 870 ι)
647 832 701 885 in
729 832 913 902 facient
944 840 1061 885 ante
1082 828 1253 886 Deum
1284 846 1445 901 usque
1470 831 1540 884 ad
1566 847 1852 903 vesperum,

244 927 359 997 ipse
397 936 446 981 et
490 927 718 981 seniores
754 925 950 991 Israel,
997 934 1045 979 et
1088 926 1339 980 miserunt
1392 924 1651 993 pulverem
1697 940 1856 992 super

247 1020 426 1090 capita
451 1036 569 1083 sua,
599 1028 645 1073 et
675 1018 810 1073 dixit
835 1018 992 1074 Iesus
1027 1036 1038 1071 :
1065 1016 1264 1073 Precor
1296 1029 1342 1085 ε,
1376 1016 1615 1081 Domine,
1649 1026 1703 1071 ut
1728 1017 1854 1087 quid

252 1112 524 1182 transiecit
550 1127 679 1182 puer
716 1119 836 1164 tuus
863 1110 1113 1182 populum
1152 1110 1309 1163 istum
1337 1109 1627 1163 Iordanem
1656 1112 1859 1163 tradere

245 1219 362 1258 eum
393 1202 720 1269 Arnorrlueo,
769 1208 983 1271 perdere
1030 1202 1169 1257 nos?
1198 1202 1243 1256 si
1286 1202 1567 1255 mansimus
1611 1201 1663 1254 in
1694 1210 1852 1266 terra,

245 1297 553 1353 commorati
596 1312 778 1351 sumus
827 1296 969 1367 apud
1019 1294 1324 1351 Iordanem.
1376 1294 1444 1348 Et
1493 1295 1617 1361 quid
1661 1295 1854 1360 dicunt,

241 1390 387 1461 quod
410 1390 659 1444 conuertit
690 1388 860 1445 Israel
904 1390 1117 1444 dorsum
1148 1399 1331 1444 contra
1360 1388 1623 1442 inimicum
1665 1404 1813 1443 suum
1833 1387 1859 1441 ?

241 1494 297 1541 et
346 1484 527 1539 audiet
559 1483 911 1550 Chanana’us,
944 1493 988 1539 et
1019 1499 1194 1538 omnes
1221 1484 1308 1552 qui
1341 1491 1727 1536 commorantur
1755 1491 1860 1535 tero

240 1594 363 1633 rant
395 1575 445 1646 ά,
492 1588 542 1633 et
570 1577 910 1632 circumibunt
941 1580 1057 1646 nas,
1088 1588 1134 1633 et
1169 1589 1190 1614 ε
1239 1576 1657 1632 contribulabunt
1697 1591 1791 1631 nos
1829 1592 1861 1632 α

244 1680 393 1727 terra
418 1689 438 1726 :
469 1680 517 1726 et
544 1672 670 1743 quid
699 1672 884 1743 facias,
919 1688 1101 1727 nomen
1133 1682 1277 1725 tuum
1324 1670 1609 1743 magnum?
1635 1669 1702 1725 Et
1730 1670 1862 1724 dixit

1955 478 2112 517 unam
2138 479 2349 517 auream
2375 463 2752 536 quinquaginta
2772 464 3196 538 didragmarum;
3218 475 3264 521 et
3287 470 3561 537 concupiui

1953 572 2065 610 eam
2091 553 2137 619 ιι,
2172 566 2219 610 et
2246 555 2451 619 sustuli,
2484 565 2531 611 et
2568 572 2684 612 ecce
2712 558 2822 613 hac
2846 558 3148 614 abscondita
3171 570 3290 615 sunt
3313 562 3368 616 in
3394 564 3563 618 taber-

1956 648 2144 702 naculo
2162 664 2296 714 meo,
2328 658 2377 704 et
2406 660 2676 721 argentum
2714 650 3025 707 absconsum
3060 663 3138 707 est
3182 655 3275 709 sub
3304 656 3453 725 ipsis.
3491 655 3558 710 Et

1956 741 2095 795 misit
2134 738 2292 796 Iesus
2320 742 2556 808 nuncios,
2588 752 2638 797 et
2663 753 3006 798 cucurrerunt
3048 746 3103 799 in
3145 745 3557 814 tabernaculum,

1955 845 2003 889 et
2022 834 2132 889 haec
2154 844 2301 889 erant
2326 835 2631 895 abscondita
2650 836 2705 888 in
2728 835 3081 904 tabernaculo,
3106 847 3157 891 et
3173 847 3442 910 argentum
3464 841 3560 894 sub

1955 927 2082 995 ipsis
2108 942 2129 981 δ
2160 937 2209 981 et
2249 928 2475 982 tulerunt
2514 944 2575 982 ea
2610 928 2679 982 de
2706 928 3060 999 tabernaculo,
3105 939 3153 984 et
3178 931 3466 987 attulerunt
3490 932 3561 986 ad

1956 1017 2162 1087 Iesum,
2195 1029 2240 1074 et
2289 1020 2358 1073 ad
2408 1021 2634 1074 seniores
2685 1018 2876 1088 Israel,
2920 1031 2971 1076 et
3018 1035 3303 1093 posuerunt
3347 1040 3408 1079 ea
3442 1035 3564 1079 ante

1960 1110 2149 1167 Deum.
2184 1111 2249 1166 Et
2293 1110 2308 1150 ι
2352 1113 2805 1184 apprehenderunt
2844 1113 3017 1169 Achar
3041 1116 3211 1181 filiuni
3237 1114 3472 1182 Charmi,
3513 1129 3564 1172 et

1961 1207 2310 1277 perduxerunt
2334 1208 2389 1261 in
2430 1207 2617 1261 vallem
2648 1206 2821 1261 Achar
2849 1217 2914 1274 ιιι,
2944 1218 2992 1262 et
3018 1209 3157 1278 filios
3182 1213 3297 1280 ejus
3324 1220 3372 1264 et
3398 1211 3562 1279 ﬁlias,

1960 1310 2006 1356 et
2031 1301 2217 1355 vitulos
2236 1304 2371 1373 ejus,
2399 1308 2446 1355 et
2476 1300 2832 1371 subjunctoria
2860 1304 2995 1373 ejus,
3028 1312 3076 1356 et
3106 1318 3223 1358 oves
3247 1304 3380 1376 ejus,
3413 1313 3463 1358 et
3482 1314 3566 1358 ta-

1963 1392 2296 1447 bernaculum
2358 1395 2495 1464 ejus,
2547 1401 2594 1445 et
2656 1392 2831 1446 omnia
2878 1409 2994 1461 qua
3056 1403 3207 1448 erant
3270 1396 3382 1465 ejus
3434 1411 3452 1450 :
3514 1405 3565 1451 et

1962 1487 2130 1541 omnis
2176 1484 2345 1541 Israel
2396 1501 2515 1540 cum
2567 1503 2628 1541 ea
2686 1494 2816 1552 erat,
2870 1496 2917 1541 et
2970 1488 3322 1558 perducerunt
3364 1505 3452 1544 eos
3512 1490 3568 1545 in

1965 1579 2293 1652 Hecubam]
2324 1579 2388 1633 Et
2435 1580 2566 1634 dixit
2604 1578 2759 1633 Iesus
2815 1579 2884 1632 ad
2929 1579 3101 1635 Achar
3139 1598 3157 1635 :
3203 1579 3347 1649 Quid
3398 1593 3568 1637 exter-

1966 1673 2175 1727 minasti
2214 1673 2350 1726 nos?
2405 1669 2777 1741 Disperdat'te
2826 1669 3082 1727 Dominus
3132 1673 3269 1728 sicut
3321 1675 3573 1731 hodierna

243 1762 507 1820 Dominus
534 1766 604 1819 ad
626 1764 854 1821 Iesum:
902 1763 1096 1835 Surge,
1126 1775 1180 1819 ut
1222 1764 1352 1841 quid
1395 1776 1447 1818 tu
1492 1764 1762 1836 procidisti
1801 1764 1854 1817 in
1887 1770 1933 1833 Β
1961 1767 2060 1820 die.
2116 1762 2187 1819 Et
2232 1764 2595 1835 lapidaverunt
2634 1773 2661 1800 η
2710 1780 2829 1819 eum
2875 1765 3043 1820 ouiuis
3076 1765 3245 1822 Israel
3282 1767 3570 1837 lapidibus,

241 1860 438 1928 faciem
471 1858 651 1913 tuam?
673 1857 919 1914 Peccavit
936 1860 1181 1931 populus,
1210 1868 1257 1914 et
1282 1869 1635 1930 transgressus
1664 1868 1735 1914 est
1767 1867 1860 1913 tes-

244 1959 540 2005 tomentum
571 1967 740 2005 meum
767 1950 906 2020 quod
948 1951 1185 2022 disposui
1223 1950 1293 2004 ad
1318 1966 1429 2017 eos,
1457 1960 1506 2006 et
1542 1952 1702 2020 furati
1738 1958 1860 2004 sunt

241 2045 317 2099 de
345 2046 694 2110 anathemate,
726 2058 772 2101 et
802 2047 1053 2102 miserunt
1105 2045 1122 2083 ί
1156 2047 1210 2101 in
1244 2063 1369 2101 vasa
1409 2063 1524 2101 sua.
1562 2045 1683 2100 Non
1715 2056 1858 2113 pote-

242 2148 371 2195 runt
395 2140 494 2209 ﬁlii
522 2138 693 2195 Israel
713 2141 955 2195 resistere
979 2149 1160 2196 contra
1184 2142 1366 2212 faciem
1391 2141 1718 2196 inimicorum
1741 2158 1862 2195 suo-

243 2249 391 2299 rum,
421 2233 578 2288 dorsa
604 2242 894 2289 convertant
934 2235 987 2288 in
1030 2245 1303 2304 conspectu
1351 2235 1704 2299 inimicorum,
1741 2235 1862 2302 quia

247 2327 384 2396 facti
409 2334 529 2380 sunt
555 2324 850 2380 anathema.
884 2325 1007 2381 Non
1029 2344 1115 2381 era
1141 2328 1281 2383 ultra
1303 2327 1586 2393 uobiscum,
1616 2328 1715 2381 nisi
1745 2329 1863 2382 abs-

244 2420 480 2476 tuleritis
504 2421 782 2476 anathema
808 2437 872 2477 εκ
896 2422 1039 2477 vobis
1081 2424 1231 2491 ipsis.
1263 2423 1458 2494 Surge,
1485 2424 1755 2492 sancti/ica
1771 2440 1865 2493 p0-

248 2515 462 2584 pulum,
495 2525 543 2569 et
571 2515 653 2571 dic
683 2525 709 2565 8
734 2531 752 2571 :
776 2515 1145 2585 Sanctiﬁcetttr
1164 2519 1218 2572 in
1248 2519 1552 2573 crastinum.
1578 2517 1705 2573 Ilcec
1730 2518 1862 2572 enim

246 2608 388 2663 dicit
426 2606 685 2665 Dominus
723 2609 861 2664 Deus
907 2609 1114 2666 Israel:
1148 2610 1438 2666 Anothenta
1484 2621 1556 2666 est
1600 2612 1863 2675 interrae,

250 2717 365 2756 non
410 2703 644 2773 poteritis
685 2704 926 2757 resistere
961 2714 1140 2773 contra
1187 2703 1426 2759 inimicos
1469 2714 1665 2759 vestros
1711 2720 1869 2775 usque

254 2792 390 2848 dum
431 2796 687 2866 auferetis
716 2796 994 2851 anathema
1035 2812 1100 2852 es;
1130 2797 1268 2851 vobis
1315 2797 1467 2867 ipsis.
1499 2796 1567 2851 Et
1611 2801 1870 2852 convenite

251 2902 416 2943 mane
457 2905 631 2943 omnes
662 2906 753 2959 per
785 2889 950 2944 tribus
978 2887 1029 2957 ιι,
1072 2900 1123 2945 et
1161 2892 1259 2944 erit
1307 2890 1467 2945 tribus
1508 2907 1622 2958 qua:
1666 2901 1869 2946 ostensa

250 2979 421 3048 quit
461 2995 612 3035 nsane
648 2997 741 3051 per
789 2980 976 3048 Deum,
1028 2982 1274 3037 adducite
1313 2999 1403 3051 per
1435 2983 1626 3052 plebes,
1675 2984 1869 3052 plebem

250 3086 418 3141 quam
440 3072 723 3128 ostenderit
749 3072 1005 3129 Dominus
1032 3073 1215 3141 o/Terte
1237 3093 1327 3146 per
1355 3076 1547 3143 virum,
1572 3085 1616 3131 et
1638 3077 1870 3147 quisquis

1962 1859 2548 1927 et;intposueruntsuper
2562 1858 2712 1911 illum
2734 1868 3031 1929 congestum
3050 1859 3286 1930 lapidum
3301 1877 3567 1932 magnum.

1964 1949 2259 2006 Etcessavit
2278 1947 2539 2004 Dominus
2551 1949 2986 2021 abindignatioae
3002 1952 3095 2006 irte
3108 1968 3219 2007 sure
3231 1950 3283 2025 (I
3293 1969 3471 2022 os.\'tt,
3491 1953 3568 2026 ί).

1960 2041 2282 2107 Considera,
2321 2040 2634 2105 Constanti,
2680 2042 2826 2110 quali
2862 2044 2938 2097 sis
2967 2045 3243 2113 periturus
3288 2048 3567 2116 exemplo,

1964 2136 2066 2193 nisi
2103 2136 2198 2192 tibi
2226 2136 2534 2206 provideris
2562 2144 2642 2197 to,
2671 2150 2806 2205 quem
2834 2132 2912 2190 sis
2954 2135 3010 2191 in
3048 2146 3316 2193 internum
3341 2138 3571 2195 daturus

1964 2246 2172 2303 pinnas.
2199 2233 2379 2286 Achar
2407 2239 2629 2301 prapter
2658 2231 3163 2300 praevaricationem
3188 2235 3568 2292 mandatorum

1967 2325 2090 2379 talia
2122 2332 2207 2379 est
2239 2334 2561 2379 consecutus
2589 2340 2604 2387 ;
2640 2333 2697 2377 tu
2717 2323 2897 2393 qualia
2924 2325 3152 2379 mereris
3184 2325 3310 2381 hinc
3338 2327 3569 2398 intelligi

1966 2419 2145 2485 datur,
2173 2418 2316 2488 quod
2337 2419 2412 2472 sis
2434 2425 2707 2487 apostata.
2739 2414 2798 2471 Si
2818 2416 2907 2472 ille
2934 2417 3137 2473 etenim
3160 2419 3286 2489 quis
3320 2419 3574 2475 habuerit

1966 2512 2036 2569 de
2060 2511 2428 2574 attathemate.
2462 2519 2612 2567 tanto
2637 2519 2722 2567 est
2752 2512 2971 2581 punitus
3001 2512 3193 2580 exitio,
3224 2525 3429 2584 quanto
3460 2529 3577 2569 ma-

1966 2609 2049 2679 gis
2082 2616 2135 2661 tu
2165 2606 2287 2661 sine
2326 2604 2493 2660 dubio
2519 2603 2766 2674 punieris
2794 2604 3034 2673 gravius,
3065 2606 3156 2675 qui
3188 2604 3360 2662 fueris
3401 2605 3577 2663 lactus

1969 2702 2260 2759 anathema
2308 2698 2559 2770 negando
2608 2698 2703 2753 Dei
2752 2698 2982 2754 Filium!
3031 2698 3088 2753 In
3118 2716 3185 2755 eo
3223 2715 3325 2757 nos
3358 2700 3576 2756 scelesti

1968 2798 2113 2870 apud
2156 2806 2231 2862 te,
2272 2797 2325 2851 in
2358 2810 2425 2851 eo
2469 2794 2693 2863 superbi
2739 2809 2803 2849 ac
2841 2794 3172 2864 pervicaces,
3218 2796 3270 2850 in
3307 2811 3376 2852 eo
3420 2805 3576 2866 peto»

1968 2892 2166 2957 lentes,
2207 2889 2336 2961 quia
2371 2886 2619 2943 dicamus
2648 2885 2768 2951 tibi,
2815 2886 3162 2957 Sacrilegium
3194 2887 3382 2959 fecisti,
3437 2888 3577 2942 unici

1973 2985 2072 3053 filii
2092 2983 2188 3039 Dei
2210 2982 2473 3038 existendo
2492 2985 2740 3051 negator;
2770 2979 2893 3048 quia
2922 2980 3193 3046 dicamus,
3217 2979 3441 3034 Consule
3463 2980 3574 3044 tibi,

1970 3080 2113 3147 eripe
2142 3077 2370 3130 animum
2417 3084 2557 3126 tuam
2585 3071 2649 3124 de
2678 3070 2872 3140 laqueis
2922 3070 3135 3126 diaboli.
3167 3071 3309 3138 Quid
3345 3073 3467 3131 novi
3497 3075 3575 3126 la.

249 3173 499 3219 ostensus
521 3164 677 3235 fuerit
692 3183 782 3239 per
806 3166 1110 3229 Dominum,
1130 3170 1445 3224 cremabitur
1463 3171 1594 3241 igni,
1623 3179 1671 3224 et
1696 3173 1869 3225 omnia
1893 3158 1939 3221 C
1970 3172 2146 3226 cimus
2176 3168 2444 3240 episcopi,
2475 3166 2519 3220 si
2563 3164 2657 3218 tibi
2707 3180 2768 3219 ea
2801 3164 3065 3230 dicamus,
3107 3181 3224 3235 qua:
3255 3176 3310 3221 tu
3344 3168 3572 3222 mereris

253 3271 383 3326 quas
407 3267 527 3312 sunt
565 3262 699 3332 ejus,
728 3261 851 3329 quia
879 3270 1235 3332 transgressus
1258 3272 1335 3317 est
1361 3271 1721 3317 testamentum
1754 3261 1864 3318 Do-

256 3351 417 3418 mini,
449 3362 497 3407 et
542 3354 663 3423 fecit
703 3355 1026 3424 iniquitatem
1048 3357 1102 3410 in
1126 3354 1315 3411 Israel.
1360 3355 1431 3411 Et
1460 3359 1688 3430 uigilauit
1714 3356 1869 3414 Iesus

258 3460 438 3509 "sane,
467 3456 516 3501 et
549 3447 732 3502 obtulit
756 3447 1009 3519 pupulum
1037 3466 1128 3517 per
1154 3450 1339 3516 tribus,
1368 3460 1415 3504 et
1440 3461 1645 3505 ostensa
1667 3462 1741 3505 est
1767 3452 1863 3506 tri-

254 3536 360 3592 bus
389 3535 567 3593 Iuda:
588 3550 634 3595 et
658 3540 819 3595 oblati
844 3553 962 3596 sunt
994 3560 1088 3613 per
1116 3542 1307 3611 plebes,
1334 3552 1381 3596 et
1408 3553 1611 3597 ostensa
1630 3553 1703 3598 est
1726 3543 1867 3614 plebs

258 3628 408 3684 Zara
440 3647 459 3685 :
498 3643 546 3685 et
582 3632 768 3687 obtulit
797 3632 991 3702 plebem
1031 3632 1184 3688 Zartv
1214 3652 1305 3704 per
1333 3634 1540 3700 domus,
1577 3645 1620 3688 et
1665 3646 1870 3692 ostensa

256 3733 341 3777 est
367 3722 561 3779 Domus
587 3723 791 3779 Jambri
822 3726 837 3763 ί
869 3735 960 3782 :et
988 3727 1159 3780 abluta
1192 3736 1264 3781 est
1290 3727 1479 3782 domus
1517 3745 1607 3797 per
1632 3729 1789 3794 viros,
1822 3738 1871 3783 et

253 3826 501 3871 ostensus
523 3829 595 3872 est
622 3818 795 3872 Achar
827 3819 840 3870 i
883 3819 1023 3887 ﬁlius
1052 3818 1265 3874 Charmi
1290 3820 1388 3889 ﬁlii
1409 3818 1632 3873 Iambri.
1659 3818 1726 3873 Et
1744 3820 1875 3875 dixit

256 3908 422 3965 Iesus
446 3912 515 3965 ad
553 3912 758 3967 Achar:
790 3913 871 3967 Da
919 3914 1168 3969 honorem
1197 3915 1350 3969 hodie
1395 3914 1616 3969 Domino
1646 3911 1760 3967 Deo
1788 3912 1873 3968 Is-

250 4007 402 4071 rael,
431 4013 478 4061 et
506 4006 575 4061 da
599 4009 996 4075 confessionem,
1027 4019 1073 4063 et
1103 4009 1276 4064 indica
1306 4009 1431 4063 milti
1457 4010 1582 4081 quid
1603 4012 1804 4080 feceris,
1825 4019 1870 4065 et

257 4114 333 4154 ne
357 4100 603 4156 celaveris
627 4118 725 4158 me.
754 4102 819 4158 Et
842 4104 1107 4176 respondit
1130 4103 1303 4158 Achar
1326 4104 1395 4157 ad
1414 4103 1617 4170 Iesum,
1637 4114 1686 4160 et
1706 4106 1869 4162 dixit:

268 4191 407 4251 Vere
436 4196 643 4265 peccavi
669 4205 787 4251 ante
811 4206 1142 4268 conspectum
1179 4196 1394 4252 Domini
1438 4197 1534 4254 Dei
1575 4197 1763 4267 Israel,
1793 4208 1871 4254 ta-

259 4285 387 4341 liter
413 4296 460 4341 et
491 4289 663 4344 taliter
693 4291 836 4361 feci:
862 4292 969 4345 vidi
994 4292 1049 4346 in
1083 4292 1262 4362 pratda
1292 4303 1478 4347 uestem
1517 4294 1711 4347 variant
1737 4294 1872 4365 opti-

1970 3264 2197 3321 audirei
2220 3278 2342 3318 cum
2367 3259 2709 3317 inveniamus
2733 3258 2883 3313 illum
2914 3259 3322 3315 sanctissimum
3349 3260 3571 3316 Samuel

1974 3359 2069 3415 Dei
2116 3356 2452 3412 sacerdmem
2501 3353 2618 3408 Ιιειξο
2669 3350 2874 3407 dixisse
2918 3352 2987 3407 ad
3036 3353 3166 3409 Sani
3214 3369 3419 3424 regem,
3450 3370 3570 3422 qua:

1974 3452 2112 3508 infra
2144 3452 2385 3506 lecturus
2414 3464 2509 3505 es:
2563 3443 2780 3502 Dolores
2805 3456 2849 3501 et
2879 3447 3098 3517 gemitus
3138 3448 3208 3501 ad
3235 3457 3285 3502 te
3310 3447 3574 3503 adducen-

1973 3557 2059 3600 tur
2081 3554 2127 3598 °.
2161 3543 2269 3598 Pro
2299 3542 2483 3610 quibus
2522 3544 2718 3597 nullius
2747 3542 2990 3595 momenti
3029 3542 3197 3612 fecisti
3238 3543 3445 3596 verbum
3476 3543 3576 3597 Do-

1972 3639 2119 3699 mini,
2169 3635 2365 3691 nullius
2409 3635 2652 3688 momenti
2699 3644 2746 3688 te
2786 3633 2939 3703 faciet
2982 3630 3238 3687 Dominus
3283 3649 3347 3687 ne
3392 3650 3573 3704 regnes

1970 3732 2018 3804 (I
2065 3732 2196 3803 Reg.
2244 3747 2334 3794 xv,
2363 3729 2478 3801 95).
2512 3730 2577 3784 Et
2629 3728 2865 3784 iterum:
2900 3727 3157 3794 Quoniam
3184 3735 3211 3776 ρ
3238 3728 3435 3781 nullius
3465 3745 3577 3783 inoo

1972 3825 2131 3880 menti
2171 3824 2337 3895 fecisti
2363 3822 2568 3877 uerbum
2595 3819 2830 3886 Domini,
2878 3827 2926 3874 et
2965 3820 3032 3874 ad
3062 3820 3285 3875 nihilum
3308 3821 3501 3892 rediget
3531 3828 3578 3876 te

1974 3918 2135 3982 Dens,
2184 3934 2249 3972 ne
2284 3919 2354 3971 sis
2392 3931 2484 3970 rea;
2516 3930 2672 3985 super
2704 3911 2875 3967 Israel
2917 3910 3081 3980 (Ibid.
3114 3912 3228 3984 26).
3276 3912 3344 3967 Et
3384 3911 3522 3968 infra
3560 3932 3574 3968 :

1978 4011 2278 4082 Disrumpet
2304 4020 2330 4059 ιι
2357 4008 2607 4063 Dominus
2635 4023 2849 4078 regnum
2878 4015 3024 4060 tuum
3053 4023 3116 4060 ea:
3138 4005 3306 4060 Israel
3326 4007 3391 4061 de
3418 4023 3576 4061 manu

1978 4114 2069 4160 tua
2120 4104 2293 4167 hodie,
2349 4111 2395 4157 et
2470 4100 2611 4155 dabit
2666 4099 2802 4154 illud
2856 4100 3089 4169 proximo
3150 4110 3237 4154 tuo
3285 4100 3484 4154 meliori
3530 4109 3578 4155 te

1977 4198 2147 4269 (Ibid.
2172 4194 2290 4260 28).
2316 4195 2373 4250 Si
2401 4193 2516 4248 huic
2540 4192 2634 4248 ille
2661 4192 2799 4246 dixit
2826 4191 2891 4245 ad
2918 4190 3069 4257 Saul,
3112 4199 3400 4260 propterea
3430 4192 3575 4262 quod

1978 4290 2194 4347 Domini
2252 4291 2521 4357 praecepta
2577 4282 2926 4353 praeterierit,
2978 4296 3075 4337 cur
3127 4296 3227 4338 nos
3269 4292 3424 4352 putas
3468 4297 3577 4340 non

262 4461 331 4509 ut
360 4452 642 4525 obscurior
668 4462 721 4510 et
746 4453 933 4511 rudior
958 4464 1237 4525 appareat.
1281 4453 1387 4525 Tit.
1419 4464 1462 4509 et
1495 4455 1544 4508 la
1574 4453 1729 4525 Cerd.
1762 4453 1869 4509 Sed
1898 4453 1949 4519 D’
2052 4449 2071 4487 ί
2104 4447 2288 4525 saliat.
2314 4439 2780 4525 Etnabscogderunt
2802 4440 2935 4522 inter
2956 4455 3077 4525 vasa
3098 4458 3211 4496 sua.

263 4526 467 4597 melius
495 4524 793 4597 corrigunt,
841 4543 903 4582 ne
947 4524 1163 4582 inducas
1196 4526 1343 4595 illuc,
1374 4524 1551 4581 Latin.
1583 4534 1639 4581 et
1684 4524 1869 4583 Sabat.

265 4611 338 4653 es
372 4596 584 4652 Graeco.

348 4676 375 4740 ἒ
406 4667 580 4740 Usque
607 4670 676 4726 ad
698 4669 954 4737 Sebarim,
978 4670 1132 4726 addit
1161 4670 1343 4726 Latin.
1372 4685 1437 4725 ex
1468 4669 1630 4740 Vulg.

344 4739 374 4780 ι)
406 4741 559 4797 Iesus
589 4742 857 4799 omittitur
884 4760 912 4798 a
939 4744 1149 4809 Sabat.,
1178 4744 1271 4798 sed
1296 4754 1377 4799 est
1405 4742 1457 4798 in
1483 4739 1691 4797 Grtvco.

353 4820 376 4852 ο
413 4813 587 4869 Aliter
619 4814 749 4884 legit
775 4816 960 4872 Sabat.
994 4816 1046 4870 in
1087 4814 1261 4871 Lucil.
1293 4813 1431 4881 Heu,
1469 4808 1684 4884 Domine
1707 4810 1869 4877 Deus,

271 4884 403 4956 quid
428 4886 633 4941 voluisti
664 4883 932 4943 traducere
974 4888 1224 4957 populum
1255 4886 1409 4942 istum
1444 4883 1729 4957 Iordanem
1772 4885 1875 4953 flu-

271 4958 438 5019 uium,
465 4968 521 5012 ut
552 4960 780 5015 traderes
809 4978 901 5015 nos
930 4961 984 5014 in
1000 4956 1183 5013 manus
1205 4958 1508 5019 Amarrhazi,
1537 4967 1583 5011 et
1606 4956 1875 5028 perderes?

276 5046 403 5116 cum
433 5030 623 5116 (ξτςςρρ
657 5043 835 5116 tamen
863 5041 1047 5087 nostra
1077 5033 1442 5116 conveniunt:
1467 5030 1671 5116 Δέομοει.
1700 5032 1872 5116 Κθύριε,

278 5105 415 5163 ἶνατὶ
442 5105 730 5162 διεϐίϐασεν
759 5104 785 5161 ὁ
810 5114 933 5166 παῖς
952 5125 1049 5159 σου
1066 5106 1152 5159 τὸν
1176 5103 1292 5159 λαὸν
1311 5110 1490 5159 τοῦτον
1518 5098 1602 5157 τὸν
1622 5098 1874 5175 Ἰορδάνην

277 5177 606 5253 παραδοῦνᾳι
647 5179 797 5233 αὐτὸν
844 5185 936 5253 τῷ.
958 5175 1244 5249 Ἀμορῤαίῳ
1273 5176 1532 5253 ,ἀπολέσαι
1568 5175 1733 5253 ἡμᾶς)
1762 5181 1872 5253 tum

278 5241 469 5306 Sabat.
501 5251 697 5304 utinam
726 5261 782 5303 ut
813 5241 1091 5320 cwpimus,
1116 5241 1480 5320 mansissentus
1518 5241 1659 5320 trans
1683 5241 1876 5320 Iorda-

280 5339 400 5377 nem
428 5338 445 5376 :
471 5338 589 5393 qua:
621 5322 675 5375 in
706 5318 896 5376 Graeco
929 5319 1149 5387 propius
1186 5318 1252 5393 ad
1286 5328 1469 5393 nostra
1487 5334 1509 5393 ξ
1530 5319 1634 5393 sui
1662 5318 1878 5393 cleare-

281 5386 548 5468 μείναιμέν,
576 5396 669 5468 xuii
695 5386 1077 5466 narqsxiebnpsu
1112 5391 1254 5465 παρὰ
1276 5390 1360 5447 τόν
1383 5386 1655 5464 Ἰορδάνην,
1685 5388 1755 5441 al.
1787 5389 1879 5442 πέ-

283 5463 817 5545 ὶλα-έῖρῡῚρρδάνουοξ
914 5542 933 5545 i
1029 5532 1044 5545 .
1157 5463 1288 5545 ζη-
1353 5543 1359 5545 .
1427 5532 1437 5543 -

359 5540 385 5575 α
418 5539 494 5610 Et
522 5531 734 5610 Graeco,
758 5541 992 5610 {iurgi-us
1016 5532 1172 5610 Apud
1200 5531 1388 5588 Sabat.
1419 5532 1473 5589 in
1498 5541 1655 5610 terra.

363 5619 387 5647 ο
418 5608 574 5677 Apud
604 5607 788 5663 Sabst.
825 5602 892 5661 El
910 5606 1149 5660 delebunt
1173 5621 1356 5677 nomen
1365 5613 1609 5677 nostrum
1626 5602 1691 5657 de
1712 5612 1882 5677 terra;

287 5692 337 5738 et
366 5674 489 5752 quid
519 5678 675 5752 facies
722 5680 920 5752 nomini
953 5687 1046 5752 tuo
1086 5675 1325 5752 magno?_
1351 5675 1526 5752 Graec.
1571 5676 1682 5730 iero
1730 5681 1802 5752 ut_
1828 5674 1879 5752 in

288 5745 475 5809 nostra
506 5745 649 5828 edit;
664 5754 770 5828 ΚαὶΔ
792 5748 1120 5828 ὶκτρίψονᾳιν
1142 5745 1277 5821 ἡμᾶς
1304 5746 1407 5804 ἀπὸ
1435 5754 1527 5809 τῆς
1556 5753 1675 5822 γῆς*
1708 5747 1807 5815 ,καὶ
1833 5745 1883 5801 τί

292 5828 521 5886 ποιήσοις
541 5822 600 5883 τὸ
621 5818 780 5895 ὄνομά
805 5818 902 5880 σοὺ
927 5818 987 5878 2‘s
1006 5821 1166 5896 uiua;

2053 4530 2078 4569 ε
2111 4518 2207 4573 Dic
2224 4517 2291 4571 eis
2317 4530 2335 4568 :
2360 4512 2776 4583 Sancti/Scantini
2805 4513 2856 4566 in
2884 4513 3183 4579 crastinum,
3215 4513 3356 4583 apud
3386 4515 3573 4574 Sabat.

1982 4593 2073 4648 Eis
2101 4593 2256 4645 abest
2282 4603 2310 4641 τι
2338 4586 2550 4643 Grteco.

2048 4664 2075 4703 ιι
2106 4662 2293 4718 Tribus
2324 4668 2538 4722 vestras,
2566 4665 2630 4729 ut
2658 4655 2711 4710 in
2733 4654 2910 4729 Graec.
2934 4656 3281 4729 quibusdam.
3311 4659 3499 4717 Sabat.

2058 4737 2068 4773 ί
2102 4733 2332 4789 Zambri.
2362 4730 2541 4785 Latin.
2567 4727 2633 4782 ‘ut
2659 4727 2967 4797 inhllcxapl.
3003 4744 3126 4784 cum
3158 4734 3442 4787 asterisco.

2053 4814 2065 4857 t
2111 4808 2185 4861 Ita
2218 4805 2269 4879 in
2314 4804 2486 4859 Grtcc.
2518 4800 2691 4856 Oxon.
2720 4794 2908 4879 "Axap
2928 4801 3036 4863 υἱὸς
3061 4804 3251 4879 Χαρμὶ.
3285 4800 3464 4879 Achan
3490 4815 3576 4861 est

1978 4879 2118 4949 apud
2143 4878 2327 4933 Sabat.
2364 4880 2693 4949 constanter.
2726 4871 2902 4949 Achar
2923 4887 3108 4949 veratri
3137 4871 3261 4949 esse
3285 4875 3572 4949 hnjnsno-

1977 4944 2141 5010 minis
2172 4945 2678 5020 pronunciationcm
2728 4944 2921 5020 probat
2960 4945 3264 5001 Cotelerius
3299 4946 3369 5002 ad
3404 4947 3501 5002 ιη).
3534 4963 3572 5003 tt

1977 5014 2207 5081 Couslii.
2242 5017 2536 5089 Apostolic.
2571 5031 2692 5089 cup.
2724 5014 2811 5071 10.

2052 5094 2076 5132 ιι
2109 5091 2212 5147 Ea.
2240 5085 2417 5146 Latin.
2449 5098 2504 5143 ut
2534 5089 2585 5142 in
2613 5085 2824 5143 Grtnco.

2056 5164 2073 5204 1
2114 5162 2179 5218 Et
2211 5162 2404 5219 omittit
2438 5160 2621 5215 Sabat.

2052 5248 2090 5274 ιη
2124 5237 2291 5290 Achar
2323 5234 2482 5287 habet
2510 5231 2649 5287 idem
2677 5231 2863 5287 Sabal.

2052 5319 2080 5365 ξι
2119 5307 2306 5363 Sabat.
2338 5304 2607 5373 lapidavit,
2639 5314 2719 5370 et,
2749 5317 2987 5357 acervum
3020 5300 3280 5371 lapidum;
3308 5301 3484 5359 Orate.
3520 5304 3572 5361 in

1981 5382 2185 5454 plural.
2218 5377 2583 5454 ἐλιθοϐόληςαν.

2057 5454 2076 5474 ⁰
2108 5451 2166 5508 In
2223 5452 2312 5505 lib.
2349 5449 2417 5504 de
2466 5448 2616 5516 Reg._
2639 5449 2833 5516 Apost.
2868 5445 3119 5510 vertitur,
3154 5444 3455 5515 adduxisti;
3491 5447 3578 5504 hic

1985 5523 2243 5582 convenit
2270 5537 2392 5576 cum
2426 5514 2569 5574 vers:
2603 5514 2707 5573 Ms;
2737 5516 2969 5572 Floriac.
3004 5516 3143 5587 apud
3177 5516 3363 5575 Sabat.

2062 5608 2086 5647 p
2114 5592 2273 5650 vers.
2298 5600 2424 5648 Ant.
2450 5592 2584 5657 Quia
2609 5588 2847 5660 sprevisti
2878 5589 3084 5644 verbum
3111 5587 3345 5659 Domini,
3374 5602 3419 5645 et
3440 5609 3585 5662 sper-

1986 5678 2069 5725 net
2098 5678 2143 5721 te
2171 5666 2442 5721 Dominus.

2051 5750 2087 5865 tu
2117 5736 2317 5865 ξῧὲἒιιη
2350 5734 2473 5791 vide
2499 5734 2549 5789 in
2586 5730 2679 5788 lib.
2713 5730 2780 5789 de
2812 5728 2945 5802 Reg.
2980 5728 3172 5804 Apost.
3211 5747 3329 5805 pag.
3361 5730 3432 5791 55
3475 5732 3584 5806 (hic

1990 5812 2092 5870 col.
2121 5812 2270 5880 798).
