4042 6338
283 263 386 323 945

856 267 948 326 DE
986 266 1128 327 NON
1168 268 1536 329 PARCENDO
1574 270 1644 329 IN
1682 269 1876 329 DEUM
1916 269 2517 341 DELINQUENTIBUS
2557 270 2766 330 LIBER
2804 271 3008 332 UNUS.

3492 273 3603 332 946

279 381 420 452 Quid
444 392 470 421 η
490 380 582 440 hic
610 383 777 441 facit?
802 385 1166 459 Posteaquam
1198 387 1545 446 adversarios
1594 405 1724 446 suos
1750 389 1877 446 sub-
1903 393 1955 454 Α
1983 400 2095 446 tace
2119 407 2184 445 ne
2207 392 2512 463 ﬂagellert's.
2540 390 2655 446 Non
2684 401 2766 447 est
2788 405 2817 446 a
2850 391 3009 447 nobis
3033 387 3269 461 primum
3299 390 3525 461 factum,
3549 394 3603 450 si

280 479 408 551 igit,
450 480 769 536 earumdem
822 481 965 537 idola
1014 484 1275 553 tollenda,
1306 497 1470 557 atque
1527 486 1594 543 ad
1657 503 1884 559 regnum

278 585 434 627 suum
454 574 837 630 transferenda
859 578 1089 645 putavit,
1107 588 1160 633 et
1182 579 1298 649 ipsa
1322 578 1620 647 adoranda;
1640 581 1726 635 cui
1758 582 1883 651 quia

276 661 481 719 dixerit
526 663 620 721 ille
662 666 755 722 Dei
800 666 1000 734 homo,
1034 684 1141 724 non
1189 670 1328 726 bene
1379 672 1529 727 illum
1584 674 1781 745 egisse,
1828 682 1885 729 ut

274 759 446 816 Deum
478 761 865 835 derelinquens
909 764 1051 837 idola
1101 766 1306 824 coleret
1344 770 1630 841 gentium,
1671 770 1883 829 fortiter

272 863 358 911 est
383 855 596 912 Domini
622 844 942 929 prophetam
967 860 1070 917 iste
1090 877 1183 918 rex
1212 874 1547 934 persecutus.
1575 868 1878 937 Conspicis,

270 947 420 1019 quod
450 949 506 1004 in
540 950 694 1006 vobis
722 954 1005 1009 conversis
1038 955 1089 1009 in
1119 956 1453 1026 apostasiam
1491 974 1710 1029 semper
1735 976 1879 1016 unus

271 1040 442 1097 fuerit
468 1042 684 1099 animus
720 1043 787 1100 ad
821 1048 1233 1119 persequendos
1280 1065 1409 1118 eos,
1440 1054 1529 1122 qui
1558 1052 1711 1108 vobis
1742 1054 1877 1110 bene

267 1137 461 1193 velint.
498 1137 566 1193 Et
593 1141 791 1211 factum
816 1149 891 1196 est
910 1183 925 1210 ,
951 1142 1082 1197 dicit
1122 1145 1392 1215 scriptura
1423 1158 1610 1202 sancta
1629 1189 1642 1213 ,
1667 1158 1875 1217 postea-

266 1247 427 1301 quam
476 1233 613 1287 venit
660 1233 897 1290 Amasias
944 1246 1205 1307 percutere
1257 1236 1582 1306 Idumtcam,
1609 1250 1655 1295 et
1701 1242 1875 1296 attulit

259 1324 390 1379 inde
409 1324 535 1381 deos
556 1326 743 1381 montis
764 1326 892 1401 .Seir
915 1369 931 1395 ,
962 1339 1010 1383 et
1037 1331 1212 1385 statuit
1239 1348 1325 1386 eos
1359 1331 1457 1387 sibi
1482 1333 1536 1386 in
1564 1334 1717 1401 deos,
1744 1342 1792 1389 et
1819 1335 1872 1389 in

258 1428 538 1490 conspectu
562 1436 743 1475 eorum
774 1422 1067 1491 adorabat,
1098 1433 1145 1479 et
1180 1425 1291 1493 ipse
1332 1426 1405 1480 eis
1442 1426 1763 1481 immolabat.
1802 1427 1870 1481 Et

255 1518 405 1585 facta
433 1524 509 1569 est
538 1531 696 1587 super
734 1514 761 1554 δ
791 1532 909 1571 eum
928 1518 1009 1573 ira
1038 1516 1256 1573 Domini
1279 1520 1334 1574 in
1363 1520 1629 1576 Amasiam
1650 1563 1665 1588 ,
1694 1531 1740 1575 et
1768 1522 1868 1576 mi-

255 1608 328 1661 sit
368 1607 439 1662 ad
482 1623 601 1663 eum
630 1609 935 1689 prophetam
980 1609 1243 1677 Baneam,
1270 1614 1501 1685 dixitque
1546 1615 1591 1668 ei
1618 1612 1823 1670 Baneas
1847 1631 1868 1669 :

257 1700 412 1768 Quid
427 1702 658 1773 quaesisti
684 1704 803 1757 deos
826 1704 1008 1773 papuli
1033 1746 1047 1770 ,
1078 1706 1167 1772 qui
1196 1721 1297 1760 non
1329 1706 1670 1761 liberaverunt
1698 1724 1865 1777 papu-

1989 486 2231 542 dicamns
2290 486 2385 540 tibi
2441 488 2679 555 erranti,
2726 486 3061 542 ordinationi
3113 488 3208 543 Dei
3276 487 3598 555 resistenti,

1989 595 2156 635 novas
2186 579 2301 634 vias
2331 580 2673 635 constituere
2707 580 2975 635 laboranti
3004 598 3016 632 :
3053 578 3198 635 Male
3225 581 3359 651 facis
3386 599 3489 636 non
3518 583 3596 639 ire

1985 689 2077 745 per
2114 674 2247 727 riam
2274 714 2288 738 ,
2321 689 2412 742 per
2456 689 2611 737 quam
2648 688 2829 726 omnes
2862 670 2961 725 Dei
3005 672 3227 726 cultores
3256 673 3324 726 ad
3367 672 3595 728 cwlestia

1984 770 2143 839 regna
2181 778 2540 840 pervenerunt.
2573 766 2778 837 Legisti
2810 765 2999 820 Oxiam
3028 774 3054 812 Β
3100 780 3282 835 regem
3310 765 3592 837 jnrgatum

1983 876 2013 916 a
2035 859 2413 917 sacerdotibus
2447 859 2695 923 Domini,
2727 876 2826 915 cur
2857 860 3048 915 illicita
3077 858 3269 914 fuisset
3305 873 3469 914 ausus
3489 875 3592 930 ge-

1982 970 2146 1009 rere:
2182 953 2247 1007 Et
2300 955 2551 1020 intravit,
2615 953 2793 1024 inquit
2848 952 3169 1021 Scriptura,
3228 952 3282 1005 in
3340 953 3591 1022 templum

1981 1046 2189 1101 Domini
2216 1047 2481 1101 incensum
2509 1061 2701 1116 ponere
2728 1062 2883 1115 super
2916 1044 3082 1098 altare
3108 1061 3124 1098 :
3157 1053 3205 1099 et
3232 1045 3444 1099 intravit
3475 1054 3593 1117 post

1979 1159 2094 1196 eum
2128 1141 2283 1197 Ozias
2313 1138 2341 1177 ιι
2369 1140 2611 1196 sacerdos
2633 1183 2649 1208 ,
2681 1152 2726 1195 et
2757 1157 2873 1193 cum
2899 1142 3013 1209 ipso
3048 1140 3343 1194 sacerdotes
3379 1140 3594 1196 Domini

1978 1240 2192 1310 triginta
2236 1237 2251 1275 ί
2305 1238 2403 1307 ﬁlii
2451 1237 2684 1302 virtutis,
2713 1244 2762 1290 et
2809 1243 3151 1290 surrexerunt
3197 1251 3353 1305 super
3401 1234 3590 1291 Odiam

1974 1351 2145 1407 regem
2170 1351 2189 1389 :
2218 1344 2265 1387 et
2292 1334 2533 1388 dixerunt
2572 1334 2662 1388 ei:
2694 1331 2816 1386 Non
2853 1332 2972 1386 licet
3025 1330 3115 1386 tibi
3152 1331 3288 1386 Odia
3314 1332 3588 1391 incendere

1976 1426 2220 1494 Domino,
2247 1427 2335 1481 sed
2362 1426 2712 1481 sacerdotibus
2741 1425 2867 1495 ﬁliis
2899 1425 3107 1489 Aaron,
3144 1425 3232 1493 qui
3273 1425 3597 1519 sancti/icati

1944 1532 2091 1579 .sunt
2118 1532 2172 1575 ut
2198 1523 2496 1577 incendant.
2540 1520 2644 1574 Exi
2692 1520 2755 1573 de
2781 1519 2975 1572 sanctis
3001 1559 3015 1583 ,
3048 1518 3289 1588 quoniam
3328 1518 3583 1572 recessisti

1971 1633 2002 1669 a
2024 1613 2269 1681 Domino,
2290 1623 2454 1669 etnon
2482 1615 2578 1668 erit
2600 1613 2691 1667 tibi
2712 1611 2855 1667 istud
2883 1611 2937 1664 in
2960 1611 3198 1665 honorea
3222 1609 3450 1666 Domino
3476 1609 3585 1663 Deo

1971 1709 2079 1784 (Ib.
2102 1725 2248 1771 xxvr,
2269 1707 2356 1774 l6,
2381 1706 2537 1779 seq.).
2571 1702 3289 1761 Diciscontumeliososillii
3318 1702 3486 1758 fuisse
3502 1719 3581 1759 re-

254 1793 371 1846 lum
392 1809 541 1847 suum
557 1794 619 1848 de
632 1810 785 1848 manu
809 1796 936 1850 tua?
966 1795 1034 1849 Et
1063 1800 1258 1867 factum
1279 1808 1374 1865 est,
1400 1807 1452 1852 ut
1476 1800 1771 1870 loqueretur
1792 1801 1859 1868 ei,
1892 1799 1943 1861 B
1968 1805 2017 1876 gi
2039 1803 2253 1858 Domini
2272 1802 2605 1865 sacerdotes,
2632 1801 2842 1856 necne?
2863 1800 2917 1855 Si
2943 1814 3043 1854 nec
3060 1798 3185 1853 dum
3206 1798 3426 1853 fuerunt
3443 1812 3575 1853 eon-

252 1888 395 1945 dixit
417 1892 486 1944 ad
506 1906 621 1945 eum
638 1908 656 1945 :
672 1889 944 1963 Numquid
955 1894 1311 1948 consiliarium
1334 1896 1468 1967 regis
1483 1896 1599 1950 dedi
1618 1895 1694 1951 te?
1709 1912 1828 1950 care
1843 1907 1865 1934 ο

259 1981 361 2036 tibi
376 1983 732 2055 ne/lagelleris
756 1983 1086 2055 (llParalip.
1122 1986 1703 2060 xxv,14,seq.).Vides,
1722 1990 1865 2044 Con-

230 2076 444 2143 stanti,
461 2092 624 2148 quam
644 2088 886 2135 amentes
912 2080 1250 2145 efficiamini,
1271 2089 1461 2153 postea
1476 2097 1636 2153 qnam
1655 2084 1867 2153 placue-

241 2170 491 2226 ritvobis
503 2170 719 2228 diabolo
737 2175 920 2229 vivere
933 2175 1259 2243 servientes,
1281 2186 1635 2247 posteaquam
1656 2177 1863 2247 placuec

239 2266 323 2320 rit
345 2265 502 2321 vobis
532 2269 746 2323 nescire
762 2267 933 2323 Deum
966 2278 1137 2324 totum
1174 2280 1473 2339 potentem,
1508 2281 1861 2342 posteaquam

238 2357 536 2429 elegeritis
561 2359 717 2415 vobis
747 2362 800 2416 in
829 2363 1214 2418 contumeliam
1245 2364 1336 2419 Dei
1358 2380 1453 2419 vos
1478 2374 1732 2436 oportere
1754 2372 1863 2421 sta-

241 2458 404 2506 tuere
436 2451 824 2509 idololatriam.
857 2453 927 2510 Ut
948 2457 1093 2510 enim
1124 2456 1213 2512 ille
1241 2456 1376 2512 dixit
1404 2476 1417 2512 :
1449 2457 1720 2528 Numquid
1746 2459 1799 2513 in
1833 2456 1859 2495 ί¹

237 2546 611 2602 consiliarium
666 2551 799 2621 regis
855 2551 977 2604 dedi
1017 2552 1107 2606 te?
1154 2568 1275 2608 cave
1334 2555 1424 2608 tibi
1476 2571 1539 2607 ne
1578 2555 1861 2627 ﬂagelleris

238 2635 359 2709 (Ib.
391 2638 506 2711 l6);
536 2639 609 2693 ita
630 2650 683 2696 et
701 2652 758 2696 tu
778 2662 789 2695 :
812 2640 1082 2713 Numquid
1104 2660 1189 2699 vos
1212 2645 1341 2699 mihi
1358 2647 1689 2701 consiliarios
1707 2648 1857 2719 elegi,

235 2730 420 2797 dicis,
454 2740 615 2786 utnon
659 2743 815 2805 prout
860 2736 987 2790 mihi
1039 2737 1287 2808 placitum
1328 2746 1403 2792 est
1428 2755 1605 2811 gerant
1630 2781 1643 2803 ,
1670 2747 1725 2791 ut
1754 2755 1858 2793 non

235 2826 381 2881 hanc
425 2835 620 2881 teneam
646 2828 784 2883 viam
809 2846 967 2901 quam
997 2834 1215 2885 tenuerit
1248 2833 1431 2887 Arius?
1456 2833 1565 2888 Nec
1582 2834 1858 2903 conspicis

233 2935 352 2991 quo
375 2921 633 2991 exemplo
663 2923 938 2978 interierit
960 2924 1451 2995 Arius?qnomodo
1474 2926 1527 2980 in
1553 2942 1677 2982 cum
1708 2926 1809 2982 fuit
1832 2937 1854 2964 θ

232 3011 582 3067 vindicatum
634 3014 930 3071 divinitus?
978 3017 1229 3084 Interea,
1264 3020 1390 3089 quia
1435 3018 1571 3074 dicis
1618 3033 1716 3074 nos
1760 3019 1855 3075 tibi

231 3123 368 3164 esse
404 3108 869 3177 contumeliosos,
912 3112 1037 3169 vide
1085 3113 1230 3168 hunc
1277 3113 1372 3169 Dei
1423 3113 1697 3169 hominem
1744 3129 1852 3168 non

233 3203 557 3272 pepercisse
581 3204 958 3276 consacrilego
978 3216 1069 3261 tuo
1094 3207 1171 3260 illi
1197 3207 1346 3277 regi,
1372 3206 1465 3261 sed
1494 3216 1846 3278 posteaquam
1877 3199 1922 3262 C

229 3294 450 3350 dictum
463 3305 549 3351 est
569 3297 641 3365 ei,
660 3297 794 3353 Tace
808 3315 870 3351 ne
882 3299 1162 3370 ﬂagelleris
1176 3298 1334 3372 (1b.),
1350 3298 1552 3354 dixisse
1573 3300 1639 3354 ad
1660 3301 1809 3355 illum
1835 3320 1848 3357 :

232 3389 370 3445 Scio
390 3407 485 3463 ego
501 3396 744 3463 quoniam
759 3391 1016 3447 Dominus
1034 3392 1173 3448 Deus
1202 3384 1464 3466 disperde:
1490 3405 1556 3456 te,
1581 3397 1668 3468 qui
1686 3396 1852 3467 fecisti

230 3482 414 3551 istud,
451 3494 498 3538 et
538 3501 641 3540 non
685 3485 943 3541 obaudisti
982 3487 1259 3541 consilium
1305 3505 1490 3542 meum.
1535 3487 1593 3542 ln
1640 3504 1742 3560 qua
1792 3505 1850 3545 re

232 3590 345 3632 nos
375 3578 549 3632 sentis
575 3580 1046 3635 contumeliosos?
1068 3595 1267 3649 nempe
1295 3584 1418 3653 quia
1450 3580 1680 3637 dicimus
1716 3582 1845 3636 tibi:

231 3670 358 3727 Nos
381 3672 571 3727 scimus
597 3716 611 3739 ,
642 3676 780 3743 quod
800 3676 959 3743 enim,
985 3677 1085 3730 nisi
1111 3677 1202 3730 tibi
1230 3677 1515 3747 provideris
1556 3687 1610 3731 ut
1642 3695 1850 3732 conver-

231 3765 369 3819 taris
398 3763 468 3817 ad
517 3764 703 3833 Deum,
733 3767 798 3821 sit
842 3776 889 3822 te
934 3766 1188 3822 Dominus
1240 3770 1310 3823 ad
1356 3780 1599 3824 wternam
1646 3750 1847 3839 plenam

230 3862 582 3916 damnaturus
600 3860 949 3933 (lbid.).ll:ec
965 3873 1049 3918 est
1065 3864 1422 3929 contumelia,
1445 3863 1561 3920 haec
1576 3866 1751 3920 omnis
1767 3866 1848 3920 in-

224 3954 402 4028 juria,
418 3956 543 4027 quia
560 3954 654 4011 tibi
670 3956 883 4012 dicatur
895 3972 993 4029 per
1010 3957 1103 4012 Dei
1120 3958 1416 4024 antistites,
1442 3959 1494 4013 in
1515 3968 1778 4015 aeternum
1797 3970 1849 4013 te

231 4051 587 4106 interiturum
610 4093 625 4118 ,
651 4051 754 4107 nisi
793 4053 1101 4108 correxeris
1133 4053 1245 4107 vias
1279 4063 1417 4106 tuas.
1467 4054 1582 4108 Non
1616 4055 1849 4110 credidit

231 4145 336 4201 ille
376 4161 471 4200 rex
515 4144 722 4201 homini
767 4146 887 4202 Dei.
929 4146 1066 4214 Quid
1099 4147 1280 4201 Statim
1312 4148 1360 4202 ci
1393 4150 1684 4213 acciderit,
1718 4150 1847 4205 dicit

230 4249 425 4295 sancta
475 4242 745 4310 scriptura
790 4241 868 4297 sic
901 4260 913 4296 :
946 4240 1011 4295 Et
1053 4243 1106 4296 in
1147 4251 1413 4314 tempore,
1467 4260 1569 4313 quo
1615 4245 1846 4299 discessit

230 4334 478 4389 Amasias
507 4352 538 4388 a
584 4333 842 4400 Domino,
883 4337 1276 4391 insurrexerunt
1321 4338 1391 4391 ad
1430 4355 1547 4393 eum
1587 4340 1847 4395 insurrec—

230 4431 397 4483 tione.
429 4428 491 4482 Et
510 4429 641 4500 fugit
660 4430 721 4483 ab
751 4428 1072 4489 Hierusalem
1097 4432 1149 4483 in
1167 4429 1375 4495 Lacln's,
1407 4443 1453 4486 et
1481 4433 1847 4505 interfecerunt

231 4538 353 4578 eum
372 4522 424 4575 in
442 4520 630 4577 Lac/iis
646 4520 1096 4593 (Ibid.'27).Sicet
1116 4533 1167 4578 te
1188 4525 1453 4578 malorum
1470 4535 1684 4580 tuorum
1705 4527 1847 4582 facta

1972 1898 2271 1962 tumeliosi,
2288 1910 2388 1951 nec
2404 1911 2501 1950 nos
2520 1895 2619 1950 tibi
2643 1893 2947 1961 videamur,
2963 1891 3399 1963 quandoquidem
3422 1892 3581 1946 simi-

1970 1993 2037 2047 lia
2071 1990 2260 2045 andias
2283 2006 2312 2043 a
2340 1988 2499 2043 nobis
2527 2003 2648 2058 quae
2670 1987 2907 2041 audierit
2926 1993 2981 2039 et
3004 1985 3094 2040 ille
3120 2000 3135 2040 :
3165 1983 3287 2039 Non
3319 1985 3435 2039 licet
3464 1983 3578 2052 tibi,

1970 2085 2273 2141 Constanti:
2294 2085 2487 2139 Ariano
2517 2100 2633 2137 cum
2659 2083 2761 2136 Dei
2779 2082 3047 2136 convenire
3073 2081 3289 2153 papula.
3316 2078 3437 2134 Non
3458 2080 3579 2135 licet

1970 2179 2060 2234 tibi
2088 2178 2402 2232 idololatria:
2427 2176 2636 2230 Arianae
2665 2175 2873 2229 haeresis
2907 2175 3140 2238 auctori,
3179 2173 3415 2243 negatori
3437 2172 3579 2226 unici

1969 2272 2101 2327 Filii
2120 2271 2218 2326 Dei
2230 2271 2294 2325 de
2307 2270 2403 2324 Dei
2418 2268 2773 2324 sacerdotibus
2783 2266 3050 2339 judicare,
3065 2265 3317 2336 sacrilego
3332 2262 3358 2301 ιι
3379 2266 3582 2335 [ingens

1965 2380 2013 2425 te
2031 2367 2383 2423 Christianum
2412 2382 2526 2419 cum
2555 2365 2625 2418 sis
2650 2362 2957 2417 Antichristi
2980 2376 3294 2430 prazcursor.
3331 2358 3455 2413 Non
3478 2359 3577 2412 erit

1963 2462 2055 2516 tibi
2076 2461 2262 2515 bonum
2287 2502 2302 2527 ,
2334 2468 2390 2513 ut
2416 2456 2515 2511 Dei
2550 2457 2737 2511 tollens
2764 2455 3059 2509 sacerdotes
3098 2453 3306 2507 ordines
3342 2450 3357 2488 ¹
3394 2454 3577 2506 adver-

1963 2558 2129 2612 sarios
2159 2560 2273 2629 ejus
2298 2596 2313 2620 ,
2346 2554 2570 2624 collegas
2618 2552 2814 2607 scilicet
2837 2550 3099 2621 sacrilegii
3148 2549 3246 2603 tui.
3279 2546 3412 2604 Cum
3457 2548 3576 2603 hinc

1962 2653 2150 2718 audis,
2177 2648 2432 2705 irasceris
2464 2647 2656 2702 nobis:
2691 2647 2864 2700 iratus
2885 2654 2971 2700 est
3002 2652 3059 2698 et
3091 2642 3203 2697 illis
3232 2650 3362 2697 tunc
3388 2655 3577 2697 sacer-

1962 2746 2183 2803 dotibus
2230 2743 2441 2798 Domini
2488 2740 2655 2795 Odias
2703 2754 2844 2794 rex:
2878 2738 2977 2794 sed
3026 2736 3253 2792 adverte
3295 2734 3421 2790 illos
3463 2735 3577 2789 Deo

1962 2842 2177 2897 dicatos
2240 2844 2567 2908 perpetuum
2618 2842 2790 2888 status
2835 2832 2919 2887 sui
2978 2830 3223 2887 tenuisse
3272 2830 3568 2893 honorem,

1959 2934 2150 2991 Odiam
2208 2947 2342 2987 vero
2396 2928 2461 2984 ad
2523 2926 2879 2998 opprobrium
2949 2923 3346 2993 sempiternum
3406 2922 3573 2989 lcprte

1959 3028 2247 3084 coiifestim
2273 3024 2544 3079 varietate
2571 3021 2925 3075 maculatum.
2952 3016 3023 3072 Et
3054 3018 3222 3071 iratus
3251 3026 3345 3082 est,
3368 3015 3567 3086 inquit,

1962 3121 2123 3177 Odias
2141 3163 2155 3185 ,
2183 3129 2229 3174 et
2254 3120 2305 3173 in
2330 3134 2483 3171 manu
2510 3116 2623 3187 ejus
2651 3123 2761 3169 erat
2800 3112 2967 3166 altare
2992 3120 3057 3177 ω,
3090 3119 3146 3163 ut
3190 3108 3483 3163 incenderet
3512 3109 3567 3163 in

1953 3234 2044 3271 ara
2060 3226 2089 3253 η
2104 3232 2122 3270 :
2136 3223 2182 3268 et
2208 3217 2352 3280 lepra
2373 3204 2617 3283 apparuit
2636 3210 2688 3260 in
2708 3210 2879 3279 fronte
2898 3208 3012 3279 ejus
3032 3205 3085 3257 in
3100 3213 3378 3272 conspectu
3389 3217 3560 3255 sacer-

1954 3309 2129 3363 dolum
2152 3308 2205 3361 in
2232 3306 2385 3359 domo
2408 3300 2805 3371 Domini(lbid.
2837 3298 2945 3369 19).
2971 3298 3093 3351 Ilaec
3117 3297 3191 3352 ita
3212 3304 3369 3359 sunt,
3396 3305 3449 3348 et
3471 3309 3563 3349 ar-

1952 3376 2174 3460 bitraris
2209 3412 2259 3456 te
2284 3407 2665 3455 contumacem
2693 3394 3173 3465 prtevaricatorem
3202 3405 3309 3445 non
3344 3388 3565 3445 trahere

1951 3500 2217 3554 offensam
2251 3493 2391 3565 apud
2426 3507 2551 3547 eum
2576 3532 2590 3556 ,
2625 3491 2717 3555 qui
2749 3503 2853 3543 nos
2876 3502 2989 3542 sua:
3016 3485 3327 3541 claritudini
3361 3499 3559 3555 perpe-

1952 3604 2044 3650 tuo
2072 3591 2398 3664 praeceperit
2423 3586 2720 3644 sacerdotii
2750 3592 3154 3665 reprmsentare
3180 3579 3393 3636 ofﬁcia?
3422 3581 3558 3646 Quae

1951 3689 2055 3743 ista
2094 3694 2282 3743 nostra
2307 3728 2321 3751 ,
2351 3682 2668 3745 Constanti,
2704 3679 2958 3750 superbia
3015 3685 3099 3731 est
3120 3716 3135 3742 ,
3168 3689 3361 3744 quasve
3393 3688 3554 3729 arro-

1950 3780 2169 3852 gantia?
2197 3779 2240 3833 si
2264 3821 2276 3842 ,
2302 3777 2428 3848 quia
2456 3784 2510 3830 te
2539 3773 2820 3829 videamus
2848 3770 3157 3825 morbidum
3188 3783 3313 3824 esse
3335 3808 3349 3834 ,
3385 3766 3555 3837 pesti-

1951 3874 2123 3928 ferum
2149 3914 2163 3937 ,
2204 3871 2405 3942 quippe
2445 3867 2740 3931 Arianum,
2776 3863 3150 3934 elephantiam
3204 3862 3259 3917 in
3316 3873 3368 3918 te
3408 3875 3556 3931 esse,

1950 3967 2075 4037 quia
2104 3967 2261 4020 istam
2286 3962 2700 4018 consideremus
2727 3959 2873 4013 illam
2898 3973 3059 4028 quam
3083 3956 3248 4011 Arius
3272 3956 3552 4023 habuerit,

1951 4059 2093 4130 quod
2124 4071 2417 4129 urgeamus
2447 4066 2499 4110 te
2526 4053 2785 4109 secedere
2828 4068 2858 4107 e
2891 4052 3092 4121 populo
3135 4051 3229 4105 Dei
3256 4092 3271 4114 ,
3305 4053 3443 4105 sicut
3478 4050 3556 4105 illi

1948 4153 2263 4209 sacerdotes
2311 4150 2527 4205 Domini
2577 4147 2768 4202 Odiam
2816 4144 2883 4200 de
2930 4144 3138 4210 templo
3186 4142 3554 4212 compulerint

1949 4246 2167 4318 egredi,
2199 4245 2323 4315 quia
2350 4252 2401 4298 te
2432 4242 2509 4297 ita
2558 4255 2812 4310 cogamus
2842 4238 2975 4291 dare
3017 4235 3130 4290 Deo
3172 4235 3458 4289 honorem.
3492 4232 3551 4290 Si

1950 4342 2094 4396 enim
2118 4339 2308 4395 Odium
2328 4338 2422 4391 Dei
2454 4335 2773 4390 sacerdotes
2801 4332 3006 4386 idcirco
3030 4328 3305 4399 pellebant
3331 4344 3397 4383 ex
3426 4327 3549 4383 aula

1952 4435 2081 4500 Dei,
2116 4435 2240 4506 quia
2268 4432 2649 4487 meminissent
2680 4427 2945 4482 divinitus
2973 4434 3341 4494 prteceptum,
3371 4423 3551 4493 lepro-

1950 4547 2042 4588 sos
2084 4541 2210 4585 ante
2253 4527 2619 4598 expiationem
2666 4522 2874 4594 ingredi
2918 4521 3178 4590 templum
3214 4517 3550 4588 prohibitos,

230 4623 526 4683 potuerunt
559 4628 907 4679 conservare,
934 4614 1096 4677 tueri,
1123 4630 1185 4670 ac
1212 4615 1532 4685 defendere,
1564 4621 1838 4688 quomodo
1874 4592 1926 4653 D
1950 4635 2153 4696 quanto
2184 4623 2356 4692 magis
2384 4634 2483 4674 nos
2510 4618 2674 4689 digne
2698 4627 2749 4672 te
2773 4657 2788 4682 ,
2829 4613 3086 4684 conspice
3120 4622 3144 4648 ο
3170 4654 3184 4679 ,
3215 4629 3283 4668 ex
3312 4614 3547 4668 ecclesia

230 4715 291 4762 et
316 4706 501 4763 illum.
531 4707 621 4777 qui
654 4706 791 4762 dixit
814 4706 1019 4763 homini
1048 4708 1149 4763 Dei
1179 4725 1279 4779 pro
1325 4714 1500 4767 salute
1546 4713 1719 4783 ipsius
1754 4717 1835 4768 lo-

228 4800 423 4873 quenti
460 4817 474 4856 :
512 4798 785 4872 Numquid
825 4802 1182 4857 consiliarium
1224 4812 1273 4858 te
1326 4806 1436 4876 regi
1478 4809 1724 4864 constitui
1777 4808 1839 4862 ιγ

308 4994 336 5023 ι
374 4984 452 5041 Ita
488 4999 611 5041 cum
642 4983 823 5039 Latin.
857 4994 1029 5040 recte.
1064 4982 1370 5055 Legebatur
1402 4992 1583 5052 antea,
1618 4985 1742 5055 quia
1764 4985 1847 5041 hic

256 5058 392 5113 'acit.
418 5066 524 5113 etc.

228 5057 551 5203 fuitsigér
574 5146 693 5183 eum
738 5128 911 5203 demit
955 5126 1136 5203 Latin.
1164 5168 1183 5203 ,
1208 5126 1367 5203 abest
1394 5136 1449 5182 et
1464 5141 1508 5203 Aa
1531 5126 1745 5203 Graeco.

308 5211 330 5239 ε
374 5198 529 5273 Legit
556 5212 667 5257 tace
697 5201 861 5269 paulo
890 5198 1118 5254 inferius
1170 5198 1311 5253 idem
1344 5198 1592 5265 Lucifer;
1624 5201 1719 5256 sed
1748 5215 1841 5272 ap-

232 5272 343 5347 tius
379 5272 501 5329 caue
530 5274 639 5327 tibi.
663 5315 678 5338 ,
708 5273 1173 5347 Gra‘c.arpéasxs.
1213 5343 1253 5347 __
1571 5344 1582 5347 _
1675 5344 1682 5347 _
1730 5318 1735 5323 .

304 5345 329 5384 d
374 5349 440 5399 In
466 5346 670 5399 omittit
699 5360 861 5415 supra
902 5343 1048 5398 idem
1084 5343 1346 5409 Lucifer,
1373 5352 1425 5399 et
1461 5344 1623 5414 paulo
1672 5343 1833 5399 infra.

308 5428 333 5457 θ
365 5415 566 5473 Fuerit.
608 5416 779 5471 Vatic.
800 5440 849 5485 ο

308 5490 329 5529 ι
376 5488 508 5543 Dedi
538 5489 699 5544 habet
730 5502 892 5556 Supra
926 5486 1065 5541 idem
1096 5485 1311 5541 Lucifer
1343 5501 1444 5557 pro
1490 5488 1755 5543 constitui.

306 5571 331 5611 s
373 5561 653 5616 Librarius
703 5558 821 5613 btrc
871 5557 1179 5613 immutavit
1211 5576 1223 5614 :
1257 5571 1414 5613 vetns
1462 5560 1606 5612 enim
1658 5560 1833 5615 codex

231 5635 365 5703 legit
416 5632 863 5704 Odiamrrcgem,
905 5630 1189 5704 etdOziam
1235 5630 1549 5704 sacerdotem
1594 5632 1837 5699 appellat

232 5700 333 5780 prii
357 5705 571 5780 Azaria.
598 5700 945 5780 Til.:0diam;
968 5702 1147 5759 Vatic.
1174 5713 1231 5758 et
1253 5704 1428 5758 Latin.
1465 5700 1627 5757 Odias
1651 5704 1696 5758 is
1727 5712 1832 5771 est,

232 5775 323 5850 qui
357 5775 598 5850 inVulg.
633 5776 788 5850 Ozias
814 5790 930 5850 rex.

305 5846 333 5885 ³*
371 5845 522 5904 Idem
551 5845 641 5919 Qui
675 5847 889 5901 Axarias
913 5845 965 5901 in
996 5845 1147 5917 Vulg.

1947 4718 2153 4787 pellere
2181 4712 2419 4777 Christi,
2445 4711 2512 4766 de
2551 4710 2715 4765 domo
2741 4707 2994 4771 Domini,
3024 4706 3149 4775 quia
3180 4721 3289 4759 non
3324 4706 3394 4758 sit
3424 4704 3547 4759 lici-

1948 4821 2059 4866 tum
2096 4808 2414 4865 haereticum
2441 4801 2742 4861 convenire
2769 4816 2893 4857 cum
2937 4798 3254 4865 catholicis,
3296 4798 3549 4853 insanum

2029 4988 2046 5025 ί
2088 5003 2258 5052 Lxxx,
2285 4984 2462 5041 Latin.
2496 4998 2563 5039 ex
2588 4981 2801 5038 Grteco.

2024 5061 2040 5109 i
2091 5058 2497 5129 Illos.Latin._
2568 5126 2596 5129 _
2702 5124 2735 5129 __
2876 5122 2896 5129 A
3203 5118 3237 5129 ..

2021 5130 2044 5203 ξε
2090 5118 2413 5203 δαενὶιεθιιδγ.
2448 5127 2524 5203 I_d.
2558 5124 2832 5203 δᾳενὶιρρο
2860 5122 3080 5203 ﬁngere’
3110 5118 3350 5203 melius’-
3437 5189 3471 5203 .-

2022 5200 2039 5240 1
2088 5204 2213 5258 Haec
2258 5188 2325 5257 ué
2372 5200 2658 5274 EpiscOpis
2680 5188 2954 5274 ‘Ar'ian’is,
3004 5207 3161 5274 quos.
3189 5188 3543 5274 goustantius

1943 5275 2238 5331 Catholicis
2272 5263 2531 5329 Ecclésiis
2559 5263 2759 5340 praefici
2784 5271 3055 5339 jusserat;
3086 5263 3163 5317 uti
3190 5263 3303 5331 jam
3335 5263 3538 5317 dictum

1940 5347 2181 5402 inlibris
2213 5345 2629 5416 superioribus._
2690 5414 2699 5416 _
2779 5410 2809 5416 _
2985 5406 3005 5416 -
3101 5403 3146 5416 ...
3204 5405 3215 5416 .
3445 5404 3456 5416 .
3528 5403 3543 5415 ο

2008 5428 2049 5455 ιη
2089 5403 2381 5474 Contendit
2405 5414 2655 5471 Galland.
2689 5414 2741 5466 in
2770 5410 2960 5467 Graeco
2985 5403 3217 5460 Luciferi
3245 5403 3547 5475 exemplari

1941 5491 2203 5545 mendose
2248 5494 2508 5561 scriptum
2559 5487 2728 5541 fuisse
2758 5484 3157 5561 Quataarriptov,
3201 5478 3394 5561 altare.
3446 5492 3545 5561 pro

1942 5565 2275 5641 θυμιατήριον
2296 5605 2309 5627 ,
2343 5551 2691 5641 tituribttlum,
2716 5559 2788 5641 uti
2824 5551 3415 5641 feruntﬁeptuagitlt‘ai
3442 5552 3541 5641 sed

1941 5620 2085 5689 forte
2107 5620 2307 5690 se'nsus'
2329 5645 2414 5690 est
2432 5675 2447 5697 ,
2472 5620 2706 5685 manibus
2736 5626 2934 5682 tenebat
2969 5623 3169 5686 altare;
3194 5628 3251 5675 et
3276 5621 3419 5676 idem
3443 5620 3545 5675 ha-

1946 5707 2034 5761 bet
2064 5708 2249 5762 Subat.

1956 5806 1981 5831 κ
2015 5787 2043 5814 ιι
2082 5780 2186 5831 Ara
2213 5796 2306 5832 sua
2331 5821 2345 5840 ,
2376 5776 2551 5831 Vatic.

2016 5850 2040 5876 ⁸
2084 5848 2350 5915 Conspicis
2374 5889 2385 5915 ,
2415 5847 2593 5901 Latin.
