4042 6338
537 237 637 318 osi
1611 251 1937 314 Luetrsiu
1977 253 2285 332 EPlSCOPl
2325 252 2751 312 causam
3695 262 3778 319 εει

532 375 652 431 erit.
698 372 767 429 Et
808 373 1077 444 respondit
1126 373 1306 440 Amos,
1340 380 1388 426 et
1417 371 1548 426 dixit
1587 369 1656 426 ad
1682 371 1949 427 Amasiam
1970 387 1990 426 :
2019 369 2139 426 Non
2170 379 2226 439 Α
2247 367 2374 426 mihi
2403 371 2652 426 remansit
2679 371 2796 442 plus
2825 386 2981 442 quam
3011 385 3144 426 uxor
3171 387 3280 425 mea
3308 371 3469 436 Anna,
3501 373 3666 430 Tobias
3690 374 3713 413 ιι
3733 378 3781 448 ﬁ'

539 485 683 525 eram
712 468 967 539 propheta
1004 475 1052 535 α,
1101 483 1264 539 neque
1292 466 1436 536 ﬁlius
1465 466 1732 538 propheta:
1757 482 1872 520 sum
1910 482 2026 538 ego,
2056 465 2146 520 sed

539 572 721 634 pastor
751 578 892 616 eram
919 577 1196 633 caprarum
1219 559 1489 626 vellicans,
1517 570 1566 615 et
1592 558 1913 630 assumpsit"
1935 575 2012 613 nte
2038 557 2148 612 Do-

537 657 711 709 minus
735 654 800 708 de
831 652 1008 708 ovibus
1032 669 1051 708 :
1081 664 1128 708 et
1169 654 1303 708 dixit
1327 653 1396 707 ad
1429 669 1507 706 me
1529 670 1548 708 :
1586 647 1729 706 Vade
1757 653 2070 723 prophetare
2093 652 2146 706 in

537 748 738 820 plebem
766 764 932 802 meam
963 745 1153 802 Israel.
1189 745 1255 800 Et
1285 763 1419 801 nunc
1449 745 1576 800 audi
1605 747 1812 800 verbum
1844 757 1866 786 ο
1897 744 2146 800 Domini:

539 838 624 894 Tu
655 840 788 894 dicis
811 857 830 894 :
866 837 991 894 Non
1031 838 1366 910 prophetabis
1405 839 1458 892 in
1489 837 1679 905 Israel,
1717 849 1764 893 et
1793 855 1895 893 non
1935 855 2148 909 congre-

537 935 748 1006 gabitur
775 935 826 989 in
867 937 1020 989 domo
1055 931 1239 988 Iacob.
1278 933 1502 1003 Propter
1547 935 1644 988 hoc
1672 931 1698 970 ἀ
1731 933 1839 988 lucc
1882 935 2006 988 dicit
2038 932 2146 988 Do-

539 1032 713 1086 minus
744 1031 884 1087 Deus
911 1048 930 1086 :
961 1030 1111 1087 Uxor
1139 1040 1229 1086 tua
1255 1031 1308 1084 in
1334 1031 1542 1084 civitate
1567 1030 1842 1100 prostabit,
1867 1041 1912 1084 et
1941 1030 2042 1101 ﬁlii
2069 1031 2148 1084 tui

538 1134 590 1180 et
626 1125 752 1195 ﬁlia:
781 1136 883 1180 tua:
926 1123 1106 1195 gladio
1137 1123 1396 1189 deciderit,
1430 1133 1566 1178 terra
1598 1133 1686 1176 tua
1717 1124 1953 1194 funiculo
1991 1133 2148 1179 mete-

539 1217 704 1285 bitur,
733 1227 783 1271 et
811 1227 866 1270 tu
896 1218 950 1271 in
977 1226 1114 1270 terra
1158 1215 1428 1270 immunda
1466 1217 1722 1281 morieris,
1771 1214 1940 1271 Israel
1977 1228 2147 1272 autem

541 1314 775 1381 captiuus
816 1310 1034 1366 duretur
1060 1328 1093 1364 a
1137 1319 1273 1364 terra
1307 1327 1403 1365 sua
1437 1321 1485 1363 θ.
1514 1308 1651 1365 Cutn
1685 1309 1801 1365 hmc
1829 1325 1953 1366 esse
2005 1311 2145 1368 facta

538 1401 750 1459 videris
770 1403 839 1456 ab
863 1417 952 1466 eo.
984 1402 1076 1472 qui
1105 1403 1392 1457 veritatem
1418 1411 1471 1456 et
1502 1403 1914 1472 correptionem
1948 1403 2148 1474 populo

540 1510 641 1551 suo
685 1496 895 1551 erranti
929 1497 1185 1550 voluerat
1231 1495 1502 1560 nuntiari,
1535 1510 1634 1550 cur
1661 1494 1815 1551 dicas
1847 1511 1950 1550 nos
1997 1497 2146 1552 inso-

540 1574 744 1656 lentes,
779 1605 878 1646 cur
922 1590 1383 1654 contumeliosos,
1431 1589 1559 1660 quia
1600 1603 1722 1659 qum
1753 1597 1881 1644 sunt
1911 1591 2149 1646 erratico

541 1685 642 1742 tibi
669 1700 801 1740 vera
834 1685 1129 1740 dicamus?
1156 1685 1282 1754 quia
1313 1697 1419 1738 non
1461 1695 1606 1738 tuam
1639 1683 1926 1738 audiamus
1954 1699 2146 1740 vocem

2253 467 2356 521 lius
2379 481 2544 520 meus.
2579 463 2650 520 Et
2681 465 2695 502 ί
2731 467 2946 537 contigit
2967 474 3083 538 post
3103 466 3214 520 dies
3233 465 3564 537 quadraginta
3586 469 3781 540 quinque,

2251 559 2550 613 occiderunt
2579 575 2750 630 regem
2791 559 2943 614 illum
2986 559 3085 629 ﬁlii
3111 562 3248 633 ejus,
3277 569 3322 614 et
3348 563 3562 631 regnauit
3597 563 3783 619 Arcado—

2253 669 2432 708 nossar
2450 653 2590 719 ﬁlius
2612 655 2724 725 ejus
2751 671 2847 726 pro
2877 670 2936 710 eo
2959 654 3092 710 illic.
3120 653 3189 709 Et
3217 655 3231 704 l
3269 671 3380 708 cum
3406 657 3627 711 uenissem
3649 659 3694 713 in
3713 660 3786 714 do-

2251 764 2333 803 mo
2363 765 2494 814 mea,
2528 758 2574 803 et
2599 749 2806 805 reddita
2835 758 2911 804 est
2941 747 2968 786 ¹ί
2996 748 3124 802 mihi
3144 753 3278 803 uxbr
3306 765 3414 804 mea
3439 750 3594 810 Anna.
3615 761 3654 806 et
3674 754 3784 821 ﬁlius

2250 859 2392 897 meus
2449 841 2658 898 Tobias.
2701 841 2768 898 In
2809 843 3111 899 Pentecoste
3151 842 3237 897 die
3283 847 3408 913 festo
3439 854 3616 914 nostro,
3638 848 3708 918 qui
3731 857 3784 900 est

2248 945 2459 990 sanctus
2476 952 2540 992 ex
2559 935 2577 974 ι
2597 937 2920 1010 septimanis,
2937 941 3134 1008 factum
3148 946 3223 992 est
3239 937 3618 1006 mihiprandium
3640 940 3786 994 bonum

2251 1028 2414 1098 (Tob.
2477 1046 2532 1094 It,
2591 1031 2668 1100 1).
2729 1040 2778 1086 et
2831 1031 3066 1085 discubui
3125 1042 3180 1084 ut
3216 1030 3550 1103 pranderem,
3593 1041 3632 1086 et
3657 1033 3785 1102 potita

2249 1131 2325 1175 est
2368 1123 2494 1178 mihi
2526 1139 2723 1200 mensa.
2761 1132 2809 1177 et
2847 1123 2954 1178 vidi
2991 1124 3341 1196 pulmentaria
3367 1126 3728 1194 quamplurima,
3751 1135 3786 1180 et

2251 1213 2362 1268 dixi
2403 1214 2580 1270 Tobiae
2623 1217 2732 1284 ﬁlio
2776 1232 2888 1272 meo
2922 1233 2940 1271 :
2987 1217 3129 1272 Vade
3172 1226 3222 1272 et
3275 1217 3444 1271 adduc
3487 1234 3787 1289 quemcumque

2252 1325 2530 1377 pauperem
2558 1309 2812 1364 inveneris
2829 1326 2892 1364 ex
2923 1311 3172 1381 fratribus
3204 1311 3392 1365 nostris
3413 1311 3498 1374 qui
3515 1322 3622 1364 sunt
3647 1313 3789 1382 captivi

2249 1402 2304 1455 in
2335 1399 2542 1466 Ninive,
2582 1403 2670 1472 qui
2697 1413 2867 1457 tamen
2896 1403 2951 1458 in
2980 1404 3146 1459 mente
3173 1403 3360 1458 habent
3387 1413 3426 1440 ω
3455 1402 3608 1458 Deum
3640 1405 3688 1459 in
3711 1413 3790 1459 toto

2252 1494 2408 1550 corde
2431 1512 2526 1550 suo
2546 1513 2565 1563 ;
2587 1496 2725 1550 hunc
2743 1496 2940 1563 adduc;
2963 1506 3009 1551 et
3023 1497 3302 1552 manducet
3323 1498 3511 1566 pariter
3528 1513 3700 1553 mecum
3719 1501 3790 1554 hoc

2253 1589 2529 1660 prandium
2557 1607 2576 1646 :
2599 1608 2713 1646 ecce
2736 1593 2964 1647 sustineo
2992 1603 3061 1660 te,
3093 1593 3190 1662 ﬁli,
3223 1591 3387 1648 donec
3413 1595 3596 1648 venias.
3624 1593 3680 1648 Et
3699 1598 3790 1650 exiit

2252 1694 2280 1722 ιι
2315 1684 2499 1740 Tobias
2528 1687 2786 1753 inquirere
2811 1687 3036 1758 aliquem
3065 1705 3346 1760 pauperem
3373 1690 3615 1760 captiuum
3637 1707 3690 1745 ex
3712 1694 3793 1760 fra-

542 1779 843 1844 dicentem,
874 1777 1053 1833 Nolite
1073 1778 1281 1833 credere
1297 1777 1448 1830 sicuti
1461 1757 1789 1832 crediderunt
1809 1777 2145 1848 patriarchtc,
2180 1786 2227 1846 Β
2255 1777 2416 1831 tribus
2455 1773 2667 1844 nostris,
2699 1793 2748 1833 et
2776 1757 3006 1835 reuersus
3035 1757 3180 1834 dixit?
3201 1781 3332 1836 mihi
3356 1798 3374 1834 :
3401 1757 3573 1835 Pater.
3601 1779 3658 1834 Et
3681 1757 3793 1836 dixi:

542 1869 826 1943 praphetae,
869 1870 1115 1940 apostoli,
1146 1888 1206 1925 ac
1236 1880 1509 1942 martyres,
1548 1869 1640 1924 sed
1669 1871 1863 1925 credite
1889 1871 2146 1942 quomodo

541 1966 816 2020 tradiderit
859 1967 1013 2020 Arius
1041 1967 1066 2021 ?
1093 1967 1149 2020 In
1182 1967 1383 2038 quibus
1431 1967 1597 2022 rebus
1643 1965 1787 2036 apud
1837 1975 1890 2022 te
1921 1966 2145 2038 superbi

542 2058 901 2114 invenimur?
925 2059 1029 2112 nisi
1066 2058 1118 2112 in
1144 2058 1248 2113 hoc
1277 2058 1422 2128 quod
1453 2058 1741 2128 sacrilegia
1771 2067 1862 2112 tua
1891 2073 2150 2115 exsecre-

545 2165 694 2216 mur,
728 2160 1111 2221 praeceptaque
1139 2159 1227 2204 tua
1254 2159 1313 2204 ut
1334 2151 1546 2220 gladios
1578 2161 1744 2221 atque
1770 2165 1984 2206 venena
2011 2151 2149 2206 vite-

546 2261 690 2301 mus.
723 2244 842 2300 Non
879 2245 982 2300 hoc
1011 2245 1216 2299 iactant
1263 2261 1292 2300 a
1325 2244 1484 2301 nobis
1513 2253 1598 2301 est
1637 2246 1908 2316 primum:
1956 2260 2149 2301 onmes

539 2341 644 2408 illi,
691 2341 783 2411 qui
819 2341 936 2412 jam
983 2341 1094 2396 Deo
1124 2342 1451 2407 placuerunt
1483 2339 1625 2394 hanc
1669 2349 1921 2396 tenentes
1951 2338 2146 2407 ﬁdem,

539 2446 704 2508 quam
736 2452 836 2491 nos
871 2436 1261 2506 praedicamus,
1295 2435 1440 2490 istud
1473 2434 1765 2501 fecerunt;
1807 2449 1970 2491 nemo
2002 2449 2152 2490 mor-

542 2537 655 2585 tem
682 2529 865 2584 timuit
892 2528 1177 2599 suscipere
1207 2543 1306 2598 pro
1349 2529 1462 2584 Deo
1494 2543 1562 2584 ex
1604 2527 1724 2598 ejus
1752 2527 1952 2596 servis,
1990 2543 2151 2584 nemo

539 2622 878 2679 famulorum
924 2624 1046 2694 ejus
1069 2623 1329 2693 cogitavit
1358 2631 1759 2678 tormentorum
1791 2625 1998 2692 genera‘
2029 2638 2152 2694 qua:

543 2731 574 2772 a
603 2717 760 2774 vobis
789 2716 1101 2772 inferuntur
1129 2716 1398 2788 tyrannis,
1430 2715 1526 2770 sed
1555 2715 1706 2770 illius
1723 2726 2000 2787 praecepta
2024 2727 2152 2772 ante

543 2815 736 2869 oculos
759 2813 974 2868 habuit.
1003 2813 1093 2868 Sic
1121 2813 1323 2866 Tobias
1347 2811 1627 2882 gloriosus
1657 2811 1968 2882 prtecipuus
2000 2812 2153 2869 inve-

546 2908 700 2964 nitur
748 2908 928 2963 lactus
963 2906 1106 2978 apud
1156 2907 1469 2974 Dominum,
1500 2906 1630 2962 dum
1679 2922 1786 2963 non
1819 2909 2151 2978 comperditi

544 3003 621 3058 tui
652 3003 800 3073 regis
831 3001 988 3055 timet
1015 2999 1278 3067 edictum,
1321 2999 1416 3055 sed
1449 3000 1630 3054 solum
1662 3009 1836 3054 totum
1869 3007 2148 3070 potentem

543 3093 740 3150 Deum.
774 3091 901 3148 Hmc
941 3092 1015 3146 ita
1050 3106 1176 3146 esse
1201 3090 1308 3161 ipsi
1352 3098 1518 3147 crede
1549 3091 1737 3146 Tobiae
1767 3092 1972 3147 dicenti
2001 3109 2016 3148 :
2053 3092 2152 3148 Ubi

2254 1868 2394 1935 Quid
2433 1881 2532 1936 est,
2561 1870 2685 1940 ﬁli?
2715 1868 2784 1925 Et
2829 1872 2960 1926 dixit
3003 1869 3174 1927 mihi:
3206 1871 3342 1927 Ecce
3387 1889 3516 1926 unus
3543 1874 3602 1925 de
3639 1873 3798 1928 nations

2252 1972 2427 2017 nostra
2453 1965 2653 2020 occisus
2677 1966 2862 2035 laqueo
2888 1965 3229 2031 circumdato,
3257 1968 3514 2039 projectus
3541 1974 3626 2020 est.
3654 1963 3798 2018 Etesii

2249 2055 2429 2111 relicto
2445 2057 2666 2129 prandio
2683 2074 2818 2123 meo,
2846 2069 3120 2126 antequam
3140 2059 3344 2125 aliquid
3369 2075 3434 2114 ex
3451 2059 3542 2113 illo
3561 2069 3795 2129 gustarem;

2249 2159 2297 2204 et
2328 2155 2375 2200 οἷς
2420 2150 2545 2204 tollo
2573 2151 2720 2205 illum
2751 2150 2815 2206 de
2857 2151 3029 2222 platea
3075 2151 3128 2205 in
3156 2168 3319 2207 unum
3365 2153 3530 2207 locum
3566 2150 3687 2220 apud
3720 2165 3794 2215 me,

2251 2241 2413 2298 donec
2436 2244 2514 2297 sol
2541 2244 2819 2310 occideret,
2834 2257 2888 2300 ut
2907 2246 3053 2300 illum
3071 2247 3345 2318 sepelirem
3368 2262 3386 2301 :
3407 2257 3456 2302 et
3476 2253 3684 2301 reuersus
3702 2246 3794 2307 lari.

2253 2346 2299 2391 et
2324 2339 2635 2393 manducaui
2671 2338 2950 2410 prandium
2983 2355 3150 2394 meum
3177 2357 3300 2394 cum
3328 2341 3490 2404 luctu,
3520 2351 3564 2393 et
3600 2352 3797 2392 remeam-

2252 2441 2398 2484 ratus
2437 2447 2552 2484 sum
2587 2447 2884 2486 sermonum
2915 2433 3181 2502 propheta:
3209 2433 3393 2500 Amos,
3434 2450 3554 2504 quos
3589 2444 3615 2483 Ρ
3640 2432 3796 2488 locutus

2251 2533 2329 2580 est
2357 2525 2412 2578 in
2451 2523 2654 2590 Bethel,
2685 2524 2864 2580 dicens
2883 2541 2902 2580 :
2930 2525 3303 2581 Convertentur
3333 2526 3442 2581 dies
3477 2527 3586 2599 testi
3612 2526 3738 2580 restri
3757 2525 3797 2577 iu

2253 2619 2469 2686 luctum,
2497 2628 2544 2672 et
2589 2620 2763 2673 omnia
2795 2620 2999 2673 cantica
3029 2628 3197 2674 uestra
3238 2621 3294 2674 in
3325 2621 3796 2675 mmeutationemnt

2254 2711 2568 2784 lacrymatus
2597 2728 2730 2767 sum.
2771 2709 2839 2765 Et
2867 2723 3139 2782 postquam
3161 2712 3240 2766 sol
3267 2712 3482 2778 occidit,
3513 2713 3608 2766 abii
3630 2722 3671 2766 et
3695 2710 3795 2781 fodi,

2253 2818 2304 2858 et
2324 2803 2536 2874 sepelivi
2566 2805 2717 2858 illum
2738 2821 2758 2859 :
2785 2815 2832 2860 et
2857 2821 3031 2859 omnes
3063 2806 3292 2876 proaimi
3317 2807 3419 2859 mei
3449 2805 3721 2860 deridebant
3739 2818 3798 2856 me

2254 2898 2479 2954 dicentes
2504 2915 2524 2954 :
2566 2899 2839 2967 Quomodo
2879 2917 2984 2954 non
3035 2901 3179 2956 timet
3208 2902 3294 2956 hic
3336 2901 3489 2956 homo
3514 2901 3538 2956 2’
3555 2902 3657 2972 jam
3695 2898 3797 2954 enim

2255 2995 2532 3064 inquisitus
2549 3005 2621 3050 est
2648 2995 2801 3069 hujus
2825 2997 2902 3050 rei
2919 3011 3102 3050 caussa
3129 3005 3184 3049 ut
3207 2997 3601 3065 interﬁceretur,
3622 3003 3662 3050 et
3679 2993 3796 3064 fugit,

2256 3097 2283 3137 (ι
2313 3098 2360 3142 et
2405 3090 2591 3142 iterant
2639 3086 2854 3159 sepelire
2883 3090 3036 3158 cmpit
3080 3103 3338 3145 mortuos.
3382 3093 3516 3146 Cum
3547 3087 3798 3158 conspicias

547 3184 568 3224 ¹
591 3188 727 3242 venit
745 3185 1120 3242 Sennacherim
1137 3201 1248 3249 rex,
1277 3184 1342 3240 de
1357 3176 1550 3240 Judaza
1571 3185 1771 3255 fugiens
1795 3185 1948 3254 (Tob.
1981 3202 2018 3250 ι,
2049 3185 2146 3256 9.1)
2176 3181 2223 3245 C
2253 3181 2438 3250 itaque
2468 3181 2563 3236 Dei
2606 3196 2794 3237 servos
2826 3196 2932 3237 non
2966 3191 3212 3237 vestram
3239 3182 3617 3238 crudelitatem
3648 3191 3796 3252 tyran-

539 3293 751 3356 propter
781 3280 1130 3354 defensionem
1147 3297 1300 3350 quam
1329 3280 1449 3350 fecit
1465 3296 1528 3334 ex
1553 3280 1658 3334 illis
1685 3279 1954 3343 Dominus,
1987 3297 2145 3350 prop-

541 3386 618 3432 ter
649 3376 988 3445 blasphemias
1031 3375 1174 3429 illius
1205 3389 1320 3444 qua:
1359 3373 1754 3442 blasphematn’t,
1784 3382 1832 3426 et
1871 3372 2060 3427 occidit
2092 3375 2146 3426 in

540 3469 621 3523 ira
649 3485 744 3522 sua
769 3469 958 3522 multos
981 3482 1046 3520 ex
1067 3465 1196 3536 ﬁliis
1229 3463 1396 3519 Israel
1420 3480 1438 3519 :
1467 3480 1562 3534 ego
1589 3474 1761 3518 autem
1785 3480 2008 3534 corpora
2023 3464 2148 3519 illo-

541 3576 661 3615 rum
690 3557 1003 3620 inuolabam.
1044 3568 1089 3611 et
1132 3557 1476 3626 sepeliebam:
1521 3567 1568 3611 et
1615 3565 1639 3602 8
1685 3555 2039 3610 renuntiatum
2073 3566 2148 3610 est

541 3653 676 3724 regi,
698 3653 940 3722 quoniam
959 3649 1176 3722 sepelio,
1200 3660 1247 3704 et
1265 3649 1522 3720 quaerebat
1547 3659 1599 3702 ut
1619 3649 1876 3703 occideret
1903 3664 2004 3702 me.
2033 3647 2146 3719 Ego

538 3755 711 3824 autem
730 3744 864 3816 fugi,
888 3752 936 3798 et
963 3742 1168 3814 direpta
1194 3752 1268 3797 est
1283 3742 1448 3796 omnis
1469 3743 1761 3797 substantia
1786 3759 1916 3809 mea,
1944 3752 1992 3797 et
2014 3743 2147 3798 nihil

541 3920 748 3962 omisso
777 3920 892 3960 erit.

612 3987 642 4017 ι
685 3977 942 4047 Propheta
969 3992 1084 4046 ego,
1117 3992 1276 4050 neque
1323 3975 1468 4046 ﬁlius
1507 3974 1808 4050 prophetia:
1840 3975 1930 4029 sed
1962 3984 2139 4046 pastor

543 4050 785 4121 uellicans
813 4051 1100 4121 sycamina.
1135 4047 1286 4104 Eadd

609 4120 638 4160 δ
681 4120 746 4176 Et
772 4119 982 4176 tutum.
1007 4137 1070 4176 ex
1089 4122 1263 4174 ovibus
1288 4135 1308 4174 :
1333 4129 1380 4174 et
1405 4119 1537 4174 dixit
1566 4119 1916 4174 Dominus....
1946 4127 1992 4173 et
2017 4134 2139 4189 pro-

539 4196 742 4266 phetiaa
770 4210 925 4261 super
948 4195 1196 4266 pupulum
1216 4203 1534 4266 meum._etc.
1563 4192 1695 4246 Ead.

614 4277 636 4305 ο
679 4261 1075 4323 Sermonem...
1113 4263 1238 4318 Noli
1264 4263 1574 4331 praphetare
1603 4279 1758 4329 super
1779 4261 1968 4331 Israel,
1999 4274 2048 4320 et
2077 4279 2140 4317 ne

530 4355 806 4410 congreqes
825 4339 1091 4393 audientes
1120 4348 1299 4390 contra
1329 4336 1534 4389 domum
1559 4334 1744 4390 Iacob.
1775 4334 1910 4389 Ead.

606 4409 630 4448 ἀ
675 4409 1052 4462 Prouterea....
1095 4406 1390 4462 Dominus:
1427 4406 1665 4462 (lxor....
1695 4407 1968 4462 fornicabit

725 4422 1052 4464 routerea....
1095 4422 1390 4462 Dominus:
1427 4422 1665 4462 uxor....
1695 4422 2129 4464 [ονηιεαωιανηη

606 4412 630 4448 ἀ
675 4412 1052 4474 Propterea....
1095 4412 1390 4462 Dominus:
1427 4412 1665 4462 Uxor....
1693 4412 2129 4477 fornicabitur....

527 4484 586 4536 in
604 4482 778 4552 gladio
809 4483 1011 4539 cadent.
1043 4490 1180 4535 et....
1213 4479 1559 4534 dividetur....
1583 4481 1646 4533 de
1666 4491 1822 4552 terra,
1857 4489 1964 4534 etc.
1995 4478 2132 4552 Ead.

530 4551 831 4629 ln_’Gr:uco,
851 4553 1377 4629 καταμετρηθήσεται,
1401 4551 1859 4616 dimensurabitur,
1883 4566 2006 4606 cum
2033 4551 2139 4605 [ιιι-
2169 4593 2182 4602 .

2159 4629 2214 4689 1)
2311 4621 2462 4675 m’lta
2517 4637 2621 4676 ms.
2670 4622 2855 4678 Germ.
2913 4622 3005 4678 ubi
3055 4631 3103 4677 et
3145 4624 3445 4680 manducet.
3497 4625 3645 4680 Vers.
3690 4621 3790 4678 Ant.

531 4623 627 4679 cii.
661 4632 893 4677 metetur.

609 4707 633 4734 ο
676 4693 741 4748 In
774 4705 966 4747 terram
999 4710 1149 4746 suam
1175 4693 1303 4764 legit
1333 4694 1522 4749 Sabat.
1554 4694 1666 4748 hic.

609 4764 631 4804 τ
677 4766 830 4820 Vers.
865 4769 990 4818 Ant.
1033 4765 1173 4830 Quos
1203 4765 1469 4820 occidisset
1519 4765 1890 4820 Sennacherim
1915 4782 2128 4821 rex.....

529 4838 790 4894 Dominus
815 4835 928 4890 εωιί
970 4835 1036 4908 de
1076 4836 1192 4908 illo,
1235 4838 1296 4890 ob
1343 4836 1690 4908 blasphemins
1741 4838 1906 4908 illius,
1940 4838 2133 4891 multos

529 4913 667 4965 enim
697 4909 923 4976 ﬁliorum
959 4906 1125 4979 Israel
1153 4909 1340 4962 occidit
1383 4906 1546 4961 inira
1586 4924 1700 4962 sua.
1752 4907 1865 4972 qu
1914 4925 2133 4979 corpora

527 4982 740 5036 illorum
760 4978 1078 5034 involvebam
1109 4995 1127 5032 :
1158 4989 1205 5032 et
1237 4979 1494 5048 quterebal
1523 4980 1618 5034 illa
1645 4996 1753 5036 rex.
1786 4989 1834 5033 et
1856 4997 1958 5033 non
1985 4978 2129 5034 int'e-

526 5053 720 5108 nicbat.
768 5051 894 5107 H;cc
940 5061 1121 5106 autem
1163 5066 1228 5104 ex
1278 5050 1451 5105 Lucii.
1486 5067 1614 5122 qua:
1655 5051 2048 5120 blasphemavit,
2078 5060 2133 5106 et

525 5124 841 5184 involabam.
899 5121 1073 5177 ferme
1120 5137 1243 5176 cum
1297 5138 1427 5194 mss.
1481 5121 1670 5190 Regia.
1728 5125 1889 5178 Suec.
1942 5125 2126 5194 quibus

525 5195 918 5264 blasphemavit,
945 5207 1000 5248 et
1016 5194 1199 5264 Germ.
1221 5192 1414 5247 occulte
1431 5194 1749 5261 auferebam,
1773 5193 1914 5264 apud
1935 5192 2120 5250 Snbut.

520 5263 673 5323 Idem
705 5270 835 5337 legit
862 5263 1215 5321 Sennacherib
1243 5267 1294 5318 in
1325 5265 1600 5320 Lucifero.

598 5349 624 5388 κ
662 5335 848 5396 Saliat.
898 5337 1103 5409 habet:
1145 5338 1266 5409 quia
1310 5337 1641 5405 sepeliebam.
1677 5337 1836 5393 Vers.
1878 5336 2006 5391 Ant.
2055 5335 2122 5390 Et

519 5414 880 5480 renuntiatum
893 5421 964 5463 est
981 5408 1061 5463 illi
1079 5408 1322 5480 quaniam
1345 5424 1437 5480 ego
1457 5409 1761 5475 sepeliebnm
1785 5409 1930 5474 illos,
1949 5425 2028 5463 me
2043 5425 2125 5462 oc-

518 5484 706 5538 cidere.
735 5482 830 5536 Ms.
853 5479 1055 5552 Germ:
1065 5481 1194 5552 regi.
1211 5479 1592 5552 Grmcﬂémco.
1612 5483 1820 5552 sepelio,
1844 5484 1920 5534 uti
1945 5480 2118 5536 Lucil.

594 5552 623 5592 δ
663 5553 732 5608 Et
776 5552 986 5606 Tobias.
1036 5551 1194 5605 Vers.
1230 5553 1355 5607 Ant.
1407 5551 1552 5608 Uxor
1591 5551 1738 5606 Anna
1769 5554 1904 5623 legit
1931 5552 2119 5608 Subat.

525 5640 734 5680 omisso
762 5640 896 5679 mea.

595 5695 612 5734 ί
656 5695 817 5752 Vers.
865 5701 992 5749 Ant.
1031 5692 1098 5749 Et
1126 5696 1339 5762 contigit
1383 5697 1507 5749 dum
1549 5696 1858 5750 laterem....
1889 5694 1995 5748 duo
2020 5694 2121 5764 ﬁlii

515 5768 620 5832 sui,
653 5775 700 5840 et
743 5771 985 5840 fugerunt
1011 5767 1064 5818 in
1093 5777 1312 5822 montem
1347 5767 1602 5840 [Araratlu
1731 5768 1962 5840 regnavit
2004 5779 2118 5834 post

511 5851 632 5893 eum
653 5836 1189 5893 Archedonassar.....
1221 5843 1314 5910 pro
1341 5839 1455 5894 illo.
1485 5841 1610 5896 Mss.
1635 5836 1821 5895 Germ.
1852 5841 1966 5894 huic
1989 5853 2112 5893 cum

2252 3292 2449 3332 norum
2479 3292 2698 3346 semper
2721 3277 3002 3344 timuisse,
3034 3292 3099 3333 ac
3128 3293 3273 3333 nunc
3312 3279 3510 3334 timere
3539 3292 3701 3348 posse,
3725 3273 3796 3330 sed

2250 3379 2523 3441 praecepta
2554 3369 2831 3441 cogitasse
2852 3369 3069 3426 Domini
3095 3386 3162 3426 ac
3186 3373 3456 3442 cogitare,
3488 3368 3734 3442 quomodo
3757 3377 3798 3422 tu

2252 3478 2356 3518 nos
2400 3461 2646 3534 dignaris
2677 3463 2992 3534 petulantes
3027 3463 3330 3534 judicare?
3361 3480 3555 3536 nempe
3593 3465 3700 3535 quia
3735 3460 3798 3515 la-

2250 3559 2430 3614 ciente
2459 3559 2572 3614 Deo
2608 3569 2754 3614 tuam
2781 3559 3060 3615 calcemus
3085 3568 3144 3614 ut
3171 3559 3348 3615 lutum
3380 3559 3693 3631 potentiam:
3718 3555 3798 3610 hoc

2254 3666 2361 3706 non
2378 3650 2741 3708 faciuntvires
2756 3661 2976 3718 nostra,
2996 3653 3093 3708 sed
3107 3652 3296 3708 tribuit
3312 3653 3465 3708 illius
3479 3647 3796 3708 misericordia

2251 3759 2414 3816 quem
2441 3746 2714 3801 exsecrari
2736 3745 2973 3818 dignaris
2998 3746 3052 3800 in
3085 3747 3265 3802 nobis.
3295 3747 3440 3803 Dicit
3463 3746 3600 3802 Deus
3619 3744 3678 3799 ad
3697 3741 3798 3798 Ete-

2245 3904 2497 3961 Lucii‘ero
2523 3923 2540 3960 :
2573 3905 2642 3960 Et
2667 3906 2882 3976 contigit
2911 3914 2963 3959 ut
2989 3916 3104 3978 post
3124 3909 3233 3961 dies
3252 3907 3602 3978 quadraginta
3625 3917 3666 3960 et
3682 3903 3796 3976 quin-

2245 3993 2344 4048 que
2371 3979 2666 4051 o_cciderunt
2683 3995 2853 4051 regem
2876 3979 3026 4051 illum
3049 3980 3351 4051 ﬁliigipsius.

2321 4051 2335 4098 i
2387 4048 2526 4103 Fere
2555 4065 2676 4103 cum
2733 4042 2926 4106 Graeco
2953 4069 2964 4103 :
2995 4042 3114 4107 ’ότε
3137 4042 3194 4105 δέ
3212 4052 3462 4110 κατῆλθον
3502 4052 3570 4112 εἰς
3592 4051 3671 4105 τὸν
3693 4042 3796 4103 οἶκόν

2246 4127 2474 4197 pomata;
2498 4119 2740 4197 ἀπεδόθη.
2769 4133 2878 4197 etc.
2906 4121 3558 4197 γει-εκΑηιζ-ρρειιιυωῃ
3593 4121 3796 4197 ηᾉυςιοόειεξ

2245 4187 2601 4265 ἓιΙίκᾼβσΙῇθείι.
2634 4210 2753 4258 quae
2775 4194 2982 4248 omittit
3009 4192 3172 4249 etiam
3207 4187 3438 4265 vulgatu
3466 4216 3478 4252 :
3517 4193 3575 4248 Ει
3601 4187 3795 4246 descendi

2246 4266 2299 4318 in
2337 4263 2523 4318 Ninive
2543 4266 2594 4319 in
2619 4265 2826 4318 domum
2858 4281 3041 4318 meam.

2312 4333 2339 4372 ¹ι
2381 4335 2602 4390 Reddita
2628 4345 2778 4392 esset.
2810 4335 2985 4392 Vatic.

2317 4407 2335 4444 ι
2380 4408 2516 4461 Cum
2566 4423 2668 4462 ms.
2735 4406 2924 4464 Germ.
2971 4425 3004 4464 a
3031 4409 3354 4480 septimanis.
3393 4409 3550 4465 Vers.
3597 4409 3706 4463 Ant.
3747 4403 3796 4480 In

2247 4479 2679 4604 Pentelcostett....
2731 4495 2765 4533 a
2807 4490 3003 4551 septem
3050 4477 3223 4547 annis,
3273 4491 3448 4538 et.....
3505 4477 3796 4551 pulmentario

2247 4567 2396 4604 como
2423 4567 2533 4604 ura.

2247 4567 2533 4623 complura.

2245 4694 2529 4757 Habet.....
2571 4704 2628 4748 ut
2672 4694 2949 4750 manducet
2995 4695 3188 4757 puriter
3231 4695 3792 4754 uobiscum..Sabatier.

2235 4769 2364 4837 legit
2396 4766 2544 4821 habet
2567 4769 2740 4821 etiam
2760 4766 2814 4821 in
2847 4766 3123 4822 Lucifero.

2306 4847 2335 4874 ιι
2377 4837 2504 4911 Hine
2533 4852 2793 4911 cum_ms.
2827 4838 3015 4894 Germ.
3070 4847 3118 4892 et
3147 4839 3272 4893 exiit
3305 4837 3494 4894 Tobias
3532 4837 3792 4911 inquirere;

2234 4924 2358 4965 cum
2391 4908 2604 4996 Graeco,
2643 4906 2713 4996 εἷς
2744 4913 2798 4965 ἐκ
2835 4913 3148 4996 1033-1693;.
3171 4913 3336 4994 ᾑμῶν,
3389 4928 3524 4966 unus
3563 4906 3793 4981 degenere

2234 4992 2430 5055 nostro.
2463 4981 2632 5055 Vera.
2675 4981 2818 5055 Ant.
2862 4981 2999 5037 Abiit
3051 4981 3238 5036 Tobias
3268 4999 3614 5055 querere...”
3658 4990 3698 5055 et
3719 4992 3791 5048 ego

2234 5054 2460 5108 dixi.....
2505 5063 2552 5106 et
2583 5053 2656 5105 ait
2693 5051 2944 5126 mihi...”
2979 5070 3109 5126 nugs
3153 5070 3216 5108 ex
3248 5051 3498 5126 fratribus
3525 5053 3788 5109 nostris.....

2236 5127 2496 5208 projectus
2513 5127 2661 5198 jacet
2683 5125 2738 5178 in
2771 5125 2999 5194 publico.
3031 5123 3100 5179 Et
3130 5123 3430 5182 exsilivi....
3469 5127 3720 5198 quicquam
3743 5135 3790 5173 es:

2234 5197 2644 5322 ’llg’ggnvenit
2667 5282 2789 5322 cum
2815 5283 2919 5322 ms.
2950 5265 3136 5323 Germ.
3163 5279 3209 5322 et
3233 5269 3360 5323 tollo
3384 5269 3533 5324 illum
3577 5269 3636 5322 de
3653 5263 3789 5336 plum

2233 5341 2286 5393 in
2303 5341 2644 5394 unumlocum
2660 5340 2804 5408 apud
2832 5356 2930 5394 me.
2953 5339 3106 5394 Vers.
3128 5340 3260 5396 Ant.
3277 5351 3324 5395 et
3343 5342 3533 5395 sustuli
3557 5342 3786 5395 illum.....

2231 5412 2528 5536 inddomum
2552 5421 2661 5467 etc.
2695 5411 2899 5467 Sustuli
2928 5415 3096 5468 etiam
3130 5415 3183 5467 in
3217 5411 3394 5468 Lucil.
3431 5413 3610 5484 legere
3635 5409 3790 5467 Sabal.

2233 5497 2284 5536 vi
2329 5497 2471 5537 etiir.

2229 5497 2527 5678 :(ie'iigis.
2559 5557 2686 5610 Ant.
2709 5554 2862 5622 Quod
2883 5555 3084 5612 locutus
3105 5557 3253 5611 estin
3275 5555 3626 5612 Bethleem...
3649 5563 3788 5607 omnes

2265 5643 2338 5678 ses
2361 5643 2390 5678 ρ
2419 5641 2468 5678 c.

2265 5643 2338 5748 ’ἲ
2361 5636 2693 5770 perdidit
2721 5700 3062 5754 substantiam
3107 5717 3278 5768 suam,
3323 5700 3543 5756 additur
3577 5695 3782 5770 inVersg

2224 5766 2351 5824 Ant.
2383 5766 2501 5839 quin
2535 5781 2716 5828 tamen
2743 5772 2942 5827 absunt
2968 5776 3132 5828 etiam
3169 5789 3198 5828 a
3236 5766 3452 5830 Graeco.
3488 5767 3786 5827 Occiderttuf

2224 5853 2322 5910 pro
2343 5841 2716 5907 interﬁceretur
2746 5843 2908 5900 habet
2937 5845 3154 5900 eadem.
