4042 6338
243 271 349 329 933

835 265 925 324 DE
964 264 1104 324 NON
1140 261 1511 324 PARCENDO
1548 263 1629 322 IN
1670 260 1861 321 DEUM
1905 256 2507 332 DELINQUENTIBUS
2547 254 2756 315 LIBER
2794 254 3001 314 UNUS.

3436 252 3544 312 954

241 387 479 445 chielem
520 385 842 459 prOphetam
897 384 1114 457 (Ezech.
1158 402 1217 451 ιι,
1268 385 1324 457 5)
1370 400 1384 440 :
1431 383 1542 439 Fili
1586 382 1830 450 hominis,
1862 382 2036 454 ΑΙ)θί
2076 380 2338 437 solidatas
2383 386 2544 450 atque
2587 376 2828 433 ﬁrmatos
2856 376 2923 431 ad
2971 384 3116 430 tuam
3147 373 3544 430 contumaciam

241 483 391 538 mitto
410 491 459 535 te
486 482 555 537 ad
586 481 799 536 domum
825 478 1037 546 Israel,
1070 479 1195 549 quia
1233 477 1647 532 amaricaverunt
1688 485 1715 513 ιι
1762 490 1843 529 me

238 579 375 645 ipsi,
404 587 451 633 et
502 587 679 646 patres
729 592 909 630 eorum
960 591 1121 645 usque
1156 574 1208 627 in
1230 572 1538 627 hodiernum
1587 572 1746 625 diem.
1774 566 1843 623 Et

240 673 383 728 dices
420 672 489 727 ad
525 672 645 727 illos
686 688 704 726 :
736 670 863 726 Ilaac
906 670 1030 725 dicit
1056 668 1311 724 Dominus
1342 685 1359 723 :
1389 666 1727 724 Siaudierint
1752 673 1844 719 aut

242 765 612 837 trepidaverint
655 758 898 836 quoniam
942 763 1126 817 domus
1175 762 1469 815 amaricans
1490 769 1596 826 est,
1646 768 1692 812 et
1722 773 1845 829 cog-

240 867 456 915 noscent
482 858 729 930 quoniam
751 855 1003 928 propheta
1022 872 1078 910 es
1102 864 1158 908 tu
1184 855 1241 909 in
1268 853 1435 908 ntedio
1459 867 1637 905 eorum
1655 858 1733 905 :et
1764 858 1842 913 tu,

242 952 324 1021 [ili
366 952 611 1017 hominis,
643 967 706 1005 ne
734 949 969 1004 timueris
990 963 1098 1013 eos,
1123 938 1286 1018 neque
1314 943 1697 1019 trepidaverisa
1713 941 1847 1014 facie

240 1059 445 1109 eorum,
463 1044 739 1113 quoniame
757 1040 1129 1109 ffuriabuntur,
1153 1048 1202 1093 et
1218 1045 1523 1094 concurrent
1537 1051 1694 1105 super
1718 1042 1765 1089 te
1788 1032 1845 1086 in

242 1140 487 1204 circuitu,
518 1148 567 1192 et
597 1139 651 1190 in
676 1136 847 1190 medio
867 1134 1201 1206 scorpionum
1223 1142 1279 1186 tu
1323 1128 1616 1195 inltabitas;
1653 1141 1845 1181 sermo-

243 1247 336 1286 nes
380 1246 557 1285 eorum
599 1246 662 1284 ne
687 1229 942 1292 timueris,
974 1238 1075 1281 eta
1098 1226 1231 1296 facie
1272 1240 1449 1279 eorum
1482 1218 1847 1291 netrepidave-

240 1325 319 1380 ris
337 1365 354 1390 ,
386 1324 633 1395 quoniam
661 1326 844 1378 domus
878 1323 1175 1377 amaricans
1204 1330 1276 1376 est
1304 1336 1323 1375 :
1349 1331 1394 1375 et
1433 1317 1660 1391 loqueris
1695 1318 1848 1370 verba

244 1432 362 1471 mea
402 1415 471 1470 ad
506 1431 619 1479 eos,
675 1416 720 1469 si
779 1418 913 1485 forte
969 1412 1231 1467 audierint
1269 1410 1351 1465 vel
1382 1408 1689 1481 expaverint
1720 1421 1847 1476 quo-

243 1508 387 1564 niam
418 1510 601 1562 domus
644 1508 942 1571 amaricans
971 1514 1070 1560 est.
1101 1504 1465 1560 Contumaces
1496 1501 1746 1557 videmur
1784 1502 1850 1557 ti-

244 1602 323 1668 bi,
356 1612 413 1658 ut
435 1602 538 1657 iste
565 1601 677 1657 Deo
700 1602 800 1656 soli
833 1600 1046 1656 dicatus
1086 1597 1381 1654 videbatur
1418 1595 1683 1667 propheta
1713 1595 1847 1662 illis,

242 1712 477 1769 quorum
508 1707 562 1751 tu
592 1695 848 1751 tenebras
875 1694 1158 1765 sequeris;
1193 1706 1390 1762 nempe
1429 1689 1557 1745 ltinc
1596 1688 1849 1744 Ezechiel

1947 475 2344 533 retundendam
2400 473 2508 528 lixo
2550 470 2718 543 gradu
2745 478 2893 527 stare
2918 476 3107 526 contra
3138 476 3282 522 luam
3316 464 3542 534 rabiem,

1947 568 2253 625 immobiles
2283 576 2341 622 ut
2363 581 2490 622 saxa
2521 567 2662 621 mole
2683 564 2861 620 solent
2887 562 3113 618 robusta
3142 575 3329 630 sequor
3353 565 3544 614 contra

1948 654 2248 717 tumidum?
2278 659 2415 715 Hinc
2460 673 2560 714 nos
2585 656 2795 728 iudicas
2827 656 3012 710 hoStes
3039 661 3184 717 tuos,
3217 652 3340 721 quia
3370 659 3423 706 te
3454 666 3547 705 ur-

1948 769 2166 829 geamus
2199 753 2292 810 Dei
2320 752 2437 809 ﬁeri
2464 766 2685 829 servum
2714 766 2780 806 ex
2807 746 3118 819 scorpione.
3162 744 3315 800 Nunc
3344 742 3544 799 etenint

1949 863 2113 904 unum
2132 856 2184 903 te
2196 861 2319 902 esse
2340 862 2405 902 ex
2431 843 2812 915 scorpionibus
2834 857 2941 897 non
2965 838 2985 878 ί
3009 838 3207 910 poterit
3231 835 3464 892 dubitari
3480 851 3547 891 ex

1950 944 2079 1010 illis,
2098 941 2302 997 dictum
2321 940 2390 997 de
2405 939 2607 1012 quibus
2619 938 2816 993 audisti
2842 938 3118 1008 prophetat
3135 950 3165 990 a
3181 933 3412 989 Dotnino
3440 949 3451 984 :
3478 928 3546 984 Et

1948 1048 2025 1104 tu,
2046 1038 2124 1109 fili
2136 1037 2380 1102 hominis,
2405 1053 2469 1091 ne
2489 1036 2717 1090 timueris
2750 1040 2774 1081 8
2805 1049 2965 1101 neque
2993 1031 3328 1102 trepidaveris
3356 1047 3387 1084 a
3414 1026 3549 1092 facie

1950 1148 2148 1198 eorum,
2181 1131 2423 1198 quoniam
2453 1128 2851 1197 e/furiabuutur,
2893 1137 2942 1181 et
2972 1134 3283 1181 concurrent
3320 1136 3472 1194 super
3503 1129 3551 1175 te

1947 1226 2001 1281 in
2019 1227 2263 1287 circuitu,
2288 1235 2334 1280 et
2361 1225 2411 1279 in
2430 1224 2595 1278 medio
2609 1222 2940 1294 scorpionum
2957 1231 3012 1273 tu
3032 1218 3234 1273 habitas
3261 1214 3371 1288 (Ib.
3393 1230 3451 1276 ll,
3468 1212 3548 1284 6).

1936 1316 2086 1373 Hinc
2110 1316 2211 1372 tibi
2228 1316 2477 1387 injuriosi
2501 1328 2710 1380 sumus,
2736 1312 2861 1384 quia
2879 1311 3065 1367 videas
3088 1319 3140 1365 te
3162 1324 3192 1363 a
3216 1307 3372 1363 nobis
3401 1312 3553 1360 Scor-

1949 1414 2094 1485 pium
2127 1411 2329 1468 vocari.
2350 1411 2409 1467 Si
2443 1425 2549 1465 non
2575 1419 2627 1465 te
2662 1423 2784 1463 esse
2818 1406 3091 1477 scorpium
3112 1404 3339 1459 dixisset
3375 1401 3550 1468 Deus,

1949 1510 2144 1566 merito
2171 1524 2256 1563 mc
2272 1508 2483 1562 diceres
2503 1502 2953 1561 contumeliosum
2976 1518 2989 1555 :
3024 1513 3166 1554 nunc
3194 1512 3326 1553 vero
3343 1494 3555 1551 actibus

1950 1615 2004 1659 te
2033 1602 2137 1657 tuis
2182 1597 2497 1656 manifestas
2526 1611 2652 1653 esse
2687 1595 2983 1665 scorpium,
3012 1600 3068 1647 et
3104 1604 3165 1646 es
3204 1589 3403 1644 frustra
3444 1585 3556 1641 cla-

1950 1697 2150 1753 mitans
2167 1694 2556 1751 contumeliam
2589 1699 2643 1745 te
2668 1689 2773 1759 pati
2791 1703 2821 1743 a
2843 1687 3021 1752 nobis,
3047 1685 3188 1739 Deus
3210 1692 3262 1738 te
3278 1681 3549 1752 scorpium

244 1791 511 1864 propheta
548 1792 693 1860 apud
721 1789 940 1846 Iudaeos
990 1796 1337 1859 coapostatas
1377 1795 1499 1840 tuos
1528 1792 1845 1850 contumax,

1960 1806 2074 1847 esse
2102 1790 2253 1854 dicit,
2278 1795 2333 1844 et
2360 1786 2491 1842 mihi
2519 1783 2772 1840 irasceris
2792 1798 2890 1837 cur
2912 1790 2966 1836 te
2989 1794 3056 1836 eo
3075 1792 3261 1833 vocem
3298 1773 3553 1831 nomine?
3580 1785 3597 1797 ·

244 1885 373 1941 binc
400 1884 672 1955 superbus
704 1884 924 1954 regibus
944 1881 1228 1938 videbatur
1247 1878 1438 1946 Israel,
1480 1880 1603 1950 quia
1642 1878 1853 1933 Domini

241 1978 500 2048 impleret
538 1977 814 2041 mandata,
846 1976 935 2047 qui
962 1974 1171 2031 eisdem
1202 1974 1520 2043 loqueretur
1548 1987 1670 2042 quac
1712 1983 1855 2041 prm-

240 2070 482 2139 cepisset
526 2084 649 2124 eum
690 2068 837 2139 loqui
890 2069 1050 2123 Deus.
1082 2065 1253 2123 Recte
1308 2080 1407 2120 nos
1455 2058 1720 2132 superbos
1757 2077 1854 2133 ap-

243 2163 445 2234 pellas,
482 2176 607 2229 nos,
643 2177 740 2232 per
765 2174 903 2230 quos
932 2160 1114 2217 omnia
1146 2166 1418 2231 przecepta
1447 2172 1543 2212 sua
1571 2157 1745 2211 voluit
1787 2154 1855 2211 ad

240 2260 567 2330 pupulorutn
596 2256 934 2313 credentium
966 2254 1194 2326 perlcrri
1221 2253 1468 2308 notitiam
1504 2269 1518 2305 :
1559 2262 1737 2313 recte,
1772 2249 1853 2305 in-

239 2366 430 2423 quam,
456 2352 751 2407 insolentes
782 2350 1035 2420 designas
1058 2364 1156 2403 nos
1187 2348 1279 2402 Dei
1328 2346 1618 2412 antistites,
1667 2345 1712 2399 si
1755 2358 1852 2399 nos

242 2460 307 2502 ea
340 2446 437 2500 tibi
469 2445 735 2507 dicamus,
768 2459 891 2518 quae
921 2442 1155 2498 voluerit
1182 2441 1325 2496 Deus
1347 2439 1453 2495 dici
1485 2439 1551 2495 ad
1576 2453 1689 2492 vos.
1722 2437 1852 2492 0dis

244 2548 495 2593 amantes
522 2546 594 2603 te,
632 2535 975 2607 persequeris
1006 2535 1144 2591 bene
1175 2534 1268 2589 tibi
1293 2534 1593 2603 cupientes,
1622 2530 1716 2585 sed
1745 2545 1850 2584 non

245 2641 492 2687 metuere
524 2645 811 2701 possumus
843 2628 1124 2684 lreudores
1156 2626 1486 2683 carniﬁcina:
1523 2634 1650 2680 tuae.
1685 2622 1853 2679 Audis

244 2728 452 2783 etenim
481 2726 765 2781 Dominum
786 2724 974 2779 dicere
1000 2740 1013 2777 :
1041 2722 1106 2777 Et
1133 2734 1209 2787 tu,
1235 2722 1313 2792 [ili
1334 2720 1656 2785 ltontinis,ne
1674 2718 1854 2771 timue-

244 2821 320 2876 ris
375 2836 483 2886 eos,
533 2834 695 2889 neque
735 2815 1070 2885 trepidareris
1118 2832 1151 2868 a
1198 2814 1332 2886 facie
1375 2829 1573 2877 eorum,
1605 2810 1854 2882 quoniam

247 2910 650 2980 elfuriabuntur,
697 2920 743 2965 et
791 2918 1099 2963 concurrent
1152 2923 1304 2977 super
1332 2916 1378 2960 te
1406 2903 1457 2971 ι),
1501 2914 1548 2959 et
1590 2904 1647 2957 in
1682 2902 1854 2957 medio

245 3006 583 3076 scorpionum
605 3015 659 3058 tu
688 3005 890 3059 habitas
920 3018 938 3056 :
965 3017 1222 3057 sermones
1248 3016 1423 3054 eorum
1453 3014 1515 3051 ne
1540 2997 1788 3062 timueris,
1822 3012 1854 3049 a

250 3101 386 3171 [acie
412 3114 587 3152 eorum
613 3098 676 3152 ne
709 3095 1065 3169 trepidaveris,
1089 3093 1331 3163 quoniam
1351 3091 1535 3145 domus
1563 3089 1854 3143 amaricans

1957 1887 2089 1954 Qum
2116 1885 2231 1939 hate
2251 1880 2576 1938 contumelia
2606 1888 2708 1943 est,
2736 1877 2783 1932 si
2809 1875 3021 1931 dicatur
3044 1871 3142 1928 tibi
3167 1889 3181 1925 :
3214 1868 3334 1925 Nisi
3364 1876 3413 1923 te
3435 1882 3553 1921 ver-

1957 1979 2076 2033 teris
2090 1977 2158 2031 ad
2172 1975 2359 2039 Deum,
2377 1974 2477 2029 eris
2494 1988 2696 2042 semper
2721 1986 2853 2024 unus
2880 1977 2936 2021 ut
2966 1983 3105 2021 nunc
3117 1981 3168 2021 es
3192 1980 3255 2019 ex
3265 1961 3553 2032 scorpioni-

1956 2072 2072 2139 bus,
2102 2086 2167 2125 ea:
2191 2067 2492 2124 vastissimis
2520 2081 2652 2123 unus
2665 2063 2889 2118 inimicis
2904 2059 3002 2114 Dei
3019 2061 3043 2115 ?
3058 2059 3323 2114 Percurre
3345 2054 3554 2125 reliqua

1956 2163 2207 2220 Ezechiel
2237 2162 2603 2231 prophetae,et
2624 2156 2763 2212 aude
2783 2170 2869 2210 me
2890 2153 3074 2208 dicere
3094 2150 3437 2211 insolentem,
3462 2160 3555 2201 sn-

1955 2257 2202 2328 perbum,
2225 2252 3120 2317 contumeliosum,contumacem:
3148 2241 3215 2296 Et
3246 2242 3441 2310 factum
3476 2246 3552 2292 est

1953 2350 2060 2424 (Ib.
2071 2366 2125 2405 ιιι
2137 2393 2149 2417 ,
2160 2351 2179 2403 1
2192 2347 2461 2421 6)verbum
2476 2345 2682 2399 Domini
2694 2346 2762 2397 ad
2775 2358 2854 2396 me
2871 2336 3183 2394 dicens:Fili
3194 2333 3556 2397 Itoniinis,ecce

1953 2446 2075 2500 dedi
2100 2454 2148 2499 te
2165 2442 2537 2516 speculatorem
2562 2439 2744 2493 domus
2767 2434 2955 2498 Israel,
2981 2442 3027 2486 et
3046 2430 3225 2484 audies
3246 2426 3311 2481 de
3332 2439 3419 2479 ore
3442 2438 3556 2477 meo

1951 2554 2255 2603 sermonem,
2276 2544 2325 2589 et
2345 2531 2732 2588 comminaberis
2753 2529 2822 2583 eis
2844 2544 2875 2581 a
2901 2526 3045 2581 mein
3058 2540 3116 2578 eo
3136 2522 3277 2594 quod
3297 2520 3466 2574 dicam
3488 2516 3556 2570 ad

1953 2632 2296 2687 sceleratum:
2320 2637 2481 2682 utorte
2508 2626 2739 2679 morieris
2764 2639 2780 2677 :
2802 2630 2962 2675 etnon
2986 2615 3266 2673 distinxisti
3289 2612 3557 2679 illi,neque

1954 2728 2154 2782 loeutus
2173 2741 2246 2789 es,
2266 2732 2321 2777 ut
2338 2721 2678 2789 distingueres
2693 2716 2943 2771 scelerato
2960 2721 3186 2768 avertere
3202 2727 3233 2762 a
3250 2708 3343 2761 viis
3358 2704 3486 2770 suis,
3500 2710 3557 2756 ut

1954 2822 2109 2886 riunt,
2131 2819 2219 2873 ille
2234 2817 2511 2873 sceleratus
2525 2815 2577 2867 in
2600 2811 2859 2877 iniustitia
2878 2825 2973 2862 sua
2988 2806 3258 2868 morietur,
3273 2812 3321 2855 et
3336 2797 3555 2870 sangui-

1953 2933 2067 2971 nem
2097 2918 2208 2986 ejus
2231 2913 2295 2966 de
2316 2926 2469 2965 manu
2493 2920 2581 2961 tua
2601 2907 2856 2977 inquirant
2879 2920 2896 2957 :
2918 2911 2963 2956 et
2988 2910 3039 2953 tu
3065 2900 3110 2953 si
3135 2894 3431 2951 distinxeris
3452 2908 3560 2946 sce-

1954 3012 2136 3074 (erato,
2164 3016 2211 3061 et
2242 3023 2344 3061 non
2371 3012 2633 3059 aversatus
2655 3000 2811 3072 fuerit
2828 2998 2891 3052 ab
2919 2997 3109 3051 scelere
3129 3008 3244 3054 suo,
3266 2999 3315 3044 et
3340 2989 3418 3042 ria
3439 3002 3555 3053 sua,

1953 3105 2231 3159 sceleratus
2256 3100 2344 3153 ille
2378 3100 2433 3151 in
2460 3096 2713 3169 injustitia
2747 3108 2841 3145 sua
2876 3090 3142 3151 morietur,
3177 3094 3223 3138 et
3246 3093 3301 3137 tu
3333 3082 3560 3135 anintaut

248 3205 327 3252 est
359 3194 524 3265 (Ibid.
569 3192 647 3264 6).
688 3191 827 3257 Non,
865 3194 1105 3261 inquam,
1149 3200 1435 3259 possumus
1475 3194 1716 3241 metuere
1755 3182 1854 3237 mi-

1961 3207 2098 3252 tuam
2120 3191 2356 3249 liberabis
2378 3207 2397 3245 :
2420 3199 2468 3244 et
2486 3190 2539 3243 in
2566 3204 2645 3254 eo,
2660 3188 2713 3241 in
2729 3202 2831 3258 quo
2847 3188 3147 3239 adversatur
3161 3181 3333 3253 justus
3355 3174 3563 3246 ajusti—

251 3302 354 3342 nas
376 3285 587 3357 imperii
613 3285 709 3350 tui,
733 3283 860 3354 quia
882 3283 1041 3337 nullae
1063 3291 1187 3338 sunt
1207 3281 1351 3336 vires
1372 3289 1475 3335 tum
1497 3278 1805 3347 scorpiaces
1832 3286 1854 3315 θ

252 3383 541 3439 adversum
575 3396 699 3446 nos,
730 3394 869 3451 quos
908 3378 1005 3433 Dei
1054 3378 1252 3432 virtute
1295 3376 1401 3447 tegi
1441 3388 1667 3440 cernas,
1724 3384 1859 3441 quo-

249 3492 376 3535 rum
419 3491 543 3533 esse
588 3475 931 3531 defensorem
963 3489 1026 3529 ac
1067 3480 1429 3543 protectorem
1470 3470 1635 3525 Deum
1668 3466 1862 3521 adver-

252 3581 358 3629 tas.
402 3570 518 3626 Non
553 3571 733 3640 itaque
792 3567 1123 3623 cessabimus
1166 3566 1259 3621 tibi
1310 3564 1521 3620 Domini
1562 3559 1861 3632 ingerendo

254 3673 549 3739 praecepta,
569 3662 643 3716 illi
660 3660 1281 3717 solimetuniscrvantes
1301 3660 1545 3724 timores,
1570 3655 1660 3726 qui
1689 3653 1818 3709 dicit
1843 3669 1856 3707 :

258 3760 371 3816 Fili
388 3755 730 3827 ltominisUb.
760 3772 840 3823 ιιι,
866 3755 946 3828 4),
977 3753 1246 3826 ingredere
1270 3752 1338 3807 ad
1355 3752 1564 3807 domum
1594 3748 1780 3813 Israel,
1811 3757 1859 3802 el

256 3854 468 3925 loquere
493 3858 752 3907 sermones
780 3865 915 3903 meos
944 3848 1011 3901 ad
1024 3864 1128 3916 eos,
1154 3847 1393 3918 quoniam
1408 3862 1508 3899 non
1522 3843 1589 3899 ad
1610 3842 1860 3915 populum

257 3949 356 4003 alti
398 3946 645 4001 sermonis
684 3955 737 3999 tu
775 3944 993 3998 mitteris
1025 3944 1093 3997 ad
1123 3942 1311 4005 Israel,
1348 3958 1508 4013 neque
1533 3940 1602 3995 ad
1640 3938 1860 4011 populos

259 4044 450 4099 multos
480 4044 600 4097 aliae
629 4041 767 4096 vocis
803 4050 894 4095 aut
941 4039 1061 4093 alia:
1092 4039 1304 4109 linguae,
1354 4053 1514 4104 neque
1552 4052 1732 4109 graues
1773 4034 1862 4104 qui

256 4140 362 4194 sint
391 4139 444 4191 in
466 4137 666 4205 lingua,
703 4150 923 4207 quorum
951 4150 1056 4187 non
1088 4132 1265 4186 audies
1290 4146 1576 4185 sermonem
1603 4146 1623 4184 :
1651 4144 1699 4183 et
1727 4129 1772 4181 si
1793 4127 1862 4180 ad

260 4234 388 4291 tales
412 4232 661 4287 misissem
684 4240 752 4297 te,
786 4230 864 4284 illi
891 4229 1112 4299 forsitan
1142 4226 1674 4279 audisscntsermones
1704 4233 1818 4275 tuos
1843 4237 1861 4274 :

259 4328 445 4383 domus
473 4336 645 4380 autem
675 4324 845 4378 Israel
884 4322 1060 4375 nolent
1088 4317 1114 4356 ἀ
1143 4320 1326 4374 audire
1375 4329 1445 4377 te.
1483 4319 1727 4387 quoniam
1770 4333 1863 4370 no-

260 4423 377 4478 lunt
404 4420 588 4475 audire
603 4436 704 4485 me,
724 4417 968 4489 quoniam
997 4424 1103 4469 tota
1125 4414 1308 4468 domus
1332 4410 1501 4466 Israel
1527 4409 1861 4465 contentiosi°

258 4526 405 4582 sunt,
460 4523 509 4569 et
558 4514 678 4568 duri
707 4512 885 4567 corde.
921 4509 985 4564 E‘
1018 4524 1135 4564 ecce
1162 4507 1283 4561 dedi
1312 4506 1495 4576 faciem
1524 4514 1662 4558 tuam
1686 4513 1864 4576 poten-

1960 3290 2044 3344 tiis
2064 3289 2199 3354 suis,
2226 3294 2274 3341 et
2294 3286 2446 3357 faciet
2478 3282 2756 3336 delictum:
2779 3275 2993 3346 ctfdubo
3017 3281 3321 3329 tormentum
3340 3271 3391 3322 in
3430 3268 3563 3338 [acie

1959 3389 2093 3460 ejus,
2122 3384 2235 3452 ipse
2278 3379 2545 3444 morietur,
2587 3374 2830 3447 quoniam
2854 3389 2958 3426 non
2988 3366 3265 3423 distinxisti
3296 3364 3396 3428 illi,
3431 3371 3476 3417 et
3507 3361 3563 3414 in

1961 3478 2178 3551 peccatis
2194 3478 2303 3530 suis
2325 3473 2658 3535 morietur,eo
2676 3468 2812 3538 quod
2832 3481 2933 3518 non
2947 3462 3048 3517 sint
3067 3462 3119 3514 in
3138 3456 3435 3511 memoriam
3444 3456 3564 3526 jus-

1960 3575 2086 3631 titice
2100 3576 2284 3647 ejus,et
2297 3569 2598 3640 sanguinem
2622 3568 2734 3635 ejus
2749 3564 2812 3617 de
2828 3578 2981 3615 manu
2996 3568 3084 3613 tua
3099 3557 3363 3628 exquiram
3379 3561 3462 3607 :tu
3474 3568 3564 3606 att-

1962 3677 2059 3723 tent
2076 3668 2118 3721 si
2133 3662 2428 3719 distinxeris
2442 3665 2588 3735 justo
2606 3674 2670 3712 ne
2691 3650 3077 3726 derelinquat“,
3100 3658 3147 3704 et
3168 3649 3278 3717 ipse
3298 3662 3398 3701 non
3420 3645 3567 3699 dere-

1962 3761 2182 3832 linquat,
2202 3761 2378 3832 justus
2428 3754 2518 3808 ille
2574 3753 2743 3805 vivens
2790 3750 2918 3804 vivet
2944 3788 2959 3810 ,
2998 3743 3241 3817 quoniam
3283 3737 3567 3794 distinxisti

1960 3831 2083 3921 illi,
2132 3862 2179 3907 et
2207 3831 2271 3905 tu
2318 3849 2548 3904 animam
2584 3856 2727 3899 tuam
2764 3840 3009 3897 salvebis.
3054 3834 3218 3904 Quid,
3256 3831 3563 3895 Constanti,

1963 3946 2099 4002 dicis
2126 3944 2190 3999 ad
2233 3943 2380 3997 haec?
2411 3940 2772 3996 tacendumne
2803 3930 3178 3989 sacerdotibus
3232 3926 3326 3981 Dei
3357 3924 3482 3987 erit,
3513 3932 3569 3977 et

1966 4040 2217 4097 mandata
2251 4037 2428 4093 celare
2471 4034 2650 4089 divina
2691 4030 2806 4085 eis?
2848 4030 2926 4082 An
2964 4024 3188 4094 dignum
3228 4029 3315 4075 est
3353 4014 3569 4088 aperire

1966 4135 2057 4189 tibi
2103 4141 2298 4188 cuncta
2348 4134 2621 4199 praecepta
2672 4120 2919 4177 Domini?
2959 4130 3176 4173 onmem
3230 4111 3567 4166 voluntatem

1967 4225 2300 4297 perferemus
2323 4238 2389 4275 ne
2419 4220 2510 4274 Dei
2534 4218 2599 4272 ad
2619 4231 2713 4271 vos
2737 4215 2891 4269 nobis
2913 4203 3347 4263 commissoshm
3370 4216 3487 4256 eam
3504 4200 3569 4252 ad

1952 4294 2181 4389 nosmet
2220 4313 2546 4387 iugulandus
2586 4312 2739 4365 vobis
2788 4301 3195 4361 l'raudabimur?
3235 4294 3568 4368 Sanguinem

1966 4413 2167 4470 etenim
2197 4421 2345 4465 tuum
2372 4407 2505 4463 dicit
2529 4404 2791 4458 Dominus
2808 4397 3231 4469 reqttisituruma
3260 4405 3348 4446 me
3371 4406 3385 4443 :
3408 4388 3571 4458 quin-

1967 4508 2133 4565 immo
2160 4505 2205 4558 si
2252 4517 2358 4557 non
2397 4497 2671 4555 obedieris
2702 4491 3010 4561 l)eo,cujus
3034 4502 3134 4543 nos
3153 4485 3246 4541 tibi
3274 4481 3573 4555 ingerimus

261 4620 363 4664 tem
392 4608 634 4661 adversus
659 4606 817 4677 facies
838 4619 1040 4667 eorum,
1066 4610 1113 4655 et
1131 4601 1473 4654 constantiam
1495 4608 1637 4652 luant
1659 4596 1867 4666 confor—
1895 4588 1947 4650 Ι)
1973 4600 2155 4656 divina
2176 4597 2378 4653 monita
2398 4635 2412 4658 ,
2440 4603 2495 4648 tu
2526 4594 2577 4647 in
2609 4602 2700 4645 tuo
2730 4587 2983 4643 morieris
3011 4582 3311 4639 sceleratus
3337 4577 3570 4641 scelere,

261 4701 381 4756 tabo
410 4700 652 4755 adversus
688 4697 1065 4752 contentionem
1093 4709 1291 4758 eorum,
1322 4702 1370 4746 et
1411 4691 1515 4744 eris
1543 4706 1744 4759 semper
1772 4690 1863 4759 ﬁr-

260 4796 395 4851 mior
420 4803 586 4867 petra,
612 4810 674 4847 ne
708 4792 940 4845 timueris
968 4789 1029 4845 ab
1056 4790 1155 4855 eis,
1187 4803 1346 4856 neque
1377 4785 1646 4857 expaveris
1671 4800 1703 4837 a
1733 4784 1866 4855 facie

261 4904 443 4945 eorum
488 4927 502 4951 ,
552 4885 797 4957 quoniam
848 4882 1030 4937 domus
1095 4880 1384 4936 amaricans
1456 4888 1553 4933 est.
1626 4878 1868 4933 Metuere

264 4991 319 5039 te
374 4981 496 5053 quis
553 4980 754 5052 poterit
824 4985 1069 5032 nostrum
1102 5016 1117 5042 ,
1182 4987 1319 5045 quos
1374 4971 1560 5028 videas
1629 4971 1869 5041 potentia

340 5220 365 5247 ³
408 5207 465 5263 Id
496 5213 599 5269 est,
631 5205 734 5275 ipsi
758 5219 840 5257 me
866 5201 1258 5275 exacerbarunt,
1286 5204 1872 5275 et_e:casperarunt,.me

262 5296 505 5338 amarum
553 5266 675 5349 erga
722 5278 863 5345 ipsos
890 5272 1265 5349 reddiderunt.
1323 5270 1715 5349 Smpenutnero
1767 5266 1872 5349 hoc

263 5358 436 5409 verbo
465 5338 657 5413 ιιιίιιιῖε,
690 5338 855 5402 etiam
888 5346 942 5400 iu
979 5341 1288 5414 participio,
1321 5351 1380 5395 ut
1417 5338 1674 5414 sequitur
1706 5338 1872 5410 paulo

266 5423 502 5482 inferius
528 5439 541 5473 :
578 5412 837 5487 Quoniam
864 5412 1050 5471 domus
1082 5414 1368 5487 amaricans
1395 5412 1631 5487 est.‘Ti|.

338 5495 367 5534 δ
401 5482 658 5563 δαίμον”ιε
690 5493 745 5546 in
775 5490 1014 5545 circuitu.
1068 5485 1352 5563 Vati_c._uli
1396 5484 1564 5563 paulo
1599 5482 1869 5563 superius,

269 5569 361 5626 ubi
387 5557 718 5620 inhabitas...
752 5572 800 5618 et
823 5580 853 5614 a
884 5563 1035 5626 t'acie.
1063 5574 1161 5629 pro
1184 5558 1450 5613 habitas...
1483 5573 1515 5609 a
1539 5557 1691 5626 facie.

348 5650 371 5679 ο
403 5636 554 5693 Haud
578 5646 725 5690 recte
748 5632 1062 5691 Gallandius
1083 5631 1327 5699 corrigit,
1352 5628 1553 5696 scorpio
1584 5638 1638 5699 tu
1660 5644 1749 5692 es;
1773 5641 1877 5699 nec

272 5712 483 5769 Tiliaua
516 5708 685 5764 editio
712 5706 876 5760 habet
920 5705 1185 5772 scorpiace
1221 5698 1294 5761 es.
1336 5698 1773 5772 sediscarpt’aces,
1820 5698 1872 5753 id

274 5794 358 5851 est
388 5782 522 5837 vires
566 5790 669 5835 tua:
709 5771 1046 5851 scorpiones;
1069 5775 1163 5851 ubi
1212 5773 1405 5851 melius
1446 5771 1686 5841 legerem
1712 5786 1872 5851 ⁸δευτέ-

275 5817 734 5925 ζῖδεὲἥὶῐηίίνῖιηῖ
760 5817 1197 5924 sc'éipiillnsié's,
1212 5817 1318 5918 ἰ]ὖὶ
1346 5817 1875 5912 ᾗιιρτῖῗθῖίὲέἀᾞῖξμ

1974 4703 2024 4749 et
2062 4708 2092 4747 a
2146 4690 2303 4747 nobis
2350 4687 2460 4757 jam
2517 4700 2623 4739 non
2680 4681 2987 4752 requiretur
3022 4676 3170 4731 salus
3197 4671 3393 4728 anima:
3430 4677 3571 4731 tum;

1973 4784 2224 4859 quoniam
2256 4780 2473 4853 quidem
2498 4778 2660 4834 minis
2693 4776 2799 4832 tuis
2826 4789 2932 4829 non
2963 4771 3225 4827 fuerimus
3252 4763 3448 4829 territi,
3474 4762 3573 4851 sed

1976 4880 2148 4935 solum
2202 4876 2540 4930 timuerimtts
2589 4886 2736 4934 eum,
2793 4868 2883 4938 qui
2934 4872 3130 4937 printer
3187 4875 3246 4915 se
3302 4856 3573 4912 neminem

1978 4968 2248 5026 mandarit
2283 4965 2611 5031 timendum;
2646 4961 2899 5034 quoniam
2930 4956 3150 5029 quidem
3177 4962 3235 5008 ut
3266 4958 3435 5008 temet
3462 4947 3571 5004 eri-

1975 5194 2114 5250 viter
2138 5193 2301 5249 ierit:
2331 5191 2426 5247 sed
2452 5188 2705 5245 Lucifero
2735 5200 2843 5240 non
2873 5180 3115 5239 insolens
3152 5186 3239 5235 est
3277 5191 3413 5232 nova
3450 5189 3578 5248 pro-

1976 5266 2180 5322 cudere
2203 5263 2445 5319 nomina.

2050 5337 2077 5375 ά
2109 5336 2174 5393 Ut
2197 5336 2251 5391 in
2284 5335 2497 5406 Grazco,
2526 5337 2596 5406 μὴ
2622 5332 2941 5406 Gangrenam.
2976 5324 3164 5406 S_abat.
3197 5322 3401 5406 nolunt.

2053 5418 2076 5446 θ
2108 5407 2238 5464 [tem
2271 5422 2393 5463 cum
2436 5393 2652 5477 Graeco,
2683 5402 2940 5477 φιλόνεικοί
2969 5399 3098 5462 εἱσι,
3117 5398 3216 5477 ,καὶ
3252 5393 3573 5477 σκληροκάρ·

1979 5481 2099 5538 διοι.
2125 5479 2280 5546 Apud
2312 5478 2498 5534 Sabat.
2531 5466 2865 5532 Con'te'ntiosa
2895 5479 2989 5536 est,
3019 5477 3069 5523 et
3093 5466 3227 5521 duro
3251 5467 3430 5520 corde.

2058 5552 2079 5592 ί
2113 5551 2235 5606 Non
2268 5551 2476 5621 poteris.
2510 5547 2681 5602 Vatic.

2058 5634 2082 5673 ις
2116 5624 2218 5679 Eos
2236 5623 2393 5678 addit
2424 5634 2609 5688 supra.

2053 5694 2405 5765 hDelinquat,
2455 5679 2685 5765 uiroque
2737 5689 2791 5744 in
2831 5686 2952 5743 loco
2996 5683 3138 5756 apud
3188 5683 3375 5741 Sabat.
3409 5679 3572 5737 Forte

1984 5770 2237 5825 mendum
2260 5764 2401 5842 inest
2426 5764 2557 5821 edit.
2591 5769 2811 5819 nostrae.
