4042 6338
263 290 373 345 9'57

839 284 929 343 DE
968 282 1107 342 NON
1148 280 1518 340 PARCENDO
1557 282 1621 338 ιδ
1664 280 1855 339 ΒΕυῆ
1890 281 2496 351 DELINQUEN’I’IBUS
2538 282 2744 339 LIBER
2781 280 2988 341 UNUS.

3455 278 3574 348 L958

264 406 667 476 Numquidnam
707 404 913 476 poteris
960 403 1139 458 dicere
1184 409 1308 471 post
1353 402 1491 456 hanc
1523 400 1637 457 Deo
1692 401 1866 455 lusam
1894 405 1946 464 Α
1975 401 2255 471 pastores?
2285 400 2421 454 Dicit
2453 400 2709 455 Dominus
2740 401 2795 453 in
2826 400 3119 470 Evangelia
3151 398 3332 469 (Joan.
3362 414 3419 463 ι,
3452 399 3569 470 ll):

263 510 457 556 contra
501 498 782 569 religionis
812 496 1001 551 hostes
1042 493 1513 556 obsecrationem,
1544 492 1687 562 quod
1716 492 1862 547 enim

268 609 373 649 nos
397 592 541 647 malo
584 590 775 646 ordine
828 599 880 643 te
930 597 1120 644 contra
1152 588 1412 654 nitamur,
1458 586 1585 655 quia
1622 586 1869 641 dicamus

268 687 395 751 tibi,
417 684 740 755 Aut-corrige
767 683 875 736 uias
906 692 1020 736 tuas
1053 697 1259 750 pravas,
1290 689 1337 734 et
1365 680 1472 734 noli
1505 679 1597 734 tibi
1625 680 1679 733 in
1708 680 1870 751 impeb

266 781 337 835 rii
383 780 456 833 tui
503 780 710 852 placere
741 778 988 845 potentia,
1028 786 1117 830 aut
1162 791 1411 848 cognosce
1446 776 1515 829 ad
1560 775 1783 829 nihilum
1823 784 1870 830 te

268 871 674 943 permaturum?
699 870 837 939 Quid
865 869 1012 925 aliud
1041 883 1140 924 nos
1171 870 1332 924 hodie
1363 868 1593 924 facimus
1627 867 1723 923 Dei
1750 882 1867 922 scr-

266 965 347 1033 vi,
374 960 516 1035 ejus'
548 964 749 1021 divina
803 962 1191 1033 magnitudinis
1239 962 1578 1025 sacerdotes.
1614 962 1718 1015 nisi
1750 973 1872 1030 qute

267 1059 521 1116 fecerunt
553 1059 671 1122 illi,~
691 1072 929 1129 quorum
954 1058 1211 1127 cupimus
1253 1057 1481 1111 inveniri
1528 1053 1872 1109 imitatores?

268 1152 408 1207 Puto
433 1150 637 1207 etenim
687 1150 910 1221 dignum
960 1164 1086 1205 esse
1119 1165 1231 1205 non
1257 1148 1649 1218 derelinquere
1700 1163 1872 1219 popu—

272 1246 365 1300 los
388 1245 547 1301 nobis
574 1245 901 1301 commissos
928 1244 981 1299 in
1015 1253 1160 1300 tanta
1192 1244 1293 1299 hac
1323 1260 1353 1296 a
1386 1252 1438 1299 te
1485 1242 1637 1298 illata
1688 1257 1875 1313 perse-

269 1339 516 1405 cutione,
570 1337 666 1394 sed
701 1352 799 1393 eos
826 1336 1056 1402 hortari,
1103 1337 1304 1408 t‘quod
1366 1337 1511 1391 enim
1563 1346 1756 1405 potens
1802 1336 1876 1391 sit

269 1432 426 1501 cujus
473 1445 667 1488 sumus
708 1445 810 1487 nos
860 1432 1074 1501 eripere
1133 1429 1202 1486 de
1250 1428 1599 1485 inimicorum
1653 1443 1873 1483 suorum

271 1524 552 1589 manibus,
584 1538 692 1578 non
736 1536 860 1578 esse
903 1531 955 1578 te
1009 1521 1359 1579 metuendum
1405 1524 1614 1577 hostem
1649 1521 1745 1576 Dei
1778 1520 1875 1575 do-

272 1633 430 1683 mus;
486 1615 881 1672 advertendum
929 1616 1073 1689 quod
1120 1618 1197 1671 sis
1249 1615 1408 1681 nihil,
1452 1615 1581 1687 quia
1624 1615 1879 1670 videlicet

272 1717 463 1766 noster
494 1711 633 1765 Deus
659 1724 723 1764 ac
774 1710 1036 1765 Dominus
1064 1709 1247 1764 omnia
1301 1719 1493 1779 potens
1522 1708 1593 1763 ad
1641 1708 1873 1763 nihilum

1974 493 2167 548 Pastor
2192 493 2355 547 bonus
2379 494 2608 547 auinam
2655 510 2800 547 suam
2827 494 2975 563 ponit
3018 502 3042 529 ο
3071 506 3170 563 pro
3203 491 3381 545 ovibus
3415 507 3434 544 :
3478 492 3566 561 qui

1977 585 1999 625 ί
2030 587 2379 641 mercenarius
2406 578 2501 651 est,
2531 596 2577 639 et
2616 596 2718 639 non
2746 595 2819 639 est
2868 596 3065 654 pastor,
3116 587 3265 657 cujus
3297 600 3401 638 non
3453 594 3575 641 sunt

1972 698 2095 736 me
2135 682 2378 754 propriaz,
2407 681 2538 735 ridet
2561 681 3066 750 lupunwenicutem,
3090 689 3138 734 et
3167 681 3410 751 relinquit
3436 695 3576 748 ores,

1973 786 2023 830 et
2063 777 2233 848 fugit;
2276 786 2323 829 et
2374 779 2531 846 lupus
2573 777 2713 844 rapit
2744 775 2863 829 illas
2910 786 2959 829 et
3007 776 3276 847 dispergit,
3329 777 3576 845 quoniam

1975 874 2369 942 spuercenarins
2397 883 2490 933 est,
2535 883 2587 927 et
2632 890 2733 927 non
2778 874 2995 945 pertinet
3027 874 3094 927 ad
3141 889 3255 926 eum
3285 872 3350 926 de
3385 871 3582 927 ovibus.

1973 967 2111 1034 Quid
2134 975 2311 1037 itaque
2328 968 2483 1021 nobis
2500 979 2611 1023 erat
2634 968 2955 1038 gerendum,
2982 982 3049 1022 ne
3079 966 3174 1021 tibi
3195 964 3580 1021 contumeliosi

1975 1061 2255 1117 exstitisse
2285 1062 2594 1116 videremur
2618 1060 3312 1132 iCognovimustelupum,
3345 1059 3583 1114 vidimus

1976 1154 2043 1208 ad
2094 1168 2223 1209 ores
2266 1165 2321 1210 te
2364 1155 2659 1209 tetendisse
2699 1153 2911 1207 Domini
2938 1166 3150 1219 manus,
3198 1153 3586 1223 conspeximus

1978 1256 2033 1302 te
2051 1262 2161 1302 uno
2190 1256 2435 1318 tempore
2454 1257 2708 1302 certatum
2743 1246 2950 1300 laniare
2990 1254 3215 1299 cunctos
3257 1244 3468 1298 Domini
3503 1243 3589 1297 in—

1978 1355 2234 1398 vocantes
2282 1357 2502 1397 notnen.
2539 1341 2937 1411 Numquidnam
2990 1340 3165 1396 fuerat
3211 1341 3435 1410 dignum
3476 1356 3587 1396 non

1981 1445 2248 1506 pastores,
2279 1435 2377 1490 sed
2407 1434 2773 1489 mercenarius
2802 1433 3060 1489 exhibere
3094 1433 3225 1487 nos?
3256 1432 3419 1488 Petro
3455 1431 3589 1488 dicit

1980 1528 2142 1585 beato
2170 1547 2185 1581 :
2220 1528 2385 1582 Pasce
2410 1525 2440 1565 h
2468 1544 2629 1599 agnos
2658 1543 2796 1581 meos
2829 1525 2934 1595 (Ib.
2964 1542 3075 1591 χιιι,
3111 1526 3214 1595 16).
3252 1527 3317 1581 Et
3341 1526 3537 1581 iterum
3570 1543 3586 1581 :

1983 1620 2149 1676 Pasce
2177 1621 2403 1675 oviculas
2455 1618 2782 1692 meas(lbid.
2816 1620 2927 1691 17).
2966 1621 3030 1675 Et
3077 1631 3131 1674 tu
3164 1623 3391 1674 veniens
3427 1616 3589 1689 lupus

1980 1716 2064 1769 vis
2094 1729 2206 1777 eos,
2240 1717 2328 1785 qui
2362 1728 2712 1770 successores
2739 1713 3016 1767 exstitisse
3049 1714 3397 1767 inveniuntur
3425 1713 3589 1767 beato

270 1802 595 1859 redacturus
645 1801 717 1856 sit
746 1801 928 1856 omnia
968 1811 1162 1857 contra
1209 1799 1325 1871 ejus
1362 1799 1583 1855 domum
1627 1797 1870 1854 instituta

2001 1811 2161 1874 ’etro,
2195 1810 2365 1863 vicem
2398 1823 2587 1878 gerere
2628 1807 3131 1861 mercenariorum?
3160 1820 3256 1860 eos
3282 1820 3419 1875 quos
3442 1806 3585 1875 jam-

272 1893 444 1959 impia
477 1905 564 1949 tua
588 1892 901 1950 conamina.
926 1894 1059 1961 Qua:
1088 1892 1175 1948 hic
1200 1894 1299 1949 tibi
1323 1894 1520 1962 injuria
1541 1893 1599 1946 lit
1626 1909 1655 1947 a
1681 1892 1878 1947 nobis?

272 2002 397 2055 qua:
445 1985 711 2056 ingeritur
762 1985 1087 2057 Imperatori
1132 1986 1380 2041 Bonnam
1426 1988 1758 2043 contumelia
1809 1988 1878 2042 ab

271 2078 615 2139 antistitibus
647 2078 742 2135 Dei
768 2080 903 2148 vivi,
922 2081 967 2135 si
989 2088 1047 2136 ut
1070 2089 1165 2135 aut
1187 2079 1351 2135 vitam
1373 2092 1641 2136 aeternam
1675 2078 1878 2135 habeas

271 2171 483 2241 rogaris
532 2181 628 2226 aut
672 2170 887 2227 dicatur
921 2172 1015 2227 tibi
1049 2181 1333 2242 propterea
1367 2173 1510 2243 quod
1558 2182 1753 2229 contra
1780 2172 1879 2229 Dei

272 2263 585 2333 susceperis
616 2279 765 2320 arma
790 2265 1037 2331 domum,
1070 2266 1175 2321 nisi
1212 2275 1263 2321 te
1308 2268 1636 2333 correxeris,
1668 2267 1879 2338 ingenti

274 2358 447 2413 exitio
475 2358 551 2412 sis
602 2358 964 2414 interiturus?
992 2359 1106 2431 Qua
1135 2359 1335 2415 etenim
1368 2360 1437 2416 de
1482 2376 1540 2416 re
1573 2362 1669 2417 tibi
1712 2377 1881 2418 cunc-

274 2460 455 2506 torttm
474 2449 568 2507 Dei
598 2452 796 2507 domus
833 2451 1184 2509 inimicorum
1210 2453 1881 2525 proferimusiinteritum?

274 2545 382 2601 nisi
423 2554 591 2601 utaut
622 2556 773 2602 metu
806 2546 901 2602 Dei
933 2549 1159 2602 territus
1185 2555 1357 2602 temet
1386 2557 1588 2615 mutes,
1623 2560 1715 2603 aut
1753 2562 1879 2605 cum

274 2647 445 2691 temet
467 2637 519 2691 in
547 2647 812 2693 aeternum
834 2653 957 2694 esse
986 2638 1182 2695 feceris
1204 2638 1231 2677 ι)
1257 2640 1525 2711 punitum,
1561 2656 1660 2697 nos
1701 2644 1882 2698 securi

278 2746 349 2785 ex
380 2731 527 2786 omni
557 2730 959 2805 triumphamus
990 2742 1183 2806 parte;
1215 2734 1341 2806 quia
1370 2749 1423 2793 ct
1454 2747 1575 2792 tuus
1606 2739 1828 2809 sanguis
1851 2753 1883 2794 a

276 2825 439 2882 nobis
463 2841 574 2883 non
597 2828 770 2897 possit
797 2842 829 2883 a.
852 2827 969 2884 Deo
993 2828 1220 2897 requiri,
1244 2840 1297 2884 et
1323 2829 1450 2899 quia
1480 2830 1767 2885 interitum
1790 2831 1887 2886 ad-

273 2922 653 2976 versariorum
698 2921 957 2977 ecclesia)
1008 2922 1128 2990 ejus
1196 2922 1515 2978 viderimus.
1590 2925 1883 2981 Persevera

276 3014 515 3086 denique
569 3017 621 3068 in
653 3014 755 3069 hac
810 3024 897 3068 tua
932 3014 1223 3084 iniustitia,
1270 3022 1325 3070 et
1378 3015 1625 3072 invenies
1662 3034 1779 3087 qua:
1836 3030 1885 3073 te

280 3124 380 3180 pro
413 3107 577 3163 tantis
626 3107 985 3177 consequitur
1018 3117 1040 3147 ο
1089 3107 1323 3162 meritis.
1372 3108 1635 3179 Superbia
1672 3110 1887 3179 inﬂatus

1983 1903 2191 1973 pridem
2223 1917 2315 1973 per
2337 1901 2626 1957 Jeremiam
2660 1901 2984 1971 promiserat
3009 1900 3211 1969 populo
3245 1913 3345 1953 suo
3367 1899 3590 1953 dicens:

1981 1996 2052 2049 Et
2092 1996 2224 2049 dabo
2256 1994 2401 2048 vobis
2440 2002 2672 2062 pastores
2703 1992 2984 2047 secundum
3034 2008 3123 2045 cor
3167 2007 3358 2051 meum,
3392 2001 3439 2043 et
3468 2008 3591 2061 pas-

1981 2098 2095 2142 cent
2120 2104 2207 2141 vos
2234 2094 2497 2158 pascentes
2515 2101 2633 2138 cum
2648 2084 2925 2155 disciplina
2950 2082 2967 2120 ί
2997 2101 3010 2136 :
3036 2094 3091 2138 et
3121 2100 3229 2137 non
3251 2081 3420 2136 dixit:
3452 2081 3597 2136 Dabo

1982 2180 2123 2234 vobis
2155 2177 2517 2232 Constantium
2543 2177 2927 2247 imperatorem,
2967 2176 3058 2246 qui
3084 2191 3174 2227 vos
3201 2173 3363 2246 possit
3394 2174 3447 2227 in
3476 2173 3595 2227 dia-

1984 2272 2093 2327 boli
2137 2280 2333 2326 vertere
2382 2269 2613 2341 predum
2648 2266 2783 2340 (Jer.
2834 2283 2914 2331 tu,
2951 2267 3062 2338 15).
3096 2267 3254 2322 Dicas
3306 2281 3404 2321 nos
3450 2266 3595 2322 male

1984 2380 2170 2435 agere,
2208 2365 2331 2436 quia
2379 2361 2666 2433 satrilcgio
2718 2372 2811 2416 tuo
2863 2362 3185 2416 resiSIamus
3224 2360 3422 2415 virtute
3465 2375 3595 2430 pro-

1986 2461 2114 2515 tecti
2155 2457 2271 2513 Dei.
2292 2457 2587 2513 Videamus
2611 2456 2738 2527 quid
2771 2458 2937 2511 etiam
2964 2466 3233 2524 tempore,
3270 2470 3380 2522 quo
3407 2460 3599 2523 conty-

1984 2550 2323 2606 rannns'tuus
2342 2552 2377 2603 tt
2390 2549 2639 2603 ntiochus
2654 2559 2972 2619 persecutor
2992 2559 3106 2601 n05t
3119 2545 3485 2617 ravfreligionis
3498 2558 3599 2598 ex-

1986 2646 2119 2702 Stitit
2141 2645 2267 2715 quid
2303 2644 2528 2701 fecerint
2555 2643 2633 2709 hi,
2670 2642 2761 2714 qui
2788 2644 3151 2698 meminerant
3190 2652 3386 2711 praeter
3420 2640 3592 2696 Deum

1988 2739 2260 2793 netninem
2307 2737 2625 2792 timendum.
2674 2734 2781 2791 Sed
2812 2734 2965 2806 prius
3013 2745 3096 2789 est
3125 2748 3449 2805 cognoscas,
3477 2747 3597 2801 «tua:

1988 2830 2101 2895 ille,
2130 2831 2213 2884 cui
2244 2838 2303 2884 tu
2343 2829 2534 2883 similis
2564 2842 2641 2894 cs,
2679 2828 2993 2899 scripserit;
3029 2829 3109 2883 sic
3153 2828 3357 2882 etenim
3393 2826 3599 2895 poteris

1990 2922 2291 2993 intelligere
2321 2922 2442 2977 illos
2484 2920 2578 2976 Dei
2607 2936 2817 2988 servos,
2857 2922 3111 2993 quoniam
3146 2923 3159 2970 l
3217 2935 3318 2975 nos
3351 2921 3600 2989 cupimus

1992 3014 2229 3080 militum
2258 3025 2569 3094 participes,
2604 3024 2871 3079 restitisse
2897 3023 3153 3078 Antiochi
3178 3022 3604 3091 sacrilegio,sic-

1993 3140 2049 3181 ut
2094 3134 2148 3181 et
2184 3138 2284 3179 nos
2334 3125 2431 3179 tibi
2484 3123 2594 3178 Deo
2646 3124 2879 3193 pr0pitio
2932 3123 3271 3178 resistamus.
3334 3121 3600 3191 Loquitur

277 3212 371 3267 est,
420 3202 620 3271 inquis,
655 3200 910 3271 Lucifer;
942 3203 1065 3272 quia
1095 3216 1221 3258 vera
1264 3203 1357 3257 tibi
1397 3202 1562 3258 dicat.
1610 3203 1750 3273 Quid
1795 3222 1881 3261 me

2001 3238 2171 3285 sancta
2204 3227 2469 3298 scriptura
2517 3226 2705 3281 dicens
2756 3226 2810 3279 in
2842 3223 3275 3280 Machabzcorum
3318 3224 3492 3291 primo
3537 3221 3601 3275 li-

272 3296 505 3366 jnhebas
538 3295 716 3351 facere
750 3307 994 3365 tempore
1024 3298 1149 3359 isto,
1178 3313 1286 3367 quo
1315 3308 1370 3353 tu
1399 3298 1708 3353 antichristi
1744 3316 1882 3369 prm-

279 3406 473 3446 cnrsor
501 3388 567 3444 ad
597 3404 695 3444 nos
724 3388 1134 3444 interficiendos
1160 3405 1313 3444 arma
1340 3402 1533 3445 contra
1567 3393 1657 3447 Itei
1689 3393 1881 3448 levasti

281 3485 549 3540 domum?
582 3498 829 3553 tempore
876 3498 987 3553 quo
1017 3484 1279 3539 exstitisti
1307 3484 1452 3540 unici
1497 3485 1615 3539 Filii
1665 3486 1759 3541 Dei
1793 3501 1885 3541 ue-

279 3576 884 3649 gzitori'l‘aceremne?
923 3588 975 3632 et
1025 3584 1078 3631 te
1110 3578 1297 3647 lupum
1338 3578 1644 3633 tenicntem
1679 3576 1744 3633 ad
1788 3579 1884 3637 Dei

284 3673 605 3726 vastandum
638 3686 856 3742 gregem
889 3670 1167 3727 sinerem?
1198 3674 1278 3727 An
1307 3671 1529 3743 dignum
1565 3673 1731 3728 fuisse
1760 3690 1890 3730 cen-

284 3781 376 3820 scs
402 3766 615 3819 obviam
644 3778 895 3834 past0res
921 3764 1013 3819 tibi
1048 3768 1250 3820 iret-us
1279 3765 1440 3820 siccis
1487 3778 1675 3835 parato
1718 3764 1886 3821 fanci-

285 3861 389 3915 bus
415 3859 482 3913 ad
503 3868 720 3914 nosmet
743 3856 1068 3913 nobiscumd
1082 3859 1411 3915 commissos
1431 3860 1884 3915 transvorandos?

285 3951 610 4020 Magualinm
643 3950 821 4006 fuerat
842 3950 997 4019 satis,
1029 3961 1085 4005 ut
1118 3950 1313 4005 mulier
1351 3952 1452 4006 ista
1507 3952 1619 4007 Deo
1662 3954 1891 4023 cupiens

288 4046 508 4116 placere
544 4044 733 4101 Judith
757 4060 922 4100 manu
960 4045 1297 4101 interimeret
1319 4062 1415 4100 sua
1449 4046 1685 4109 hostem,
1714 4057 1769 4101 et
1793 4061 1892 4102 nos

288 4155 359 4195 ne
374 4140 594 4207 quidem
622 4140 795 4195 verba
814 4140 953 4195 tibia
978 4140 1211 4194 Domino
1239 4140 1628 4195 restitissemus
1660 4141 1894 4195 instituti

363 4265 388 4293 ⁸
432 4254 615 4321 Forte,
655 4253 793 4323 quod
824 4270 941 4308 cum
978 4262 1157 4322 potens
1202 4253 1264 4306 sit
1298 4250 1461 4323 Deus.
1509 4255 1659 4323 cujus
1697 4271 1895 4322 sumus,

290 4344 410 4392 nos,
441 4336 547 4383 etc.
590 4320 843 4381 Galland.
879 4320 985 4379 sed
1008 4325 1257 4379 Lucifero
1291 4320 1546 4394 frequens
1566 4320 1660 4378 est
1692 4320 1895 4382 locutio

327 4399 430 4454 uad
458 4401 597 4454 enim
626 4415 720 4466 pro
746 4400 905 4470 quia;
942 4412 1057 4468 quo
1090 4396 1141 4451 in
1175 4396 1299 4451 loco
1320 4411 1516 4451 sensus
1557 4406 1660 4459 est.
1691 4402 1779 4454 sed
1809 4415 1895 4453 eos

288 4419 429 4525 ἵιιοα
458 4419 597 4454 enim
626 4419 720 4466 νη)
746 4419 905 4470 ςυιας
942 4419 1057 4468 quo
1090 4419 1141 4451 Ill
1175 4419 1299 4451 IUCU
1320 4419 1516 4451 δευδιιδ
1557 4419 1660 4459 eat.
1691 4419 1778 4454 aea
1809 4419 1893 4453 808

308 4472 518 4535 tortari,
542 4472 663 4536 quia
689 4481 1050 4542 potenslcth
1076 4484 1314 4542 {initiasse
1337 4477 1384 4522 te
1408 4470 1761 4542 ructuendunt,
1780 4479 1893 4526 etc.

290 4545 359 4599 ad
406 4551 642 4598 mentem
689 4538 819 4595 mo
862 4538 1141 4596 Gallandii
1180 4541 1255 4595 ita
1298 4539 1587 4609 legendum
1629 4552 1894 4607 praeterea

291 4620 474 4672 esset:
505 4612 597 4669 sed
624 4630 708 4668 eos
736 4611 973 4679 hortari;
1012 4609 1173 4680 quod,
1197 4627 1338 4676 cum,
1368 4622 1507 4679 εις..
1532 4622 1586 4668 tu
1611 4629 1713 4667 non
1742 4619 1795 4670 ss‘
1823 4615 1890 4667 tio

292 4685 535 4752 mendas,
565 4696 673 4742 etc.

366 4758 393 4797 δ
436 4758 662 4814 Sciveris
693 4756 1030 4829 puniendum.
1062 4752 1311 4813 Galland.
1344 4754 1522 4811 minus
1554 4767 1739 4825 recte;
1771 4771 1897 4812 sen-

294 4848 390 4887 sus
423 4833 569 4887 enim
599 4828 703 4896 est,
744 4846 862 4885 cum
878 4833 997 4903 jam
1028 4830 1082 4883 in
1111 4839 1361 4884 (sternunt
1385 4830 1660 4883 damnatus
1685 4832 1787 4885 eris
1809 4838 1898 4884 tua

293 4905 477 4969 culpa,
508 4912 614 4959 etc.

375 4922 844 5045 3m(:‘o?t|s(:.;qtteatur.
870 4972 987 5028 Lat.
1014 4984 1070 5029 et
1090 4970 1339 5029 Callani.
1357 4970 1768 5043 Consequuntur.
1794 4973 1899 5029 Tit.

294 5048 383 5107 vel
413 5048 742 5119 consequitur
769 5061 938 5119 pana.

367 5118 396 5158 ά
439 5115 864 5176 ιιιυιΙήοὸὶιόιιηι
898 5118 1271 5187 importunum
1298 5115 1512 5170 videtur
1540 5134 1554 5169 ;
1584 5125 1678 5170 aut
1710 5117 1902 5187 legen-

295 5194 427 5249 dum
474 5191 725 5246 nobismet
772 5188 1105 5254 commissos,
1160 5188 1424 5241 nobiscum
1474 5190 1900 5245 transvoranrlos.

297 5264 554 5322 Galland.
590 5262 685 5318 sed
725 5261 994 5317 correctio
1035 5260 1102 5312 ad
1148 5259 1355 5313 calcem
1389 5257 1645 5313 editionis
1674 5260 1903 5316 Tilianm

300 5339 502 5401 habet,
537 5345 735 5390 nosmet
765 5334 1032 5387 nobiscum
1062 5332 1383 5399 commissos,
1418 5330 1471 5384 id
1503 5342 1584 5386 est
1610 5372 1625 5397 ,
1654 5332 1786 5387 inter
1812 5349 1907 5387 nos

300 5410 590 5466 discordes.

379 5491 403 5518 θ
446 5478 623 5535 Grmc.
654 5478 872 5535 τίθησιν.
904 5472 1063 5529 Vers.
1098 5470 1229 5529 Ant.
1260 5473 1372 5525 dat.

382 5549 400 5589 ί
449 5548 803 5604 Μενεεηανὶιιδ
831 5556 1022 5609 autem,
1060 5554 1107 5596 et
1138 5543 1225 5612 qui
1264 5560 1368 5597 non
1389 5553 1465 5598 est
1495 5556 1790 5613 pastor.....
1824 5547 1908 5602 di.

303 5624 461 5681 mittit
507 5639 746 5681 oves"...
779 5636 863 5672 eas
884 5660 901 5682 ,
940 5625 989 5670 et
1020 5617 1386 5686 disperguntur
1412 5630 1549 5670 oves.
1592 5617 1746 5673 Vers.
1778 5621 1906 5674 Ant.

302 5694 538 5752 Tertull.
571 5693 666 5748 lib.
699 5690 769 5746 de
786 5688 945 5763 AFuga
978 5688 1269 5763 inpersec.
1300 5688 1624 5763 derelinquit.
1654 5688 1820 5763 Cypr.
1853 5692 1905 5747 in

303 5766 566 5842 epist._ad
594 5766 738 5842 Cleo.
772 5758 1243 5842 Carih.ndispergil
1268 5773 1393 5842 sunt
1427 5758 1603 5842 Lucil.

384 5849 407 5887 ε
450 5836 653 5907 Eadem
709 5837 760 5890 in
814 5849 916 5891 ms.
967 5830 1280 5907 Cantabiig.
1337 5830 1492 5893 Vers.
1545 5835 1672 5891 Ant.
1719 5834 1905 5893 addit:

1990 3332 2087 3385 bro
2122 3348 2135 3385 :
2162 3329 2231 3384 Et
2253 3330 2457 3401 scripsit
2480 3345 2573 3382 rex
2599 3326 2623 3364 ¹ί
2651 3328 2793 3381 omni
2822 3343 2981 3397 regno
3010 3342 3125 3391 suo,
3150 3335 3209 3379 ut
3233 3333 3366 3380 esset
3394 3326 3602 3379 univer-

1986 3452 2072 3489 sus
2099 3431 2321 3504 papulas
2350 3449 2502 3498 unus,
2538 3438 2584 3485 et
2608 3431 2951 3501 relinquerent
2980 3430 3330 3501 unusquisque
3362 3429 3600 3499 legitima

1986 3554 2102 3591 sua.
2156 3534 2224 3588 Et
2252 3532 2271 3572 ι
2305 3542 2607 3602 receperunt
2636 3549 2814 3586 omnes
2857 3540 3033 3604 gentes
3064 3529 3351 3584 secundum
3391 3529 3602 3583 uerbum

1988 3638 2147 3710 regis,
2184 3647 2231 3691 et
2278 3637 2430 3691 multi
2478 3652 2541 3690 ex
2572 3634 2742 3689 Israel
2789 3641 3161 3688 consenserunt
3190 3641 3227 3668 ω
3275 3632 3430 3685 simul
3485 3646 3603 3684 cum

1993 3743 2122 3806 illis,
2173 3750 2220 3796 et
2265 3739 2565 3812 polluerunt
2613 3738 2907 3793 sabbatum.
2943 3736 3007 3791 Et
3058 3737 3197 3790 misit
3239 3751 3333 3789 rea:
3360 3735 3521 3789 libros
3549 3735 3604 3788 in

1990 3855 2018 3882 ιι
2064 3862 2218 3899 manu
2256 3844 2556 3898 nuntiorum
2591 3840 2916 3908 Jerusalem,
2962 3850 3007 3893 et
3056 3840 3287 3893 civitates
3324 3834 3500 3898 Judte,
3548 3842 3606 3889 ut

1990 3936 2124 3991 irent
2149 3945 2264 4006 post
2297 3932 2526 4004 legitima
2558 3943 2745 3988 extorto
2777 3946 2945 3997 terrae,
2977 3942 3022 3986 et
3064 3931 3338 4000 prohibere
3386 3938 3409 3965 ο
3454 3927 3605 3985 holo-

1992 4051 2196 4104 causta,
2224 4049 2275 4094 et
2296 4037 2639 4108 sacriﬁcium,
2659 4046 2705 4090 et
2745 4036 3049 4090 libertinum
3072 4033 3138 4086 de
3172 4032 3601 4100 sanctiﬁcatione,

1994 4154 2022 4193 ι)
2050 4143 2399 4198 contaminare
2441 4140 2655 4197 sabbata
2692 4150 2739 4194 et
2778 4137 2887 4192 dies
2920 4138 3195 4201 solemnes,
3237 4142 3284 4189 et
3322 4142 3348 4183 (ι
3375 4132 3609 4203 polluere

2004 4258 2348 4311 mercenarius
2370 4266 2538 4311 autem
2562 4257 2693 4326 fugit
2717 4251 3265 4326 :quiaiconductitius,
3290 4258 3399 4305 etc.
3422 4247 3629 4305 Gra‘c.'

2004 4332 2279 4399 μισθωτὸς.
2307 4324 2837 4399 mercenariustcum
2866 4324 3042 4380 anil‘.

2076 4399 2103 4437 ιι
2150 4400 2312 4455 l’ascc
2334 4416 2448 4453 oves
2470 4414 2628 4452 meas.
2660 4397 2819 4451 Vers.
2850 4399 2975 4450 Ant.
3012 4407 3244 4464 utroque
3276 4392 3329 4445 in
3357 4392 3501 4447 loco.

2081 4471 2098 4509 λ
2145 4471 2285 4538 Dixit
2312 4470 2531 4525 Lucifer
2550 4486 2668 4522 cum
2689 4468 2989 4537 disciplina,
3015 4480 3127 4538 quo
3147 4463 3413 4519 scientiam
3430 4473 3481 4519 et
3506 4463 3600 4518 do-

1922 4575 1975 4637 Β
2001 4536 2224 4637 ctrinq‘m
2235 4540 2650 4637 intellegit-La
2677 4541 2863 4595 (larda.

2075 4616 2087 4666 i
2143 4617 2396 4682 Quorum.
2433 4614 2612 4667 Latin.

2074 4685 2102 4725 ¹ί
2147 4675 2295 4741 Vera.
2330 4686 2458 4740 Ant.
2488 4683 2603 4739 Res
2630 4684 2985 4738 Antiochus...
3027 4680 3406 4744 relinqueret...
3447 4675 3607 4749 legem

2002 4769 2163 4814 tuam.
2198 4758 2296 4813 Ms.
2333 4759 2491 4811 Alex.
2524 4757 2727 4812 ontittit
2769 4756 3073 4817 Antiochus,
3114 4754 3188 4807 uti
3218 4750 3392 4805 Lucii.
3425 4748 3604 4805 om.

2004 4834 2069 4889 τὰ
2094 4827 2282 4904 νόμιμα
2322 4832 2485 4885 αὐτοῦ
2512 4844 2637 4885 cum
2684 4826 2855 4882 Lucii.
2906 4826 3235 4895 Relinqucrct
3272 4821 3403 4892 legit
3441 4823 3605 4875 etiam

2013 4904 2101 4958 hic
2131 4907 2198 4957 Sa
2208 4904 2486 4955 patieritts.

2086 4973 2105 5012 ι
2150 4974 2305 5029 Vers.
2340 4975 2466 5027 Ant.
2502 4973 2946 5026 Consenserunt...
2976 4969 3113 5042 regis
3142 4964 3403 5021 Antiochi.
3438 4963 3611 5018 Abest

2012 5062 2041 5100 a
2073 5045 2289 5110 Grieco,
2330 5044 2591 5110 Antiochi,
2621 5045 2695 5097 uti
2730 5060 2756 5095 a
2788 5043 2963 5097 Lucii.

2081 5128 2119 5154 πυ
2160 5106 2535 5171 Consenserunt
2562 5106 2792 5170 servituti
2819 5118 2952 5186 ejus,
2975 5122 3021 5166 et
3046 5110 3469 5178 sacriﬁcaverunt
3494 5106 3610 5160 ido-

2011 5189 2100 5255 lis,
2131 5200 2177 5242 ct
2203 5189 2679 5257 coinquinancrunt,
2712 5197 2818 5240 etc.
2841 5185 3008 5257 'Vcrs.
3040 5188 3169 5238 Ant.

2082 5252 2110 5297 έι
2150 5260 2254 5314 Per
2275 5252 2458 5312 manus
2480 5260 2787 5313 nunciorum
2808 5260 2861 5311 in
2882 5256 3196 5314 Jerusalem,
3219 5263 3264 5306 et
3288 5252 3339 5304 in
3364 5266 3559 5304 omnes.
3574 5290 3611 5304 ..

2015 5343 2071 5386 ut
2110 5342 2439 5402 sequerentur
2468 5333 2603 5401 leges
2632 5330 2866 5402 gentium,
2890 5339 3060 5383 terra.
3087 5324 3243 5389 [θὼς
3277 5337 3378 5376 ms.
3420 5323 3610 5377 Germ.

2016 5401 2277 5461 convenit
2302 5404 2527 5457 omnino
2554 5418 2677 5456 cum
2708 5401 2882 5456 Lucii.

2088 5486 2112 5511 °
2156 5476 2231 5531 ita
2265 5477 2316 5528 in
2341 5474 2553 5530 Grzeeo.
2588 5474 2745 5528 Veis.
2770 5476 2899 5527 Ant.
2925 5469 2995 5524 Et
3025 5468 3351 5539 prohiberent
3377 5465 3620 5539 etgsarri-

2012 5548 2131 5617 ﬁcia
2153 5558 2197 5602 et
2224 5547 2538 5614 plucotiones
2562 5547 2675 5613 ﬁeri
2696 5546 2749 5599 in
2772 5543 2964 5613 templo
2989 5536 3101 5596 Dei.
3128 5540 3313 5597 Sabat.
3342 5536 3471 5606 legit
3493 5552 3615 5607 pro-

2012 5620 2241 5675 hiberent
2274 5620 2327 5674 in
2357 5617 2531 5673 Lucii.

2084 5704 2108 5741 Ρ
2154 5691 2309 5745 Vers.
2361 5690 2489 5743 Ant.
2547 5688 2611 5743 Et
2655 5688 2985 5757 prohiberent
3029 5682 3276 5739 celebrari
3318 5679 3611 5757 sabbatum.

2012 5765 2190 5822 Graec.
2224 5777 2348 5819 cum
2382 5761 2553 5816 Lucil.
2592 5752 2784 5829 inquo
2811 5760 3221 5817 contaminarent
3251 5752 3392 5829 apud
3421 5752 3611 5810 Sabat.

2084 5847 2112 5888 (ι
2151 5833 2219 5891 Ει
2245 5833 2561 5915 polluerunt.
2584 5825 2774 5893 Stabat.
2804 5831 3046 5908 Etjuuit
3070 5825 3395 5901 coinquinari
3413 5834 3615 5896 Iuntl“:
