4042 6338
486 259 596 334 965

1573 237 1898 320 Luctrstu
1935 255 2249 317 mscopt
2283 231 2714 316 CALAtttTANi

3687 259 3786 315 966

487 380 722 440 videor?
749 391 946 448 nempe
987 376 1116 448 quia
1141 373 1302 431 audis
1340 387 1371 430 a
1413 387 1502 430 me
1525 387 1590 430 ea
1637 381 1694 429 te
1719 385 1937 442 gerere,
1973 385 2095 441 quae
2123 383 2174 441 Δ
2205 372 2416 428 Domini
2447 371 2693 428 auferant
2721 379 2953 434 metum,
2977 380 3032 426 et
3057 378 3115 426 te
3135 370 3337 426 iaciant
3359 370 3790 426 lormidandum?

491 491 713 546 semper
729 473 964 530 iecerint
985 471 1172 527 hostes
1199 470 1296 526 Dei
1320 467 1629 539 religionis.
1655 467 1754 522 Est
1776 465 1938 520 cilicii
1961 465 2093 527 mei,

493 580 553 624 ut
573 569 692 622 hinc
715 568 956 637 ingeram
983 564 1078 618 tibi
1107 562 1394 618 baeretico.
1417 561 1528 618 Aut
1551 577 1659 616 non
1683 577 1742 614 es
1769 557 2098 614 haereticus?

493 662 551 718 Si
581 671 763 716 autem
793 659 1090 715 hazretiens
1114 675 1198 724 es,
1225 674 1323 713 cur
1353 672 1442 712 me
1465 658 1704 721 incusas,
1733 652 1877 725 quod
1905 662 1930 690 ει
1951 652 2098 708 enim

496 755 601 812 sim
631 754 728 808 tibi
756 751 1082 824 injuriosus,
1113 752 1207 819 qui
1237 750 1290 806 id
1323 749 1465 806 iacio
1499 758 1552 803 te
1577 758 1795 812 contra,
1829 744 1974 816 quod
2015 759 2104 799 me

495 846 732 902 rolucrit
774 844 956 900 facere
1003 843 1183 898 Dens?
1235 841 1496 912 Loquitur
1539 838 1924 896 sanctissimus
1971 853 2098 907 pro-

499 937 666 1010 pheta
697 935 964 992 .leremias
995 937 1202 992 dixisse
1230 935 1296 990 ad
1343 950 1405 990 se
1437 933 1642 990 Deum:
1667 931 1737 987 Et
1787 941 1844 986 tu
1891 931 2104 1001 accinge

502 1029 704 1086 lumbos
735 1038 872 1096 tuos,
901 1037 951 1083 et
980 1044 1155 1101 surge,
1185 1037 1234 1084 et
1266 1027 1351 1081 dic
1383 1027 1558 1082 omnia
1599 1041 1934 1097 quascumque
1961 1040 2106 1078 mau-

502 1125 622 1180 davi
653 1123 743 1176 tibi
768 1165 784 1190 ,
810 1132 860 1178 et
888 1140 950 1177 ne
983 1123 1165 1176 timeas
1193 1139 1225 1175 a
1250 1122 1385 1192 facie
1423 1136 1622 1187 eorum,
1655 1135 1748 1173 nec
1777 1117 2025 1188 formides
2053 1117 2107 1170 its

504 1226 779 1285 conspectu
811 1233 988 1272 eorum
1013 1215 1162 1288 (Jer.
1192 1232 1231 1282 ι,
1266 1216 1386 1285 i7).
1438 1213 1575 1270 Cum
1609 1216 1727 1270 haec
1760 1214 1834 1270 ita
1889 1213 2020 1277 sint,
2052 1221 2112 1267 et

507 1324 609 1367 nos
643 1323 831 1382 urgeat
877 1311 1181 1366 necessitas
1211 1308 1380 1365 ofﬁcii
1432 1309 1589 1365 nobis
1617 1324 1650 1362 a
1679 1308 1793 1365 Deo
1844 1306 2108 1378 impositi,

505 1411 567 1458 ut
601 1401 754 1458 vobis
777 1404 1068 1474 agentibus
1098 1403 1369 1466 dicamus,
1402 1417 1764 1472 quaecumque
1811 1399 1965 1456 vobis
2003 1397 2111 1454 dici

498 1495 729 1569 jusserit
763 1497 932 1563 Deus,
951 1505 1208 1567 superest
1229 1507 1320 1551 aut
1365 1506 1424 1550 ut
1444 1495 1672 1551 obedias
1697 1495 1791 1550 Dei
1815 1493 2111 1560 mandatis,

506 1601 817 1648 conventus
861 1607 890 1645 a
929 1605 1016 1646 me
1064 1591 1237 1660 ipsius
1280 1591 1595 1646 clementiae
1630 1603 1796 1644 servo
1841 1603 1907 1642 ac
1930 1601 2113 1642 sacer-

481 1687 658 1753 .dote,
682 1696 778 1742 aut
813 1687 1011 1756 probes
1036 1685 1105 1740 de
1145 1685 1452 1756 Scripturis
1483 1683 1676 1751 sacris,
1709 1681 1962 1738 fortassis
1985 1681 2114 1750 quia

2202 467 2344 522 Deus
2388 467 2527 522 dicit
2555 463 3014 522 JerentizezEece
3069 465 3219 535 posui
3269 465 3392 520 tein
3423 465 3675 519 tiodiem
3717 465 3793 519 die
3864 529 3880 539 ,

2199 560 2331 616 sicut
2356 561 2618 615 civitatem
2651 559 2859 628 ﬁrmam
2891 569 2916 596 ⁸
2939 599 2956 624 ,
2987 567 3035 614 et
3065 558 3194 612 sicut
3223 573 3432 612 siturum
3459 571 3677 622 meum
3708 558 3795 626 ﬁr—

2201 671 2365 718 mum,
2409 654 2651 708 omnibus
2691 653 2899 727 regibus
2921 651 3091 716 Iuda,
3128 659 3175 706 et
3205 651 3530 722 principibus
3573 653 3711 722 eius,
3753 661 3799 707 et

2204 747 2340 818 plebi
2385 757 2543 803 terra:
2567 763 2589 800 :
2619 756 2665 801 et
2699 747 3000 819 pugnabunt
3023 745 3096 800 αα
3119 755 3192 812 te,
3221 755 3271 799 et
3311 761 3414 799 non
3441 753 3682 818 poterunt
3709 745 3800 798 od-

2203 857 2408 897 ttersutn
2451 847 2520 906 te,
2551 840 2676 910 quis
2720 849 3007 911 egotecam
3033 855 3169 906 sunt,
3215 850 3272 893 ut
3319 838 3530 892 liberem
3553 847 3624 905 te,
3677 837 3804 893 dicit

2206 931 2466 990 Dominus
2491 932 2674 1003 (Ibid.
2699 932 2835 1005 48);
2861 945 2914 990 ot
2940 943 2996 989 ιιι
3019 934 3310 988 existimas
3355 943 3410 988 te
3437 933 3616 989 timeri
3645 947 3804 1003 posse

2206 1043 2236 1081 a
2257 1041 2534 1097 quoquam
2554 1042 2841 1082 servorum
2863 1025 2958 1081 Dei
2977 1026 3000 1081 τ
3026 1025 3138 1082 Cur
3155 1043 3244 1084 me
3274 1025 3410 1081 dicis
3435 1036 3803 1097 arrogantem,

2207 1119 2542 1190 superbum?
2571 1133 2675 1175 cur
2714 1118 3178 1175 contumeliosum
3207 1119 3412 1174 vocas!
3457 1132 3660 1188 nonpe
3687 1119 3808 1187 quia

2211 1221 2266 1270 te
2296 1212 2594 1283 repererim
2643 1212 2905 1282 operibus
2951 1212 3060 1267 tuis
3105 1226 3235 1268 esse
3279 1225 3450 1267 Itium
3500 1225 3569 1268 es
3601 1212 3712 1266 illis
3748 1211 3810 1266 de

2211 1308 2406 1377 quibus
2455 1307 2643 1362 beatus
2689 1305 2934 1362 Joannes
2969 1324 2983 1360 :
3026 1306 3261 1361 Audistis
3303 1307 3428 1376 quia
3478 1307 3814 1362 atticbristus

2214 1401 2349 1454 venit
2373 1399 2391 1436 ί
2412 1414 2582 1454 :nunc
2597 1407 2770 1454 autem
2785 1398 3240 1454 antichristinulti
3259 1399 3432 1468 sunt"
3447 1396 3610 1453 Ιοαιι.
3629 1398 3813 1468 {1,18}.

2214 1495 2302 1551 Sic
2340 1511 2442 1550 nos
2487 1495 2808 1565 injuriarum
2853 1509 2981 1550 reos
3031 1493 3307 1564 designas,
3339 1502 3618 1564 tamquam
3657 1493 3816 1562 primi

2217 1587 2580 1643 restiterimus
2602 1604 2668 1643 ne
2691 1587 3054 1644 idololatrian.
3077 1595 3226 1642 tuum
3247 1588 3300 1642 in
3321 1585 3420 1643 Dei
3441 1587 3820 1643 introducam

2217 1681 2545 1738 Erclesism.
2579 1681 2780 1752 Legisti
2824 1682 2877 1736 in
2928 1670 3360 1736 li'schahaorum
3411 1681 3552 1736 libro
3595 1682 3820 1751 primo:

507 1799 606 1841 rex
637 1783 735 1846 sis,
759 1781 902 1853 quod
930 1782 1076 1836 enim
1101 1796 1212 1842 non
1241 1780 1406 1835 liceat
1427 1779 1557 1835 mihi
1591 1789 1646 1835 te
1677 1777 1732 1832 in
1758 1777 1980 1834 nomine
2003 1775 2112 1830 Do-
2145 1775 2191 1838 Β
2220 1772 2288 1828 Et
2313 1773 2447 1828 dixit
2477 1773 2554 1826 vir
2583 1772 2827 1842 proximo
2849 1790 2944 1828 suo
2989 1789 3009 1828 :
3032 1771 3095 1828 Si
3121 1788 3300 1827 omnes
3345 1774 3624 1843 fuerimus
3673 1773 3824 1826 sicut

510 1876 647 1932 mini
675 1877 972 1930 coth-nire
1029 1884 1088 1928 ut
1121 1883 1291 1929 temet
1319 1873 1590 1942 corrigas.
1624 1873 1678 1925 Si
1730 1870 1965 1940 probare
2005 1883 2113 1924 non

512 1979 670 2042 potes
706 1969 837 2022 mihi
873 1965 1235 2036 prohibitum,
1267 1966 1365 2022 sed
1400 1964 1649 2020 invenire
1677 1965 1852 2034 magis
1886 1963 2117 2032 incipies

513 2061 645 2120 mihi
693 2068 1054 2131 prmceptum,
1103 2069 1163 2113 ut
1204 2071 1256 2114 te
1307 2073 1557 2128 arguam,
1605 2068 1663 2112 et
1711 2057 2014 2124 increpem,
2063 2063 2119 2110 et

512 2156 800 2220 exhorter,
846 2165 899 2209 et
925 2153 1216 2223 deprecer.
1245 2161 1302 2208 et
1329 2153 1679 2218 admoneam,
1729 2161 1892 2220 atque
1921 2165 2119 2220 provo-

513 2263 634 2304 cem
663 2247 729 2302 ad
765 2247 875 2302 Deo
920 2245 1274 2319 placendum,
1325 2261 1426 2300 cur
1455 2259 1544 2300 me
1591 2244 1730 2299 dicis
1786 2243 1882 2300 tibi
1931 2245 2118 2299 facere

514 2342 944 2402 contumeliam?
977 2342 1054 2397 Eo
1093 2343 1302 2396 etenim
1352 2355 1524 2412 usque
1581 2339 1738 2396 nobis
1781 2337 2120 2394 antistitibus

511 2435 632 2494 suis
680 2435 832 2490 dedit
880 2444 1206 2505 potestatem
1248 2432 1315 2488 ad
1350 2447 1446 2487 vos
1474 2431 1636 2487 nobis
1679 2429 2003 2486 commissos
2034 2429 2119 2486 in.

514 2528 843 2598 crepandos,
876 2527 1178 2593 docendos,
1214 2537 1273 2582 ut
1304 2527 1510 2582 dixerit
1538 2543 1553 2580 :
1589 2523 1671 2578 Ne
1712 2524 1895 2578 timeas
1920 2539 1952 2578 a
1988 2523 2123 2594 facie

516 2639 716 2688 eorum,
746 2639 807 2676 ne
834 2621 861 2659 δ
893 2620 1138 2694 formides
1165 2621 1221 2674 in
1252 2628 1527 2688 conspectu
1575 2633 1771 2672 eorum.
1810 2615 1946 2671 Ecce
1971 2615 2123 2687 posui

516 2720 564 2770 te
609 2715 662 2768 in
689 2715 938 2768 hodierna
980 2713 1063 2767 die
1111 2715 1244 2766 sicut
1276 2712 1531 2765 civitatem
1569 2710 1850 2780 firmatam,
1906 2718 1954 2764 et
1993 2708 2124 2764 sicut

519 2823 725 2861 murum
771 2822 983 2868 meum,
1036 2806 1266 2874 firmum,
1317 2804 1556 2858 omnibus
1606 2803 1809 2873 regibus
1855 2801 2021 2869 Juda,
2077 2815 2126 2858 et

518 2897 840 2970 principibus
869 2901 1000 2966 ejus,
1030 2905 1080 2951 et
1109 2895 1244 2964 plebi
1271 2905 1423 2950 terra:
1450 2912 1469 2950 :
1501 2905 1547 2949 et
1577 2883 1884 2967 pugnabunt
1914 2895 1982 2948 ad
2001 2904 2024 2934 ο
2055 2905 2122 2963 te,

523 3003 572 3046 et
601 3008 701 3045 non
742 3000 981 3063 poterunt
1011 2989 1284 3043 adversum
1332 2997 1404 3054 te,
1436 2989 1557 3058 quia
1584 3004 1676 3060 ego
1707 2997 1873 3042 tecum
1903 3005 2039 3053 sum,
2071 2996 2126 3042 ut

521 3083 730 3138 liberem
770 3092 839 3148 te,
891 3083 1016 3136 dicit
1047 3081 1322 3136 Dominus.
1373 3080 1506 3150 Quae
1559 3087 1686 3136 sunt
1737 3097 1858 3150 quas
1909 3081 2129 3137 diei-hat

2217 1877 2266 1922 et
2297 1870 2488 1939 fratres
2533 1867 2697 1922 nostri
2761 1867 3015 1934 fecerunt,
3055 1875 3103 1921 et
3129 1882 3234 1920 non
3287 1869 3698 1938 pugnmrinsus
3729 1865 3823 1918 atl-

2217 1975 2395 2014 uersus
2447 1969 2623 2031 gentes
2669 1975 2766 2032 pro
2787 1969 2812 2008 It
2849 1960 3027 2014 animo
3057 1969 3260 2026 nostra,
3283 1969 3332 2013 et
3345 1958 3826 2033 justiﬁcatiotsibus

2219 2056 2433 2120 nostris,
2456 2071 2596 2110 nunc
2624 2056 2779 2110 citius
2801 2056 3100 2127 disperdent
3130 2071 3224 2111 nos
3263 2073 3298 2110 a
3333 2066 3492 2110 terra.
3524 2054 3596 2110 Et
3623 2058 3826 2130 cogite.

2218 2161 2400 2207 uerunt
2435 2152 2492 2205 in
2537 2151 2623 2206 die
2649 2150 2742 2206 illa
2771 2151 3002 2206 dicentes
3025 2167 3044 2206 :
3076 2151 3259 2206 Omnis
3305 2150 3484 2218 homo,
3515 2153 3830 2222 quicumque

2219 2247 2414 2302 uenerit
2435 2246 2505 2302 ad
2531 2263 2624 2302 nos
2645 2247 2702 2301 in
2725 2244 2751 2284 ιι
2783 2247 2976 2301 bellum
3003 2246 3089 2301 die
3126 2244 3485 2312 sabbatorum,
3539 2260 3830 2318 pugnemus

2221 2339 2500 2394 aduersum
2525 2357 2662 2406 eum,
2692 2349 2741 2394 et
2779 2343 2884 2394 non
2914 2340 3190 2394 morientur
3235 2353 3434 2402 omnes,
3467 2339 3604 2393 sicut
3642 2338 3830 2393 mortui

2221 2443 2340 2488 sunt
2371 2435 2560 2504 frtres
2609 2433 2771 2487 nostri
2799 2433 2855 2487 in
2901 2431 3139 2487 occultis.
3174 2430 3320 2486 Tunc
3358 2431 3664 2504 congregati
3713 2438 3831 2484 sunt

2222 2523 2292 2578 ad
2321 2541 2408 2580 eos
2443 2524 2460 2564 ί
2495 2535 2776 2580 conventus
2820 2526 2973 2596 fortis
3003 2526 3058 2580 in
3085 2524 3280 2580 uiribus
3319 2523 3386 2578 ab
3420 2522 3614 2589 lueet,
3661 2523 3833 2577 omnis

2224 2619 2546 2674 uoluntarius
2569 2619 2627 2673 in
2657 2618 2792 2691 lege,
2825 2628 2873 2672 et
2896 2633 3073 2673 omnes
3095 2617 3188 2689 qui
3215 2617 3486 2690 fugiebant
3515 2632 3550 2670 ο
3575 2617 3738 2671 melis
3765 2615 3830 2670 sd

2226 2729 2312 2768 eos
2336 2711 2349 2762 i
2391 2753 2406 2777 ,
2435 2721 2485 2766 et
2507 2713 2632 2782 facti
2663 2720 2782 2766 sunt
2805 2711 2911 2767 illis
2933 2713 2988 2765 in
3009 2711 3396 2781 firmamentum
3420 2708 3447 2748 ι
3468 2751 3481 2774 ,
3505 2721 3554 2762 et
3583 2706 3602 2746 ι
3635 2707 3833 2764 consti-

2227 2814 2433 2860 tuerunt
2455 2805 2715 2868 virtutem,
2740 2813 2788 2857 et
2821 2812 3179 2873 percusserunt
3209 2812 3501 2873 peccatores
3523 2801 3576 2855 in
3609 2802 3690 2854 ira
3713 2817 3830 2862 suo.

2225 2908 2274 2953 et
2301 2899 2436 2953 viros
2461 2899 2662 2969 iniquos
2689 2899 2744 2952 in
2775 2899 3152 2970 indignatione,
3192 2906 3242 2950 et
3283 2899 3453 2952 τοῖσι
3485 2897 3738 2967 fugerunt
3767 2895 3832 2948 sd

2228 2991 2484 3056 nationes,
2537 3001 2592 3044 ut
2631 3007 2688 3046 se
2714 2990 3012 3055 liberarent,
3059 2999 3109 3044 et
3134 2989 3418 3044 circumibit
3471 2987 3766 3043 Hmthiss
3789 2997 3836 3041 et

2228 3085 2381 3140 amici
2411 3088 2546 3158 ejus,
2593 3093 2640 3138 et
2707 3083 3075 3138 destruet-unt
3108 3097 3254 3147 oras,
3301 3091 3352 3136 et
3399 3083 3834 3137 circumsiderum

525 3174 795 3232 Jcremias
823 3175 1038 3245 regibus
1071 3174 1232 3241 Judn,
1257 3185 1312 3229 et
1344 3175 1682 3244 principibus
1713 3173 1850 3243 ejtm,
1873 3184 1927 3230 et
1951 3172 2126 3244 plebi-
2153 3171 2198 3236 C
2229 3195 2417 3252 pueros
2458 3178 2842 3232 incircmncisos
2882 3186 3131 3249 quotquot
3178 3177 3480 3230 invenerunt
3533 3177 3590 3230 in
3641 3176 3832 3246 ﬁnibus

525 3264 628 3321 bus
653 3265 853 3320 terrm?
877 3280 1073 3335 nempe
1092 3265 1208 3320 haec
1234 3266 1358 3335 quia
1379 3265 1784 3336 dereliqucrunt
1813 3263 2127 3327 Dominum.

483 3414 489 3419 _
525 3365 582 3414 et
627 3359 1047 3412 immolaverunt
1091 3357 1196 3412 diis
1225 3357 1439 3412 alienis.
1501 3360 1625 3413 limo
1663 3371 1716 3414 et
1750 3367 1805 3412 tu
1855 3358 2038 3414 iecisti
2068 3374 2130 3414 ac

524 3449 1076 3521 iaciszdereliquisti
1131 3445 1491 3521 apostolicam
1542 3460 1705 3522 atque
1759 3452 2128 3522 evangelicam

527 3545 718 3607 ﬁdem,
754 3546 1044 3616 suscepisti
1077 3545 1327 3600 haeresim
1372 3546 1656 3610 Arianam,
1681 3557 1734 3600 et
1760 3547 1911 3615 cogis
1938 3559 2132 3598 omnes

532 3645 856 3703 idololatras
885 3643 1002 3698 lteri
1038 3643 1134 3696 Dei
1166 3657 1361 3698 servos
1392 3662 1404 3696 :
1444 3643 1572 3713 quia
1600 3642 1714 3696 haec
1737 3641 1929 3708 audes,
1972 3654 2134 3694 Vocas

534 3737 806 3807 superbos
829 3737 987 3791 saluti
1019 3745 1123 3792 tute
1151 3737 1436 3806 cupientes
1459 3737 1790 3790 comultum.
1827 3736 1969 3791 Dicit
1993 3735 2136 3790 Deus

529 3829 791 3888 Jercmia:
827 3847 840 3882 :
876 3828 942 3882 Et
971 3840 1028 3883 tu
1074 3832 1286 3900 accinge
1333 3829 1535 3883 lumbos
1579 3837 1716 3891 tuos,
1751 3837 1796 3882 et
1845 3843 2066 3899 exsurge
2083 3825 2134 3893 ά,

537 3933 584 3978 et
617 3924 699 3977 dic
742 3924 915 3977 omnia
947 3937 1282 3993 quotcumque
1319 3923 1436 3976 dico
1466 3923 1577 3976 tibi.
1616 3921 1697 3976 Ne
1725 3921 1906 3976 timeas
1939 3940 1970 3975 a
2003 3922 2137 3992 facie

532 4032 736 4080 eorum,
753 4032 841 4071 nec
860 4017 1108 4087 formidas
1126 4016 1178 4068 in
1195 4025 1469 4086 conspectu
1485 4032 1659 4070 eorum
1675 4017 1723 4087 (Ι
1734 4016 1819 4070 bid
1827 4014 1890 4085 .).
1910 4015 1974 4070 Et
1996 4015 2138 4070 Con-

525 4110 762 4166 stantius
778 4109 1078 4178 imperator
1096 4107 1401 4178 indignaris
1419 4124 1518 4161 cur
1537 4109 1629 4162 tibi
1651 4111 1851 4163 erranti
1868 4108 2136 4163 dicamus:

534 4201 674 4258 Redi
724 4202 795 4255 ad
839 4189 974 4255 uiam
1017 4201 1367 4270 salutiferam,
1431 4199 1731 4269 derelinque
1779 4217 2002 4258 errorem
2051 4218 2141 4272 per

492 4307 504 4318 '
535 4297 718 4351 Arium
761 4296 1009 4350 instinctu
1060 4295 1255 4351 diaboli
1281 4295 1576 4351 inventum?
1607 4295 1746 4354 Deus
1785 4313 1845 4354 se
1871 4298 2044 4352 solum
2077 4299 2142 4352 ti-

530 4390 791 4448 mendum
840 4391 1097 4457 mandat;
1132 4402 1332 4460 praeter
1372 4407 1432 4446 se
1473 4406 1596 4448 esse
1634 4391 1912 4448 neminem
1955 4390 2144 4447 lormi-

538 4482 776 4539 dandum
806 4485 1094 4556 prmccpit;
1128 4495 1182 4540 et
1227 4493 1282 4540 ιιι
1313 4500 1376 4541 ea
1425 4487 1660 4542 statuisti
1691 4485 1990 4560 implenda,
2023 4503 2142 4560 qua;

2228 3269 2404 3328 Israel
2424 3273 2476 3327 in
2491 3279 2529 3308 ω
2560 3271 2888 3343 fortitudine,
2907 3282 2954 3326 et
2973 3271 3228 3342 persecuti
3245 3281 3366 3328 sunt
3389 3270 3530 3341 filios
3553 3271 3832 3342 superbia,

2229 3375 2276 3418 et
2300 3365 2622 3435 prosperarit
2647 3373 2674 3401 υ
2706 3381 2834 3434 opus
2870 3366 2922 3418 in
2960 3380 3119 3418 manu
3161 3379 3361 3429 eorum,
3404 3374 3451 3417 et
3500 3364 3835 3418 obtinuerunt

2233 3461 2395 3531 legem
2422 3460 2485 3513 de
2526 3458 2758 3512 manibus
2787 3459 3016 3530 gentium
3047 3469 3096 3511 et
3124 3473 3328 3530 regum,
3358 3465 3406 3510 ct
3432 3470 3537 3511 non
3582 3453 3836 3510 dederunt

2233 3570 2394 3608 cornu
2408 3561 2432 3587 ο
2449 3553 2707 3624 peccatori
2726 3549 2768 3622 (I
2785 3550 2840 3605 Μ
2845 3550 2963 3606 ach.
2986 3567 3046 3616 ιι,
3063 3545 3460 3623 iO,seq.).Qnid
3489 3549 3702 3606 sentire
3723 3549 3836 3619 dig-

2236 3660 2396 3702 natur
2417 3649 2645 3720 vettenis
2670 3656 2696 3696 P
2722 3647 2836 3700 Arii
2860 3646 3102 3700 sauciata
3138 3659 3293 3698 mens
3322 3643 3448 3697 tua?
3475 3641 3622 3711 Quid
3639 3641 3836 3713 poterit

2233 3743 2529 3815 excogitari
2564 3751 2590 3790 (ι
2617 3749 2805 3796 contra
2839 3740 2979 3796 hanc
3001 3749 3246 3795 nostram
3267 3735 3649 3794 delensionem
3695 3751 3836 3792 mor-

2236 3835 2386 3892 sibus
2430 3833 2704 3902 serpentis
2736 3833 3014 3888 concisum
3062 3843 3158 3888 cor
3188 3828 3371 3886 tuum?
3415 3826 3548 3886 Illos
3576 3843 3704 3885 cum
3743 3827 3834 3884 illa

2238 3927 2494 3986 advert..s
2521 3929 2733 3999 egisse;
2779 3926 2940 3981 nobis
2981 3925 3372 3996 quiescendum
3411 3921 3592 3979 luerat
3626 3938 3726 3979 ore
3748 3932 3836 3978 tuo

2241 4022 2471 4093 prolatis
2487 4020 2840 4090 blaSphcmiis
2858 4019 2920 4073 ad
2937 4019 3199 4090 populum
3224 4017 3383 4073 nobis
3407 4015 3675 4071 divinitus
3691 4029 3836 4070 corn-

2241 4115 2471 4170 missum
2493 4109 2887 4167 sauciandum?
2916 4107 2987 4164 Et
3009 4107 3316 4174 circumirit,
3333 4107 3528 4180 inquit,
3558 4103 3834 4170 Mamilius

2243 4219 2288 4264 et
2304 4207 2462 4264 amici
2483 4205 2716 4282 ejus(lb.
2741 4203 2858 4275 45),
2888 4216 2934 4260 et
2959 4204 3322 4262 destruxerunt
3347 4220 3489 4270 aras,
3509 4213 3557 4257 et
3571 4202 3836 4258 circumci-

2244 4301 2428 4357 derunt
2461 4317 2647 4370 pueros
2693 4300 3081 4355 incircumcisos
3124 4307 3377 4374 quotquot
3435 4298 3742 4352 incesserunt
3783 4295 3835 4348 is

2245 4395 2436 4465 finibus
2467 4392 2635 4449 Israel
2681 4394 2738 4447 in
2784 4393 3108 4464 fortitudine,
3157 4403 3206 4448 et
3253 4392 3501 4465 persecuti
3541 4399 3663 4445 sunt
3703 4385 3838 4460 ﬁlios

2245 4488 2523 4560 superbiaz,
2554 4495 2606 4544 et
2633 4485 2954 4560 prosperarit
2978 4503 3109 4559 Opus
3134 4488 3191 4541 in
3220 4501 3378 4540 manu
3405 4498 3606 4552 eorum,
3635 4493 3688 4540 et
3711 4479 3838 4538 obti-

615 4673 643 4702 “
683 4664 864 4722 Multis
886 4667 938 4722 in
988 4667 1122 4723 locis
1171 4669 1304 4724 illud
1355 4670 1490 4726 enim
1540 4670 1833 4736 redundat,
1885 4679 1943 4725 ut
1993 4670 2135 4738 apud
2167 4671 2216 4739 ι)
2315 4672 2330 4721 i
2379 4671 2615 4728 Additur
2643 4673 2700 4728 in
2749 4669 2846 4728 lib.
2888 4671 2960 4726 de
2981 4683 3092 4726 non
3129 4680 3450 4726 contentu
3479 4663 3833 4739 Mentelin

543 4737 764 4810 Graecos
795 4740 1058 4808 particula
1088 4739 1167 4806 δὲ,
1195 4741 1290 4796 sed
1321 4743 1462 4810 apud
1491 4741 1716 4798 Latinos
1745 4755 1968 4799 sensum
2009 4737 2137 4798 factt

545 4808 954 4884 obscurior-em;
989 4821 1043 4866 et
1071 4808 1373 4882 saepissime
1401 4815 1470 4868 ita
1505 4815 1764 4884 loquitur.
1805 4813 1911 4869 'l'il.

620 4879 646 4920 ι)
689 4881 803 4936 Nec
830 4883 996 4957 habet
1021 4879 1208 4952 supra,
1237 4894 1290 4940 et
1319 4888 1482 4954 paulo
1513 4879 1652 4942 iul’ru
1683 4901 1784 4957 pro
1813 4902 1898 4940 ne.

627 4961 648 5023 (ξ
692 4952 847 5023 Apud
875 4953 1062 5010 Sabat.
1115 4964 1292 5010 contra
1321 4952 1387 5010 te.

621 5021 648 5060 ἀ
693 5021 861 5080 Paulo
889 5027 1138 5096 superius
1164 5025 1311 5100 idem
1345 5027 1560 5100 Lucller
1590 5047 1602 5082 :
1637 5028 1828 5100 Surge,
1854 5039 1901 5084 et
1923 5029 2008 5086 die
2032 5047 2142 5086 om-

547 5097 638 5152 nia
665 5113 992 5166 quascumque
1013 5097 1254 5150 mandavi
1283 5099 1372 5152 tibi
1398 5109 1478 5154 :et
1504 5115 1566 5154 ne
1593 5097 1796 5168 timeas,
1817 5112 1922 5157 etc.

629 5178 651 5205 ε
693 5165 982 5226 Firmatant
1009 5170 1175 5226 habet
1205 5169 1347 5226 idem
1389 5185 1570 5226 sunru.

746 5183 982 5226 trmatam
1009 5183 1175 5226 habet
1206 5183 1347 5226 ιυειιι
1389 5185 1570 5241 supra.

629 5239 647 5278 ῐ
693 5239 939 5306 Quod....
989 5243 1054 5298 sit
1109 5251 1378 5310 venturus,
1435 5239 1576 5297 nunc
1627 5243 1934 5300 Antichristi
1989 5245 2142 5301 multi

550 5312 847 5385 factisnnt.
880 5312 1034 5370 Vers.
1064 5313 1194 5370 Ant.

628 5393 654 5432 ε
694 5382 772 5463 ita
800 5383 977 5463 Graec.
1030 5387 1081 5440 in
1113 5399 1210 5463 nis.
1236 5385 1405 5463 _Alex.
1452 5388 1585 5463 ὑπὲρ
1607 5396 1699 5450 τῆς
1721 5389 1930 5461 {titulis
1977 5391 2136 5461 ἡμῶν.

555 5455 715 5512 Vers.
745 5456 876 5512 Ant.
911 5455 1020 5514 Pro
1050 5455 1320 5513 animabus
1347 5455 1556 5514 nostris.

629 5525 656 5564 ιι
699 5527 763 5582 1η
793 5528 945 5584 bello.
967 5524 1131 5586 Vcrs.’
1154 5531 1281 5584 Ant.

635 5597 654 5637 ί
700 5599 1035 5657 Sabatierius
1086 5601 1216 5671 legit
1262 5601 1314 5657 in
1371 5600 1625 5658 Lucifero
1675 5601 1782 5667 hic,
1829 5611 2011 5657 contra
2058 5620 2143 5658 eos

559 5673 815 5728 exercitus
847 5675 1004 5746 fortes
1041 5690 1053 5728 :
1083 5680 1141 5746 et
1166 5674 1219 5746 in
1254 5673 1347 5729 lib.
1375 5673 1444 5730 de
1473 5689 1582 5732 non
1610 5689 1772 5730 conv.
1796 5688 1919 5730 eum
1951 5674 2144 5730 haeret.

559 5741 1047 5819 conventus'fortes.
1083 5741 1216 5819 Vide
1245 5747 1408 5800 etiam
1441 5761 1560 5817 quae
1587 5748 1897 5803 notavimus
1917 5761 2040 5819 pag.
2083 5746 2150 5802 l5

559 5813 671 5882 (hic
692 5811 793 5868 col.
826 5811 931 5871 778
956 5822 1064 5870 not.
1102 5811 1170 5885 ί).

2245 4740 2404 4798 Vera.
2459 4748 2586 4799 Ant.
2638 4744 2816 4800 Additi
2845 4755 2966 4799 sunt
2991 4745 3062 4798 sd
3095 4757 3202 4798 eos.
3245 4741 3432 4799 Sabat.
3471 4741 3604 4816 legit
3625 4741 3716 4798 hic
3740 4736 3833 4790 atl-

2244 4830 2420 4871 uersus
2447 4831 2536 4870 808
2543 4855 2555 4870 ο

2321 4885 2346 4960 ιε
2392 4887 2523 4960 Yide
2575 4903 2736 4959 supra
2791 4901 2916 4958 pag.
2964 4886 3031 4942 15
3071 4884 3198 4960 (sol.
3224 4885 3350 4956 779,
3382 4884 3458 4940 lin
3485 4885 3518 4943 3
3542 4896 3590 4941 et
3619 4896 3728 4942 not.
3757 4881 3830 4958 ι),

2247 4957 2343 5030 ubi
2395 4959 2614 5015 Lucifer
2646 4957 2801 5030 ipse?
2825 4960 2974 5016 delet
3002 4961 3078 5013 in.

2286 5027 2344 5112 .1
2389 5027 2836 5112 Videibid.'(lin.
2887 5035 2924 5086 6
2971 5039 3020 5086 et
3063 5039 3171 5086 not.
3225 5028 3283 5102 δ)
3339 5031 3428 5089 ubi
3471 5029 3702 5088 circuiuit
3737 5046 3831 5105 pro

2247 5105 2558 5158 circumibit.

2321 5184 2360 5248 tn
2382 5176 2516 5230 Cum
2539 5175 2751 5230 Grmco.
2780 5173 2918 5248 Vers
2942 5176 3069 5230 Ant.
3093 5175 3408 5248 prcpositis
3433 5173 3646 5236 duobus
3673 5189 3828 5248 punc-

2251 5245 2404 5310 tulis,
2433 5249 2554 5301 etin
2583 5246 2907 5317 fortitudine.

2318 5326 2346 5354 ιι
2390 5317 2716 5388 Prosperavit
2764 5334 2886 5374 eum
2936 5335 3038 5376 ms.
3089 5319 3277 5376 Germ.
3329 5322 3385 5376 in
3435 5331 3592 5375 mann
3635 5333 3823 5384 eorum,

2247 5404 2376 5445 cum
2405 5392 2598 5445 eodem
2629 5400 2689 5446 et
2715 5391 2928 5446 Graeco.
2963 5389 3028 5446 In
3055 5404 3243 5447 manus
3275 5391 3440 5447 habet
3479 5389 3696 5448 Lucifer
3737 5408 3824 5446 su-

2250 5477 2346 5532 pra
2379 5477 2502 5533 pag.
2538 5463 2602 5517 ts
2629 5461 2758 5534 (col.
2790 5463 2938 5532 779).
2971 5465 3062 5518 ubi
3091 5463 3221 5520 vide
3253 5480 3310 5520 ιι.
3338 5461 3373 5518 4
3405 5466 3539 5535 (not.
3569 5463 3640 5536 ε).

2324 5545 2347 5570 ι·
2389 5532 2491 5606 Cor
2521 5535 2683 5606 habet
2720 5533 2918 5590 ibidem
2949 5534 3165 5590 [.uciler
3190 5549 3292 5606 pro
3321 5549 3506 5590 cornu.
3539 5532 3670 5590 Vide
3697 5547 3749 5589 ιι.
3775 5529 3806 5587 8

2323 5615 2351 5654 ι)
2389 5605 2523 5679 Cum
2566 5605 2746 5679 Latin.
2778 5606 2984 5662 venenis
3037 5605 3358 5679 subiicimus
3385 5623 3486 5679 pro
3531 5607 3746 5673 venisse,
3773 5613 3823 5657 ut

2249 5677 2746 5748 antea_legebatur.

2324 5756 2353 5798 «ι
2391 5745 2726 5820 Excogitare.
2771 5747 2850 5805 id.
