4042 6338
218 287 325 347 965

780 284 871 343 DE
909 284 1050 343 non
1093 282 1468 343 PARCEBIDO
1506 262 1574 342 in
1616 283 1808 351 usus
1848 282 2457 352 causascausas
2496 284 2702 342 LIBER
2748 285 2949 344 unus.

3420 285 3524 341 966

220 415 447 461 nuerunt
486 404 650 474 legem
676 403 741 457 de
769 402 1002 457 nianibus
1045 400 1275 473 gentium
1302 407 1353 455 et
1380 414 1584 470 regum,
1622 408 1671 454 et
1716 414 1817 453 non
1847 409 1897 469 Α
1921 398 2103 463 sionis,
2132 408 2182 453 et
2210 399 2293 453 ira
2340 398 2712 471 indignationis
2742 416 2762 455 :
2792 415 2954 466 nunc,
2991 399 3112 470 ﬁlii,
3138 400 3316 456 tantuli
3365 412 3526 457 estote

219 498 475 554 dederunt
526 512 689 551 cornu
736 494 1013 565 peccatori.
1060 495 1201 549 (Jun
1260 494 1377 558 illi,
1434 492 1549 547 haec
1606 492 1696 561 qui
1744 493 1815 546 ita

216 594 457 663 egerint,
510 589 717 648 fuerint
772 589 898 643 facti
949 588 1062 644 Deo
1117 576 1509 655 amantissimi,
1572 601 1672 641 nos
1720 586 1820 643 tibi

217 686 537 753 adulando,
598 694 888 754 tecumque
948 682 1003 738 in
1068 693 1162 738 tuo
1227 682 1504 737 currendo
1567 681 1816 748 scelere,

211 777 396 835 fuerat
440 778 690 849 ilignum,
743 786 804 832 ut
830 787 886 832 tu
912 791 995 839 es,
1026 775 1376 831 elliceremur
1404 775 1517 829 Deo
1549 772 1818 829 inimicis.

213 873 377 929 simi?
407 874 467 930 Si
498 888 599 929 nos
630 872 728 927 tibi
757 872 885 925 hinc
904 869 1155 925 videmur
1185 869 1460 938 iniuriosi,
1488 869 1615 937 quia
1642 866 1820 921 idolo-

216 965 435 1021 latriam
480 975 627 1021 tuam
670 966 952 1034 suscipere
997 965 1430 1033 nequiverimus.
1472 961 1578 1017 des
1628 974 1819 1026 unum,

213 1075 426 1130 quaeso,
452 1060 540 1131 qui
576 1058 881 1129 pepercerit
907 1072 972 1112 es
1022 1057 1115 1112 Dei
1161 1057 1466 1111 cultoribus
1495 1052 1826 1111 adversariis

214 1153 338 1224 ejus
392 1153 702 1224 religionis.
759 1151 816 1206 In
870 1148 1116 1206 secundo
1169 1148 1315 1205 libro
1358 1146 1569 1210 Εἰδώ-ω,
1603 1158 1824 1201 contra-

210 1245 548 1314 dicentibus,
584 1262 653 1303 ne
676 1246 926 1309 domum,
961 1252 1018 1300 et
1045 1242 1335 1312 templum,
1371 1250 1429 1296 et
1458 1240 1737 1295 civitatem
1765 1240 1819 1294 in

215 1338 620 1412 Hierosolymis
666 1339 897 1394 Domino
959 1339 1354 1401 instmirarenl,
1406 1332 1570 1399 Deus,
1620 1333 1818 1403 inquit,

212 1434 329 1489 caeli
357 1436 469 1505 ipse
494 1433 817 1504 prosperavit
846 1430 1013 1496 nobis,
1037 1440 1083 1484 et
1115 1445 1207 1484 nos
1239 1428 1374 1483 servi
1413 1429 1527 1498 ejus
1555 1442 1822 1498 surgemus

215 1536 263 1582 et
304 1528 704 1597 wdiﬁcabimus,
735 1525 875 1580 vobis
901 1534 1076 1579 autem
1118 1532 1314 1577 nonest
1354 1530 1381 1559 ι
1425 1522 1617 1592 portio,
1661 1536 1823 1591 neque

214 1623 408 1676 mentio
435 1622 490 1675 in
519 1618 813 1676 Jerusalem
840 1619 909 1691 (ll
938 1616 1067 1672 Esd.
1092 1634 1150 1684 ti,
1180 1616 1311 1687 20).
1344 1618 1408 1671 Ει
1440 1615 1579 1671 inira
1635 1616 1821 1671 dicen-

216 1713 365 1770 tibus
392 1714 761 1769 adversariis:
787 1709 1056 1781 Numquid
1085 1709 1487 1779 sacriﬁcabant?
1512 1725 1581 1761 an
1603 1710 1823 1762 mandate

1922 494 2073 566 legis,
2104 504 2150 550 et
2179 493 2303 548 date
2329 496 2530 548 animos
2575 504 2765 549 vestras
2790 494 2860 549 ad
2907 505 3270 549 testamentum
3319 507 3525 567 patrum

1922 598 2240 653 nostrorum,
2267 600 2313 643 ει
2344 598 2646 644 mementote
2668 604 2884 661 operum
2911 598 3138 660 patrum,
3161 605 3276 659 σιω
3296 590 3529 657 fecerunt

1922 683 1973 735 in
2006 679 2033 719 δ
2058 683 2259 737 sarculis
2287 683 2419 747 suis,
2442 692 2490 736 et
2510 683 2773 753 accipietis
2804 682 3028 753 gloriam
3058 698 3324 753 magnam,
3353 694 3400 737 et
3430 700 3526 737 na-

1921 790 2039 830 men
2072 784 2342 829 ater-num.
2389 776 2653 829 Abraham
2682 792 2854 829 nonne
2892 777 2948 830 in
2980 778 3259 831 tentatione
3293 779 3527 832 inventas

1922 879 1997 923 est
2026 868 2218 937 ﬁdelis,
2246 878 2294 923 et
2323 879 2617 940 reputatum
2648 879 2719 922 est
2745 870 2795 923 ei
2820 868 2887 923 ad
2906 870 3215 942 justitiam?
3241 870 3440 940 Joseplt
3472 872 3525 926 in

1923 969 2151 1030 tempore
2191 962 2446 1032 angustia:
2486 978 2594 1016 suis
2619 962 2896 1015 castodtrit
2934 963 3259 1028 mandatum,
3285 974 3335 1018 et
3360 967 3525 1033 {actus

1921 1064 1997 1107 est
2018 1055 2260 1109 dominus
2289 1053 2536 1128 Egypti.
2576 1053 2801 1109 Phinees
2822 1066 2971 1126 pater
2989 1068 3164 1109 noster
3186 1058 3241 1110 in
3266 1056 3278 1093 ί
3305 1058 3525 1113 selando

1920 1146 2095 1201 zelum
2144 1148 2341 1219 accepit
2393 1156 2758 1202 testamentum
2805 1147 3086 1203 sacerdotii
3116 1152 3317 1204 aeterni.
3369 1152 3525 1206 Iesus

1924 1240 2051 1295 dum
2077 1238 2091 1290 ἑ
2134 1240 2367 1312 impleret
2390 1241 2623 1306 uerbum,
2657 1241 2829 1309 [actus
2850 1250 2925 1296 est
2950 1242 3060 1296 dua:
3089 1244 3141 1296 in
3168 1241 3525 1312 lsrael.,'_(.‘ha-

1924 1335 2003 1389 leb
2029 1334 2154 1389 dum
2178 1336 2487 1405 testiﬁcatur
2527 1336 2581 1389 in
2611 1334 2870 1399 Ecclesia,
2903 1338 3101 1408 accepit
3147 1338 3521 1393 hereditatem.

1928 1429 2097 1485 David
2124 1430 2178 1483 in
2215 1445 2310 1484 sua
2338 1429 2700 1499 misericordia
2744 1440 3048 1483 consecutus
3074 1440 3151 1484 est
3181 1432 3353 1485 sedem
3378 1431 3524 1502 regni

1924 1524 1978 1577 in
2017 1524 2230 1578 saecula.
2278 1522 2466 1578 Helias
2488 1522 2614 1576 dum
2638 1522 2771 1577 κιαι
2801 1524 2971 1577 selum
3014 1524 3166 1596 legis,
3196 1523 3425 1593 ναριαδιιί
3450 1536 3523 1579 est

1922 1616 1992 1669 ad
2015 1617 2219 1670 calum.
2265 1616 2515 1681 Anunias,
2548 1615 2793 1680 Azarias,
2827 1626 2876 1668 et
2911 1614 3135 1670 Misahel
3177 1621 3436 1671 credentes
3460 1619 3495 1670 li
3514 1652 3517 1655 -

1925 1710 2086 1763 berati
2112 1718 2234 1763 sunt
2264 1708 2333 1761 de
2361 1709 2595 1778 ﬂamma.
2618 1706 2811 1763 Daniel
2836 1710 2888 1762 in
2917 1725 3013 1763 sua
3039 1710 3373 1779 simplicitate
3400 1712 3521 1765 libe-

214 1807 402 1862 cabunt
435 1808 490 1861 in
520 1807 636 1863 loco
656 1806 790 1861 sua?
817 1821 986 1860 nonne
1014 1806 1253 1857 ascendet
1288 1803 1483 1873 vulpes,
1506 1811 1553 1856 et
1581 1800 1820 1855 demoliet
1852 1808 1896 1868 Β
1923 1813 2067 1857 ratus
2090 1813 2165 1858 est
2192 1803 2257 1857 de
2287 1819 2374 1857 ore
2395 1802 2627 1858 leonum.
2659 1800 2729 1855 Et
2767 1803 2838 1856 ita
2864 1803 3082 1873 cogitate
3112 1819 3203 1872 per
3230 1806 3521 1874 generatio-

213 1899 242 1940 1⁵
274 1917 451 1956 muros
494 1899 732 1970 lapidum
768 1916 949 1954 eorum
984 1896 1146 1970 (Ibid.
1181 1913 1253 1959 iv,
1280 1896 1384 1964 5)?
1433 1898 1497 1951 Et
1540 1895 1660 1950 haec
1686 1895 1818 1949 dicit

214 1993 285 2049 ad
313 1993 482 2048 Deum
515 1991 861 2062 servuskejus
893 1988 1063 2045 Esdra
1098 2006 1110 2042 ε
1149 1984 1363 2043 Exaudi
1392 1998 1439 2055 ο,
1463 1986 1599 2041 Deus
1624 1994 1817 2054 uoster,

213 2087 340 2157 quia
386 2086 509 2155 [acti
555 2100 732 2140 sumus
760 2082 1196 2149 contemptibiles,
1245 2089 1293 2135 et
1324 2090 1556 2135 converte
1596 2079 1820 2135 convitia

214 2182 454 2251 ipsorum
475 2181 528 2233 in
555 2180 728 2251 capita
749 2180 1002 2248 ipsorum,
1029 2187 1076 2231 et
1098 2174 1166 2230 da
1193 2175 1313 2230 illos
1334 2186 1390 2230 ut
1410 2179 1512 2231 sint
1537 2176 1592 2229 in
1620 2174 1819 2243 derisu,

216 2282 267 2327 et
294 2275 347 2328 in
379 2281 517 2327 terra
539 2270 887 2340 captiuitatis;
918 2278 965 2323 et
995 2284 1058 2322 ne
1098 2268 1304 2335 operias
1335 2268 1655 2338 iniquitatem
1682 2268 1822 2337 ipso-

216 2382 357 2432 rum,
370 2375 418 2420 et
430 2375 637 2437 peccata
650 2380 827 2419 eorum
838 2381 871 2417 a
885 2360 1019 2433 (acie
1032 2373 1122 2415 tua
1139 2378 1238 2416 non
1252 2361 1353 2415 deli
1366 2371 1521 2416 antur
1536 2359 1586 2432 (Ι
1598 2361 1703 2414 bid.
1722 2361 1754 2415 6
1779 2360 1819 2430 ).

219 2458 364 2527 Quid
394 2459 501 2514 tale
530 2474 630 2514 nos
649 2459 795 2514 circa
828 2464 881 2511 te
913 2456 1079 2511 locuti
1104 2455 1329 2510 sumus?
1350 2467 1433 2510 est
1464 2455 1623 2508 testis
1656 2468 1821 2524 quem

218 2555 400 2610 oravit
446 2552 679 2620 Esdras,
729 2566 1006 2623 quemque
1050 2558 1106 2606 et
1130 2565 1232 2620 ego
1260 2564 1384 2617 oro,
1430 2559 1486 2604 et
1516 2549 1695 2604 omnis
1726 2563 1826 2617 per

221 2656 398 2703 totum
428 2646 689 2703 mundum
719 2645 1019 2701 constituta
1066 2644 1187 2713 ejus
1226 2653 1350 2699 orat
1380 2643 1534 2699 beata
1564 2641 1824 2706 ecclesia,

222 2756 345 2796 mea
395 2740 540 2796 circa
571 2749 624 2797 te
674 2740 792 2797 haec
834 2753 958 2795 esse
1006 2749 1148 2803 vota,
1184 2748 1243 2793 ut
1293 2730 1538 2807 corrigas
1582 2751 1824 2803 errores,

220 2833 410 2905 sisque
455 2848 599 2888 unus
641 2847 709 2888 ex
758 2832 938 2887 nobis.
982 2830 1255 2900 Conspice
1287 2830 1499 2886 interea
1550 2829 1826 2899 quomodo

222 2924 326 2981 Dei
376 2925 630 2981 homines
678 2940 857 2994 neque
903 2922 1250 2981 adversarios
1301 2921 1604 2986 timuerint.
1650 2936 1829 2991 neque

220 3031 417 3077 contra
448 3019 703 3075 inimicos
756 3020 849 3074 Dei
876 3019 1072 3074 domus
1098 3031 1318 3088 precem
1352 3015 1635 3072 fundendo
1684 3015 1832 3070 desi-

220 3114 424 3182 verinl,
458 3123 515 3169 ut
538 3112 794 3170 videlicet
814 3113 959 3168 vires
978 3112 1070 3168 Dei
1090 3104 1371 3181 religionis
1388 3108 1829 3166 adversariorum

1923 1912 2040 1951 nem
2079 1907 2128 1951 et
2170 1897 2567 1968 generationem,
2610 1896 2732 1967 quia
2762 1911 2936 1950 attines
2966 1897 3053 1965 qui
3076 1912 3284 1965 sperant
3327 1897 3379 1950 in
3407 1913 3523 1950 eum

1923 2007 2028 2046 non
2065 1990 2474 2061 inﬁrmabuntur
2524 1988 2563 2047 ι.
2614 1989 2682 2044 Ει
2708 2008 2741 2045 a
2771 1992 2934 2047 verbis
2964 1992 3062 2046 uiri
3105 1993 3393 2060 peccatoris
3422 2010 3525 2046 non

1924 2084 2223 2148 timueritis,
2252 2087 2376 2154 quia
2414 2086 2583 2156 gloria
2627 2086 2739 2157 ejus
2765 2085 2820 2139 in
2846 2094 2887 2123 ω
2916 2094 3164 2149 stercore,
3194 2097 3241 2141 et
3289 2102 3481 2141 vermes
3507 2101 3526 2140 :

1926 2177 2080 2232 hodie
2108 2179 2397 2245 extollitur,
2441 2195 2558 2232 cras
2586 2195 2691 2232 non
2733 2178 3043 2246 inuenietur,
3088 2180 3212 2248 quia
3251 2195 3528 2234 conuersus

1924 2278 2003 2323 est
2044 2271 2099 2324 in
2125 2279 2318 2325 terram
2345 2287 2518 2335 suam,
2568 2279 2619 2325 et
2643 2270 2890 2341 cogitatio
2922 2273 3039 2343 ejus
3068 2272 3256 2340 peribit
3286 2281 3335 2326 ιι.
3371 2269 3525 2337 Filii,

1928 2366 2314 2436 confortamini,
2363 2376 2411 2420 et
2450 2374 2475 2401 ο
2514 2368 2792 2437 prmalele
2842 2366 2897 2420 in
2948 2365 3080 2437 lege,
3129 2367 3254 2435 quia
3303 2368 3357 2422 in
3412 2369 3527 2436 ipsa

1926 2457 2139 2529 gloriosi
2176 2458 2339 2512 eritis.
2375 2458 2440 2512 Et
2467 2474 2583 2513 ecce
2601 2459 2811 2513 Simeon
2845 2460 3009 2529 frater
3038 2470 3219 2523 vester,
3251 2476 3361 2515 scio
3388 2460 3528 2530 quod

1929 2552 2005 2605 rir
2031 2552 2236 2606 consilii
2266 2559 2379 2617 est;
2428 2550 2581 2605 illum
2609 2551 2788 2605 audite
2814 2563 2861 2617 Ρ,
2896 2554 3006 2622 ipse
3035 2553 3174 2608 vobis
3219 2563 3367 2625 pater
3409 2556 3528 2609 erit.

1930 2641 2001 2698 Et
2032 2643 2203 2699 ludas
2245 2644 2585 2700 Hacltabaaus
2624 2645 2774 2715 [ortis
2822 2644 3067 2701 riribusa
3108 2649 3381 2717 juventute
3409 2664 3527 2714 sua,

1928 2739 1996 2792 sit
2039 2739 2175 2793 vobis
2226 2739 2528 2811 principalis
2554 2743 2584 2785 (ι
2610 2739 2832 2806 militiae,
2866 2750 2915 2793 et
2942 2740 3259 2812 expugnabit
3289 2742 3481 2797 bellum
3513 2759 3533 2799 .'

1933 2841 1981 2883 et
2025 2830 2289 2886 adducetis
2321 2833 2387 2886 ad
2418 2847 2506 2888 vos
2542 2848 2716 2887 omnes
2757 2836 2979 2904 factores
3026 2835 3155 2906 legis
3185 2844 3234 2888 et
3275 2836 3533 2891 riudicate

1933 2924 2217 2981 uindictam
2253 2928 2432 2999 pepuli
2460 2928 2639 2994 uestri,
2660 2928 2929 2983 retribuite
2956 2930 3343 2984 retributionem
3369 2933 3535 3004 genti-

1935 3018 2360 3086 bus,etintendite
2379 3023 2434 3075 in
2458 3033 2773 3093 prteceptam
2791 3024 2916 3097 legis
2934 3024 2975 3094 (Ι
2995 3023 3173 3079 Maeli.
3193 3041 3254 3091 ll,
3271 3026 3360 3093 49,
3374 3029 3531 3099 θείῃ).

1936 3112 2166 3179 Quando
2210 3118 2391 3185 itaque
2435 3116 2625 3172 videas
2650 3117 2778 3171 talia
2826 3127 3100 3187 praecepta
3133 3118 3352 3174 dedisse
3384 3120 3533 3185 liliis,

221 3209 458 3267 fuissent
510 3209 763 3263 deductae
821 3206 887 3262 ad
946 3206 1199 3261 nihilum.
1260 3205 1352 3260 Sic
1410 3204 1615 3259 etenim
1661 3203 1830 3258 etiam
1859 3204 1906 3268 C
1936 3218 1991 3263 ei
2018 3224 2081 3264 ea
2133 3210 2420 3265 mandasse
2464 3210 2588 3265 ﬁeri
2632 3227 2756 3280 qum
2788 3211 2957 3266 etiam
3002 3211 3194 3267 l‘ccerit
3237 3214 3377 3282 ipse,
3409 3231 3534 3270 cum

224 3303 610 3361 sanctissimus
632 3302 851 3373 Moyses
866 3300 1000 3356 dicit
1019 3301 1070 3353 in
1096 3299 1311 3354 cantico
1332 3297 1507 3354 Exodi
1528 3295 1596 3352 ad
1621 3299 1786 3351 Deum
1814 3312 1827 3349 :

225 3394 447 3451 Decidat
469 3392 496 3434 ἀ
524 3411 678 3467 super
705 3411 794 3450 eos
820 3394 976 3448 timor
1002 3402 1051 3448 et
1080 3402 1270 3447 tremor
1302 3390 1671 3461 magnitudinis
1713 3391 1833 3443 bra-

228 3491 335 3545 chii
359 3492 472 3555 tui;
505 3491 635 3559 ﬁant
657 3499 920 3560 tamquam
949 3488 1148 3556 lapides
1172 3488 1339 3542 donec
1364 3497 1589 3542 transeat
1610 3486 1831 3558 populus

228 3595 351 3639 tuus
379 3584 463 3638 hic
491 3601 641 3655 quem
667 3584 933 3656 acquisisti
963 3580 1099 3653 (Ex.
1146 3598 1237 3649 xv,
1266 3582 1390 3650 16).
1450 3582 1605 3636 Talia
1654 3581 1731 3635 illi
1765 3578 1833 3634 ad

230 3681 407 3737 Deum
459 3680 623 3736 verba
668 3680 918 3734 fecerunt
949 3688 970 3715 ο
1000 3678 1102 3734 sibi
1130 3677 1346 3737 traditis
1380 3694 1392 3730 :
1423 3692 1523 3731 nos
1568 3675 1696 3743 quia
1739 3674 1833 3729 tibi

229 3772 487 3837 dicimus,
520 3771 621 3826 Aut
650 3781 943 3826 conuertere
967 3770 1038 3824 ad
1076 3768 1269 3835 Deum,
1299 3779 1389 3824 aut
1420 3766 1440 3806 τ
1480 3767 1610 3823 habe
1637 3778 1834 3822 certum

226 3867 367 3935 quod
401 3864 538 3919 Deus
568 3865 634 3917 ad
664 3865 891 3918 nihilum
915 3865 981 3917 sit
1028 3864 1342 3917 deducturus
1370 3880 1572 3916 onmem
1622 3862 1832 3915 inanem

228 3959 527 4030 superbiam
574 3970 735 4022 tuam,
769 3957 1018 4013 videmur
1062 3957 1153 4013 tibi
1204 3957 1533 4028 petulantes.
1566 3956 1837 4025 COIISpice

230 4052 411 4105 adhuc
442 4051 568 4121 quid
614 4049 810 4105 fecerit
854 4049 1146 4104 Matnthias
1189 4050 1566 4107 sanctissimus
1614 4049 1707 4104 ille
1755 4048 1837 4103 vir

230 4144 467 4200 devotus
494 4145 607 4199 Deo
650 4153 774 4215 post
802 4154 908 4198 tam
944 4144 1175 4199 illustria
1204 4144 1297 4199 illa
1323 4161 1445 4214 quin
1484 4145 1681 4213 egerit,
1714 4158 1838 4213 qua:

232 4239 400 4294 etiam
448 4236 505 4291 in
535 4235 644 4292 line
673 4237 852 4291 exitus
898 4238 976 4291 sui
1011 4236 1208 4292 dixerit
1237 4236 1303 4291 ad
1332 4235 1493 4303 filios,
1529 4245 1581 4291 et
1612 4234 1736 4290 vide
1769 4250 1835 4288 an

232 4342 389 4387 recto
438 4341 624 4386 Contra
660 4342 710 4386 te
742 4330 930 4385 ordine
972 4329 1071 4385 Dei
1103 4328 1221 4383 lucc
1247 4345 1469 4401 agamus
1501 4326 1835 4384 sacerdotes.

233 4423 504 4490 Loquitur
529 4423 812 4492 Scriptum
865 4430 1052 4478 sancta
1094 4422 1284 4477 dicens
1329 4439 1344 4477 :
1391 4422 1841 4494 Appropiauerunt

238 4528 263 4566 ε
297 4518 410 4571 dies
456 4516 728 4572 Matathite
758 4515 1035 4583 moriendi,
1077 4525 1125 4570 et
1152 4516 1287 4571 dixit
1327 4516 1454 4586 ﬁliis
1480 4518 1587 4569 suis
1627 4532 1645 4570 :
1684 4513 1840 4569 Nunc

1935 3303 2133 3358 doceat
2162 3305 2243 3358 sic
2285 3303 2647 3372 patriarchas,
2690 3304 2986 3375 prophetas
3017 3316 3070 3360 et
3100 3320 3329 3362 cunctos
3356 3307 3536 3377 justus

1938 3397 2053 3451 Deo
2077 3396 2369 3466 placuisse,
2405 3396 2536 3466 quid
2568 3412 2691 3465 nos,
2726 3404 2781 3451 tu
2828 3398 3142 3464 tenebrose,
3175 3415 3244 3456 ne
3277 3402 3374 3455 tibi
3402 3416 3539 3458 con-

1938 3502 2187 3549 tumaces
2218 3493 2554 3560 videremur,
2605 3494 2856 3551 volueras
2902 3495 3537 3557 lacere?Cessissemus-

1938 3601 2009 3641 ne
2039 3586 2131 3639 tibi
2160 3595 2372 3641 mortuo
2404 3587 2532 3653 vivi,
2570 3586 2661 3641 Dei
2707 3589 2850 3642 ευτνί
2879 3589 3099 3645 satelliti
3129 3592 3369 3647 diaboli?
3412 3609 3535 3650 cum

1940 3695 2135 3735 cernas
2166 3681 2329 3735 istum
2361 3682 2676 3736 Matathiam
2712 3682 2897 3740 dicere
2926 3686 2995 3739 ad
3039 3684 3221 3752 ﬁlios:
3259 3688 3325 3743 Et
3350 3690 3423 3744 ita
3450 3708 3539 3744 co-

1939 3774 2099 3843 gitate
2125 3789 2214 3845 per
2258 3775 2641 3845 generationem
2683 3786 2729 3829 et
2760 3778 3156 3848 generationem,
3199 3782 3318 3850 quia
3366 3799 3541 3839 omnes

1941 3864 2031 3934 qui
2057 3873 2265 3936 sperant
2290 3866 2346 3919 in
2371 3881 2487 3919 eum
2516 3882 2618 3921 non
2650 3867 3071 3938 inﬁrmabuntur.
3104 3872 3171 3929 Et
3198 3891 3230 3928 tt
3253 3876 3418 3929 verbis
3446 3873 3541 3929 riri

1944 3958 2228 4026 peccatoris
2250 3976 2351 4012 non
2376 3960 2666 4026 timueritis,
2696 3962 2818 4032 quia
2844 3965 3009 4032 gloria
3037 3969 3148 4034 ejus
3173 3968 3222 4021 in
3250 3978 3470 4023 stercore
3493 3979 3539 4037 ι’,

1941 4063 1991 4107 et
2018 4068 2207 4108 vermes
2234 4070 2252 4107 :
2275 4053 2427 4110 hodie
2454 4054 2740 4119 extollitur,
2765 4066 2812 4111 et
2834 4073 2949 4112 cras
2968 4076 3068 4113 non
3096 4062 3398 4129 inrenfetur,
3421 4064 3545 4133 quia

1945 4163 2219 4201 conversus
2250 4158 2322 4201 est
2352 4150 2404 4201 in
2436 4159 2621 4203 terram
2649 4167 2816 4215 suam,
2849 4162 2893 4205 et
2933 4155 3174 4223 cogitatio
3205 4159 3319 4227 ejus
3362 4157 3543 4225 peribit

1945 4235 2123 4311 (Ibid.
2158 4236 2281 4308 61).
2331 4236 2410 4294 Ne
2460 4239 2553 4295 tibi
2601 4240 2850 4310 injuriosi
2900 4243 3201 4310 videamur,
3258 4261 3545 4317 pareamus

1946 4327 2046 4384 tibi
2084 4328 2177 4386 Dei
2226 4326 2446 4387 domum
2497 4328 2827 4400 destruenti,
2882 4333 2979 4390 tibi
3009 4336 3099 4405 qui
3154 4335 3314 4394 hodie
3361 4339 3462 4407 sis,
3492 4350 3547 4397 et

1944 4436 2068 4476 cras
2110 4422 2224 4477 eris
2271 4427 2323 4477 in
2350 4438 2568 4479 vermes
2592 4434 2648 4479 et
2669 4434 2940 4492 stercore,
2973 4436 3028 4482 et
3074 4430 3214 4485 hanc
3263 4430 3547 4490 trahamus

1946 4513 2091 4585 apud
2126 4515 2298 4571 Deum
2329 4515 2618 4583 offensam,
2652 4533 2762 4588 quo
2793 4527 2973 4574 tecum
3025 4538 3336 4581 mercamur
3374 4527 3548 4598 redigi

234 4614 530 4684 confortata
561 4619 635 4665 est
676 4610 941 4681 superbia,
985 4618 1031 4664 et
1056 4610 1353 4682 castigatio,
1396 4618 1444 4664 et
1475 4619 1673 4681 tempus
1693 4625 1837 4664 ever-
1865 4601 2011 4664 Dad
2063 4608 2318 4665 nihilum.
2370 4609 2661 4681 Cognosce
2707 4619 2831 4683 post
2874 4611 3013 4681 hinc,
3064 4616 3193 4686 quid
3242 4620 3405 4676 etiam
3454 4620 3553 4677 lilii

309 4778 334 4805 ⁸
374 4767 533 4833 Apud
584 4768 771 4825 Saliat.
824 4767 948 4822 Non
984 4778 1059 4822 est
1084 4768 1281 4838 portio,
1324 4771 1405 4839 fas
1433 4784 1593 4837 neque
1618 4769 1831 4823 mentio.

310 4839 336 4878 δ
382 4840 481 4896 Ubi
508 4841 777 4905 demoliet,
806 4840 950 4908 quod
980 4855 1085 4894 non
1120 4847 1205 4895 est
1238 4840 1295 4894 in
1328 4838 1463 4905 'usu,
1515 4855 1612 4908 pro
1657 4838 1838 4893 demo-

235 4913 392 4967 lietur
425 4910 579 4973 dicit,
607 4912 659 4965 id
691 4922 796 4976 esl,
827 4912 1052 4965 destruet
1074 4928 1133 4966 ac
1158 4910 1371 4982 diripiat
1400 4928 1575 4967 muros
1599 4912 1837 4981 lapideos

237 4984 466 5038 civitatis
496 5000 694 5039 eorum.
728 4982 831 5041 ΤιΙ.

314 5066 338 5094 c
382 5051 595 5109 Exaudi
620 5055 876 5123 nos,legit
902 5053 1269 5109 Sabaticrius.

308 5124 336 5163 ἀ
368 5128 491 5197 Hinc
513 5141 633 5179 cum
652 5141 751 5179 ms.
770 5122 954 5180 Germ.
978 5125 1132 5179 Vers.
1155 5125 1282 5179 Ant.
1306 5122 1845 5197 Cecidit...magnitu-

238 5194 433 5253 dine”;
454 5198 614 5267 lapis,
639 5197 801 5251 donec
821 5207 1140 5268 pertranseat
1156 5197 1389 5268 populus
1418 5207 1564 5262 tuus,
1594 5194 1833 5260 Domine,

240 5270 603 5341 usquedum...
650 5280 783 5329 tuus.
833 5267 1076 5334 Domine,
1144 5267 1283 5321 hunc
1332 5284 1485 5337 quem
1544 5270 1836 5336 acquisiui.

317 5354 340 5379 ε
386 5340 493 5394 Pro
523 5336 619 5394 sibi
650 5336 873 5393 traditis.
908 5339 1159 5393 Gallam].

318 5359 340 5379 τ
386 5359 493 5395 ΙἺὌ
523 5359 619 5394 81οι
650 5359 873 5393 η’(ιαιιιδ.
908 5359 1159 5393 uuuanu.

318 5413 337 5451 ί
381 5412 651 5468 Pro'certo
673 5413 826 5473 scias,
849 5413 920 5465 sis
948 5420 1143 5475 certus,
1167 5411 1309 5481 quad
1338 5410 1483 5467 Deus
1508 5412 1576 5465 ad
1614 5412 1840 5466 nihilum

239 5500 391 5555 tuam
414 5483 623 5540 reducet
650 5485 959 5555 superbiant.
974 5554 977 5555 ν
992 5482 1097 5536 ΤΗ.

317 5569 341 5606 s
384 5554 541 5626 Yers.
579 5554 721 5609 Ant.
752 5554 1379 5626 Appropinquaverunt...
1433 5571 1569 5607 nunc
1612 5572 1760 5624 ergo,
1808 5573 1839 5609 ο

241 5630 342 5702 filii
373 5624 902 5702 aimulatores.._..pro
931 5624 1242 5702 testamento
1268 5635 1479 5702 patrum
1530 5635 1836 5702 vestrorum.

311 5699 342 5786 ξι
385 5701 518 5755 Cum
570 5716 671 5753 IIIS.
722 5698 918 5754 Germ.
968 5696 1122 5754 Vera.
1162 5708 1279 5755 aut.
1328 5697 1397 5752 lu
1420 5699 1841 5769 generationibus

241 5790 521 5899 mitium
552 5842 677 5899 eod.
713 5839 868 5898 Vers.
889 5841 1019 5897 Ant.
1040 5835 1277 5896 Zelando
1304 5837 1473 5895 selum
1507 5836 1622 5894 Dei.

2028 4768 2040 4818 i
2095 4766 2231 4821 Dum
2254 4767 2504 4836 implevit.
2538 4768 2695 4826 Vers.
2734 4771 2865 4828 Ant.

2019 4837 2043 4909 ξ
2090 4837 2341 4909 Receptus
2369 4849 2443 4895 est
2467 4842 2520 4896 in
2549 4841 2895 4901 ctelum.Ead.

2027 4908 2044 4947 1
2088 4910 2220 4987 gum
2251 4910 2466 4987 Gi'alco.
2506 4912 2659 4969 Vers.
2692 4915 2823 4971 Aut.
2854 4914 3219 4987 Inﬁrmautar.

2021 4990 2062 5027 Ψ
2096 4982 2235 5064 Ῠέΐϐ
2263 4999 2385 5036 cum
2412 4982 2627 5064 Graeco,
2646 4989 2717 5048 εἰς
2734 4982 2965 5064 increpitum
2981 4996 3064 5047 καὶ
3087 4996 3543 5061 σκὼληκαςλγθνε.

1952 5054 2079 5108 Ant.
2118 5053 2328 5109 Stercus
2357 5064 2404 5134 et
2435 5057 2615 5134 uerutis
2648 5071 2740 5134 est.
2775 5053 2971 5134 Melius
2993 5053 3345 5134 legtn'cni‘in'
3367 5053 3544 5129 Lucil:

1953 5134 2183 5207 stercora
2211 5140 2331 5179 cum
2360 5125 2615 5183 Galland.
2647 5129 2832 5187 Subiit.
2877 5133 3027 5203 legit,
3045 5125 3144 5191 vNe
3173 5125 3541 5200 timueritis:

1944 5209 1993 5250 ει
2022 5213 2230 5251 vermis.
2446 5208 2449 5213 ’

2018 5276 2048 5306 ιι
2086 5267 2514 5355 lita'ins.'Gerti'i.
2553 5271 2707 5355 \lers.
2761 5275 2903 5355 Ant._
2940 5275 3010 5355 Et
3053 5285 3442 5355 cras....periit.
3478 5287 3546 5343 Et

1948 5356 2062 5393 cras
2086 5341 2257 5415 liabet
2284 5340 2425 5415 idem
2458 5342 2676 5415 Lucifer
2703 5348 2863 5415 paulo
2891 5348 3049 5404 infra.

2022 5420 2046 5445 ο
2086 5411 2163 5494 Ita
2192 5412 2246 5465 in
2278 5414 2400 5470 eod.
2440 5430 2542 5471 ms.
2576 5411 2727 5471 Vers'.
2766 5412 2893 5475 Aut.
2938 5419 3039 5474 Vos
3069 5439 3349 5496 ergo....et
3383 5431 3546 5487 uirili-

1950 5494 2025 5537 ter
2051 5498 2207 5555 agite.

2022 5555 2247 5638 p_\’ers.
2298 5556 2425 5612 Ant.
2472 5556 2654 5684 lgsum
2697 5559 2876 5615 audite
2924 5580 3139 5637 semper,
3179 5579 3231 5624 et
3276 5571 3405 5642 ipse,
3437 5583 3546 5630 etc.

2022 5626 2169 5681 ietl'er
2198 5645 2320 5684 cum
2354 5645 2457 5684 nis.
2538 5647 2673 5684 erm.

1950 5626 2169 5681 Lucifer
2198 5645 2320 5684 cum
2354 5645 2457 5684 ms.
2486 5626 2673 5686 Germ.

2023 5698 2247 5821 ἔλιπε.
2283 5703 2409 5757 Ant.
2449 5697 2703 5775 Princeps
2733 5703 2951 5774 militiai,
2981 5720 3026 5765 et
3054 5710 3164 5783 ipse
3191 5724 3307 5783 aget
3353 5716 3545 5773 bellum

1950 5785 2152 5841 paputi.
3202 5814 3207 5817 .

2027 5849 2048 5878 τ
2092 5840 2330 5897 Stercore
2351 5840 2481 5910 eius.
2516 5841 2687 5903 Vatis.
3026 5880 3035 5885 ι
