4042 6338
305 314 413 371 969

868 317 959 374 DE
995 315 1134 374 NON
1175 314 1548 374 PARCENDO
1587 316 1653 372 IN
1697 314 1892 373 DEUM
1932 312 2542 381 DELINQUENTIBUS
2581 310 2788 375 LIBER
2825 309 3031 377 UNUS.

3513 312 3618 369 970

307 430 644 486 sentientibus
682 441 709 469 ⁸
737 443 909 488 autem
939 435 1199 501 omnibus,
1249 435 1589 489 accersieutes
1618 449 1726 497 eos,
1774 447 1908 502 prte-
1932 434 1983 493 Α
2012 431 2403 487 minationibus
2459 430 2863 486 iiicredulorum
2890 472 2905 495 ,
2956 427 3051 484 sed
3083 427 3244 485 etiam
3270 425 3436 483 fuisse
3462 432 3622 487 obse-

306 537 551 595 ccperunt
578 523 683 579 illis
710 543 774 581 ne
800 528 1009 581 omnino
1041 528 1381 595 loquerentur
1412 545 1572 597 neque
1602 528 1839 581 docerent
1857 527 1911 581 in

304 617 512 672 nomine
531 616 683 674 Jesu.
720 619 1107 692 Respondentes
1152 632 1324 674 autem
1375 620 1559 674 Petrus
1597 630 1644 673 et
1680 618 1910 674 Joannes

302 712 544 766 dixerunt
562 710 591 750 ι)
620 729 639 769 :
668 712 729 768 Si
747 715 951 786 justum
979 724 1053 768 est
1084 730 1258 767 coram
1286 712 1396 767 Deo
1420 729 1506 767 vos
1534 713 1717 767 audire
1737 715 1909 785 potius

299 821 459 875 quam
492 803 679 867 Deum,
713 806 989 879 judicate;
1040 824 1143 861 non
1188 807 1324 861 enim
1352 821 1631 878 possumus
1661 822 1755 860 nos
1794 820 1908 873 qua:

303 895 572 951 ¢ridimus
617 906 664 950 et
710 898 1024 966 audivimus,
1086 915 1190 952 non
1240 900 1401 969 loqui.
1448 898 1514 952 At
1564 896 1645 951 illi
1697 900 1909 952 commi-

297 998 485 1044 nantes
513 987 541 1026 τι
570 991 875 1045 dimiserunt
908 1008 1013 1057 eos,
1046 1008 1148 1046 non
1185 993 1494 1046 invenientes
1530 991 1785 1060 quomodo
1811 1009 1908 1063 pu-

295 1084 469 1138 nirent
496 1100 582 1139 eos
610 1095 821 1155 propter
856 1086 1124 1159 populum.
1172 1084 1363 1142 Omnes
1406 1088 1541 1141 enim
1587 1087 1903 1158 honoriﬁca-

296 1176 420 1231 bant
472 1178 640 1233 Deum
669 1179 721 1233 in
752 1184 910 1250 facto.
948 1183 1211 1236 Annorum
1253 1194 1360 1236 erat
1392 1183 1509 1253 plus
1554 1182 1904 1252 quadraginta

300 1274 478 1339 homo,
508 1274 563 1327 in
604 1288 702 1343 quo
730 1278 929 1345 factum
973 1285 1047 1330 est
1090 1277 1291 1347 signum
1325 1284 1347 1312 θ
1378 1276 1637 1329 sanitatis.
1689 1275 1905 1328 Dimissi

301 1362 322 1403 ¹
356 1376 531 1420 autem
580 1376 831 1421 venerunt
874 1368 944 1421 ad
997 1384 1142 1433 suos,
1175 1378 1221 1421 et
1255 1367 1547 1421 retulerunt
1593 1379 1794 1439 quanta
1832 1368 1902 1421 ad

297 1456 423 1513 illos
471 1459 731 1526 principes
780 1461 1109 1514 sacerdotum
1156 1470 1203 1513 et
1248 1461 1474 1514 seniores
1522 1460 1784 1514 dixerunt.
1836 1461 1903 1513 At

302 1558 329 1597 Β
352 1550 435 1604 illi
464 1567 582 1604 cum
610 1551 902 1618 audissent,
935 1566 1042 1606 uno
1069 1554 1240 1605 animo
1288 1552 1582 1605 levaverunt
1630 1567 1804 1606 vocem
1831 1552 1901 1604 ad

300 1640 588 1696 Dominum
634 1653 683 1696 et
722 1643 965 1697 dixerunt
1008 1660 1026 1698 :
1072 1642 1292 1697 Domine
1316 1653 1370 1697 tu
1409 1642 1552 1697 Deus
1597 1644 1684 1714 qui
1735 1642 1902 1713 fecisti

296 1734 505 1801 caelum,
537 1744 587 1788 et
612 1743 821 1802 terram,
855 1747 904 1789 et
946 1752 1110 1803 mare,
1143 1747 1191 1791 et
1221 1736 1393 1789 omnia
1419 1752 1534 1807 qua:
1561 1737 1614 1789 in
1641 1736 1714 1790 eis
1756 1747 1896 1801 sunt,

2011 535 2247 590 oratum,
2281 536 2338 579 ut
2368 525 2616 580 ﬁduciam
2651 525 2931 595 loquendi,
2993 524 3469 594 constantiamque
3523 526 3617 580 de-

2011 617 2265 674 fendendi
2318 618 2598 673 veritatem
2650 617 2837 672 fuisset
2891 618 3154 688 apostolis
3212 618 3325 672 suis
3367 618 3619 687 dignatus

2011 712 2254 767 tribuere
2306 712 2471 767 Deus.
2507 712 2561 768 Si
2595 711 2757 781 igitur
2784 714 2882 767 hoc
2910 724 2963 767 et
2994 713 3062 767 ab
3091 712 3355 781 aposnilis
3407 715 3609 767 tactum

2013 815 2098 862 est
2129 806 2307 860 beatis
2331 820 2380 861 et
2415 806 2627 875 populis
2659 804 2769 859 Deo
2808 805 3026 869 dicatis,
3058 815 3113 858 et
3155 820 3261 858 non
3293 815 3413 859 sunt
3443 820 3621 875 neque

2010 908 2365 953 COIilIllllact‘S
2409 913 2585 968 neque
2616 898 2922 966 petulantes
2952 896 3081 951 dicti
3108 912 3136 951 a
3167 896 3303 961 Deo,
3355 896 3497 965 quod
3529 911 3618 952 re-

2007 989 2247 1045 stiteritit
2278 989 2515 1044 inimicis
2536 989 2680 1059 ejus,
2699 989 2972 1059 quomodo
3001 1004 3099 1043 nos
3118 988 3348 1043 dicimur
3376 1004 3406 1042 a
3438 998 3489 1043 te
3520 1005 3615 1044 su-

2007 1085 2183 1155 perbi,
2215 1084 2538 1154 petulantes,
2571 1083 3093 1153 contunieliasi,qoi,
3129 1083 3255 1137 licet
3279 1093 3614 1151 peccatores,

2006 1183 2188 1231 tamen
2220 1188 2463 1232 sanctam
2489 1187 2768 1231 teneamus
2820 1175 2981 1230 fidem
3010 1177 3403 1240 apostolorum,
3452 1188 3616 1243 atque

2009 1269 2228 1323 illorum
2263 1269 2607 1336 populorum,
2632 1270 2721 1338 qui
2752 1268 3037 1322 credentes
3067 1266 3280 1320 fuerant
3310 1270 3360 1321 in
3396 1267 3614 1321 unicum

2005 1362 2101 1416 Dei
2131 1361 2370 1416 Filium?
2408 1379 2529 1417 cuni
2563 1362 2825 1430 apostolis
2858 1361 3058 1415 idcirco
3088 1361 3331 1428 superbi,
3362 1361 3484 1430 quia
3515 1375 3610 1415 v0-

2005 1472 2122 1510 ceni
2178 1468 2321 1511 tuam
2366 1464 2671 1524 apostatec,
2712 1456 2836 1523 quia
2904 1464 3142 1508 terrores
3196 1465 3319 1507 tuos
3359 1453 3609 1522 sacrilegi

2004 1546 2208 1602 Christi
2238 1546 2438 1602 milites
2460 1548 2725 1601 ducamus
2754 1562 2848 1613 pro
2883 1546 3077 1612 nihilo,
3113 1546 3235 1616 qui:
3264 1548 3357 1602 Dei
3384 1546 3606 1617 Filium,

2004 1655 2193 1693 verum
2250 1638 2345 1693 Dei
2396 1640 2753 1708 pra-dicemus
2786 1637 2999 1703 Filium,
3027 1638 3166 1693 sicut
3194 1641 3614 1710 pra-dicaverint

2007 1733 2307 1788 beatissimi
2334 1733 2588 1802 apostoli.
2617 1732 2709 1789 Sic
2736 1747 2837 1786 nos
2866 1732 2959 1786 tibi
2986 1734 3248 1799 protervi,
3276 1733 3607 1800 petulantes,

287 1841 377 1895 qut
417 1842 512 1892 per
553 1824 814 1893 Spiritum
842 1838 1101 1892 sanctum,
1148 1837 1194 1881 et
1222 1844 1277 1882 os
1309 1828 1471 1897 patris
1521 1828 1685 1881 nostri
1730 1827 1898 1880 David
1928 1830 1976 1889 B
2004 1824 2222 1894 superbi
2256 1826 2524 1887 videmur,
2582 1833 2642 1879 ut
2674 1824 2879 1879 Judaeis
2909 1824 3232 1879 videbantur
3279 1825 3610 1881 sztttctissiini

288 1919 435 1987 pueri
467 1918 540 1971 tui
569 1918 749 1972 dixisti
785 1915 813 1954 ιι
837 1935 856 1974 :
886 1919 1063 1984 Quare
1095 1922 1414 1988 fremuerunt
1450 1930 1649 1989 gentes,
1700 1928 1751 1973 et
1798 1936 1893 1989 ρον

289 2009 404 2078 puli
446 2009 681 2065 meditati
728 2023 847 2065 sunt
875 2011 1096 2066 inania?
1124 2012 1434 2067 adstiterant
1477 2028 1625 2081 reges
1650 2022 1823 2078 terrte,
1848 2022 1895 2065 et

290 2101 551 2171 principes
577 2112 921 2157 convenerunt
950 2104 1001 2157 in
1040 2120 1204 2157 unum
1243 2103 1486 2158 adversus
1519 2103 1803 2157 Dominum
1845 2116 1894 2157 et

289 2195 540 2249 adversus
563 2193 826 2251 Christum
853 2197 1007 2269 ejus?
1034 2195 1390 2253 Convenerunt
1412 2199 1548 2252 enim
1578 2214 1695 2252 vere
1725 2200 1778 2253 in
1795 2201 1893 2253 hac

286 2287 491 2343 civitate
513 2290 758 2345 adversus
797 2289 812 2327 ί
846 2303 1082 2346 sanctum
1115 2290 1313 2346 Filium
1336 2302 1482 2346 tuum
1510 2291 1712 2355 Iesum,
1742 2310 1892 2363 quem

287 2382 506 2447 unxisti,
555 2380 789 2438 Herodes
829 2393 875 2437 et
919 2383 1140 2438 Pontius
1183 2382 1392 2439 Pilatus
1417 2400 1535 2439 cum
1561 2385 1799 2456 gentibus
1844 2397 1892 2441 et

291 2473 503 2542 populis
529 2472 543 2523 i
582 2473 776 2541 Israel,
805 2477 973 2541 facere
993 2492 1110 2548 qua:
1142 2475 1165 2513 ιι
1200 2494 1383 2532 manus
1415 2488 1501 2531 tua
1527 2488 1574 2532 et
1616 2480 1891 2533 consilium

284 2567 555 2637 prteﬁuiit.
588 2567 655 2622 Et
694 2585 853 2633 nunc,
890 2570 1127 2635 Domine,
1176 2571 1375 2638 respice
1402 2570 1455 2624 in
1494 2572 1661 2625 minas
1687 2587 1887 2638 eorum,

286 2668 335 2714 et
358 2661 427 2713 da
449 2662 607 2716 servis
630 2664 733 2717 tuis
760 2678 880 2717 cum
906 2665 1045 2717 omni
1075 2662 1272 2732 [iducia
1293 2661 1437 2733 loqui
1477 2666 1683 2718 turbam
1718 2677 1888 2732 tuum,

285 2752 411 2805 dum
447 2749 464 2789 ι
498 2753 733 2808 extendis
774 2771 956 2809 manus
995 2756 1064 2808 ad
1100 2757 1368 2819 sanitates,
1409 2772 1471 2810 ac
1507 2758 1660 2828 signa
1688 2750 1734 2811 et
1764 2774 1889 2827 pro-

282 2846 426 2917 digia
447 2848 685 2918 facienda
714 2866 805 2921 per
832 2866 1017 2905 nomen
1042 2853 1206 2905 sancti
1229 2852 1328 2922 ﬁlii
1349 2853 1424 2906 tui
1445 2852 1595 2907 Jesu.
1627 2852 1695 2910 Et
1714 2865 1888 2908 cumm

280 2951 537 3006 orassent,
564 2953 734 2998 motus
755 2953 828 2996 est
853 2944 995 2998 locus
1016 2944 1069 2998 in
1090 2960 1191 3012 quo
1213 2955 1361 2999 erant
1385 2948 1704 3022 congregati,
1738 2956 1786 2999 et
1806 2964 1888 3001 re-

282 3036 413 3105 pleti
442 3045 560 3089 sunt
583 3051 755 3091 omnes
780 3037 988 3108 Spiritu
1011 3047 1213 3101 sancto,
1246 3048 1293 3090 et
1322 3036 1660 3107 loquebantur
1682 3038 1887 3093 verbum

279 3123 381 3180 Dei
410 3142 530 3181 cum
556 3143 693 3183 omni
727 3128 943 3198 ﬁducia.
1000 3128 1058 3185 Si
1083 3128 1354 3199 collegisti
1379 3129 1512 3199 jam,
1566 3139 1760 3185 cuncta
1788 3144 1887 3185 cur

1996 1918 2253 1988 apostoli,
2278 1919 2494 1988 quibus,
2525 1919 2570 1973 si
2603 1917 2765 1973 hodie
2790 1919 3018 1973 fuissent
3064 1918 3116 1972 in
3148 1919 3490 1986 corporibus,
3518 1932 3613 1986 po-

1999 2018 2186 2066 tueras
2218 2011 2332 2065 liiee
2363 2011 2550 2066 dicere
2571 2028 2690 2081 qua:
2721 2011 2965 2079 dignaris
2989 2011 3179 2067 dicere
3207 2012 3273 2065 ad
3308 2027 3425 2065 nos.
3457 2012 3609 2066 Inve-

1996 2104 2175 2158 nimus
2224 2104 2428 2159 etenioi
2479 2119 2700 2174 semper
2729 2115 3057 2174 praeceptum
3107 2105 3185 2159 eis
3215 2122 3308 2159 ore
3339 2107 3610 2160 comblas-

1998 2198 2314 2268 pliemoruiu
2347 2207 2561 2253 tuorum
2593 2197 2929 2266 Scribarum,
2983 2198 3411 2264 Pliarisaiorutn,
3452 2200 3605 2266 prin-

1993 2292 2197 2360 cipum,
2224 2302 2387 2362 atque
2411 2292 2679 2359 pontiticis
2705 2289 3037 2356 Judzeoruni,
3070 2306 3138 2345 ne
3159 2291 3446 2353 docerent,
3468 2306 3605 2346 neve

1996 2383 2356 2451 praedicarent
2386 2399 2604 2438 unicum
2637 2383 2731 2437 Dei
2787 2384 3021 2438 Filium:
3056 2396 3231 2437 tanien
3264 2384 3393 2453 quid
3422 2385 3496 2437 illi
3527 2383 3604 2439 lc-

1992 2476 2187 2539 cei-int,
2241 2476 2430 2546 accipe
2469 2475 2648 2530 adhuc
2677 2492 2799 2546 quae
2841 2477 3041 2546 scripta
3089 2488 3238 2540 sunt,
3296 2492 3365 2531 ne
3394 2485 3420 2511 υ
3455 2476 3594 2534 forte

1995 2566 2169 2637 possit
2216 2568 2454 2622 tenebris
2504 2568 2976 2638 saginatumcor°
3006 2579 3156 2622 tuuni
3200 2567 3267 2623 ad
3312 2568 3597 2626 videndam

1993 2662 2193 2718 adduci
2235 2662 2569 2719 veritatem:
2602 2661 2706 2717 Per
2766 2680 2951 2718 manus
3004 2664 3355 2736 apostolorum
3408 2665 3599 2731 ﬁebant

1991 2757 2176 2827 signa,
2235 2766 2282 2810 et
2334 2755 2577 2825 prodigia
2604 2757 2788 2823 [multa
2840 2757 2892 2811 in
2923 2768 2947 2806 P
2990 2758 3135 2829 plebe
3164 2774 3181 2811 :
3211 2767 3256 2811 et
3302 2768 3448 2812 erant
3494 2775 3598 2812 uno

1990 2848 2165 2902 animo
2197 2863 2372 2902 omnes
2398 2848 2454 2901 in
2480 2849 2685 2916 porticu
2710 2849 3009 2903 Salomonis
3030 2866 3049 2915 ;
3078 2858 3381 2903 ca'terorum
3427 2862 3597 2904 autent

1992 2955 2140 2992 nemo
2191 2938 2413 2993 audebat
2440 2941 2507 2992 ad
2538 2949 2566 2989 (ι
2592 2939 2711 2993 illos
2762 2943 3003 2994 accedere
3030 2981 3044 3005 ,
3101 2942 3189 2994 sed
3233 2943 3598 3011 magni/icabat

1991 3032 2109 3085 illos
2134 3032 2275 3103 plebs
2305 3048 2324 3086 :
2352 3032 2619 3105 magisque
2654 3042 2674 3069 τ
2704 3035 3029 3088 addebantur
3064 3036 3328 3089 credentes
3369 3034 3595 3090 Domino

1991 3126 2271 3180 multitudo
2301 3127 2525 3180 uirorum
2551 3144 2613 3179 ac
2638 3127 2936 3193 mulierum,
2967 3132 3040 3181 ita
3073 3139 3126 3181 ut
3148 3130 3201 3181 in
3230 3130 3415 3197 plateis
3441 3131 3596 3201 ejicro

280 3218 400 3274 hinc
449 3222 853 3289 protulerittitis,
887 3224 935 3277 si
962 3224 1221 3277 iinliibisti
1275 3239 1439 3279 omne
1483 3224 1700 3293 penitus
1761 3240 1891 3293 prae.
1917 3218 1964 3283 C
1994 3228 2105 3272 rent
2155 3219 2392 3288 inﬁrmos
2421 3227 2471 3284 ⁸,
2513 3230 2561 3273 et
2591 3221 2911 3289 imponerent
2934 3222 2986 3273 in
3017 3220 3220 3275 lectulis
3250 3232 3294 3275 et
3321 3204 3549 3291 grabatis
3572 3265 3586 3289 ,

278 3311 597 3383 scriptionis
625 3323 823 3368 nostras
850 3314 1386 3380 desideriom,dicere
1407 3315 1633 3370 audebis
1659 3315 1890 3373 ulterius

281 3420 387 3462 nos
417 3422 540 3463 esse
566 3408 913 3477 petulantes?
935 3409 1374 3478 quandotptidem
1412 3408 1597 3465 videas
1628 3425 1728 3464 nec
1752 3424 1884 3480 apo-

277 3499 453 3553 stolos
482 3501 672 3555 beatos
705 3511 1038 3570 temperasse
1067 3501 1297 3557 ducibus
1319 3501 1765 3568 Jud.rtiriiin,tiec
1788 3503 1890 3557 nii-

278 3593 364 3647 nis
392 3594 743 3650 succubuisse
770 3610 985 3661 eorum,
1017 3595 1113 3651 sed
1138 3595 1308 3663 magis
1356 3595 1624 3663 intrepide
1669 3610 1888 3665 semper

274 3686 499 3743 duxisse
519 3688 587 3742 ad
617 3687 893 3755 eﬂ'ectum,
926 3688 1031 3745 sibi
1086 3688 1395 3759 delegatum
1443 3687 1667 3742 totidem
1721 3690 1883 3743 etiam

275 3780 371 3837 Dei
396 3781 652 3852 populum
677 3796 786 3838 non
818 3782 994 3837 solum
1027 3797 1135 3837 non
1158 3781 1330 3838 fuisse
1357 3782 1703 3852 perterritum
1734 3795 1887 3837 cont-

350 3972 374 4000 α
413 3961 863 4019 Cousentientibus
891 3973 1065 4018 autem
1110 3962 1366 4035 omnibus,
1410 3971 1465 4017 et
1515 3971 1871 4035 pra’ceperunt

274 4035 405 4098 illis,
454 4052 573 4090 coni
604 4035 1055 4105 ms.,Cantabrig.
1109 4035 1233 4089 Hzcc
1273 4034 1467 4089 desunt
1522 4033 1694 4087 ναις(
1740 4040 1867 4087 Ant.

275 4124 396 4177 quin
432 4108 595 4161 liabet
630 4148 647 4163 .
676 4104 746 4160 Et
777 4104 1109 4161 arcessientes
1140 4122 1225 4161 eos
1261 4117 1616 4177 praerperunt
1663 4120 1870 4159 omnino

271 4189 327 4233 ut
348 4194 456 4249 non
483 4181 623 4249 loqu.

344 4248 371 4287 ι’
415 4246 567 4304 γενέ.
597 4249 725 4306 Aut.
760 4246 1019 4304 Dixerunt
1045 4247 1115 4302 ad
1140 4264 1227 4302 eos
1258 4262 1276 4301 :
1303 4246 1361 4302 Si
1385 4248 1480 4301 hoc
1511 4247 1650 4301 vobis
1666 4250 1869 4319 justum

275 4322 478 4376 videtur
506 4333 627 4381 ante
671 4332 1004 4393 conspectum
1050 4319 1170 4385 Dei,
1203 4319 1341 4374 vobis
1386 4322 1552 4390 magis
1599 4322 1869 4386 obaudire,

269 4402 379 4448 etc.

345 4476 367 4503 ε
392 4463 492 4525 Ea,
513 4462 955 4533 qua:.Vers.Ant.
978 4463 1057 4516 Ea
1081 4464 1238 4519 deest
1257 4469 1313 4515 et
1342 4461 1393 4533 in
1421 4460 1735 4530 Cantabrig.
1761 4477 1864 4516 ms.

340 4536 365 4571 (³
408 4540 471 4590 At
499 4531 577 4590 ilii
605 4547 773 4590 autem
803 4538 1294 4589 administrantes...
1314 4531 1445 4587 nihil
1485 4534 1862 4586 invenientes...

267 4610 512 4680 punirtjnt
536 4626 642 4673 eos,
670 4608 901 4680 timentes
923 4604 1699 4680 populum...gloriamini...in
1727 4608 1865 4680 [arto

265 4675 385 4734 isto.
422 4679 573 4734 γενέ.
607 4683 734 4733 Atil.
767 4675 942 4731 Graio.
974 4675 1095 4732 eum
1129 4679 1293 4732 Lucil.
1347 4676 1430 4733 διὰ
1457 4677 1541 4732 τὸν
1567 4675 1712 4741 λαὸν,
1746 4676 1866 4730 abs-

262 4768 372 4824 que
401 4753 655 4825 timentes,
685 4761 739 4805 et
769 4750 955 4825 ἐπὶῌτῶ
979 4748 1467 4825 γεγονότιηίιὶιδιμιε
1495 4748 1618 4801 isto.

340 4833 363 4861 ο
407 4822 627 4891 Signum
671 4825 781 4875 ltoc.
852 4818 1001 4876 V'ei'sl
1046 4818 1179 4876 'Ant.
1231 4820 1344 4875 Hoc
1389 4820 1545 4874 abest
1569 4818 1731 4872 etiam
1795 4818 1864 4872 ab

262 4893 411 4952 Iren.
444 4893 539 4948 lib.
573 4909 628 4948 ιιι
670 4908 718 4947 c.
753 4891 842 4946 12.

341 4965 360 5005 τ
403 4965 636 5021 Omnino
680 4979 801 5018 cunt
832 4978 935 5017 nis.
965 4963 1283 5033 Cantabrig.
1315 4960 1619 5018 Vers.Ant.
1645 4959 1740 5016 llli
1769 4976 1862 5014 au-

263 5046 389 5101 tem,
525 5048 570 5089 et
601 5040 1131 5090 annuntiat‘erunt....
1157 5036 1224 5087 ad
1253 5052 1361 5097 eos,
1394 5048 1499 5088 etc.

337 5119 363 5157 8
405 5107 596 5162 Fertne
619 5123 739 5161 cuni
765 5107 887 5161 eod.
914 5122 963 5177 pl
980 5121 1115 5161 aiter
1140 5104 1604 5159 unanimiter...ad
1622 5101 1859 5157 Deum...

263 5190 321 5235 tu
348 5196 403 5234 es
454 5179 609 5233 Deus.
642 5177 800 5233 Vers.
832 5179 962 5233 Ani.
1003 5179 1104 5244 Qui
1151 5194 1363 5231 cum....
1395 5178 1705 5231 unanimiter
1747 5192 1860 5229 sus-

258 5255 489 5305 tulerunt
518 5266 688 5306 vocem
718 5266 866 5303 suam
907 5252 977 5300 ad
1018 5247 1288 5303 Deum....
1320 5259 1372 5301 tu
1413 5246 1549 5300 Deus
1599 5249 1857 5312 fecisti....

255 5324 315 5377 in
341 5323 449 5377 illis
471 5332 611 5376 sunt.
641 5321 827 5376 Sabat.
864 5320 991 5389 legit
1020 5320 1337 5373 audivissent
1364 5335 1461 5389 pro
1489 5320 1772 5373 audissent.

336 5392 359 5430 ιι
406 5392 471 5449 Ut
512 5392 653 5447 lren.
709 5392 805 5448 lib.
836 5407 913 5446 ιιι.
948 5408 999 5445 c.
1039 5389 1125 5445 12.
1165 5389 1322 5445 Vers.
1350 5389 1483 5445 Ant.
1527 5389 1717 5447 Diceris
1748 5406 1767 5444 :
1808 5399 1861 5443 ut

295 5466 406 5520 uid.
1170 5475 1179 5482 ‘

257 5483 468 5592 quium
501 5534 643 5590 idem
674 5534 768 5589 ibi.
806 5534 999 5603 Super.
1026 5533 1187 5589 Vers.
1220 5533 1349 5589 Ant.

331 5610 348 5659 ἰ
400 5606 632 5677 Populo.
676 5606 829 5661 Vers.
864 5610 997 5661 Ant.

322 5677 353 5718 Β
399 5675 674 5748 Quanta...
702 5677 975 5732 consilium
1017 5687 1163 5731 tuum
1196 5676 1472 5748 prteﬁniin't
1495 5675 1681 5746 ﬁeri...
1706 5692 1862 5747 super

255 5753 453 5810 minas.
482 5751 708 5806 Eadem.

337 5822 357 5863 1
400 5821 472 5879 1n
500 5838 559 5879 eo
604 5821 743 5894 quod
785 5838 995 5876 manum
1034 5830 1176 5876 luant
1206 5820 1447 5878 extendes
1479 5820 1533 5876 in
1561 5820 1858 5889 sanitatem,

743 5919 1020 5979 PATROL.
1069 5913 1241 5979 Xlll.

1990 3322 2047 3363 ut
2074 3312 2299 3364 veniente
2330 3309 2485 3365 Petro
2509 3312 2585 3365 rel
2609 3312 2787 3365 umbra
2807 3313 3119 3366 inumbraret
3145 3315 3368 3383 aliquem
3390 3332 3589 3370 eorum:

1990 3415 2037 3461 et
2067 3407 2416 3461 liberabantur
2464 3406 2524 3461 ab
2553 3408 2853 3477 inﬁrmita'e
2883 3425 2998 3463 sua.
3036 3407 3387 3463 Concurrebat
3437 3411 3453 3446 ί
3505 3428 3594 3463 au-

1991 3510 2091 3556 tem
2107 3502 2386 3555 multitudo
2414 3501 2699 3554 vicinarum
2721 3501 2989 3554 civitatum
3015 3500 3341 3563 Jerusalem,
3372 3515 3589 3575 portan-

1990 3602 2065 3648 tes
2088 3594 2347 3662 inﬁrmos.
2367 3602 2417 3648 et
2443 3610 2527 3647 eos
2558 3595 2647 3663 qui
2675 3612 2705 3648 a
2732 3595 2999 3666 spiritibus
3026 3595 3305 3649 immundis
3327 3598 3583 3651 vexaban-

1991 3698 2096 3752 tur,
2129 3697 2177 3740 et
2206 3702 2380 3741 omnes
2437 3688 2775 3741 sanabantur.
2826 3687 3129 3759 Exsurgens
3160 3698 3186 3724 ιι
3216 3698 3387 3741 autem
3438 3690 3583 3759 prin~

1990 3796 2107 3853 ceps
2135 3782 2478 3845 sacerdotum.
2511 3792 2558 3836 et
2590 3798 2764 3837 onmes
2809 3784 2898 3851 qui
2928 3799 3043 3837 cum
3072 3784 3163 3837 illo
3193 3793 3338 3839 erant
3378 3783 3587 3838 Iitcresis

1978 3969 2027 4014 et
2055 3962 2225 4035 signa,
2258 3970 2305 4014 et
2336 3962 2575 4034 prodigia
2603 3964 2809 4030 fieri...
2829 3966 2974 4035 pueri
2998 3966 3091 4020 tui.
3122 3966 3259 4021 Ead.

1980 4102 2017 4157 α
2053 4032 2201 4159 ιιιἸὲ
2230 4035 2453 4160 p‘recatis
2483 4032 2677 4091 eis..."
2710 4032 3046 4107 cum'ﬁducia
3071 4039 3212 4093 omni
3242 4037 3438 4094 volenti
3468 4055 3580 4096 cre-

2021 4121 2119 4159 ere.
2203 4126 2226 4154 ιι
2278 4145 2291 4157 .

2021 4121 2119 4159 ere.
2158 4121 2291 4159 [Sitit].

2054 4184 2082 4211 ιι
2122 4176 2201 4230 An
2226 4180 2376 4246 forte.
2409 4177 2654 4233 Galland.

2053 4256 2077 4283 ο
2119 4246 2222 4319 Cor
2253 4258 2396 4301 tuum
2422 4252 2722 4319 aliquando.
2758 4251 2931 4306 Vatic.

2045 4330 2073 4369 Ρ
2114 4318 2272 4373 Vi-t's.
2328 4325 2455 4372 Alit.
2510 4318 2575 4374 lit
2621 4322 2811 4391 populo
3010 4324 3322 4379 unanimiter
3520 4327 3573 4379 iit

1976 4391 2168 4466 templo
2199 4391 2520 4462 congregati,
2552 4395 2605 4445 in
2632 4396 2847 4458 portico.
2867 4396 3055 4449 Sabat.
3090 4398 3221 4466 legit
3254 4411 3377 4452 cum
3413 4396 3569 4453 Vei's.

1972 4466 2101 4517 Ani.
2131 4463 2233 4515 l’er
2258 4479 2441 4515 manus
2464 4471 2656 4517 autem.

2044 4545 2070 4583 (ι
2111 4534 2434 4606 Coiijitngere
2455 4535 2527 4587 tis
2691 4550 2776 4587 eos
2795 4535 2957 4604 plebs.
2982 4535 3134 4593 Vcrs.
3161 4541 3284 4592 Ant.

2044 4616 2065 4643 τ
2115 4604 2470 4683 .llagis_attt_tz3ii
2509 4606 2892 4683 adiciebantur
3098 4610 3324 4683 virorum
3372 4630 3571 4683 quoque

1969 4676 2161 4731 etmul.
2192 4673 2317 4729 liud.
2374 4673 2661 4745 Magisque.
2711 4678 2765 4733 lo
2802 4681 2901 4733 Ms.
2936 4681 3189 4734 Cantabr.
3234 4673 3572 4738 Subaiie-itis

1969 4751 2120 4817 legit.
2152 4747 2203 4802 in
2229 4746 2400 4801 Lucil.
2433 4746 2703 4820 Magisque
2722 4753 3005 4822 augebatur
3033 4758 3354 4808 credentium
3378 4756 3431 4809 in
3461 4754 3572 4810 Do-

1970 4836 2109 4874 mino
2132 4829 2237 4872 etc.

2044 4901 2075 4963 ιγ
2112 4890 2261 4943 Vers.
2299 4889 2427 4944 Ant.
2464 4888 2735 4963 .IEgrotos.
2766 4901 2815 4946 et
2840 4905 3083 4963 ponerent
3112 4907 3231 4950 ante
3256 4912 3339 4951 eos
3489 4898 3570 4953 vel

1970 4962 2151 5017 umbra
2197 4964 2306 5033 ejus
2349 4961 2678 5016 obuinbraret
2718 4961 2875 5020 alicui
2906 4978 3064 5022 ....et
3116 4969 3455 5025 liberarentur
3504 4971 3567 5023 ab

1970 5035 2106 5087 omni
2138 5035 2451 5098 valetudine,
2480 5051 2636 5104 quam
2692 5036 2805 5089 ltab.
2825 5039 2965 5092 bant.
3000 5039 3177 5094 Graec.
3204 5043 3233 5098 ἡ
3261 5042 3400 5096 σκιά,
3436 5044 3568 5095 sini-

1968 5108 2210 5230 pliciter,
2232 5106 2306 5158 titi
2331 5107 2503 5160 Lucd'.
2537 5110 2871 5163 Sabatiei‘itis
2902 5112 3372 5181 legitponerent,ei
3397 5112 3570 5168 obumo

2004 5186 2163 5229 roret.

2004 5186 2163 5229 roret.

2047 5252 2063 5285 ι
2107 5247 2241 5301 Cum
2275 5246 2488 5327 Cynico,
2522 5252 2810 5327 apvépzsro
2833 5251 2905 5309 δὲ.
2935 5250 3083 5325 Cum
3120 5252 3563 5327 Ms._ACantab.ig.

1970 5315 2039 5371 Et
2068 5336 2150 5389 (μιν
2176 5320 2491 5376 vexaban'ur
2513 5323 2572 5375 ob
2596 5315 2860 5387 stiti-iubas
2887 5324 3181 5378 immundis.
3216 5324 3372 5380 νοτε.
3435 5315 3560 5382 Μὴ.

1974 5389 2315 5465 Quamobrem
2344 5393 2675 5448 concurrebat
2706 5408 2749 5447 et
2778 5398 3052 5451 nultiiudo
3073 5399 3289 5465 ronjunc
3314 5415 3459 5452 aiunt

1964 5463 2019 5539 in
2046 5460 2361 5539 Jerusalem,
2392 5467 2663 5539 a/feicntes
2691 5484 2857 5521 secum
2889 5506 2904 5521 .
3025 5480 3072 5522 et
3090 5460 3341 5523 veiatosa
3362 5471 3560 5539 spiriti-
3633 5503 3636 5509 η

1965 5532 2056 5587 bus
2080 5536 2378 5607 immundis,
2402 5538 2487 5607 qui
2516 5538 2813 5592 curabuntur
2850 5540 3092 5593 universi.

2038 5614 2065 5640 ιι
2112 5606 2265 5660 νει-μ.
2299 5612 2405 5680 Ant
2461 5609 2525 5661 li't
2556 5610 2665 5662 lucc
2689 5610 2860 5663 ridens
2892 5624 3034 5680 (quae
3086 5612 3281 5665 absuut
3313 5614 3475 5669 etiam
3509 5616 3560 5670 in

1966 5676 2067 5731 Ms.
2104 5680 2362 5731 (Latitabr.
2389 5676 2410 5749 )
2587 5695 2701 5733 cum
2727 5696 2786 5735 eo
2816 5676 3093 5737 constituta
3119 5685 3328 5741 lttct'esis
3481 5704 3561 5741 reo

1966 5749 2090 5821 pleti
2116 5757 2232 5805 sunt
2263 5750 2393 5805 zelo.

2934 5921 3006 5984 31
