3836 6348
82 331 204 389 977

678 326 770 390 DE
804 332 946 390 NON
982 332 1354 391 PARCENDO
1390 333 1460 391 IN
1502 333 1695 393 DEUM
1731 333 2338 406 DELINQUENTIBUS
2376 336 2584 394 LIBER
2626 336 2830 395 UNUS.

3306 338 3413 398 978

88 449 329 519 angelis,
363 457 423 503 ut
453 449 558 503 hate
578 447 841 502 custodias
866 450 976 503 sine
997 449 1316 509 discrimine.
1347 432 1485 503 nihil
1513 449 1710 519 faciens
1739 456 1784 517 Α
1816 458 1938 505 sent
1958 449 2159 519 .ludzei,
2208 452 2369 523 digne
2396 454 2993 509 suutcommoticontra
3016 453 3418 510 sanctissimum

85 540 145 594 in
180 544 354 596 aliam
390 555 585 613 partem
626 543 938 596 declinanda
964 553 990 580 ει
1019 543 1186 609 (Ibid.
1214 544 1277 598 21
1306 546 1347 613 ).
1402 543 1539 598 llinc
1566 555 1717 598 certe

87 632 195 686 tibi
252 636 450 691 videor
478 650 600 690 esse
632 635 1072 700 contumeliosus,
1132 637 1257 706 quia
1303 647 1568 706 prwcepta
1625 643 1713 689 tua

86 722 201 779 Dei
242 727 533 796 pra'Ccplis
565 743 671 781 non
702 729 1127 797 anteposuerim.
1157 728 1214 784 lu
1240 728 1464 783 Actibus
1490 738 1711 798 aposto-

87 816 289 873 lorum
354 821 474 889 lego
515 820 703 875 beatos
727 822 1004 889 apostolos
1027 829 1211 889 raptos
1237 821 1305 875 ab
1345 822 1448 886 eis,
1481 837 1712 892 quorum

86 925 156 967 es
191 916 477 985 particeps
508 929 614 968 non
646 915 823 968 solum
853 915 904 968 in
935 914 1333 974 incredulitate.
1384 913 1478 968 sed
1505 922 1561 969 et
1590 930 1714 968 cru-

87 1005 359 1070 delitate,
390 1017 446 1062 et
477 1016 808 1078 praeceptum
838 1008 1004 1062 fuisse
1035 1008 1142 1061 illis
1174 1023 1241 1061 ne
1266 1006 1711 1063 docerentinno-

82 1096 253 1154 mine
280 1098 500 1154 Domini
533 1100 704 1154 nostri
730 1098 856 1155 Iesu
887 1098 1114 1154 Christi.
1148 1098 1255 1154 Sed
1304 1098 1583 1154 videamus
1615 1114 1712 1170 pa-

81 1192 235 1247 riter
267 1194 443 1264 ipsam
469 1211 638 1250 sacrte
665 1195 949 1265 scriptura:
977 1205 1209 1266 partem,
1242 1196 1286 1249 si
1314 1194 1543 1266 apostoli
1570 1211 1711 1264 prae—

76 1286 283 1355 ceptis
320 1288 412 1343 Dei
446 1288 594 1343 unici
628 1288 748 1342 Filii
774 1287 1116 1343 inimicorum
1150 1289 1598 1354 temperaverint,
1641 1303 1707 1342 an

78 1395 153 1436 ea
192 1398 327 1451 qua:
360 1383 634 1452 implenda
658 1393 1031 1453 susceperant,
1086 1385 1475 1439 instantissime
1507 1385 1710 1441 fuerint

76 1474 500 1544 pra'littieutes.
556 1475 810 1532 Vacantes
837 1476 865 1515 ι’
899 1519 913 1542 ,
950 1477 1146 1546 inquit,
1197 1480 1485 1543 apostolos,
1545 1494 1710 1533 caesos

74 1581 175 1621 eos
204 1568 548 1630 dimiserunt,
584 1568 940 1636 prtecipientes
972 1584 1035 1621 ne
1062 1570 1391 1639 loquerentur
1419 1570 1472 1622 in
1503 1571 1708 1624 nomine

69 1661 224 1719 Iesu
274 1665 374 1719 ulli
416 1665 702 1718 hominum.
758 1662 850 1718 Illi
896 1666 1183 1736 ergoibant
1210 1665 1550 1736 gnudentesa
1577 1681 1699 1718 conv

1819 558 2113 618 martyrem
2151 547 2507 617 Stephanum,
2540 563 2607 603 an
2642 548 2907 619 indigne?
2947 549 3002 605 Si
3035 547 3277 619 indigne,
3310 549 3417 605 uti—

1817 656 1924 712 que
1950 650 2006 695 et
2033 650 2084 695 te
2130 640 2348 709 indigne
2390 642 2597 711 inspice
2646 642 2851 697 moveri
2876 652 3062 698 contra
3093 657 3213 707 eos,
3240 643 3329 712 qui
3357 650 3413 699 te

1818 733 2024 788 salvum
2073 731 2261 788 velint.
2315 734 2549 789 Adverte
2579 736 2629 788 in
2661 750 2721 790 ea
2752 744 2804 789 te
2850 746 3001 807 parte
3031 746 3179 791 stare
3210 746 3407 792 contra

1822 820 1915 882 Dei
1948 826 2254 882 ecclesiam.
2290 825 2344 881 in
2374 841 2478 897 qua
2506 836 2562 880 et
2585 836 2709 881 tunc
2737 827 3009 893 steterint,
3041 835 3098 883 et
3126 844 3270 884 nunc
3295 837 3424 883 sunt

1814 918 1986 975 Judaei
2026 928 2254 983 Stantes,
2285 920 2362 972 sic
2392 927 2445 972 te
2475 932 2599 973 esse
2651 918 2801 973 durm
2829 920 3081 983 cervicis,
3130 922 3208 976 sic
3259 920 3423 975 incir-

1815 1014 2115 1068 cumcisum
2141 1012 2306 1067 corde
2334 1023 2387 1067 et
2413 1011 2637 1066 auribus
2666 1032 2676 1066 :
2714 1011 2839 1068 inde
2861 1022 2946 1069 est
2973 1014 3141 1084 quod,
3171 1013 3306 1067 sicut
3338 1011 3415 1069 illi

1816 1102 2105 1157 audientes
2149 1117 2274 1156 vera
2308 1118 2416 1156 non
2448 1103 2831 1168 sustinuerint,
2860 1104 2954 1159 sed
2987 1104 3052 1158 ad
3101 1118 3288 1160 necem
3319 1103 3414 1159 Dei

1812 1197 2037 1251 cultoris
2085 1195 2444 1263 prosilierint,
2498 1196 2574 1251 sis
2605 1196 2770 1251 etiam
2815 1207 2868 1252 tu
2902 1198 3191 1268 presiliens
3214 1198 3279 1252 ad
3315 1211 3415 1253 no-

1812 1301 1979 1346 stram
2004 1292 2207 1362 integra
2230 1288 2259 1328 h
2289 1301 2342 1345 et
2372 1290 2654 1346 manifesta
2708 1292 2805 1347 tibi
2846 1294 3143 1349 dicentium
3196 1308 3412 1349 necem.

1809 1384 1936 1441 Cum
1967 1385 1983 1423 ί
2012 1397 2180 1439 autem
2202 1385 2310 1439 [nec
2337 1385 2625 1453 audissent,
2676 1386 2851 1455 inquit
2892 1386 3073 1442 divina
3123 1387 3415 1457 scriptura,

1809 1481 2091 1551 fremebant
2118 1481 2170 1534 in
2192 1479 2432 1533 cordibus
2450 1480 2634 1543 suis,et
2658 1479 2941 1533 stridebant
2967 1479 3204 1534 dentibus
3225 1479 3279 1533 in
3295 1495 3417 1536 eum

1811 1572 2092 1643 (lbid.5«l).
2118 1571 2182 1626 Et
2200 1571 2335 1625 infra
2368 1590 2381 1625 :
2413 1568 2706 1626 Clamantes
2722 1580 2895 1624 autem
2913 1587 3032 1626 voce
3052 1588 3260 1641 magna,
3280 1588 3418 1626 com—

1802 1675 2096 1737 presserunt
2129 1664 2142 1716 i
2183 1682 2331 1719 aures
2354 1682 2498 1730 suas,
2532 1674 2577 1719 et
2604 1665 2849 1733 impetum
2870 1668 3219 1736 feceruntuno
3238 1667 3415 1722 animo

68 1766 276 1821 spectu
329 1756 559 1821 concilii,
617 1755 756 1826 quod
788 1767 811 1794 ο
844 1772 938 1817 pro
980 1757 1185 1810 nomine
1214 1757 1356 1828 digni
1401 1756 1563 1810 habiti
1584 1764 1705 1810 sunt
1802 1758 1856 1811 in
1874 1757 2314 1831 eum:etkejectum
2336 1771 2481 1812 extra
2503 1759 2754 1812 civitatem
2778 1758 3415 1832 lapidabant(1bid.,56).

69 1851 469 1904 contumeliam
498 1851 628 1919 pati.
665 1850 820 1904 Omni
847 1846 873 1886 ἀ
905 1860 1077 1904 autem
1107 1852 1254 1904 diein
1288 1853 1475 1921 templo
1504 1861 1551 1905 et
1572 1852 1709 1905 domi
1744 1846 1787 1907 Β
1817 1848 1907 1907 Sic
1930 1861 1983 1903 tu
2010 1851 2176 1905 corde
2201 1850 2738 1917 fremens,.tlentibus
2765 1850 3004 1906 stridens
3030 1852 3107 1907 sis
3129 1853 3418 1908 adversum

68 1958 185 1996 non
210 1942 507 2007 cessabant,
528 1943 765 1998 docentes
787 1954 833 1996 et
854 1946 1263 2017 evongelizantes
1289 1944 1564 1999 Dominum
1591 1962 1717 2000 nos-

62 2045 227 2089 trum
252 2033 434 2091 Iesum
455 2033 1196 2109 Christum(Act.v,40).Cum
1212 2036 1327 2091 lucc
1351 2037 1546 2091 referat
1579 2054 1710 2108 apo-

69 2129 278 2184 stolos
309 2129 501 2185 beatos
529 2130 707 2196 egisse
732 2144 887 2183 sacra
918 2132 1208 2200 scriptura,
1239 2139 1290 2184 te
1313 2129 1379 2184 ad
1404 2132 1709 2201 negandum

65 2222 173 2277 Dei
205 2221 417 2277 Filium
437 2224 677 2277 omnium
701 2223 1018 2277 invitantem
1038 2221 1198 2277 corda
1211 2231 1283 2287 ,et
1298 2221 1549 2277 breresim
1565 2233 1708 2278 tuam

62 2312 320 2368 ﬁrmare
352 2313 485 2368 satis
515 2321 789 2384 agentem,
821 2313 977 2369 nobis
1000 2315 1103 2368 erit
1127 2315 1410 2368 tacendum
1443 2315 1707 2385 praeposi-

60 2409 144 2461 tis
176 2407 288 2461 Dei
321 2407 699 2471 ecclesiarum,
727 2421 795 2460 ne
821 2405 1075 2461 videlicet
1106 2406 1202 2461 tibi
1230 2406 1570 2477 blaspheme,
1605 2406 1705 2462 ho-

64 2499 341 2565 micidas,
375 2497 701 2553 destructori
732 2497 824 2553 Dei
854 2497 1133 2567 religionis
1189 2498 1532 2553 inveniamur
1575 2514 1708 2553 cou-

60 2592 380 2649 tumeliosi
407 2591 724 2647 exsﬁtisse?
756 2591 1048 2661 Apostolos
1097 2590 1334 2661 loquitur
1361 2606 1516 2647 Sacra
1569 2592 1706 2646 scri-

70 2696 262 2759 ptura
316 2701 419 2742 nec
465 2685 715 2751 verbera,
774 2699 875 2741 nec
903 2686 1078 2741 minas
1100 2685 1332 2740 ﬁliorum
1358 2686 1700 2756 pestilentias,

61 2783 367 2843 timuisse,
402 2780 496 2836 sed
528 2795 746 2850 semper
770 2779 1024 2836 docuisse
1057 2799 1072 2841 ;
1102 2795 1201 2833 nos
1228 2780 1413 2834 caduci
1447 2781 1594 2851 regni
1626 2780 1701 2834 tui

64 2874 361 2931 decuerat
390 2871 565 2943 frangi
589 2873 799 2942 vigore,
844 2886 952 2939 quo
977 2881 1031 2927 tu
1055 2886 1246 2926 omnes
1264 2872 1488 2942 iniquos
1513 2887 1702 2942 posses

60 2978 211 3023 tuos
250 2966 479 3035 implere
505 2964 777 3020 conatus?
803 2963 1170 3019 Contumaces
1203 2965 1541 3021 aestimamur
1563 2981 1595 3020 a
1625 2979 1697 3031 te,

58 3061 210 3130 quia
253 3075 381 3115 vera
414 3058 510 3113 tibi
533 3057 789 3114 dicantur
815 3074 841 3111 a
869 3058 1043 3114 nobis.
1082 3058 1172 3114 Sic
1200 3059 1698 3127 etcomblaspbemi

58 3152 153 3209 tui
229 3152 566 3221 Stephanum
619 3150 994 3206 beatissimum
1047 3151 1591 3221 judicaverunt,quia
1620 3152 1699 3208 eis

1819 1957 1918 1997 nos
1949 1943 2091 1996 nulla
2123 1942 2225 1996 alia
2256 1943 2325 1999 de
2353 1959 2431 2001 re.
2461 1944 2562 1999 nisi
2592 1944 2715 2014 quia
2749 1953 2802 1998 te
2836 1956 3241 2013 persecutorem
3272 1944 3422 1998 dica-

1817 2049 1937 2088 mus
1973 2034 2064 2088 Dei
2098 2034 2314 2097 domus,
2340 2036 2441 2089 nisi
2474 2037 2599 2105 quia
2635 2037 3034 2093 destructorem
3072 2036 3170 2092 Dei
3203 2038 3424 2107 religio-

1816 2128 1929 2187 nis,
1962 2127 2086 2197 quia
2118 2126 2355 2183 lusorem
2389 2128 2669 2199 sanguinis
2699 2145 2982 2186 servorum
3015 2128 3218 2187 Christi
3244 2174 3259 2197 ,
3289 2133 3418 2202 quia

1814 2220 2137 2287 sacrilegum
2161 2236 2421 2277 vocemus
2452 2223 2617 2289 iuste,
2647 2224 2849 2294 quippe
2878 2223 3278 2294 blaspltemum,
3310 2225 3422 2280 ha:-

1810 2311 2041 2367 reticum
2062 2356 2076 2378 ,
2111 2315 2310 2383 quippe
2339 2314 2499 2369 fidem
2540 2315 2898 2385 apostolicam
2940 2316 3419 2386 evangelicamque

1810 2415 2232 2477 expugnantem.
2262 2406 2378 2463 Non
2415 2407 2647 2461 facimus
2677 2424 2790 2462 rem
2828 2410 2936 2464 Deo
2965 2407 3222 2463 odibilem
3250 2408 3296 2463 si
3321 2408 3418 2464 tibi

1810 2498 1917 2553 isto
1946 2498 2130 2561 modo,
2161 2515 2268 2568 quo
2294 2508 2471 2554 tecum
2499 2499 2741 2565 conlido,
2771 2508 3021 2571 agentes,
3044 2499 3189 2571 quod
3223 2510 3274 2554 te
3296 2515 3422 2556 esse

1806 2591 2163 2661 intelligimus
2183 2631 2201 2657 ,
2242 2591 2513 2648 dicamus.
2548 2593 2863 2649 Invenimus
2890 2594 3093 2649 etenim
3125 2595 3204 2649 sic
3232 2595 3414 2663 egisse

1807 2686 1965 2743 tales.
1997 2685 2175 2755 qualis
2205 2686 2281 2740 sis
2313 2697 2365 2739 tu
2385 2728 2399 2749 ,
2427 2696 2618 2741 contra
2650 2687 2947 2757 gloriosum
2981 2684 3025 2740 ι.
3058 2684 3407 2741 Deservienti-

1807 2778 1899 2831 bus
1925 2786 1966 2813 ω
1997 2768 2165 2831 autem
2190 2778 2297 2843 illis
2316 2777 2475 2849 (Ibid.
2504 2794 2625 2842 xm,
2656 2782 2735 2845 2),
2769 2778 2901 2833 dicit
2924 2792 3077 2833 sacra
3101 2778 3372 2848 scriptura
3393 2819 3408 2844 ,

1804 2883 1855 2929 et
1872 2872 2233 2947 jejunantibus
2267 2873 2527 2937 Domino,
2575 2873 2711 2927 dixit
2759 2872 2991 2943 Spiritus
3018 2883 3228 2926 sanctus
3259 2889 3278 2925 :
3312 2871 3414 2927 Se-

1802 2976 2011 3038 gregate
2035 2968 2164 3022 mihi
2205 2964 2507 3020 Barnabem
2535 2974 2582 3017 et
2613 2964 2836 3019 Saulum
2880 2965 2933 3018 in
2968 2980 3121 3036 apns,
3161 2963 3231 3016 ad
3273 2964 3412 3033 quod

1802 3059 1979 3110 vocavi
2007 3073 2109 3112 eos.
2165 3056 2309 3111 Tunc
2345 3056 2644 3127 jejunantes
2694 3062 2741 3107 et
2786 3064 2992 3108 orantes
3047 3056 3410 3122 imposuerunt

1802 3157 1830 3185 η
1852 3150 1923 3203 eis
1950 3165 2157 3213 manus,
2182 3159 2228 3204 et
2252 3150 2559 3203 dimiserunt
2591 3163 2696 3201 eos.
2725 3144 2794 3201 Et
2818 3155 2842 3182 °
2870 3147 2951 3201 illi
2978 3148 3184 3213 quidem
3208 3148 3411 3204 dimissi

59 3245 307 3301 diceret
331 3261 343 3297 :
383 3243 527 3297 Dura
553 3244 767 3308 cerrice,
789 3253 957 3298 etnon
987 3253 1010 3281 θ
1043 3245 1331 3298 circumcisi
1353 3246 1508 3298 corde
1528 3253 1575 3297 et
1602 3262 1695 3298 au-
1723 3238 1767 3299 C
1800 3262 1832 3298 a
1859 3255 2033 3299 sancta
2066 3244 2288 3311 Spiritu,
2323 3242 2696 3298 descenderunt
2725 3241 3042 3307 Seleuciam,
3066 3251 3114 3294 et
3134 3243 3243 3295 illic
3263 3252 3289 3291 Ρ
3313 3259 3408 3296 na-

56 3339 266 3402 ribus,
297 3353 386 3391 vos
415 3352 612 3409 semper
636 3335 860 3408 Spiritui
892 3347 1068 3390 sancto
1089 3337 1371 3397 restitistis,
1395 3338 1525 3391 sicut
1541 3347 1709 3409 patres

66 3431 278 3497 vestri,
309 3440 480 3485 etuas.
503 3430 671 3496 Quem
692 3429 1059 3499 prapltetarum
1082 3446 1184 3483 non
1203 3440 1322 3482 sunt
1343 3431 1596 3501 persecuti
1613 3447 1707 3501 pa-

60 3537 187 3582 tres
224 3524 381 3579 restri
399 3523 423 3576 1’
439 3533 486 3576 et
515 3522 809 3575 occiderunt
832 3538 916 3576 eos
928 3522 1402 3592 quiannuntiabant
1423 3522 1488 3576 de
1509 3522 1704 3576 adven-

61 3629 126 3672 tu
143 3616 301 3689 justi
330 3618 478 3688 cujus
510 3631 646 3669 nunc
668 3629 756 3669 vos
785 3614 1077 3685 proditores
1104 3612 1122 3650 ί
1152 3624 1200 3668 et
1225 3615 1574 3684 interfectores
1604 3616 1709 3686 fui-

57 3713 201 3778 stis,
249 3711 375 3781 quia
403 3710 605 3781 cepistis
632 3711 795 3779 legem
842 3710 896 3762 in
944 3709 1324 3762 ordinationem
1352 3717 1376 3755 κ
1403 3709 1702 3779 angelorum

61 3817 124 3861 et
176 3819 293 3858 non
349 3802 644 3857 custodistis
678 3800 842 3872 (Ibid.
901 3801 1136 3873 vn,5l).
1190 3799 1317 3855 litec
1342 3815 1463 3856 eum
1520 3800 1704 3856 audis-

154 3960 193 3991 ⁸
242 3955 564 4012 Declinando
588 3971 712 4013 cum
740 3956 899 4013 Vers.
929 3956 1057 4012 Ant.
1092 3957 1239 4030 quod
1269 3958 1429 4028 paulo
1445 3957 1697 4029 superius

59 4030 306 4091 omisit;

156 4103 192 4142 δ
244 4101 314 4156 Et
331 4109 642 4155 vacaverunt
792 4110 842 4154 et
860 4116 1016 4153 cteros
1055 4116 1138 4154 eos
1193 4100 1559 4171 pracipiebant

62 4175 190 4231 ulli
228 4175 282 4225 in
428 4182 473 4226 et
504 4171 807 4225 dimiserunt
837 4188 940 4224 eos.
979 4172 1129 4225 Vers.
1160 4171 1287 4225 Aut.

161 4257 190 4285 ε
242 4242 336 4297 Illi
358 4244 515 4311 igitur
550 4284 562 4296 .
593 4283 628 4297 ..
659 4244 901 4311 quoniam
951 4244 1275 4303 pronomine
1310 4240 1515 4295 Domini
1569 4241 1698 4297 Iesu

65 4316 303 4385 dignati
331 4327 515 4369 essent.
550 4315 678 4368 Ead.
712 4314 884 4385 Lucil.
916 4315 1171 4368 convenit
1206 4329 1328 4385 cum
1361 4312 1461 4385 Ms.
1495 4314 1692 4368 Canta-

65 4377 242 4457 Ιηῖἷςξ.
277 4398 330 4441 et
364 4389 414 4438 in
437 4384 826 4457 Gra‘cugodd.
852 4384 1216 4457 quttrumdztm
1271 4383 1465 4453 legitur
1494 4385 1699 4455 simpli-

62 4454 237 4517 citer
260 4474 356 4519 aro
382 4458 605 4511 nomine.
635 4454 768 4527 Ejus
797 4456 946 4509 addit
978 4456 1246 4511 Sabatier.

163 4528 197 4568 ἀ
242 4527 376 4584 Cum
406 4529 503 4583 Ms.
534 4524 842 4597 tlantalirig.
876 4531 927 4579 in
976 4543 1085 4591 quo
1131 4524 1506 4581 tantummodo
1535 4527 1699 4580 demi-

66 4613 183 4659 tur
214 4611 471 4654 nostrum.
504 4599 661 4653 Vers.
695 4599 825 4654 Ant.
852 4598 1068 4652 Omnem
1093 4607 1267 4651 autem
1291 4599 1424 4650 diem
1554 4599 1693 4651 circa

69 4677 292 4729 domos
440 4681 486 4724 et
514 4672 637 4724 bene
658 4671 952 4723 nuntiantes
982 4669 1159 4723 Iesum
1194 4668 1479 4722 Christum.

173 4755 201 4782 ο
244 4741 405 4797 Vers.
434 4743 560 4797 Ant.
589 4739 947 4795 Iucircumcisi
1088 4741 1322 4794 resistitis
1488 4740 1619 4792 sicut
1649 4751 1697 4794 et

68 4827 279 4885 patres
307 4821 423 4885 etc.
445 4812 511 4867 Et
529 4814 683 4868 deest
713 4815 763 4865 iu
784 4811 1005 4885 Graii-9,
1037 4820 1099 4865 ut
1126 4813 1178 4864 in
1214 4809 1383 4863 Lurif.
1408 4810 1698 4885 Scripserit

74 4881 247 4943 forte
272 4884 488 4939 Lucifer
514 4885 748 4937 resistitis
775 4884 924 4950 juxm
948 4883 1122 4938 erc.
1168 4885 1522 4938 ἀντιπίπτετε.
1570 4881 1697 4937 Gal-

74 4958 254 5014 land.
290 4955 374 5010 lla
404 4966 448 5007 et
476 4971 563 5009 vos
588 4956 716 5020 legit
738 4955 923 5009 Sabat.
953 4955 1003 5008 in
1034 4953 1207 5008 Ltteif.

176 5028 197 5067 Ι
242 5026 408 5088 Cuius
431 5043 516 5079 vos
548 5026 821 5079 tradlores
842 5040 891 5079 et
921 5026 1193 5079 homicida:
1213 5026 1353 5079 estis.
1372 5023 1529 5079 VerS.
1559 5022 1689 5079 Ant.

181 5109 207 5147 ε
251 5097 321 5154 Ut
349 5100 401 5151 in
431 5096 621 5153 Grteco
648 5097 809 5151 unius
828 5096 926 5150 Ms.
952 5099 1024 5157 εἰς
1047 5095 1312 5167 διαταγὴν.
1360 5095 1512 5167 Vers.
1562 5094 1692 5167 Ant.

82 5172 213 5239 Qui
240 5170 509 5232 accepistis
643 5169 697 5221 in
719 5169 1005 5239 praeceptis.
1037 5166 1222 5221 Sabat.
1251 5172 1330 5222 sic
1377 5166 1541 5222 habet
1564 5166 1653 5221 hic
1685 5185 1699 5220 :

82 5237 215 5308 Qui
238 5242 512 5307 accepistis
546 5237 785 5309 legentin
816 5237 1163 5295 ordinatione.
1188 5245 1294 5309 etc.

182 5309 209 5349 ιι
253 5311 331 5364 Ex
362 5309 539 5365 Latin.
600 5308 771 5364 Antea
822 5310 1095 5376 integram.
1130 5308 1539 5379 Lugdunenses,
1572 5310 1702 5363 inte-

81 5392 334 5455 grant__et
365 5380 897 5455 ntanifeslam,_tnale.
932 5379 1179 5455 Gatland.

189 5452 206 5490 ί
256 5451 411 5507 Vers.
438 5449 566 5507 Ant.
602 5452 879 5504 Audientes
923 5459 1095 5502 autem
1124 5449 1251 5513 haec,
1282 5450 1563 5520 fremebant
1591 5465 1706 5503 cor-

84 5524 264 5580 dibus
285 5528 392 5577 suis
417 5535 459 5577 et
489 5523 768 5593 fremebant
796 5520 1033 5593 dentibus
1078 5536 1183 5573 suis
1210 5537 1365 5593 super
1411 5538 1543 5574 eum.
1581 5522 1705 5576 Suis

80 5598 265 5652 abest
288 5609 316 5646 a
345 5589 666 5663 quibusdam
698 5592 827 5645 Mss.
859 5589 1126 5663 inﬁrmco
1150 5603 1207 5643 ut
1235 5589 1285 5663 ll_t
1315 5591 1486 5646 Lucil.

188 5669 204 5717 Ι
256 5660 388 5718 Cum
418 5681 520 5719 ms.
554 5662 869 5731 Cantabrig.
906 5660 1062 5716 Vers.
1089 5665 1215 5715 Ant.
1238 5661 1631 5731 Continuerunt,
1656 5672 1713 5721 et

86 5736 404 5794 unanimes.

191 5807 220 5843 ι
259 5806 394 5862 Cum
427 5806 619 5862 eodem
644 5845 661 5872 ,
694 5804 788 5859 ubi
834 5802 1053 5877 additur
1091 5815 1357 5877 eumipost
1393 5805 1711 5877 lapidabaut.

91 5878 278 5933 Vers.
312 5884 434 5933 Ant.
468 5877 535 5931 Et
565 5877 990 5945 expulerunt.....
1024 5875 1347 5942 lapidabant.

1809 3340 2106 3410 oigarerunt
2139 3334 2365 3406 Cyprum
2389 3351 2407 3388 :
2430 3345 2475 3387 et
2497 3351 2613 3387 cum
2641 3334 2892 3387 venissent
2916 3332 3185 3388 Salamina
3204 3343 3249 3397 tt,
3282 3349 3416 3403 pra:-

1810 3428 2052 3481 dieabant
2080 3427 2284 3481 verbum
2320 3425 2531 3481 Domini
2558 3426 2611 3478 in
2637 3426 2915 3498 synagOgis
2933 3423 3244 3479 Iudaeorum
3269 3442 3287 3479 :
3316 3428 3412 3481 hac

1806 3519 1992 3574 bebant
2034 3528 2204 3573 autem
2247 3517 2501 3572 Joannem
2545 3519 2839 3571 ministrum
2869 3535 2886 3572 :
2915 3529 2961 3571 et
2990 3535 3107 3572 cum
3136 3519 3412 3586 perambu-

1807 3613 1998 3667 lassent
2027 3622 2049 3649 ι¹
2069 3612 2357 3666 universam
2384 3611 2606 3664 insulam
2635 3627 2791 3679 usque
2813 3608 3054 3679 Paphum
3072 3652 3086 3676 ,
3109 3612 3414 3668 invenerunt

1808 3709 2079 3778 quemdam
2101 3706 2264 3759 virum
2294 3706 2799 3777 pseudOpraphetam
2825 3702 3095 3772 Judaeum,
3117 3707 3202 3760 cui
3227 3722 3414 3763 nomen

1810 3811 1919 3855 erat
1942 3799 2264 3855 Bariesuban
2294 3808 2340 3866 ³,
2366 3798 2501 3870 quod
2522 3800 2892 3871 interpretatur
2920 3797 3166 3866 Paratus,
3190 3802 3415 3872 quierat

1881 3959 1898 3999 ι
1941 3961 2227 4016 Gloriosus.
2260 3959 2437 4014 Vatie.
2470 3959 2564 4014 sed
2591 3969 2712 4014 utro
2745 3961 2897 4029 legas
2921 3960 3105 4026 modo,
3139 3960 3413 4017 subintel-
3508 3972 3513 3979 ‘

1803 4033 1910 4101 lige
1953 4034 2038 4088 vel
2077 4034 2344 4096 Paullum,
2379 4033 2463 4086 vel
2498 4032 2789 4103 Apostolos.
2844 4031 3232 4103 Lugdunenses
3277 4048 3409 4089 vero

1802 4105 1979 4159 locum
2032 4105 2173 4158 hunc
2221 4107 2294 4157 ita
2348 4104 2748 4158 reformandum
2801 4117 3071 4157 censuere
3107 4120 3121 4155 :
3157 4102 3218 4157 Si
3260 4115 3309 4157 te
3337 4121 3403 4158 ac

1801 4185 1965 4228 tecum
1991 4189 2196 4243 agentes
2226 4176 2352 4227 tales
2383 4176 2636 4236 dicamus,
2665 4173 2842 4241 quales
2868 4189 2955 4226 vos
2985 4189 3094 4226 esse
3124 4173 3282 4238 probe
3302 4189 3400 4227 no-

1801 4247 2043 4300 perimus.
2081 4245 2378 4299 Invenimus
2414 4246 2552 4299 enim
2581 4261 2655 4297 sic
2689 4245 2814 4296 talia
2841 4245 3003 4313 egisse
3038 4244 3212 4310 qualia
3250 4260 3302 4296 es
3345 4253 3405 4298 tu

1803 4328 1983 4370 contra
2012 4316 2303 4370 Gloriosum
2333 4332 2350 4370 :
2381 4316 2473 4370 sed
2509 4315 2769 4370 audenter
2798 4315 2987 4378 nimis;
3014 4330 3135 4367 nam
3169 4313 3402 4370 Luciferi

1804 4401 1997 4440 sensus
2044 4387 2209 4453 probe
2257 4387 2592 4454 dignoscitur
2634 4401 2649 4438 :
2703 4395 2783 4439 est
2821 4394 3000 4439 autem
3033 4402 3045 4438 :
3084 4384 3144 4439 Si
3191 4395 3400 4450 agentes

1802 4459 1901 4512 ista
1931 4459 2083 4511 modo
2109 4500 2124 4520 ,
2154 4474 2254 4525 quo
2298 4468 2463 4510 tecum
2503 4457 2830 4529 egoicoulido
2850 4496 2866 4515 ,
2906 4455 3140 4529 dicamus
3171 4456 3263 4510 tibi
3305 4456 3361 4510 id
3383 4499 3398 4521 ,

1800 4532 1937 4595 quod
1967 4530 2301 4596 intelligimus
2327 4538 2375 4581 te
2413 4527 2543 4582 esse;
2574 4528 2779 4582 Caetera
2811 4541 2910 4582 nec
2938 4527 3211 4597 rejicimus
3232 4569 3248 4594 ,
3296 4543 3398 4584 nec

1802 4602 2116 4667 probamus.

1724 4679 1777 4740 D
1871 4680 1910 4707 ιη
1953 4672 2108 4726 Vers.
2136 4672 2261 4725 Ant.
2290 4669 2702 4724 Ministrantibus
2729 4679 2896 4725 autem
2921 4671 3026 4725 illis
3050 4668 3399 4726 Domino.....

1808 4741 1938 4796 dixit
1966 4743 2154 4796 eis.....
2185 4751 2420 4811 separate
2447 4757 2682 4795 νίνου...
2715 4742 2853 4811 quod
2880 4744 3124 4797 adracavi
3149 4760 3257 4799 eos.
3296 4741 3404 4796 Vo-

1806 4827 1929 4867 Cem
1982 4813 2200 4867 Domino
2252 4822 2372 4882 past
2426 4812 2824 4868 deservienttbus
2866 4815 3101 4869 collocat
3148 4813 3399 4869 Galland.

1805 4899 1928 4938 cum
1955 4885 2165 4938 Graeco.

1875 4964 1903 4991 ιι
1945 4955 2099 5011 Vers.
2133 4959 2260 5013 Ant.
2293 4952 2363 5008 Et
2390 4954 2706 5023 imponentes
2737 4955 2809 5011 eis
2837 4972 3022 5011 manus
3046 4997 3061 5022 ,
3090 4955 3395 5009 dimiserunt

1802 5042 1888 5081 €08
1899 5066 1911 5080 .

1876 5107 1926 5170 οῖ
1943 5097 2054 5170 Ipsi
2082 5099 2285 5169 quidem
2316 5098 2579 5153 emissi....
2611 5099 2665 5152 in
2710 5096 3003 5155 Seleuciam
3025 5137 3042 5163 ,
3090 5105 3138 5151 et
3177 5096 3394 5152 inde....

1801 5170 1859 5223 in
1886 5169 2134 5240 Cyprum.
2164 5171 2299 5225 Ead.

1880 5251 1906 5291 ρ
1947 5241 2124 5295 Illinc.
2159 5242 2334 5297 Latin.
2359 5243 2545 5300 Sabat.
2576 5241 2706 5304 leeit
2732 5241 2870 5295 inde.

1879 5322 1907 5361 εἰ
1950 5312 2104 5368 Vers.
2157 5314 2284 5369 Ant.
2339 5314 2405 5368 In
2446 5314 2810 5369 Salamina....
2842 5309 3047 5366 uerbum
3079 5305 3270 5363 Dei....
3315 5310 3407 5365 ha-

1808 5382 1979 5439 bentes
2027 5400 2198 5439 secum
2250 5394 2299 5439 et
2347 5387 2601 5439 Joannem
2651 5386 2704 5437 in
2755 5380 3115 5434 ministerium.
3172 5379 3301 5435 Htec
3353 5380 3411 5435 in

1808 5454 1999 5530 Queen
2023 5470 2146 5530 cum
2181 5456 2353 5513 Lucil.
2393 5453 2551 5530 Εἶχον
2575 5454 2630 5511 δὲ
2665 5456 2751 5530 ml
2772 5451 2993 5530 'laia'tuynu
3022 5454 3279 5530 tinnps'm
3306 5469 3320 5505 :
3356 5462 3413 5507 et

1809 5525 1863 5579 in
1892 5526 2016 5579 ct‘d.
2054 5527 2233 5583 Graec.
2261 5524 2572 5595 Cantalii—ig.
2615 5529 2755 5581 apud
2790 5524 3015 5578 Milliutu
3048 5524 3242 5591 legitur
3264 5537 3406 5595 prq-

1815 5596 2055 5674 dicabant
2076 5599 2289 5674 rer-bum
2318 5592 2542 5674 xﬁptou,
2584 5595 2793 5650 Domini
2816 5636 2831 5660 ,
2867 5603 2923 5650 ut
2963 5601 3118 5649 notat
3156 5592 3410 5650 Gallaud.

1817 5668 2155 5723 Sabatierius
2184 5672 2311 5738 legit
2343 5668 2688 5725 Salaminam.

1895 5748 1916 5775 ι’
1962 5739 2117 5794 Vers.
2154 5745 2278 5794 Ant.
2318 5741 2443 5795 Cum
2489 5737 2888 5810 pertransisseut
2932 5746 3104 5792 autem
3148 5747 3406 5793 totam....

1820 5812 1980 5864 virum
2010 5827 2217 5879 magum
2242 5813 2423 5879 pseud.

1846 5902 1851 5911 ι
1900 5888 1920 5914 ³
1962 5879 2203 5946 Bariesu.
2240 5879 2421 5935 Latin.
2454 5896 2576 5936 cum
2606 5882 2763 5939 Vers.
2800 5885 2928 5940 Ant.
2964 5881 3253 5960 Barjhestts
3284 5882 3421 5954 quod
