3836 6348
52 278 157 341 981

632 276 724 339 DE
757 275 897 338 NON
929 274 1304 337 ΡΑιιοωιοο
1336 276 1409 337 ιιι
1447 276 1636 339 ΒΕΗΜ

1805 274 2285 346 ,ικρυιξητιθυε
2323 266 2535 340 LIBER
2569 276 2778 341 UNUS.

3251 274 3361 337 98!

54 397 538 470 pseudopropheta
560 438 575 465 ,
600 402 658 451 et
683 396 827 451 nolis
852 403 907 452 te
936 395 1046 451 illis
1078 394 1346 451 nominari
1380 394 1660 451 vocabulis
1688 404 1737 461 Α
1765 392 1928 451 istum
1953 391 2283 455 Antiochum
2317 395 2370 451 in
2402 402 2667 453 aiter-nam
2696 406 2914 464 pinnam
2952 392 3195 451 futurum
3217 432 3234 461 ,
3262 408 3365 451 no-

56 493 351 546 uominum
379 533 393 557 ,
424 491 619 562 quibus
651 489 817 544 fuerit
864 499 920 544 et
964 489 1059 545 ille
1084 498 1331 545 vocatus.
1372 488 1572 544 Iterum
1606 498 1665 545 et

57 586 258 641 hortor
285 593 341 640 et
368 585 660 655 deprecor,
693 590 838 638 utet
867 598 1088 652 moneo,
1130 594 1188 639 ut
1230 582 1327 637 tibi
1352 582 1492 638 velis
1531 597 1665 638 con-

54 675 270 742 sulere,
303 691 372 731 ne
402 684 606 731 aeterna
642 681 695 729 te
722 674 955 748 accipiat
984 690 1166 745 pana.
1201 673 1257 730 Si
1280 676 1427 731 enim
1471 673 1562 729 ille
1590 674 1660 729 ita

53 769 265 823 meruit
293 768 557 823 escmcari
583 808 598 833 ,
644 765 770 836 quia
800 767 1021 821 tentsrit
1064 768 1324 822 resistere
1347 805 1362 830 ,
1405 766 1662 835 conspice

52 874 185 931 qua:
216 859 308 914 tibi
342 858 631 913 homicida:
652 898 667 925 ,
699 874 818 928 quae
858 858 1160 930 sacrilego,
1200 857 1525 913 destructori
1564 857 1660 914 Dei

54 952 345 1023 religionis
375 951 592 1021 possint
620 950 759 1005 mala
792 951 1173 1020 repraesentari
1219 959 1274 1005 et
1314 949 1368 1004 in
1416 948 1518 1004 hac
1546 950 1659 1005 vita

50 1057 103 1102 et
135 1045 194 1101 in
228 1055 572 1117 perpetuum.
601 1043 804 1115 Accipe
834 1042 1013 1098 adhuc
1058 1058 1121 1099 ea
1164 1058 1285 1113 quae
1324 1051 1378 1102 te
1421 1040 1660 1099 formare

48 1148 312 1208 possunt,
354 1153 463 1191 non
505 1152 626 1192 esse
653 1136 1083 1191 contumeliosos
1115 1150 1212 1191 nos
1236 1176 1250 1201 ,
1282 1134 1375 1190 sed
1408 1150 1655 1190 veraces.

46 1228 331 1285 Antiocho
356 1239 568 1299 septem
596 1227 672 1282 illi
696 1227 1073 1297 gloriosissimi
1099 1225 1291 1281 fratres
1314 1226 1655 1291 restiterunt,

47 1336 259 1392 nempe
286 1332 344 1376 ut
392 1335 535 1376 nunc
576 1320 671 1375 tibi
713 1334 812 1375 nos
854 1320 1171 1375 restitimus.
1205 1318 1404 1389 Legisti
1434 1326 1658 1391 quartus

43 1415 181 1484 quid
232 1414 582 1485 responderit
607 1411 1016 1483 contpestilenti
1048 1421 1138 1466 tuo
1161 1452 1175 1476 ,
1212 1411 1302 1481 qui
1322 1398 1430 1466 ‘me
1460 1419 1655 1466 contu-

44 1509 347 1563 meliosum
378 1507 621 1578 dignaris
648 1506 954 1569 clamitare,
985 1506 1109 1576 quia
1139 1505 1314 1560 dicam
1346 1504 1476 1569 tibi,
1511 1503 1655 1573 quod

43 1603 156 1656 nisi
176 1615 479 1656 conversus
494 1600 663 1655 lueris
693 1599 759 1654 ad
787 1600 980 1666 Deum,
1008 1599 1062 1653 in
1091 1606 1354 1653 aeternum
1388 1597 1463 1652 sis
1486 1597 1654 1651 inter-

42 1695 262 1760 iturus;
299 1708 497 1763 nempe
525 1694 660 1747 dicit
713 1710 727 1748 :
762 1692 944 1746 Potius
973 1700 1045 1744 est
1083 1690 1146 1745 ab
1174 1690 1464 1745 hominibus
1503 1690 1657 1743 morti

1764 486 1848 540 bis
1876 500 2010 542 vero
2040 486 2455 556 prepitiaturum
2504 488 2814 543 Dominum.
2844 486 3070 543 ‘Dolens
3114 503 3174 543 es
3200 528 3221 554 ,
3266 502 3366 544 cur

1763 578 2073 635 commissis
2114 578 2273 633 nobis
2300 588 2374 644 te,
2420 588 2476 634 et
2517 579 2765 648 quisnam
2812 581 2888 634 sis
2936 579 3238 635 revelemus
3263 620 3279 645 ,
3310 589 3368 639 et

1762 671 1906 739 quod
1949 670 2020 727 sit
2067 671 2289 742 dignum
2336 672 2646 729 antichristi
2695 674 2941 731 umbram
2994 683 3045 730 te
3086 673 3287 730 calcari
3335 688 3367 729 a

1762 764 1973 820 cunctis
1996 764 2197 821 Christi
2228 766 2495 823 militibus
2530 787 2543 823 :
2574 770 2662 840 qui
2688 785 2785 835 me,
2819 770 3020 840 inquis,
3045 770 3248 825 calcare
3276 788 3369 842 po-

1761 859 2006 913 tuerunt?
2032 859 2111 914 illi
2152 857 2201 927 δ,
2247 874 2409 930 quos,
2440 877 2538 915 cur
2566 877 2627 917 se
2674 861 3017 917 Christianos
3065 862 3362 931 fateantur,

1759 951 2074 1007 carceribus
2104 952 2310 1008 retines
2344 953 2618 1022 reclusos,
2651 957 2979 1026 patrimonio
3002 956 3205 1026 privas,
3231 956 3393 1019 lacis.

1760 1053 2046 1113 extorres,
2102 1055 2321 1117 torques
2350 1089 2366 1114 ,
2415 1048 2698 1104 interﬁcis.
2746 1050 2884 1107 Hinc
2928 1065 3030 1106 nos
3060 1051 3365 1107 insolentes

1758 1151 1881 1193 esse
1906 1152 2099 1193 censes
2119 1178 2134 1201 ,
2164 1140 2307 1209 quod
2339 1150 2570 1195 cunctos
2618 1141 2777 1196 nobis
2818 1142 3055 1198 creditos
3090 1143 3359 1213 deprece-

1758 1248 1881 1287 mur
1907 1232 2111 1288 diaboli
2154 1232 2370 1287 calcare
2400 1224 2566 1303 caput
2588 1276 2602 1301 ,
2636 1235 2933 1305 sacrilegos
2979 1246 3210 1291 conatus
3244 1244 3363 1290 tuos

1757 1327 1958 1382 virtute
1988 1325 2298 1395 passionum
2325 1340 2550 1385 suarum
2578 1326 2856 1383 illatarum
2887 1344 2985 1397 pro
3012 1328 3231 1384 Christo
3262 1328 3359 1384 Dei

1758 1421 1919 1477 unico
1947 1420 2089 1476 Filio
2118 1420 2390 1477 deducere
2416 1421 2485 1477 ad
2518 1422 2767 1478 nihilum.
2804 1423 2887 1480 Sit
2918 1424 3011 1481 tibi
3040 1434 3093 1480 et
3124 1425 3217 1480 illa
3242 1426 3362 1496 gloo

1757 1513 2055 1567 riosissima
2086 1521 2261 1568 mater
2300 1524 2510 1583 septem
2556 1514 2751 1570 horum
2797 1516 3032 1572 ﬁliorum
3081 1518 3360 1585 insolens,

1756 1604 1881 1674 quia
1912 1604 1979 1659 ad
2028 1614 2369 1662 coamentem
2409 1604 2426 1643 ί
2473 1615 2621 1661 tuum
2651 1607 2978 1663 vincendum
3020 1608 3358 1665 Antiochum

1755 1710 1885 1751 suos
1921 1697 2131 1752 illicere
2161 1697 2379 1766 dignata
2413 1697 2426 1749 i
2480 1698 2622 1755 lilios
2648 1700 2841 1755 dicens
2878 1718 2890 1753 :
2924 1700 3115 1756 Nescio
3140 1702 3363 1772 qualiter

41 1787 200 1840 datos
235 1802 379 1857 spem
419 1795 715 1856 exspectare
743 1801 773 1837 a
818 1783 950 1851 Deo,
982 1784 1167 1838 iterum
1194 1782 1255 1836 ab
1293 1783 1406 1853 ipso
1433 1782 1654 1836 resusci-
1682 1797 1729 1859 Β
1756 1788 1810 1842 in
1837 1796 1981 1849 utero
2010 1805 2124 1843 meo
2148 1791 2493 1860 apparuistis,
2524 1808 2687 1862 neque
2716 1808 2808 1862 ego
2838 1794 3081 1863 spiritum
3109 1792 3138 1831 λε
3168 1794 3361 1849 donavi

40 1882 145 1935 tari
172 1890 200 1918 α
232 1898 252 1936 :
280 1882 375 1935 tibi
399 1881 534 1934 enim
556 1878 861 1933 resurrectio
881 1876 951 1930 ad
969 1876 1121 1931 vitam
1141 1892 1243 1931 non
1262 1876 1357 1929 erit
1379 1874 1447 1947 (Π
1473 1874 1644 1929 Much.

38 1994 140 2043 vn,
175 1977 292 2051 Η).
324 1978 379 2035 Si
404 1992 435 2033 a
459 1978 619 2033 nobis
646 1984 703 2031 tu
735 1985 994 2047 tyrannus
1017 1973 1169 2030 audis
1200 1972 1345 2045 quod
1378 1972 1443 2027 ad
1485 1973 1647 2028 vitam

38 2072 119 2128 sis
152 2073 620 2129 resurrectionem
655 2087 763 2126 non
793 2078 1118 2140 accepturus
1138 2110 1153 2135 ,
1182 2070 1226 2124 si
1260 2069 1312 2123 in
1347 2067 1449 2123 hac
1476 2067 1650 2123 incre-

38 2170 277 2225 dulitate
307 2169 599 2233 manseris,
628 2166 774 2237 quod
808 2166 1004 2222 nonad
1033 2162 1297 2234 requiem,
1321 2162 1414 2219 sed
1442 2163 1509 2219 ad
1532 2178 1650 2234 pm-

40 2279 172 2317 nam
210 2265 289 2318 sis
316 2272 728 2318 resurrecturus
759 2261 1146 2329 sempiternam
1173 2300 1187 2323 ,
1221 2273 1340 2326 qua:
1364 2266 1649 2313 contumeo

37 2360 107 2412 lia
133 2359 263 2413 est?
280 2356 516 2426 Quintus
532 2370 750 2427 quoque
768 2370 890 2410 cum
917 2352 1169 2408 admotus
1192 2350 1380 2407 luisset
1404 2360 1459 2406 et
1482 2365 1644 2406 vexa-

37 2462 151 2518 tus,
181 2454 396 2508 dixisse
410 2452 652 2520 loquitur
678 2450 949 2520 scriptura
968 2448 1086 2518 regi
1120 2464 1133 2500 :
1166 2445 1482 2500 Potestatem
1510 2446 1645 2499 inter

36 2548 280 2602 homines
308 2546 463 2601 habes
488 2544 517 2584 δ
545 2561 661 2599 cum
678 2545 749 2598 sis
776 2542 1153 2615 corruptibilis,
1197 2541 1325 2611 facis
1357 2539 1496 2612 quod
1517 2541 1590 2594 vis
1622 2556 1642 2594 :

38 2641 148 2694 noli
179 2649 357 2694 autem
379 2647 560 2710 putare
579 2639 754 2708 fgenus
783 2646 1013 2690 nostrum
1059 2653 1092 2689 a
1123 2633 1232 2687 Deo
1272 2648 1382 2686 esse
1422 2631 1643 2686 derelic-

37 2744 148 2788 tum
173 2750 194 2800 ;
226 2734 479 2803 patienter
511 2741 533 2768 ο
563 2730 777 2795 sustine,
808 2738 855 2782 et
878 2729 1015 2790 cide,
1041 2743 1230 2799 magna
1252 2733 1471 2797 potestas
1497 2724 1640 2778 illius

38 2825 274 2897 qualiter
303 2833 352 2878 te
391 2832 440 2878 et
484 2839 654 2877 semen
683 2833 829 2875 tuum
867 2821 1113 2891 torquebit
1159 2817 1327 2890 (Ibid.
1360 2816 1471 2887 16).
1497 2817 1638 2885 Quid

40 2920 138 2974 tibi
164 2918 407 2984 videtur,
437 2918 561 2989 quia
594 2916 686 2970 tali
714 2914 1017 2970 constantia
1048 2912 1366 2968 Dei'servus
1392 2911 1641 2967 invectus

40 3012 209 3066 fuerit
239 3014 295 3065 in
321 3019 717 3081 contyrannum
748 3008 936 3063 tuum?
974 3003 1373 3075 Numquidnam
1414 3003 1642 3072 injuria-

41 3117 160 3156 sum
196 3101 370 3158 fuisse
407 3102 674 3157 cultorem
725 3100 819 3154 Dei
870 3096 1069 3153 diaboli
1117 3095 1383 3165 iudicabis
1424 3095 1639 3151 cultor?

1753 1882 1893 1937 vobis
1920 1891 1966 1943 et
1997 1884 2154 1937 vitam
2174 1927 2191 1951 ,
2227 1894 2272 1939 et
2299 1885 2623 1956 singulorum
2653 1887 3058 1943 membraturam
3095 1904 3201 1943 non
3244 1890 3360 1958 ipsa

1750 1975 1980 2044 compegi
2002 1991 2021 2028 :
2046 1975 2136 2029 sed
2163 1976 2297 2029 enim
2326 1977 2509 2030 mundi
2542 1987 2769 2044 creator,
2797 1978 2890 2049 qui
2917 1980 3162 2049 formavit
3191 1980 3359 2034 homi-

1750 2066 1831 2121 nis
1883 2067 2230 2136 nativitatem,
2280 2070 2468 2141 quique
2516 2071 2751 2125 omnium
2805 2081 3062 2128 scrutator
3121 2071 3138 2111 ι
3198 2075 3361 2144 origi-

1748 2174 1874 2215 num
1904 2199 1920 2225 ,
1972 2168 2024 2214 et
2077 2161 2317 2231 spiritum
2382 2162 2525 2218 vobis
2580 2178 2700 2217 cum
2752 2164 3107 2221 misericordia
3166 2167 3356 2221 iterum

1748 2250 1931 2306 reddet
1987 2261 2038 2307 et
2106 2253 2293 2321 vitam,
2350 2255 2484 2309 sicut
2549 2272 2691 2311 nunc
2748 2274 2834 2313 vos
2884 2260 3028 2329 ipsos
3089 2260 3353 2330 despicitis

1747 2353 1953 2416 prapter
1998 2346 2132 2417 leges
2170 2350 2286 2418 ejus
2328 2346 2498 2417 (Ibid.
2520 2348 2637 2421 22).
2692 2349 2819 2407 Haec
2857 2351 3042 2407 dicere
3092 2368 3201 2411 non
3252 2354 3351 2410 de-

1742 2439 1883 2495 stitit
1926 2439 2053 2495 liliis
2086 2440 2338 2511 religiosa
2370 2453 2564 2510 mater,
2614 2442 2835 2501 fortiter
2880 2445 3026 2501 lilios
3075 2446 3307 2515 diligens
3330 2484 3349 2513 ,

1742 2532 1925 2601 quoad
1972 2548 2145 2603 usque
2186 2545 2415 2591 cunctos
2463 2535 2791 2593 advertisset
2848 2539 3186 2595 interfectos.
3243 2540 3355 2597 Nos

1742 2633 1930 2681 contra
1955 2668 1969 2688 ,
2001 2640 2138 2696 quos
2168 2627 2498 2696 praedixerat
2525 2644 2621 2685 ore
2664 2630 2948 2700 propheta:
2973 2630 3189 2687 futuros
3220 2648 3348 2703 pss-

1744 2724 1888 2773 tores
1913 2719 2062 2787 gregi
2091 2734 2192 2773 suo
2220 2718 2431 2775 dicens.
2459 2719 2529 2775 Et
2556 2720 2692 2776 dabo
2720 2723 2860 2777 vobis
2898 2735 3139 2793 pastores
3168 2742 3352 2780 secun-

1742 2811 1866 2864 dum
1895 2827 1988 2865 cor
2014 2826 2185 2865 meum
2211 2850 2225 2875 ,
2271 2819 2322 2866 et
2352 2824 2560 2882 poscent
2607 2828 2695 2869 vos
2729 2826 2994 2883 pascentes
3038 2832 3157 2871 cum
3196 2818 3358 2873 disci-

1740 2903 1882 2975 plina
1909 2902 2044 2974 (Jer.
2068 2920 2150 2971 tu,
2185 2904 2276 2978 15)
2299 2944 2314 2973 ,
2346 2916 2528 2962 tacere
2552 2907 2837 2975 decuerat,
2872 2924 2942 2964 ne
2970 2911 3069 2965 tibi
3096 2912 3163 2965 ad
3203 2926 3352 2968 mac-

1730 2996 1933 3052 tandas
1971 2997 2209 3053 venienti
2258 2998 2447 3054 rabido
2495 3000 2626 3070 lupo
2674 3001 2771 3061 Dei
2845 3018 2978 3059 oves
3050 3002 3349 3061 fuissemus

1742 3088 1841 3144 visi
1870 3090 2207 3145 insolentes?
2233 3090 2426 3148 Mulier
2451 3107 2517 3148 eo
2544 3107 2721 3165 usque
2760 3095 2925 3151 corda
2966 3097 3208 3154 incendit
3246 3100 3346 3154 Dei

37 3194 193 3249 llltnn
224 3209 357 3250 vera
385 3194 659 3249 dicentem
689 3191 911 3263 negabis
937 3189 1267 3260 superbum?
1296 3203 1398 3244 nec
1427 3203 1512 3243 me
1539 3188 1639 3244 de-
1667 3192 1713 3257 C
1746 3195 1930 3236 amore
1961 3181 2222 3249 ﬁliorum.
2272 3192 2331 3238 ιιι
2372 3198 2564 3240 eorum
2606 3187 2835 3243 interitu
2870 3188 3042 3259 gladii
3082 3199 3127 3227 ω
3152 3190 3349 3247 fuisset

41 3288 135 3341 bes
164 3286 417 3357 judicare
444 3286 793 3351 insolentem,
819 3284 946 3354 quia
978 3282 1151 3337 dicant
1179 3280 1309 3347 tibi,
1342 3297 1450 3336 non
1484 3280 1644 3337 dere-

40 3379 216 3451 linqui
250 3394 355 3434 nos
374 3393 405 3433 o
440 3380 573 3446 Deo,
606 3386 828 3448 propter
852 3391 1011 3447 quem
1037 3372 1063 3412 ἀ
1098 3375 1213 3429 luce
1240 3374 1559 3438 sustineam,
1590 3382 1643 3428 te

37 3483 259 3538 contra,
284 3474 389 3527 nisi
424 3472 591 3527 fueris
617 3478 921 3533 correctus,
949 3482 1071 3523 cum
1104 3467 1444 3536 corruptibili
1471 3466 1644 3535 gloria

42 3574 128 3619 tua
163 3564 232 3618 ad
269 3564 495 3619 nihilum
526 3574 809 3617 venturus.
840 3560 978 3628 Quid
1021 3560 1181 3614 etiam
1218 3571 1403 3613 sextus
1447 3557 1644 3614 dixerit

39 3660 279 3729 inspice,
311 3667 368 3714 et
396 3658 641 3714 invenies
684 3672 785 3715 nos
819 3671 884 3712 eo
909 3670 1083 3711 cuneo
1116 3654 1276 3709 reniti
1309 3652 1400 3707 tibi
1427 3650 1642 3708 turbido

39 3751 341 3820 procellae,
387 3763 495 3819 quo
545 3748 622 3802 illi
671 3748 885 3801 fuerunt
920 3746 1255 3799 renitentes:
1290 3742 1418 3797 Noli
1447 3745 1644 3814 [rustra
1690 3814 1693 3815 ν

38 3860 219 3898 errare
265 3841 428 3913 (Ibid.
475 3843 589 3911 18);
637 3859 727 3895 nos
760 3841 895 3895 enim
926 3847 1135 3910 propter
1168 3837 1505 3908 nosmetipsos
1534 3836 1642 3891 [uec

38 3937 296 4007 patimur,
326 3942 593 4005 peccantes
620 3934 673 3987 in
702 3931 869 3987 Deum
898 3942 1131 3987 nostrum
1149 3972 1164 3997 ,
1197 3940 1243 3984 et
1282 3930 1439 4001 digna
1464 3929 1645 3985 admo-

39 4031 239 4085 nitione
270 4039 293 4066 ο
327 4033 467 4100 facta
494 4038 610 4081 sunt
638 4046 647 4080 :
680 4037 732 4080 tu
761 4036 932 4079 autem
968 4042 1030 4079 ne
1066 4034 1112 4078 te
1140 4024 1395 4078 existimes
1438 4023 1645 4093 impune

43 4120 61 4157 ί
83 4126 354 4191 futurum,
376 4134 489 4173 cum
516 4128 695 4175 contra
726 4118 892 4171 Deum
922 4132 1158 4188 pugnare
1190 4118 1474 4171 tentaveris.
1510 4115 1644 4171 Pro-

37 4212 170 4268 baut
199 4212 449 4283 epistolae
490 4221 513 4260 ε
562 4225 696 4265 metu
729 4210 1122 4265 mediocritatis
1148 4250 1162 4276 ,
1191 4216 1245 4263 et
1288 4209 1410 4263 libri
1438 4207 1644 4263 rustico

38 4304 165 4359 licet
199 4316 456 4359 sermone
486 4302 767 4372 descripti,
801 4318 887 4357 me
918 4315 1064 4371 saepe
1094 4299 1319 4365 dixisse,
1345 4296 1489 4370 quod
1521 4314 1648 4369 pec-

36 4409 156 4453 cata
179 4398 402 4469 quidem
424 4398 649 4453 fecerint
670 4406 874 4459 nostra,
896 4404 953 4448 ut
969 4396 1019 4448 in
1038 4403 1154 4449 tuas
1180 4393 1487 4448 antichristi
1507 4407 1646 4462 prae-

35 4492 286 4546 cursoris
314 4491 623 4545 veniremus
651 4503 866 4557 manus,
898 4497 950 4543 te
979 4496 1155 4542 tamen
1188 4502 1425 4558 pugnare
1453 4494 1641 4540 contra

38 4582 241 4648 Deum,
270 4593 326 4639 et
353 4583 558 4639 idcirco
582 4582 685 4637 nisi
714 4582 808 4636 tibi
842 4583 1212 4653 prospexeris,
1242 4591 1297 4634 te
1327 4579 1547 4650 quidem
1590 4588 1648 4635 ut

114 4710 137 4736 ³
183 4699 360 4754 Grazc.
390 4701 795 4761 ἀναστήσεσθαι.
831 4696 987 4752 Vers.
1018 4698 1145 4751 Aut.
1179 4696 1578 4751 resuscitandas.

114 4770 141 4807 ι’
187 4770 377 4827 Sabat.
408 4773 539 4837 legit
566 4772 775 4833 habens,
812 4779 868 4823 ιιι
894 4770 944 4823 itt
979 4768 1129 4823 Vers.
1184 4773 1308 4822 Ant.

116 4854 139 4880 ε
164 4841 319 4898 Vers.
339 4840 466 4896 Ant.
482 4839 560 4894 Tu
574 4852 761 4895 autem.
776 4882 813 4896 ..
830 4851 875 4894 et
890 4841 1079 4896 videbis
1093 4855 1332 4910 magnam
1343 4848 1643 4911 potestatein

36 4915 230 4982 ipsius,
250 4923 353 4968 etc.
381 4913 566 4970 Salmt.
586 4911 795 4966 videtur
811 4914 1007 4982 legisse
1024 4908 1247 4965 etiamin
1266 4908 1438 4965 Lucil.
1459 4911 1641 4981 ipsius.

112 4983 139 5022 ἀ
188 4982 410 5037 Provter
438 5000 585 5037 auem
614 4985 721 5036 huic
754 4985 1028 5037 sustineam
1058 5025 1069 5037 .
1099 4993 1166 5037 te.
1186 4990 1294 5037 etc.
1328 4981 1397 5034 ad
1423 4982 1641 5036 nihilum

240 4996 410 5051 rapter
438 5000 585 5051 quem
614 4993 721 5036 huic
754 4993 1028 5037 sustineam
1058 5025 1069 5043 ,
1099 4993 1166 5043 te,
1186 4993 1294 5037 etc.
1328 4993 1395 5034 ad
1423 4993 1645 5036 nihilum

112 5004 139 5022 “
188 5004 410 5056 ΙἼὋΡΠΞΓ
438 5004 585 5051 (μιρηι
614 5004 721 5036 "(CC
754 5004 1028 5037 sustineam
1058 5025 1069 5043 ν
1099 5004 1166 5043 ιε,
1186 5004 1294 5037 διε.
1328 5004 1395 5034 (ια
1423 5004 1645 5036 mnuum

36 5066 336 5111 venturum.
362 5054 857 5126 Latin.|etPoucius
880 5054 1019 5126 apud
1047 5054 1224 5126 illum;
1258 5055 1327 5107 ita
1359 5055 1503 5107 enim
1522 5070 1648 5109 sen-

38 5144 163 5182 sum
192 5129 461 5190 elliciunt;
494 5124 626 5192 Quia
652 5126 819 5179 dicant
846 5124 956 5190 tibi,
985 5141 1086 5178 non
1112 5125 1396 5195 derclinqui
1414 5167 1426 5189 ,
1451 5135 1558 5179 etc.
1601 5134 1649 5179 te

37 5209 244 5263 contra,
281 5211 385 5253 etc.
412 5198 480 5251 ad
530 5198 751 5250 nihilum
792 5206 1077 5249 venturum.
1126 5196 1309 5251 Potest
1349 5206 1525 5251 tamen
1574 5198 1647 5250 ita

38 5269 210 5324 etiam
235 5270 427 5339 corrigi
460 5270 610 5321 locus
641 5270 774 5333 iste;
800 5264 930 5321 Παῖς
956 5268 1231 5335 sustineam
1264 5276 1439 5321 contra
1453 5277 1519 5330 te,
1540 5269 1647 5337 qui,

38 5353 148 5395 etc.
184 5341 255 5393 sis
282 5342 348 5394 ad
374 5340 588 5394 nihilum
614 5348 872 5391 venturus.

118 5421 141 5448 θ
188 5410 345 5466 Vers.
375 5411 500 5465 Ant.
528 5409 701 5479 Digna
724 5409 1064 5462 admiratione
1084 5408 1222 5479 facta
1247 5418 1363 5463 sunt
1383 5410 1437 5463 in
1463 5409 1611 5463 nobis
1634 5426 1653 5463 :

40 5485 203 5538 abest
254 5493 431 5552 tamen
468 5482 531 5552 in
580 5478 725 5552 nobis
775 5495 803 5532 a
854 5480 1066 5534 Graeco.
1116 5478 1473 5535 Admiratione
1517 5481 1650 5552 legit

39 5556 211 5609 etiam
244 5555 294 5606 in
321 5551 490 5607 Lucil.
525 5551 709 5607 Sztbal.

124 5626 139 5663 ε
190 5623 345 5677 Vers.
394 5624 523 5677 Aut.
547 5620 663 5675 Tibi
685 5623 985 5689 impune...
1018 5620 1156 5691 quod
1177 5628 1354 5674 contra
1378 5663 1393 5687 ,
1418 5632 1521 5677 etc.
1548 5621 1653 5677 Sa-

48 5697 167 5751 bat.
204 5695 334 5761 legit
375 5694 464 5746 tibi
495 5695 659 5746 etiam
689 5693 742 5745 in
772 5691 946 5746 Luril‘.
975 5689 1069 5761 sed
1098 5689 1249 5743 deest
1282 5700 1333 5743 et
1378 5695 1427 5746 in
1474 5693 1652 5748 Grtnc.

122 5776 146 5812 ε
191 5760 363 5819 Nulla:
401 5773 693 5831 supersunt
723 5762 954 5817 Luciferi
985 5760 1227 5829 epistolae
1254 5772 1457 5829 prmter
1493 5778 1654 5817 uuam

1747 3273 1913 3342 potita
1959 3274 2309 3330 victoriarum
2356 3295 2368 3331 :
2413 3284 2470 3332 et
2500 3292 2597 3334 nos
2624 3278 2827 3336 Christi
2857 3281 3043 3339 dicere
3079 3285 3347 3341 militibus

1746 3365 1915 3420 fuisse
1940 3379 2238 3436 congruum
2268 3369 2562 3426 arbitratus
2595 3386 2654 3426 es
2686 3389 2701 3426 :
2734 3370 2913 3428 Nolite
2956 3391 3104 3429 arma
3142 3392 3346 3431 sumere

1743 3470 1925 3515 contra
1950 3460 2308 3519 Constantium
2335 3465 2533 3520 diaboli
2558 3468 2833 3523 satellitem
2855 3510 2871 3535 ,
2912 3472 3073 3526 nolite
3102 3474 3345 3528 resistere

1743 3555 1934 3621 templo
1978 3556 2205 3611 omnium
2236 3557 2529 3614 dwmonum
2562 3578 2580 3615 :
2618 3563 2780 3635 magis
2802 3573 2970 3617 autem
3009 3566 3166 3636 facite
3194 3583 3340 3639 qua:-

1742 3664 1955 3719 cumque
1979 3649 2095 3721 ﬁeri
2116 3653 2435 3721 prazceperit.
2459 3653 2591 3722 Quae
2616 3657 2731 3713 haec
2754 3666 2838 3712 est
2854 3669 3039 3714 nostra
3053 3669 3342 3719 contuma-

1742 3739 1844 3806 cia,
1878 3742 1920 3795 si
1951 3742 2189 3799 oltieium
2214 3746 2375 3799 nobis
2400 3746 2707 3815 delegatum
2736 3763 2766 3802 a
2815 3748 2926 3804 Deo
2970 3752 3207 3807 nitamur
3238 3753 3343 3807 im-

1745 3833 1912 3903 plere,
1946 3836 1987 3888 si
2022 3835 2251 3907 denique
2280 3839 2435 3893 istius
2466 3840 2710 3895 mulieris
2748 3841 3052 3900 imitatores
3076 3843 3344 3901 fuerimus

1742 3924 1984 3983 inventi?
2004 3927 2085 3985 Tu
2113 3928 2196 3986 vis
2224 3930 2442 3988 diabolo
2465 3922 2710 4004 placere,
2736 3934 2897 4005 cujus
2918 3951 3057 4007 opus
3080 3938 3348 4005 inveniris

1742 4022 2024 4079 celebrare
2050 4063 2065 4088 ,
2096 4039 2201 4080 nos
2231 4027 2487 4095 minimc;
2538 4029 2619 4087 vis
2673 4029 2783 4085 lies
2835 4030 2952 4085 hiee
3004 4039 3058 4086 te
3096 4034 3346 4102 gerendo

1743 4123 1929 4169 contra
1956 4114 2073 4170 ﬁeri
2101 4117 2529 4185 acceptissimus.
2568 4117 2631 4173 Si
2681 4128 2734 4173 te
2777 4120 2955 4175 adhuc
2988 4131 3190 4187 movet,
3221 4134 3341 4190 cur,

1744 4206 1883 4275 quod
1915 4221 1997 4273 es,
2025 4207 2237 4263 voceris
2278 4223 2305 4262 a
2336 4210 2495 4264 nobis
2522 4252 2535 4276 ,
2571 4212 2759 4280 accipe
2788 4212 2953 4267 etiam
2986 4212 3052 4266 ab
3092 4212 3187 4268 illo
3216 4229 3343 4285 sep-

1744 4302 1877 4354 timo
1898 4300 2327 4370 hujusmulieris
2349 4304 2429 4358 sic
2455 4304 2787 4359 clamitatum
2810 4314 2996 4361 contra
3013 4305 3342 4361 Antiochum

1742 4390 1854 4445 lilio
1886 4410 1899 4444 :
1928 4392 2213 4446 Antiochus
2237 4403 2407 4448 autem
2433 4395 2689 4447 contemni
2718 4395 2994 4450 arbitratus
3020 4406 3046 4432 η
3081 4397 3340 4466 (llMarh.

1745 4497 1837 4549 vn,
1871 4482 1984 4551 24),
2014 4493 2061 4537 et
2087 4487 2197 4559 ejus
2223 4502 2339 4557 qua:
2375 4485 2669 4555 increpabat
2695 4502 2868 4542 vocem
2898 4486 3208 4559 despiciens,
3230 4502 3343 4546 cum

1762 4576 1936 4632 adhuc
1969 4576 2365 4635 adolescentior
2389 4576 2707 4652 superesset,
2731 4598 2833 4638 non
2856 4582 3020 4641 verbis
3044 4583 3350 4643 hortabatur

1670 4694 1724 4754 D
1749 4708 1836 4748 me
1858 4693 2179 4749 dolendum.

1819 4762 1847 4801 ιι
1876 4765 2049 4819 Ιηηιιίι
2075 4766 2505 4836 persecutionem
2538 4781 2564 4820 a
2595 4767 2921 4825 Conatantio
2948 4772 3003 4826 in
3030 4772 3345 4829 Catholicos

1747 4837 2044 4913 strvissime
2076 4840 2389 4913 excitatam;
2414 4838 2481 4893 de
2510 4852 2611 4913 qua
2632 4840 2691 4913 _in
2720 4840 2857 4895 libro
2889 4858 2986 4913 pro
3010 4844 3067 4899 S.
3103 4844 3303 4899 Athan.

1829 4908 1842 4943 ί
1888 4907 1961 4963 Ita
1994 4909 2125 4980 legit
2164 4911 2395 4967 Poncius
2445 4907 2585 4982 apud
2628 4911 2806 4967 Latin.
2861 4907 3029 4970 A'utea
3072 4930 3346 4969 conamen-

1748 4987 1877 5032 tum.

1825 5052 1838 5125 ξ
1878 5052 2115 5125 ρὶθηαια
2142 5052 2432 5125 sit._Latin.

1826 5120 1848 5158 ι
1878 5120 2034 5198 vers.
2062 5124 2187 5178 Ant.
2217 5123 2397 5198 Neque
2422 5125 2557 5179 enim
2578 5140 2671 5198 ego
2693 5125 2932 5198 spiritum
2954 5136 3003 5180 et
3025 5128 3344 5181 animum...

1750 5194 2071 5269 singulorum
2103 5194 2327 5250 membra
2358 5212 2459 5251 non
2489 5194 2746 5269 egofetc'.
2781 5198 3017 5269 Animam
3042 5210 3148 5253 non
3179 5207 3263 5252 est
3294 5199 3345 5252 in

1752 5263 1962 5319 Gruter).
1997 5266 2225 5321 Membra
2249 5284 2343 5334 pro
2374 5263 2771 5322 membraturam
2804 5267 2965 5325 habet
2992 5270 3176 5324 Sabat.

1830 5334 1845 5372 1
1893 5336 2047 5392 Vers.
2079 5338 2207 5395 Aut.
2246 5340 2489 5393 Omnium
2528 5341 2717 5393 invenit
2746 5339 2988 5407 originem
3008 5383 3021 5407 ,
3044 5350 3099 5396 et
3127 5347 3348 5394 vosmet-

1750 5406 1929 5475 ipsos;
1986 5425 2104 5479 qtue
2133 5410 2317 5465 Sabat.
2351 5410 2479 5481 legit
2509 5413 2670 5465 etiam
2700 5410 2753 5463 in
2786 5406 2954 5464 Lucil.

1823 5490 1861 5515 ιη
1904 5482 2112 5534 Gaudii.
2139 5481 2386 5537 Galland.
2834 5546 2835 5549 η

1824 5559 1849 5585 ¹¹
1893 5550 2047 5624 vers.
2100 5551 2223 5606 Aul.
2261 5553 2330 5607 Se
2358 5551 2635 5624 arbitratus
2660 5595 2674 5617 ,
2707 5552 2863 5608 simul
2902 5560 2949 5605 et
2996 5552 3351 5624 exprobrantis

1757 5638 1875 5675 voce
1899 5623 2227 5691 despecta....
2258 5639 2356 5675 non
2377 5620 2543 5673 solum
2566 5624 2728 5677 verbis
2753 5620 3073 5689 hortabatur,
3100 5624 3191 5676 sed
3211 5632 3350 5677 et....

1755 5708 1809 5767 se
1836 5690 2151 5767 unum..."
2203 5704 2248 5767 et
2278 5690 2582 5767 translatum
2623 5711 2676 5767 a_
2699 5695 2878 5767 patriis
2907 5695 3099 5767 legibus
3130 5694 3354 5767 amicum

1758 5764 2141 5818 habiturum...
2175 5764 2222 5816 ci
2251 5762 2605 5828 prwbiturum.
2640 5762 2711 5819 δέ
2732 5762 3027 5829 arbitratus,
3059 5774 3113 5820 el
3140 5780 3194 5818 se
3223 5764 3356 5819 divi-

44 5834 334 5902 Florentio
364 5835 649 5906 scriptam:
680 5844 911 5889 eteleras
936 5839 1207 5889 vetustate
1229 5834 1456 5907 periisse
1484 5833 1657 5888 maxi-
1758 5841 1855 5887 tem
1886 5834 2017 5905 legit
2043 5836 2202 5889 etiam
2231 5831 2499 5888 Sabatier.
