4042 6338
515 279 625 336 985

1603 269 1932 330 ιυοιῖεκι
1970 267 2281 328 EPISCOPI
2319 263 2747 327 CALARITANI

3660 259 3744 320 984

519 400 742 458 tantum,
787 391 876 446 sed
921 389 1079 444 etiam
1129 404 1247 444 cum
1274 391 1568 461 juramento
1597 386 1882 458 afﬁrmabat
1912 386 2118 440 divitem
2147 389 2192 448 Α
2223 383 2348 456 plus
2377 382 2576 438 audisti
2604 395 2766 450 quam
2795 393 2884 445 ea,
2917 393 3039 451 qua:
3069 377 3140 433 ah
3164 376 3276 434 hoc'
3294 377 3382 433 Dei
3416 385 3530 433 sunt
3558 377 3677 434 dicta
3699 380 3746 433 lio

519 500 567 545 et
615 487 819 542 beatum
863 489 1162 558 facturum,
1217 483 1587 538 translaturum
1641 489 1666 516 ⁸
1716 498 1747 533 a
1795 479 2006 550 patriis,
2067 488 2115 533 et

522 583 776 651 hospitem
814 577 1111 631 habiturum
1140 618 1154 641 ,
1199 586 1246 629 et
1288 591 1368 628 res
1416 573 1731 631 necessarias
1775 570 2112 624 crediturum.

521 672 626 728 Sed
651 670 681 710 δ
706 670 773 724 ad
797 673 896 724 ista
911 670 1284 723 adolescentem
1303 669 1761 720 nonintendentem
1784 663 1976 717 vocavit
2002 678 2115 715 ma-

515 775 667 828 trem,
691 773 736 818 et
764 763 1014 817 suadebat
1043 770 1094 814 ut
1123 759 1441 814 adolescenti
1471 758 1616 827 ﬁeret
1644 759 1696 811 in
1723 755 1961 810 salutem.
1989 753 2120 810 Ctm

515 866 684 912 autem
716 857 892 910 multis
926 866 947 893 ο
979 865 1107 908 esset
1141 855 1396 916 hortatus,
1439 852 1663 921 suscepit
1711 849 1928 904 suadere
1962 865 2016 903 se
2057 849 2120 918 fi-

517 948 668 1003 lium.
703 946 890 1019 Itaque
916 948 1165 1001 inclinata
1192 946 1259 999 ad
1292 947 1438 1000 illum
1469 946 1648 999 derisit
1686 941 1713 981 ά
1751 943 2010 997 crudelem
2043 954 2124 1014 ty-

523 1060 766 1106 rannum,
800 1051 848 1095 et
873 1042 946 1094 ait
977 1042 1148 1113 patria
1177 1055 1335 1094 voce:
1368 1038 1492 1103 Fili,
1524 1039 1759 1092 miserere
1787 1037 1902 1098 mei,
1934 1050 2048 1106 qua?
2078 1044 2124 1087 te

517 1138 571 1189 in
601 1146 746 1188 utero
779 1133 1040 1188 mensibus
1070 1134 1242 1186 decem
1270 1132 1497 1201 portavi,
1529 1142 1574 1184 et
1606 1132 1686 1183 lac
1715 1128 1934 1183 triennio
1960 1124 2118 1192 dedi,

515 1237 565 1282 et
595 1229 726 1290 alui,
749 1231 794 1280 et
814 1228 866 1280 in
885 1235 1088 1280 a'talent
1115 1226 1268 1279 istam
1294 1224 1533 1295 perduxi.
1561 1221 1709 1286 Peto,
1736 1231 1870 1280 nate.
1905 1219 2126 1289 aspicias

518 1332 541 1356 ο
575 1323 628 1375 in
653 1320 838 1374 ctelum
864 1331 911 1373 et
941 1321 993 1372 in
1026 1331 1215 1373 terram
1242 1359 1255 1378 ,
1283 1326 1329 1370 et
1377 1315 1612 1370 omnibus
1652 1332 1767 1387 qua:
1791 1322 1844 1369 tn
1887 1315 1962 1368 eis
2005 1328 2128 1380 sun;

515 1413 780 1485 inspectis,
810 1413 1096 1482 intelligere
1120 1410 1242 1481 quia
1280 1419 1346 1464 ex
1388 1409 1551 1463 nihilo
1582 1410 1699 1480 fecit
1741 1409 1833 1463 illa
1874 1409 2033 1476 Deus,
2079 1419 2128 1466 et

513 1508 779 1562 hominum
801 1523 962 1580 genus
988 1522 1006 1560 :
1029 1507 1099 1558 ita
1115 1506 1220 1573 ﬁet,
1249 1515 1418 1558 utnon
1437 1505 1614 1558 timeas
1636 1505 1927 1566 carniﬁcem
1952 1506 2126 1571 istum,

515 1601 603 1652 sed
632 1599 818 1668 dignus
855 1595 873 1634 ί
908 1595 1130 1666 fratrum
1157 1594 1368 1661 effectus
1389 1637 1402 1652 .
1433 1595 1686 1666 suscipias
1709 1604 1952 1659 ntortent,
1995 1605 2049 1648 ut
2077 1596 2129 1648 in

513 1691 614 1743 illa
645 1689 1001 1744 misericordia
1034 1703 1148 1740 cunt
1181 1688 1429 1756 fratribus
1471 1695 1517 1738 te
1557 1687 1820 1754 recipiam.
1855 1685 1984 1739 Cum
2022 1687 2131 1740 luec

2219 476 2326 533 deli
2355 476 2550 532 servo?
2577 476 2635 531 Si
2664 475 2756 529 ille
2777 474 2917 529 dixit
2943 474 3008 528 ad
3035 473 3288 530 Antiochi
3320 474 3593 528 satellites:
3617 473 3748 539 Quem

2218 570 2515 624 sustinetis?
2543 585 2644 623 non
2686 568 2869 622 obedio
2915 568 3048 642 regis
3087 569 3334 642 imperio,
3375 569 3459 622 sed
3483 569 3748 640 pracep'olc

2221 666 2298 739 gis
2329 663 2530 724 obcdio.
2553 680 2668 735 quin
2688 662 2810 717 data
2837 672 2911 718 est
2940 665 3084 717 nobis
3111 679 3203 735 per
3235 662 3437 733 Moysen
3476 661 3619 732 (Ibid.
3641 661 3746 733 30):

2221 766 2279 812 et
2310 773 2409 811 nos
2436 757 2542 809 tuis
2571 756 2808 809 dicimus
2840 772 2853 810 :
2891 755 3032 823 Quid
3060 767 3134 809 est
3158 756 3295 824 quod
3322 772 3408 809 nos
3434 756 3496 807 ad
3519 753 3750 809 Constantii

2223 851 2506 906 antichristi
2534 850 2865 922 prtecursoris
2895 850 3204 903 voluntatem
3235 864 3376 918 posse
3411 847 3670 901 existimatis
3693 848 3752 914 [a-

2224 961 2338 998 cere
2363 943 2613 996 Arianos?
2631 953 2684 994 ut
2706 957 2882 995 sumus
2903 939 3206 1006 Christiani,
3228 956 3419 1009 semper
3438 940 3604 992 erimus
3625 935 3750 1007 (Ibid.

2226 1037 2342 1108 3|).
2369 1037 2426 1092 Si
2451 1036 2543 1090 ille
2571 1035 2842 1091 Antiocho
2868 1035 3006 1088 dixit
3033 1052 3046 1088 :
3077 1031 3157 1086 Tu
3183 1048 3301 1085 rero
3323 1032 3405 1099 qui
3431 1032 3634 1084 intentor
3671 1047 3755 1082 ont-

2229 1130 2307 1182 nis
2332 1129 2545 1183 malitia!
2571 1131 2741 1198 factus
2763 1143 2814 1181 es
2843 1128 2895 1180 in
2924 1125 3173 1180 Ilebra’os
3193 1166 3205 1188 ,
3239 1141 3342 1178 non
3371 1121 3571 1196 effugies
3595 1138 3757 1176 manum

2232 1222 2548 1286 Dci;ettibi
2582 1239 2681 1276 uos
2711 1221 2948 1276 diximus
2977 1232 3142 1292 atque
3171 1237 3360 1275 sumus
3389 1220 3630 1284 dicentes,
3647 1217 3760 1290 quod

2230 1317 2402 1379 enim,
2425 1317 2551 1386 quia
2577 1324 2628 1369 te
2647 1314 2824 1384 potior
2846 1313 3032 1370 nullus
3054 1329 3307 1381 umquam
3335 1313 3489 1368 fuerit
3507 1322 3763 1383 persecutor

2231 1425 2400 1466 sacra:
2427 1411 2561 1480 legis
2585 1409 2704 1473 Dei,
2729 1409 2854 1480 quia
2877 1410 2953 1464 sis
2977 1425 3082 1464 non
3107 1407 3427 1476 eh‘ugiturus
3453 1406 3540 1462 Dei
3569 1421 3764 1462 manum.

2233 1504 2290 1560 Si
2319 1505 2470 1559 audit
2516 1503 2850 1570 Antiochus,
2879 1503 3024 1575 quod
3052 1503 3316 1574 arguendi
3353 1500 3520 1574 gratia
3551 1503 3651 1556 suis
3673 1513 3768 1556 tunc

2233 1599 2498 1654 Dominus
2539 1597 2703 1653 luerit
2734 1598 2928 1663 iratus,
2960 1605 3016 1653 et
3061 1597 3206 1666 quod
3237 1597 3432 1651 iterum
3458 1605 3589 1649 esset
3618 1608 3772 1648 recon-

2233 1690 2520 1746 ciliaturus
2551 1705 2614 1744 se
2644 1691 2822 1744 servis
2848 1690 2987 1752 suis,
3019 1687 3136 1745 lucc
3163 1697 3219 1743 et
3249 1697 3304 1741 tu
3333 1701 3429 1742 nos
3451 1687 3614 1742 dicere
3637 1684 3770 1738 audis.

509 1780 611 1836 illa
645 1791 670 1824 κ
711 1781 964 1846 dixisset,
1009 1781 1082 1834 ait
1121 1779 1418 1834 adolescens
1447 1796 1466 1834 :
1497 1779 1658 1846 Quem
1698 1779 1994 1834 sustinetis?
2024 1796 2124 1834 non
2156 1785 2204 1846 B
2231 1784 2286 1841 Si
2319 1785 2398 1838 illi
2423 1785 2626 1838 dictum
2660 1794 2742 1838 est
2772 1782 2884 1855 regi
2912 1802 2924 1836 :
2953 1781 3152 1853 Tuque,
3186 1799 3215 1836 ο
3240 1782 3498 1840 scelerate.
3522 1789 3565 1833 et
3591 1779 3772 1833 omnium

524 1873 710 1928 obelio
739 1878 873 1946 regis
902 1873 1141 1939 imperio,
1187 1872 1278 1924 sed
1309 1881 1564 1942 prtecepto
1606 1872 1729 1942 legis
1761 1871 1964 1936 obedio,
2013 1887 2127 1943 qua:

521 1968 645 2026 data
676 1976 751 2021 est
793 1967 935 2020 nobis
961 1982 1051 2037 per
1080 1965 1297 2036 Moysen
1328 1981 1348 2019 .°
1381 1976 1433 2017 tu
1465 1981 1604 2028 t'ero,
1635 1967 1724 2036 qui
1753 1966 1984 2021 inventor
2013 1983 2124 2019 ont-

517 2060 599 2115 nis
628 2060 844 2114 malitia:
873 2062 1040 2131 factus
1068 2075 1119 2112 es
1147 2063 1201 2112 in
1233 2058 1474 2113 Hebrazos
1495 2102 1510 2125 ,
1539 2077 1638 2113 non
1669 2059 1882 2133 e/fugies
1917 2076 2128 2114 manum

521 2149 640 2207 Dei.
669 2153 730 2207 Si
757 2150 783 2189 δ
813 2155 948 2206 enim
980 2163 1188 2223 prapter
1231 2153 1632 2220 increpationem
1683 2164 1729 2208 et
1757 2155 2129 2225 correptionem

519 2246 775 2301 Dominus
804 2255 976 2300 noster
1003 2247 1149 2299 nobis
1171 2244 1293 2299 vivis
1321 2247 1521 2300 modice
1548 2246 1709 2301 iratus
1732 2259 1806 2301 est
1836 2242 2129 2318 (Ibid.‘5'5),

521 2343 614 2397 sed
659 2341 843 2395 iterum
871 2335 1292 2395 reconciliabitur
1325 2340 1485 2393 seruis
1513 2340 1621 2393 suis
1651 2357 1669 2405 ;
1699 2346 1851 2410 tuque
1886 2340 1929 2406 ί,
1957 2357 1986 2393 o
2018 2357 2130 2395 sce-

523 2435 673 2498 leste,
697 2442 747 2488 et
772 2434 1000 2487 omnium
1029 2433 1290 2486 hominum
1315 2433 1750 2505 flagitiosissime;
1784 2432 1892 2486 noli
1934 2434 2130 2503 frustra

523 2528 704 2582 extolli
732 2528 877 2580 uanis
906 2527 1171 2596 speciebus
1203 2527 1255 2579 in
1287 2541 1458 2580 servos
1488 2528 1599 2588 eius
1632 2527 1646 2575 i
1682 2542 1699 2580 :
1735 2526 1962 2580 amulum
1997 2527 2134 2578 enim

529 2621 910 2693 omnipotentis.
936 2619 1109 2673 omnia
1157 2619 1517 2692 conspicientis
1543 2617 1570 2656 ¹ι
1600 2618 1692 2672 Dei
1713 2619 1971 2690 judicium
2001 2615 2136 2683 effu-

526 2713 670 2784 gisti.
709 2711 845 2765 Nam
875 2722 1044 2781 patres
1072 2709 1090 2747 ι
1123 2711 1309 2776 nostri,
1341 2711 1541 2763 modico
1573 2727 1708 2764 nunc
1735 2710 1912 2762 dolore
1936 2718 2135 2762 susten-

526 2815 666 2868 tato,
700 2804 794 2858 sub
841 2813 1142 2858 testamento
1177 2801 1271 2856 Dei
1317 2816 1521 2858 ceterum
1561 2804 1679 2857 uiue
1713 2802 2006 2856 reciderunt
2034 2820 2052 2857 :
2080 2811 2135 2854 tu

525 2912 646 2950 vero
662 2897 872 2970 judicio
915 2895 1011 2948 Dei
1052 2899 1215 2962 iustas
1248 2895 1502 2967 superbia:
1548 2911 1721 2958 poenas
1753 2897 1978 2948 exsolves
2003 2911 2021 2948 :
2044 2911 2136 2968 ego

524 2997 700 3042 autem
716 2990 845 3042 sicut
872 2997 920 3041 et
949 2991 1135 3057 fratres
1157 2997 1219 3054 ω,
1249 2997 1297 3041 et
1324 2991 1550 3040 animam
1570 2997 1619 3040 et
1641 3005 1827 3060 corpus
1865 2991 2014 3042 trado
2043 3005 2138 3061 pro

523 3083 707 3154 patriis
749 3082 966 3154 legibus,
1000 3083 1243 3134 invocans
1282 3079 1444 3134 Deum
1485 3082 1738 3135 maturius
1775 3083 1914 3152 genti
1947 3093 2139 3137 nostra!

2228 1880 2492 1934 hominum
2513 1879 2936 1948 ﬂagitiosissime,
2962 1877 3070 1964 ηε)ιί
3099 1879 3296 1949 frustra
3326 1876 3498 1929 extolli
3527 1890 3640 1927 vana
3665 1882 3685 1908 ο
3709 1887 3776 1944 spe

2227 1975 2282 2028 in
2309 1989 2483 2028 servos
2504 1976 2619 2046 ejus
2641 1973 2856 2041 inflatus
2879 1988 2897 2026 :
2922 1971 3151 2025 nondum
3176 1971 3314 2024 enim
3349 1966 3677 2037 omnipotentis
3705 1964 3778 2020 Itei

2233 2076 2260 2115 ιι
2295 2065 2556 2138 judicium
2599 2062 2828 2134 effugisti
2885 2061 3055 2123 (Ibid.
3101 2059 3229 2132 54):
3277 2064 3395 2116 haec
3431 2071 3483 2115 et
3528 2069 3577 2113 tu
3605 2057 3778 2111 audis:

2233 2157 2416 2224 nohis,
2446 2156 2591 2226 quod
2622 2157 2771 2210 enim
2804 2154 2881 2209 sis
2926 2155 3231 2209 sceleratus
3276 2151 3514 2207 omnium
3553 2149 3780 2204 hominum

2232 2250 2714 2320 ﬂagitiosissimus,
2739 2251 2831 2320 qui
2860 2248 3066 2304 iccirco
3091 2248 3206 2302 haec
3249 2263 3414 2319 geras
3436 2257 3492 2302 ut
3512 2261 3604 2301 nos
3623 2258 3780 2314 coapo-

2234 2351 2404 2399 Status
2431 2342 2601 2398 facias
2631 2351 2774 2408 tuos,
2807 2341 2902 2395 sed
2933 2351 3114 2395 tamen
3139 2339 3346 2394 frustra
3376 2347 3428 2395 te
3455 2341 3662 2404 elatum,
3682 2351 3782 2390 vana

2238 2436 2500 2491 instinctu
2522 2433 2730 2489 diaboli
2759 2437 2811 2488 in
2839 2449 2940 2489 nos
2961 2433 3058 2488 Dei
3083 2447 3278 2488 servos
3298 2448 3398 2503 spe
3421 2431 3643 2487 inﬂatum
3662 2449 3673 2484 :
3691 2429 3784 2500 quia

2239 2542 2417 2598 neque
2448 2537 2571 2580 tuos
2595 2528 2772 2596 possis
2808 2525 3045 2594 implere
3072 2535 3300 2580 conatus
3336 2525 3620 2596 malignos,
3649 2534 3784 2592 neque

2241 2621 2336 2677 Dei
2367 2621 2551 2677 omnia
2584 2621 3002 2689 conspicientis,
3027 2619 3322 2688 omniaque
3355 2619 3582 2689 potentis
3603 2619 3788 2672 evadere

2234 2716 2521 2789 judicium.
2553 2715 2724 2771 Audis
2745 2731 2774 2769 a
2805 2715 2985 2781 nobis,
3011 2715 3150 2770 sicut
3177 2725 3228 2770 et
3260 2730 3361 2783 per
3393 2715 3538 2770 illum
3566 2713 3787 2768 illusuem

2239 2808 2647 2864 adolescentem
2679 2807 2830 2862 audit
2866 2808 3170 2862 Antiochus
3205 2825 3220 2862 :
3257 2807 3413 2873 Quod
3439 2818 3468 2859 (ι
3497 2808 3618 2860 enim
3645 2807 3791 2874 fratres

2241 2899 2406 2954 nostri
2434 2916 2602 2971 pauca
2635 2899 2862 2969 perpessi
2881 2899 2974 2952 sub
3001 2908 3363 2952 testamentum
3390 2897 3482 2953 Dei
3502 2909 3684 2953 tetcrnte
3705 2897 3790 2949 vita

2240 2993 2549 3058 reciderunt,
2579 3004 2630 3045 tu
2657 3008 2776 3046 uero
2796 2991 2935 3062 quod
2959 2993 3029 3044 sis
3051 2993 3260 3065 judicio
3287 2991 3387 3047 Dei
3404 2995 3574 3065 justas
3593 2988 3793 3057 superbia

2244 3102 2419 3156 poenas
2444 3086 2802 3158 persoluturus
2837 3083 3004 3156 (Ibid.
3046 3082 3160 3156 56).
3195 3084 3372 3139 Audis
3409 3095 3465 3140 et
3502 3099 3529 3138 a
3555 3082 3690 3136 nobis
3715 3093 3790 3134 nos

527 3175 641 3244 βενε
668 3177 972 3246 propitium,
1002 3185 1150 3246 teque
1177 3190 1295 3229 cum
1326 3176 1590 3229 tarmen-is
1617 3193 1679 3228 ac
1701 3175 1989 3230 uerberibus
2010 3193 2131 3230 con-

2243 3183 2313 3236 ita
2347 3196 2469 3236 esse
2498 3189 2715 3250 paratos
2745 3180 2976 3234 interﬁci
3008 3186 3110 3234 ate
3139 3177 3404 3234 carniﬁce
3442 3193 3537 3247 pro
3576 3176 3691 3240 Deo,
3715 3175 3795 3228 sic-

525 3266 661 3335 ﬁ'eri
682 3267 938 3339 quodipsa
956 3277 1031 3320 est
1053 3265 1190 3320 Dens
1215 3270 1380 3321 solus.
1413 3264 1478 3322 In
1497 3283 1575 3320 me
1603 3283 1720 3322 vero
1747 3270 1858 3321 etin
1883 3268 2130 3339 fratribus

528 3362 654 3413 meis
675 3370 903 3414 statuere
923 3369 948 3396 η
973 3360 1293 3433 omnipotens
1321 3361 1472 3422 iram.
1491 3378 1610 3432 qua:
1630 3377 1786 3433 super
1809 3377 1956 3415 omne
1979 3379 2138 3433 genus

528 3461 761 3506 nostrum
781 3455 918 3520 iuste
936 3454 1250 3522 superducta
1270 3462 1366 3510 est.
1395 3453 1559 3520 Quid,
1584 3452 1894 3519 Constanti,
1924 3470 1952 3508 a
1983 3455 2141 3511 nobis

602 3603 630 3632 ⁸·
668 3593 1001 3648 Translatum
1021 3610 1054 3647 a
1079 3593 1260 3664 patriis
1287 3591 1481 3664 legibus
1505 3609 1523 3646 :
1545 3591 1686 3659 apud
1706 3590 1900 3664 ASaltat.
1929 3602 1984 3646 et
2005 3591 2132 3646 Gal-

531 3667 678 3721 land.
713 3666 819 3719 Ntts
842 3681 909 3720 ex
949 3662 1378 3717 COI‘I‘t'ClittlllllUS
1407 3662 1633 3718 Ttlianaz
1655 3662 1878 3717 t_‘dlli0lli
1907 3664 2134 3731 adjectis

533 3738 866 3798 subiecimus
913 3735 1331 3800 translaturum;
1360 3744 1414 3788 et
1459 3735 1592 3788 nihil
1633 3749 1732 3804 pro
1776 3735 2002 3789 arbitrio
2033 3736 2135 3790 im-

532 3819 824 3863 mutamus.

604 3879 629 3916 δ
671 3877 827 3933 Vers.
861 3878 989 3932 Ant.
1028 3877 1133 3931 Sed
1181 3878 1247 3928 ad
1275 3876 1384 3930 htec
1431 3891 1548 3929 cum
1598 3877 1909 3948 adolescens,
1943 3892 2135 3948 nequa-

530 3965 684 4020 quam
712 3949 1071 4010 inclinaretur,
1102 3949 1295 4020 uocauit
1321 3964 1410 4001 rex
1437 3957 1670 4020 matrem,
1699 3959 1751 4020 et
1776 3947 2025 4020 suadebat
2050 3949 2098 4000 ei
2117 3990 2132 4013 ,

535 4017 643 4077 etc.
682 4022 817 4075 Fere
846 4020 1042 4075 similia
1079 4021 1204 4084 legit
1235 4018 1421 4073 Saltat.
1473 4020 1524 4071 in
1557 4017 1728 4072 Lucii.
1781 4018 1887 4072 Sed
1923 4018 1992 4070 ad
2037 4020 2136 4072 ista

532 4109 652 4148 cum
677 4093 976 4147 adolescens
1005 4107 1109 4145 non
1136 4093 1440 4156 intenderet,
1473 4090 1666 4143 vocavit
1695 4105 1805 4152 rex,
1836 4102 1944 4142 etc.
1976 4088 2138 4143 Forte

534 4176 716 4220 tanien
746 4166 797 4218 iu
827 4165 962 4219 edit.
1015 4175 1200 4218 nostra
1233 4164 1304 4217 ita
1337 4162 1657 4232 legendum,
1684 4164 2006 4214 adolescente
2035 4177 2137 4214 non

532 4237 847 4292 intendente.

610 4319 633 4347 ο
679 4309 808 4361 liam
860 4306 1114 4361 verbium
1170 4305 1406 4374 promisit
1450 4320 1721 4359 suasuram
1768 4319 1822 4357 se
1869 4303 1980 4368 ﬁlio
2018 4319 2134 4374 suo.

533 4377 693 4434 Vers.
725 4381 852 4433 Ant.
883 4389 938 4433 ct
966 4382 1045 4432 sic
1075 4373 1259 4433 Sabat.
1296 4393 1347 4430 tu
1380 4377 1550 4432 Lucil.
1581 4375 1764 4433 deleto
1792 4376 1975 4429 verbis.
2017 4373 2141 4428 Ver-

535 4448 630 4508 bis.
667 4461 722 4504 et
752 4467 844 4503 suo
876 4467 982 4504 tton
1010 4461 1134 4502 sunt
1163 4449 1214 4502 itt
1240 4448 1476 4504 (ἴε-λου..

607 4518 635 4557 ά
680 4521 828 4573 Vers.
867 4526 993 4574 Ant.
1042 4519 1373 4576 Irridens....
1416 4521 1581 4574 ait....
1625 4519 1706 4589 ﬁli
1748 4518 1913 4572 mi....
1961 4533 2139 4571 nouem

536 4590 814 4644 mensibus.
846 4592 1024 4644 Gra-c.
1058 4608 1163 4645 ntm
1198 4591 1360 4646 habet
1403 4598 1472 4642 mt
1518 4604 1633 4654 |tOSl
1681 4590 1795 4659 fili,
1837 4601 1886 4643 et
1935 4603 2035 4641 ms.
2079 4590 2136 4643 S.

535 4660 744 4714 Ttteotl.
773 4676 835 4713 ac
877 4660 1040 4729 Cypr.
1075 4663 1230 4721 epist.
1269 4662 1333 4713 ad
1368 4661 1597 4714 Furtun.
1642 4678 1732 4730 pra
1755 4663 1859 4714 {ert
1886 4659 2140 4714 mensibus

540 4731 733 4790 decem.
768 4743 820 4784 ut
853 4730 1024 4786 Lucil.
1060 4730 1257 4784 Nouem
1281 4732 1438 4785 habet
1471 4733 1823 4786 Sabatierius.

615 4812 638 4839 ο
687 4802 835 4857 Vers.
863 4802 991 4856 Ant.
1018 4812 1073 4855 et
1101 4803 1284 4856 Stttat.
1316 4803 1367 4856 in
1398 4801 1644 4855 Lucifero
1679 4821 1691 4854 :
1726 4801 1794 4856 Ut
1824 4802 2046 4870 aspicias
2071 4801 2140 4854 ad

537 4873 744 4936 calum,
774 4884 822 4928 et
846 4884 1057 4935 terram,
1088 4885 1133 4925 et
1153 4873 1220 4926 ad
1241 4875 1412 4926 omnia
1443 4890 1556 4942 qua:
1581 4873 1635 4926 in
1659 4874 1729 4927 eis
1755 4882 1894 4934 sunt,
1919 4883 1968 4926 et
1991 4875 2140 4926 intel-

539 4945 692 5014 ligas,
726 4959 832 4999 etc.
862 4945 1075 4998 Lucifer
1100 4947 1355 4998 Convenit
1381 4959 1502 4997 cum
1531 4944 1694 5014 Cypr.
1729 4949 1890 5014 epist.
1918 4945 1984 4997 ad
2006 4943 2139 4998 Fur-

538 5024 656 5070 tuu.
689 5029 916 5085 excepto
943 5031 1033 5068 oro
1059 5029 1155 5078 pto
1181 5024 1316 5082 peto.

617 5089 631 5124 ί
682 5083 880 5158 Dignus
900 5087 1144 5156 fratribus
1170 5089 1268 5139 tuis
1297 5083 1507 5158 effectus
1535 5088 1808 5158 particeps,
1837 5085 2134 5158 suscipe...

536 5157 593 5211 in
619 5158 712 5211 illa
744 5156 1068 5212 miseratione
1095 5174 1211 5211 cum
1241 5157 1490 5228 fratribus
1523 5159 1642 5210 tuis.
1674 5156 1827 5213 vers.
1858 5156 1986 5211 Aut.
2017 5156 2140 5212 Tuis

538 5240 767 5298 utroque
799 5232 852 5284 in
901 5231 1019 5281 loco
1042 5269 1056 5289 .
1089 5239 1142 5280 et
1182 5239 1437 5298 particeps
1472 5230 1620 5283 abest
1650 5244 1679 5282 a
1703 5229 1915 5286 Grmm.
1950 5230 2000 5281 itt
2029 5244 2139 5298 quo

539 5314 662 5354 eum
696 5302 864 5354 Lucil.
895 5301 1019 5356 ἀλλά
1048 5299 1400 5366 ἒπιδέξασθαι,
1429 5300 1519 5353 sed
1551 5301 1823 5366 suscipias.
1849 5299 2035 5355 Sabat.
2062 5303 2138 5353 le-

537 5373 647 5454 git.
678 5373 866 5442 dignus
908 5375 1151 5443 fratribus
1179 5375 1281 5426 tuis
1301 5412 1318 5439 ,
1361 5383 1415 5426 et
1443 5371 1627 5426 itidem
1657 5380 1844 5442 postea
1893 5371 2139 5440 fratribus

539 5453 660 5496 tuis.

612 5523 637 5558 κ
667 5512 849 5568 Adhuc
872 5513 1156 5569 diceret....
1187 5525 1439 5587 prtecepto
1462 5516 1629 5586 regis,
1669 5513 1760 5569 sed
1787 5523 2038 5586 prtecepto
2063 5514 2136 5568 le-

580 5586 639 5638 is.
662 5600 795 5638 alite.
825 5596 931 5638 etc.
968 5586 1122 5638 γει-ε.
1155 5585 1283 5638 Aut.

578 5603 639 5646 ts,
662 5603 795 5646 atate,
825 5603 931 5640 etc.
974 5603 1122 5641 vers.
1155 5603 1283 5641 Ant.

539 5586 639 5656 gis,
662 5600 795 5651 quaz,
825 5596 931 5640 etc.
968 5586 1122 5641 γει-ε.
1155 5585 1283 5641 Aut.
1355 5585 1361 5587 ⁷
1522 5585 1531 5586 ί

613 5652 640 5690 ἰ
670 5653 736 5707 Ει
780 5657 821 5708 si
863 5661 914 5709 in
946 5658 1089 5711 nobis
1133 5669 1438 5725 pr0pter....
1493 5657 1742 5712 Dominus
1788 5655 1928 5712 Deus
1967 5665 2137 5710 noster

539 5727 813 5800 modicum.
848 5726 981 5782 Ead.
1013 5726 1082 5781 Et
1113 5734 1153 5782 si
1187 5731 1315 5800 legit
1343 5731 1504 5784 etiam
1539 5733 1724 5786 thut.

617 5805 632 5830 ¹
672 5795 747 5848 Tu
793 5807 1060 5856 autem....
1102 5795 1267 5854 vanis'
1291 5804 1567 5869 spebus....
1604 5805 1720 5875 ejus
1758 5800 2130 5869 inﬂammatus.

2239 3275 2315 3330 uti
2354 3273 2466 3343 jam
2525 3271 2719 3327 fratres
2774 3281 2990 3325 nostros
3020 3269 3383 3334 interfecisti,
3416 3267 3616 3323 animus
3638 3275 3685 3321 et
3704 3279 3793 3318 cor-

2247 3379 2378 3435 pora
2411 3374 2595 3420 nostra
2629 3363 2844 3418 tradere
2868 3379 2968 3417 nos
2996 3371 3212 3432 paratos
3238 3377 3338 3432 pro
3362 3359 3493 3416 Jesu
3512 3359 3706 3415 Chrile
3724 3354 3796 3410 Dei

2248 3474 2378 3515 vero
2429 3459 2589 3514 unico
2638 3457 2816 3523 Filio,
2864 3455 3140 3512 conlidere
3185 3463 3457 3527 praeterea
3506 3467 3599 3509 nos
3624 3450 3683 3507 de
3706 3449 3795 3520 ejus

2243 3593 2379 3649 Ead.
2410 3593 2504 3649 sed
2534 3594 2664 3648 nihil
2694 3593 2746 3647 in
2773 3577 2922 3648 textu
2947 3590 3293 3647 Lucileriano
3323 3600 3536 3645 mutare
3557 3585 3794 3645 voluimus.

2241 3670 2326 3790 utif
2345 3666 2658 3721 Gallandius
2685 3681 2780 3735 pro
2807 3666 3067 3736 speciebus
3093 3661 3263 3717 edidit
3288 3658 3633 3732 spebus.Vide
3651 3655 3793 3727 paullo

2243 3753 2296 3790 III
2325 3754 2405 3790 ra.

2243 3753 2336 3929 fuit;
2353 3754 2439 3860 ain
2461 3824 2632 3862 servos
2655 3809 2765 3873 eius
2788 3807 3017 3877 inﬂatus.
3040 3805 3217 3861 Latin.
3235 3803 3482 3860 etVaIic.
3508 3811 3564 3858 ut
3580 3811 3632 3859 et
3650 3796 3792 3871 paullo

2245 3898 2298 3929 III
2328 3897 2406 3929 1⁸η.

2245 3897 2529 4006 ""Fi’ers.
2571 3948 2701 4006 Ant.
2740 3947 2806 4003 Et
2839 3949 3010 4004 omnia
3043 3948 3385 4020 inspicientis.
3415 3945 3486 4001 Et
3511 3945 3648 4001 addit
3669 3942 3794 4000 etiam

2244 4023 2616 4149 saI,a;ratres.
2659 4092 2836 4147 Latin.
2861 4101 2915 4145 et
2946 4091 3118 4146 Vatic.
3147 4101 3207 4145 ut
3234 4092 3288 4146 in
3337 4090 3499 4146 Vers.
3543 4091 3659 4145 Ant.
3694 4084 3799 4141 Fra-

2243 4173 2347 4219 tres
2383 4167 2576 4219 mei....
2611 4174 2909 4218 testamento
2937 4176 3140 4218 (eterna:
3173 4169 3290 4218 vitae
3314 4161 3485 4229 eﬂ'rcti
3512 4171 3706 4216 sunt....
3731 4173 3798 4211 stt-

2244 4237 2434 4306 perbite
2454 4246 2573 4290 tuae.
2610 4235 2900 4306 TtthiaImSI
2935 4251 2963 4288 a
2993 4233 3206 4298 Graeco,
3238 4241 3296 4288 ut
3327 4248 3355 4285 a
3381 4233 3576 4295 LuciL,
3597 4231 3677 4306 qui
3697 4243 3796 4283 con-

2245 4301 2391 4362 t’enit
2419 4311 2469 4360 itt
2497 4307 2579 4360 his
2599 4307 2702 4362 ὑπὸ
2723 4305 2958 4366 διαθήκην
2978 4313 3130 4372 Θεοῦ,
3154 4309 3244 4360 sub
3269 4315 3570 4360 testamento
3590 4301 3692 4363 Dei,
3712 4313 3793 4355 etc.

2245 4378 2421 4432 Etiam
2453 4378 2638 4431 Saltat.
2692 4381 2869 4448 legeri-
2897 4379 3126 4440 videtur,
3160 4379 3255 4431 sub
3299 4388 3596 4431 testamenta
3635 4382 3797 4428 menta

2242 4452 2359 4503 vita:
2388 4448 2552 4517 effecti
2581 4458 2784 4504 sunt.t-t
2813 4448 2898 4502 hic
2926 4459 2980 4502 et
3009 4449 3188 4516 paullo
3221 4449 3380 4502 intra.

2315 4530 2354 4558 ω
2378 4516 2589 4573 Fratres
2617 4521 2738 4582 mei,
2763 4520 2990 4574 animam
3010 4529 3056 4573 et
3079 4535 3267 4586 corpus
3291 4537 3477 4573 meum.
3520 4516 3666 4573 γει-ς.
3697 4516 3794 4568 Ant.

2243 4591 2580 4717 Etmrb‘abat.
2611 4590 2791 4646 Grznc.
2821 4606 2929 4644 non
2980 4591 3140 4646 habet
3167 4607 3334 4645 meum
3374 4599 3499 4660 post
3541 4603 3721 4660 corpus,
3755 4591 3798 4636 ut

2291 4678 2373 4717 uct
2404 4701 2418 4715 .

2291 4678 2579 4788 1ῗέἙρδὶηει
2601 4732 2960 4804 omnipotentis
2980 4731 3078 4786 ira.
3108 4731 3264 4787 Veis.
3291 4735 3420 4804 Aut.
3451 4741 3500 4787 et
3525 4745 3639 4786 cum
3651 4742 3706 4781 ea

2246 4805 2436 4860 lnttier.
2488 4806 2539 4858 in
2576 4799 2846 4858 Lucd‘eru.
2884 4803 3060 4875 Graec.
3112 4812 3312 4864 στῆναι.
3357 4802 3679 4875 Omnipotens
3720 4799 3793 4850 ira.

2166 4902 2219 4962 D
2245 4875 2584 4962 νίψω-ΑΜ,
2612 4875 2864 4962 desinere.
2899 4874 3118 4930 Littera:
3165 4876 3385 4962 ttthiesit
3414 4874 3796 4962 aucto‘r,

2241 4947 2532 5002 admodum
2585 4954 2641 5000 et
2688 4948 2737 4998 itt
2786 4948 2850 4999 iis
2878 4962 2996 5017 ttutt-
3025 4962 3145 5000 mox
3172 4941 3767 5017 Sultjiciuttturlialland.

2316 5027 2340 5053 ⁰
2371 5017 2547 5073 Gru-c.
2583 5019 2632 5071 itt
2681 5017 2821 5083 plur.
2853 5016 3054 5079 ἀδήλοις
3084 5016 3293 5073 ἐλπίσιν.
3324 5017 3514 5072 Paullo
3547 5017 3794 5083 sumentis:

2239 5088 2290 5231 [(1)
2313 5089 2612 5144 sceleste....
2644 5082 2786 5142 vanis
2810 5090 3073 5159 speciebus
3096 5091 3146 5142 in
3174 5104 3344 5144 seri-os
3373 5091 3513 5162 ejus,
3535 5084 3719 5143 OtttiSsO
3739 5082 3800 5134 itt-

2281 5170 2416 5215 atus.

2281 5170 2416 5215 atus.

2312 5243 2341 5282 ρ
2374 5230 2564 5286 Omnia
2608 5231 2970 5302 conspicientis
3000 5229 3115 5286 Dei.
3140 5230 3316 5287 Vatic.
3351 5231 3426 5286 uti
3472 5228 3649 5301 paullo
3674 5235 3801 5294 supe-

2241 5319 2372 5358 τηις.

2315 5384 2343 5424 τι
2376 5375 2472 5428 llic
2500 5374 2756 5429 convenit
2783 5389 2903 5429 cum
2928 5375 3118 5431 Graeco
3148 5375 3201 5428 in
3236 5375 3319 5427 his
3345 5373 3570 5440 ἀδελφοὶ,
3615 5371 3795 5440 frium.

2315 5395 2343 5424 ιι
2377 5395 2472 5428 mc
2500 5395 2756 5429 convenit
2783 5395 2903 5429 cum
2928 5395 3118 5431 urmco
3148 5395 3201 5428 In
3237 5395 3319 5427 ms
3345 5395 3466 5430 αοεΑ
3532 5395 3570 5436 ι,
3615 5395 3795 5440 tuum.

2243 5451 2573 5510 πεπτώκασι,
2603 5447 2914 5513 ceciderunt,
2948 5458 3038 5500 aut
3053 5445 3365 5500 reciderunt.
3391 5395 3799 5518 lettaullnstl-

2245 5521 2426 5583 peritis
2451 5518 2638 5573 eadem
2667 5560 2681 5582 ,
2737 5510 2909 5572 sensu
2949 5529 3160 5572 retento
3183 5559 3198 5582 ,
3232 5517 3326 5572 sed
3377 5517 3597 5570 mutatis
3632 5510 3796 5583 verbis.

2243 5580 2372 5643 IItec
2402 5588 2614 5657 aliaque
2645 5580 2804 5654 huius
2848 5590 2949 5644 loci
2998 5580 3272 5656 complura
3309 5589 3651 5642 immutarunt
3685 5580 3798 5657 Lug-

2240 5661 2513 5715 dunenses
2535 5656 2539 5657 ί
2565 5660 3060 5732 Vulgatam_secuti,
3089 5674 3144 5715 ut
3162 5660 3294 5716 alibi
3317 5674 3484 5730 sape,
3515 5657 3650 5713 haud
3671 5656 3796 5723 plane

2241 5732 2512 5786 laudando
2543 5729 2793 5787 consilio.
2820 5729 3072 5787 Galland.
