3836 6348
13 322 99 379 085
594 322 683 379 DE
721 321 861 380 NON
898 318 1269 379 PARCENDO
1306 319 1374 377 ΙΝ
1416 318 1604 377 ΒΕυΜ
1643 316 2242 385 DELINQUENTIBUS
2277 315 2490 375 LIBER
2530 314 2734 374 UNUS.

3214 310 3323 370 986

14 440 332 514 nl‘atigabili
362 444 575 516 pietate
602 484 616 509 ,
639 441 784 512 quod
812 442 955 497 enim
985 455 1205 497 omnem
1246 439 1466 510 quidem
1498 454 1620 510 gre-
1645 443 1700 505 Α
1724 438 2139 495 manifestatus?
2167 453 2237 494 es
2284 453 2352 495 eo
2381 436 2525 509 quod
2567 448 2764 508 gerens
2804 434 2880 490 sis
2923 432 3071 500 haec,
3119 446 3227 489 non
3268 440 3324 489 te

14 552 114 604 {em
146 554 313 591 suum
349 540 430 594 sit
463 536 726 592 maturius
752 546 1043 607 erepturus
1072 550 1138 591 ex
1167 546 1219 590 te
1248 550 1445 605 rapace
1468 535 1618 605 lupo,

14 645 63 686 ει
104 643 158 685 te
185 646 334 686 cane
365 631 588 695 rabido;
620 640 675 684 tu
707 645 842 685 vero
886 629 1028 699 quod
1074 629 1175 689 sis,
1210 626 1317 682 nisi
1362 626 1459 681 tibi
1488 641 1622 681 con-

14 723 277 789 .ulueris,
332 721 638 794 setttperiu
689 730 957 775 tormenta
1022 720 1289 773 abiturus.
1350 717 1488 786 Quid
1516 731 1619 787 ego

14 820 119 873 ilus
151 820 275 872 sive
309 833 414 888 per
443 819 791 886 scripturam,
822 814 937 870 sive
965 814 1017 868 in
1052 812 1313 881 praesenti
1344 812 1440 866 tibi
1467 811 1621 866 dixe-

14 913 130 971 'llll.
181 910 315 963 volo
351 910 613 965 revincas
640 916 695 961 tu
736 905 909 961 nostri
938 906 1200 975 temporis
1250 919 1532 977 tyrannus.
1563 902 1621 960 Si

18 1016 49 1056 e
92 1016 202 1072 ego
232 1002 561 1056 caruiticcm
590 999 721 1063 dixi,
751 999 888 1053 dixit
918 1012 1026 1053 non
1059 998 1234 1053 solum
1263 997 1369 1052 iste
1409 996 1624 1052 adoles-

13 1108 135 1149 :ens
179 1093 565 1163 justissimus,
610 1092 706 1147 sed
737 1101 792 1145 et
833 1091 953 1161 ejus
989 1100 1160 1144 mater
1212 1091 1484 1144 Antiocho
1530 1105 1624 1145 co-

14 1189 205 1241 intenti
239 1196 343 1240 tuo
391 1204 405 1239 ε
442 1186 485 1239 si
518 1180 771 1239 inventor
815 1183 996 1238 omnis
1043 1183 1265 1237 malitia:
1295 1183 1473 1237 dictus
1501 1197 1561 1238 es
1589 1197 1621 1238 a

14 1297 85 1335 ne
116 1281 163 1337 si
194 1278 352 1350 qttod
378 1296 490 1334 non
517 1281 593 1333 sis
623 1276 947 1348 etiugiturus
975 1292 1193 1332 manum
1225 1276 1358 1341 Dei,
1379 1278 1425 1331 si
1454 1277 1626 1333 scele-

14 1386 150 1430 'atus
179 1383 239 1428 et
267 1377 525 1428 omnium
558 1372 838 1428 hominum
864 1370 1341 1442 ﬂagitiosissimos,
1364 1372 1485 1441 quia
1517 1358 1623 1426 non

13 1469 75 1523 iis
124 1466 318 1521 omnia
373 1468 655 1535 potentis,
698 1463 878 1519 omnia
932 1462 1322 1534 cohspicientis
1361 1462 1622 1533 judicium

14 1559 366 1627 alfugiturus,
400 1558 495 1613 sed
546 1559 598 1611 in
624 1557 834 1627 judicio
862 1558 959 1612 Dei
1011 1568 1065 1610 tu
1106 1557 1281 1627 justas
1323 1571 1509 1626 pennas
1547 1555 1626 1612 sis

14 1654 397 1716 exsolututus,
426 1652 541 1706 haec
559 1653 738 1706 omnia
761 1652 874 1723 jam
898 1652 966 1706 ab
992 1650 1100 1706 isto
1125 1652 1386 1722 religioso
1412 1650 1625 1707 adoles-

14 1757 159 1801 cente
182 1745 335 1804 dicta
354 1744 571 1800 fuerant
594 1745 820 1814 collega:
837 1754 928 1799 tuo
941 1743 1233 1800 Antiocho.
1249 1743 1626 1800 Contumelio-

1722 536 1919 593 Cbristi
1950 552 2169 592 servum
2196 552 2359 608 posse
2406 516 2628 601 sentiri,
2660 534 2754 590 sed
2786 534 2945 604 plane
2991 532 3316 603 mancipium

1724 632 1900 699 illius,
1928 632 2019 700 qui
2047 634 2118 687 sit
2145 642 2416 701 tamquam
2463 632 2552 687 leo
2593 630 2814 701 rugiens
2855 630 3144 684 adversum
3196 640 3317 682 nos.

1723 725 1861 781 Hinc
1909 725 2008 780 tibi
2055 725 2301 779 videmur
2346 738 2472 780 esse
2518 724 2862 792 petulantes,
2908 721 3034 791 quia
3084 720 3321 776 dicimus

1725 818 1842 882 tibi,
1855 817 1981 872 vino
2007 817 2102 875 illo
2117 830 2166 871 te
2182 814 2379 872 faetum
2396 814 2630 880 ebrium,
2648 814 2718 869 de
2737 829 2844 882 quo
2857 812 3059 868 fuerint
3085 824 3135 867 et
3153 812 3225 865 illi
3251 810 3319 866 ad

1724 925 1943 966 omnem
1976 909 2219 980 perducti
2250 907 2531 963 ebrietatis
2557 906 2923 971 dementiam;
2956 903 3058 970 illi,
3087 901 3155 958 ad
3186 916 3323 964 quos

1725 1004 1813 1060 vel
1856 1011 2080 1075 propter
2124 1016 2264 1073 quos
2304 1000 2510 1055 dicitur
2537 1017 2552 1054 :
2582 998 2932 1054 Peccaverunt
2984 1014 3088 1052 non
3136 996 3182 1050 ei
3230 996 3330 1065 ﬁlii

1724 1098 1989 1164 maculati,
2025 1097 2168 1152 natio
2192 1095 2221 1134 ιι
2242 1111 2402 1169 prava
2447 1105 2496 1148 et
2524 1110 2783 1167 perversa.
2830 1093 2961 1148 Htrc
2990 1092 3201 1147 domino
3245 1106 3327 1145 re-

1727 1193 1996 1259 tribuistis,
2028 1192 2104 1245 sic
2131 1190 2272 1263 plebs
2303 1202 2324 1228 ο
2356 1194 2505 1261 fatua
2525 1230 2540 1251 ,
2574 1198 2621 1241 ct
2649 1204 2751 1242 non
2777 1188 2981 1259 sapiens
3016 1184 3323 1253 (Deutcron.

1724 1302 1897 1351 χχιιι,
1927 1284 2004 1357 5).
2040 1284 2110 1339 Ει
2135 1283 2274 1337 inira
2300 1299 2313 1335 :
2345 1280 2482 1335 Bibit
2510 1281 2709 1345 viuum,
2738 1290 2785 1335 et
2808 1278 3139 1334 manducavit
3158 1275 3324 1332 Iacob

1726 1388 1776 1435 et
1803 1379 2022 1433 satiatus
2043 1373 2070 1413 ά
2102 1385 2193 1437 est,
2226 1386 2271 1429 et
2301 1374 2589 1428 calcitravit
2617 1372 2836 1428 dilectus
2864 1388 2884 1426 .'
2915 1371 3123 1443 pinguis
3153 1372 3322 1440 factus

1728 1481 1801 1527 est
1820 1515 1837 1539 ,
1865 1483 1910 1525 et
1938 1473 2253 1526 incrassatus
2279 1477 2371 1535 est,
2405 1465 2655 1522 dilatatus
2674 1476 2771 1531 est,
2798 1478 2847 1521 et
2864 1463 3136 1532 dereliquit
3161 1464 3324 1518 Deum

1726 1566 1814 1634 qui
1835 1566 1953 1636 fecit
1974 1581 2111 1630 eum,
2135 1574 2182 1617 et
2202 1564 2412 1618 recessit
2437 1580 2469 1615 a
2492 1559 2602 1616 Deo
2622 1561 2875 1615 salvatore
2901 1577 2995 1614 suo
3016 1558 3177 1629 (Ibid.
3206 1558 3323 1630 Η).

1728 1655 2179 1711 Exacerbaverunt
2207 1671 2289 1710 me
2311 1655 2367 1709 in
2394 1653 2599 1718 alienis,
2627 1653 2682 1707 in
2723 1650 3191 1708 abominationibus
3218 1650 3328 1706 suis

1727 1750 2111 1803 concitaverunt
2147 1758 2170 1785 ο
2206 1764 2316 1813 nte,
2358 1756 2407 1801 et
2458 1745 2876 1815 sacriﬁcaverunt
2912 1742 2930 1782 ι
2975 1743 3243 1799 daemoniis
3280 1751 3329 1798 et

13 1852 120 1894 sum
154 1854 244 1893 me
273 1837 704 1907 clamitas,quia
723 1839 905 1892 videas
923 1838 1088 1906 digna
1112 1840 1218 1893 tuis
1235 1839 1624 1895 iactisnomina
1658 1844 1701 1905 Β
1730 1859 1831 1897 non
1856 1841 1984 1908 Deo,
2010 1840 2132 1895 deos
2160 1856 2285 1911 quos
2322 1854 2425 1893 non
2473 1847 2751 1905 noverant,
2803 1837 2922 1891 novi
2969 1836 3037 1890 ad
3096 1850 3323 1905 praesens

13 1930 102 1984 tibi
134 1928 426 1999 imposita,
458 1929 546 1983 illa
572 1945 691 1999 qua:
714 1931 824 1998 jam
846 1931 1196 2001 contyrannis
1222 1932 1324 1985 tuis
1352 1932 1627 2001 impOSue-

13 2031 135 2078 runt
164 2022 341 2076 nostri
380 2020 844 2091 prwdecessores,
875 2027 1113 2077 cultores
1145 2020 1244 2078 Dei
1270 2022 1397 2076 vivi.
1434 2023 1626 2080 Petrus

14 2116 203 2172 beatus
228 2118 550 2185 apostolus,
579 2116 777 2183 Sobrii,
805 2116 979 2188 inquit
998 2158 1012 2181 ,
1035 2127 1195 2172 estote
1218 2159 1233 2183 ,
1265 2118 1495 2190 vigilate,
1521 2118 1623 2173 ad-

13 2208 264 2263 versarius
291 2218 318 2246 ⁸
337 2219 503 2264 vester
520 2209 754 2264 diabolus
780 2219 1037 2280 tamquam
1050 2208 1131 2263 leo
1146 2212 1350 2282 rugiens
1361 2212 1623 2276 circumit,

14 2316 253 2369 quazrens.
271 2319 424 2371 quem
447 2312 755 2368 transtoret,
769 2306 851 2355 cui
874 2304 1094 2358 resistite
1107 2305 1243 2370 [irmi
1261 2303 1312 2355 iu
1326 2302 1447 2371 ﬁde,
1459 2304 1625 2358 scien-

14 2406 78 2449 tes
98 2399 193 2450 tias
219 2396 432 2449 easdem
459 2398 722 2468 passiones
751 2396 803 2449 in
834 2397 973 2449 omni
999 2396 1094 2449 hoc
1116 2397 1306 2451 διεσαιο
1322 2399 1625 2466 fraternita-

14 2494 107 2537 tem
139 2497 354 2541 vestram
380 2489 577 2559 perpeti
594 2486 791 2558 (lPetr.
819 2488 962 2558 v,8).
990 2488 1046 2543 Si
1073 2501 1249 2558 putas,
1275 2491 1400 2560 quia
1427 2501 1624 2545 contu-

14 2583 265 2638 meliosus
291 2598 442 2651 sum,
471 2594 753 2654 propterea
786 2583 931 2654 quod
956 2583 1148 2639 audias
1178 2587 1318 2639 mala
1351 2600 1476 2641 esse
1499 2600 1619 2655 quas

14 2676 185 2745 geris,
228 2676 283 2731 in
330 2692 445 2747 quo
478 2677 729 2730 invenior
771 2676 992 2730 diabolo
1035 2679 1296 2733 resistere
1324 2679 1623 2733 secundum

16 2769 245 2846 apostoli
276 2768 656 2838 praeceptutn?
686 2768 829 2823 Ecce
855 2769 1000 2823 enim
1046 2770 1176 2824 vino
1215 2784 1314 2823 suo
1344 2770 1431 2824 hic
1459 2770 1624 2825 draco

17 2862 78 2916 ad
107 2879 326 2918 omttem
359 2872 415 2917 te
445 2863 744 2931 perducens
773 2862 1096 2916 ebrietatem
1116 2903 1130 2927 ,
1159 2862 1390 2916 immisit
1416 2862 1469 2917 in
1500 2878 1621 2917 om-

21 2970 137 3009 nem
173 2956 264 3010 Dei
297 2970 545 3026 gregem,
580 2965 636 3008 ut
665 2962 892 3008 cunctos
914 2993 929 3018 ,
976 2964 1068 3006 tuo
1097 2953 1264 3022 regali
1294 2968 1423 3008 usus
1444 2936 1622 3008 admi;

22 3050 217 3117 niculo,
242 3050 389 3105 sicut
412 3051 527 3119 ipse
546 3063 631 3114 es,
658 3046 863 3102 eilicias
883 3046 1095 3102 ebrios:
1121 3049 1222 3102 hoc
1247 3057 1348 3113 est,
1377 3048 1627 3115 insanos,

25 3145 278 3201 vecordes
314 3147 731 3213 dementesque.
762 3142 841 3198 Te
867 3142 1071 3197 etenim
1100 3143 1221 3211 quis
1255 3142 1323 3197 de
1352 3141 1620 3198 Sodomo-

1728 1943 2005 2001 venerunt,
2045 1950 2173 2004 quos
2202 1932 2493 1987 nesciebant
2520 1940 2689 2001 patres
2713 1931 2969 2001 ipsorum.
3023 1928 3189 1983 Deum
3235 1927 3326 1997 qui

1729 2040 1778 2082 te
1795 2028 1970 2100 genuit
1990 2067 2004 2089 ,
2033 2025 2350 2096 dereliquisti
2370 2065 2384 2086 ,
2417 2033 2464 2078 et
2506 2023 2694 2078 oblitus
2737 2039 2788 2076 es
2818 2020 2987 2076 Deum
3012 2022 3229 2075 alentem
3253 2029 3323 2075 te.

1725 2120 1818 2177 Sic
1851 2130 1904 2175 te
1931 2131 1987 2175 ιιι
2011 2118 2235 2174 Judzeos
2260 2117 2621 2186 dereliquisse
2650 2117 2849 2181 Deum,
2882 2122 2938 2169 et
2958 2112 3328 2167 idololatriarn

1726 2223 1974 2270 secutum
2008 2211 2198 2282 probat
2225 2209 2443 2282 quidem
2468 2208 2693 2279 perﬁdia
2722 2219 2811 2261 tua
2835 2222 2998 2277 quam
3032 2203 3326 2275 praedicas.

1726 2307 1839 2364 Sed
1864 2321 2006 2361 nunc
2035 2305 2102 2359 ad
2130 2304 2235 2360 hoc
2259 2315 2311 2359 te
2335 2304 2512 2358 solum
2542 2302 2846 2358 arbitratus
2868 2315 2989 2355 sum
3022 2298 3327 2369 perducen-

1725 2400 1886 2465 dum,
1942 2407 2000 2454 ttt
2028 2399 2247 2454 videres
2285 2412 2389 2451 non
2429 2410 2554 2452 esse
2590 2408 2725 2461 nos,
2764 2393 2890 2462 quia
2922 2390 3065 2463 quod
3096 2391 3173 2445 sis
3211 2388 3316 2445 tibi

1726 2493 1934 2559 dicam,
1967 2492 2264 2563 injuriosos
2334 2489 2641 2559 petulantes
2673 2496 2839 2557 atque
2869 2485 3139 2555 superbos
3160 2524 3176 2547 ,
3227 2482 3325 2539 sed

1726 2603 1949 2645 veraces
1976 2630 1989 2652 ,
2014 2588 2108 2643 sed
2131 2593 2327 2656 praeter
2348 2584 2514 2638 Deum
2547 2582 2801 2636 timentes
2824 2580 3121 2636 neminem.
3145 2576 3315 2634 Joan-

1725 2698 1823 2739 nes
1836 2680 2188 2738 beatissimus
2200 2672 2807 2745 apostolus,CItarissimi
2829 2671 3137 2737 nolite,cum
3164 2668 3322 2737 dicit,

1727 2777 1867 2831 omni
1894 2775 2101 2844 spiritui
2122 2771 2361 2836 credere,
2383 2768 2473 2824 sed
2504 2768 2715 2838 probate
2742 2767 2959 2837 spiritus
3015 2765 3061 2818 si
3109 2780 3174 2819 ea:
3204 2762 3312 2817 Deo

1725 2879 1881 2935 sunt,
1909 2863 2310 2939 quoniammulti
2338 2858 2797 2934 pseudopmphette
2823 2859 3057 2913 exierunt
3078 2866 3102 2903 ις
3153 2855 3195 2918 tl
3214 2855 3309 2910 Jo.

1726 2979 1799 3029 tv,
1828 2963 1894 3033 1)
1931 2980 1945 3017 :
1977 2970 2033 3017 ιιι
2065 2960 2199 3017 mihi
2222 2973 2363 3014 unus
2392 2970 2516 3013 esse
2555 2971 2622 3011 ex
2680 2953 2762 3009 bis
2814 2950 3323 3023 pseudoprophetis

1726 3053 2014 3111 manifeste
2052 3052 2290 3114 videris,
2338 3048 2609 3119 siquidem
2668 3044 2917 3116 negando
2974 3043 3066 3098 Dei
3096 3042 3321 3097 unicum

1726 3146 1960 3210 Filium,
1995 3159 2102 3199 non
2130 3154 2184 3198 te
2212 3141 2413 3196 habere
2456 3140 2557 3194 nisi
2609 3136 2918 3192 antichristi
2963 3134 3215 3205 spiritum
3266 3133 3321 3188 in

24 3254 134 3294 rum
166 3242 300 3306 vile,
329 3240 404 3295 de
444 3254 602 3293 vmea
635 3236 956 3294 Gomorrha:
1001 3238 1081 3292 sic
1111 3236 1280 3292 ellicit
1307 3235 1537 3301 ebrium,
1569 3246 1628 3292 ut

1773 3258 1829 3297 re
1858 3251 1950 3295 tuo
1977 3238 2242 3307 sacrilego
2264 3234 2547 3290 declares:
2578 3232 2704 3286 hinc
2733 3230 2998 3295 cilicitur,
3022 3237 3077 3282 ut
3110 3240 3209 3281 nec
3231 3240 3328 3279 au-

26 3342 182 3390 temet
211 3334 541 3389 ioruicatmn
567 3374 582 3398 ,
616 3330 780 3386 siculi
816 3338 944 3385 sunt
987 3330 1243 3384 fornicati
1268 3328 1441 3385 Judaei
1468 3369 1483 3394 ,
1516 3344 1621 3384 non

26 3425 267 3481 videres?
295 3426 352 3481 lu
386 3441 515 3496 quo,
548 3425 795 3496 inquam,
826 3423 1144 3479 resistemus
1171 3423 1408 3488 diabolo,
1433 3424 1481 3478 si
1504 3424 1623 3491 tibi,

28 3536 123 3593 per
144 3539 300 3594 quem
331 3526 401 3578 ad
442 3539 541 3579 nos
572 3523 997 3578 transvorandos
1025 3529 1200 3601 semet
1227 3516 1492 3583 armarit,
1519 3531 1626 3572 non

30 3615 159 3670 itum
188 3616 359 3672 fuerit
386 3616 646 3671 obviam?
676 3615 722 3670 si
752 3631 860 3670 non
895 3615 990 3669 tibi
1020 3613 1182 3668 fuerit
1226 3611 1433 3666 dictum
1480 3624 1508 3661 a
1534 3623 1626 3664 so-

30 3709 155 3765 briis
167 3711 337 3777 ebrio,
363 3726 393 3764 a
418 3710 718 3781 sospitibus
743 3724 912 3781 aegro,
938 3708 1008 3763 ab
1031 3708 1256 3778 integris
1279 3705 1625 3772 vttluerato,a

30 3805 514 3869 videntibuscteco,
534 3805 850 3859 astantibus
870 3804 1071 3870 eliso,a
1096 3801 1402 3874 piisimpio,
1427 3800 1628 3855 abovi-

32 3897 123 3952 bus
144 3900 230 3953 Dei
259 3901 443 3970 rapaci
459 3899 605 3969 lupo.
622 3914 649 3951 a
666 3899 1067 3970 benignissimis
1085 3897 1627 3967 misericordiamque

38 3989 376 4061 diligentibus
391 3991 598 4045 crudeli
620 3991 886 4057 carniﬁci,
913 4004 1058 4045 saevo
1085 3989 1391 4055 homicidae,
1408 4005 1435 4043 a
1459 3991 1625 4045 Deum

33 4083 442 4139 clariﬁcanttbus
456 4082 793 4152 hlasltltemo,
809 4098 838 4137 a
852 4081 1156 4137 cultoribus
1174 4083 1266 4136 Dei
1285 4083 1579 4152 sacrilego,
1595 4097 1625 4136 a

34 4172 347 4232 Christianis
371 4177 633 4231 haeretici)
655 4177 890 4241 Ariano,
914 4177 957 4229 si
982 4191 1087 4229 nun
1108 4176 1203 4230 tibi
1236 4173 1394 4230 fuerit
1423 4175 1627 4230 dictum

38 4286 63 4324 a
83 4272 227 4326 nobis
246 4295 259 4326 :
278 4270 522 4337 Discede,
540 4272 772 4325 minister
797 4269 1081 4323 adversarii
1099 4270 1282 4334 nostri,
1300 4271 1367 4322 da
1384 4268 1627 4322 honorem

38 4362 179 4421 Deo?
205 4366 259 4422 ln
287 4383 396 4437 quo
424 4367 745 4422 resistemus
772 4363 1013 4431 diabolo,
1043 4364 1086 4417 si
1117 4364 1210 4418 tibi
1242 4363 1542 4417 voluntatis
1564 4362 1629 4416 il-

39 4457 133 4515 lius
156 4474 365 4530 sageuaa
398 4459 806 4532 pepercerimus
827 4500 841 4524 ,
885 4459 930 4512 si
960 4474 1067 4512 non
1098 4457 1365 4512 universis
1393 4456 1630 4511 ebrietas

40 4558 143 4616 tua,
172 4554 269 4609 lmc
296 4562 379 4610 est
406 4554 632 4617 insania,
669 4550 833 4606 fuerit
858 4552 1158 4614 declarata,
1188 4549 1232 4604 si
1258 4550 1493 4619 denique
1520 4563 1626 4605 non

1728 3336 1851 3391 dire
1887 3333 2064 3404 possis
2092 3345 2191 3385 nos
2217 3329 2506 3399 loquentes
2532 3324 2601 3379 de
2627 3324 2809 3378 divina
2841 3319 3153 3376 aeternitate
3180 3316 3328 3377 unici

1727 3427 1851 3484 Filii
1893 3425 1987 3481 Dei
2014 3466 2030 3490 ,
2055 3421 2326 3494 siquidem
2358 3419 2584 3489 spiritus
2614 3415 2707 3469 ille
2728 3413 2819 3483 qui
2846 3414 2899 3467 in
2933 3421 2985 3466 te
3013 3421 3200 3465 manet
3221 3424 3288 3463 an
3310 3439 3324 3449 -

1727 3519 1959 3577 tichristi
1984 3532 2094 3573 non
2125 3514 2295 3587 possit
2318 3512 2592 3567 sustinere
2616 3553 2630 3576 ,
2654 3517 2711 3564 et
2732 3507 2867 3563 nolit
2894 3520 2953 3560 se
2974 3520 3042 3561 ex
3071 3513 3125 3558 te
3166 3502 3329 3574 pelli,

1727 3623 1822 3678 sed
1860 3622 1934 3676 sit
1956 3618 2185 3688 cupiens
2222 3630 2289 3671 eo
2325 3629 2499 3683 usque
2529 3612 2582 3667 in
2625 3618 2679 3665 te
2710 3608 3011 3663 mansitare
3032 3646 3047 3668 ,
3075 3604 3249 3660 donec
3272 3613 3327 3661 te

1728 3723 1909 3779 videat
1926 3719 1992 3775 ad
2017 3718 2105 3774 illa
2136 3726 2350 3784 raptum
2379 3715 2498 3768 loca
2522 3753 2537 3780 ,
2561 3710 2616 3766 in
2647 3707 2844 3781 quibus
2868 3706 2987 3776 ipse
3013 3706 3085 3760 sit
3114 3704 3167 3758 in
3198 3718 3325 3773 per.

1727 3833 1951 3897 petuum
1975 3820 2187 3876 futurus
2214 3836 2228 3872 :
2251 3816 2401 3872 dolet
2430 3814 2576 3867 enim
2598 3822 2650 3867 te
2678 3819 2785 3864 tam
2820 3805 3203 3862 ﬁdelissimum
3231 3802 3328 3858 de-

1729 3927 1913 3983 licium
1943 3921 1973 3960 δ
2003 3937 2199 3986 suum,
2233 3928 2283 3973 te
2310 3915 2561 3972 omnibus
2580 3909 2875 3968 desideriis
2898 3910 3013 3964 suis
3042 3916 3330 3979 parentem

1729 4044 1795 4084 ex
1828 4042 1887 4082 se
1917 4023 2074 4094 eripi.
2104 4020 2445 4085 Charissimi,
2477 4015 2687 4087 inquit,
2738 4013 2902 4068 nolite
2951 4012 3089 4066 omni
3119 4008 3332 4079 spiritui

1728 4128 1962 4192 credere,
1994 4124 2085 4178 sed
2111 4124 2322 4191 probate
2344 4118 2560 4191 spiritus
2581 4117 2709 4170 sica:
2735 4112 2842 4167 Deo
2874 4122 2994 4165 sunt
3028 4127 3047 4165 :
3081 4108 3328 4179 quoniam

1729 4228 1880 4283 multi
1909 4222 2376 4298 pseudopmplteta:
2396 4219 2633 4272 exierunt
2680 4214 2736 4267 in
2767 4212 2958 4266 strculo
3011 4208 3054 4263 ί.
3107 4207 3195 4262 Ea:
3232 4206 3331 4259 hoc

1730 4327 2002 4395 intelligite
2030 4324 2043 4374 i
2082 4324 2324 4395 spiritum
2352 4318 2466 4371 Dei.
2493 4315 2675 4369 Omnis
2697 4313 2911 4384 spiritus
2932 4355 2946 4377 ,
2982 4310 3072 4383 qui
3112 4308 3330 4377 con/ite-

1730 4446 1817 4492 tur
1834 4436 2014 4490 Iesum
2039 4431 2298 4489 Christum
2328 4429 2380 4480 in
2402 4442 2555 4481 carne
2600 4426 2794 4478 venisse
2817 4463 2832 4487 ,
2882 4438 2944 4477 ea:
2994 4419 3104 4476 Deo
3131 4428 3223 4474 est.
3260 4416 3329 4471 Et

1732 4538 1899 4593 omnis
1928 4534 2141 4605 spiritus
2160 4570 2175 4594 ,
2207 4531 2294 4600 qui
2320 4525 2344 4563 ¹ί
2371 4525 2587 4580 destruit
2631 4524 2810 4578 Jesum
2828 4564 2841 4587 ,
2885 4538 2949 4576 ea:
2977 4521 3088 4577 Deo
3115 4537 3215 4575 non
3233 4530 3328 4587 est,

41 4659 127 4714 per
150 4648 198 4701 id
227 4649 368 4719 quod
410 4650 568 4705 saevis
605 4647 893 4702 adversum
949 4660 1046 4701 nos
1088 4644 1257 4700 fueris
1302 4644 1449 4699 omni
1497 4644 1616 4698 orbi
1644 4633 1696 4693 Ι)
1720 4651 1766 4697 et
1783 4635 1917 4695 hoc]
1947 4632 2175 4702 estquod
2203 4640 2273 4686 est
2299 4624 2821 4701 autichristi(lbid.).
2848 4624 2915 4681 Et
2938 4623 3079 4681 infra
3110 4621 3248 4679 :Isti
3270 4624 3334 4678 de

106 4797 131 4825 ⁸
166 4790 345 4845 Sabat.
396 4792 534 4859 Quia
561 4792 912 4853 adversarius,
961 4790 1031 4843 ct'
1052 4788 1266 4850 circuit,
1309 4797 1360 4841 et
1398 4786 1624 4859 devoret.

45 4855 139 4913 Sed
166 4860 240 4917 ὅτι
260 4864 378 4930 quia
400 4855 555 4917 abest
575 4879 603 4916 a
632 4863 950 4930 quibusdam
978 4875 1109 4915 mss.
1139 4867 1196 4913 ut
1225 4863 1276 4913 in
1298 4867 1478 4912 nostra
1494 4857 1627 4930 t-dit.

111 4931 135 4968 δ
167 4929 343 4996 Natio,
374 4943 430 4988 ιιι
458 4935 510 4987 in
538 4929 668 4988 mss.
703 4934 942 5002 pluribus
968 4934 1108 5000 apud
1133 4930 1330 5002 Sabat.
1350 4930 1438 5002 qui
1458 4929 1630 5002 aliter

52 5015 107 5055 ac
134 5019 225 5057 nos
255 5008 377 5075 legit
410 5007 536 5059 ltic:
573 4999 921 5058 Peccauerunt
968 4999 1032 5065 ei,
1066 5013 1247 5075 etnon
1276 5000 1372 5071 ﬁlii
1418 5000 1531 5069 ejus
1576 4999 1630 5052 in

51 5075 284 5147 sordibus,
308 5072 593 5147 generatio.
619 5088 725 5130 etc.
759 5075 1060 5147 Generatio.
1090 5072 1249 5147 vers.
1278 5078 1405 5147 Ant.

120 5156 161 5217 °A
185 5142 332 5200 Cum'
358 5164 488 5201 mss.
537 5148 754 5202 iisdem.
790 5146 1027 5217 Populus
1071 5142 1279 5217 stultus.
1312 5142 1467 5217 Vers.
1502 5142 1629 5194 Aul.

53 5210 221 5270 Variat
244 5219 602 5281 Sabatierius;
624 5210 1107 5272 Haeccine'Domiuo
1134 5216 1308 5267 reddis
1334 5213 1504 5282 plebs,
1524 5222 1629 5267 etc.

116 5283 140 5323 ά
172 5287 232 5341 Et
263 5290 499 5360 impletus
548 5298 662 5354 est,
711 5300 758 5341 et
806 5286 1251 5360 recalcitravit....
1286 5284 1636 5360 impinguatus

54 5367 139 5419 est,
165 5370 207 5411 et
236 5353 557 5424 incrassavit,
607 5370 654 5413 et
692 5360 982 5412 dilatus....
1035 5358 1252 5408 salutari
1306 5353 1422 5409 suo.
1454 5353 1633 5408 ‘Vet's.

53 5426 166 5499 Δᾼτιι.
193 5430 358 5485 Lucil.
392 5431 624 5486 Satiatus
652 5440 762 5495 est,
789 5430 1000 5499 pinguis
1026 5430 1193 5499 factus
1218 5435 1323 5499 est,
1367 5441 1487 5479 cum
1522 5440 1623 5479 ms.

54 5494 192 5555 Rem.
224 5500 542 5556 Incrassatus
573 5512 678 5568 est,
708 5494 830 5553 ιιιιιίι
864 5494 968 5553 ms.
1007 5494 1171 5552 Curlt.
1204 5496 1473 5552 Salvatore
1500 5512 1628 5562 suo,

56 5570 391 5650 cum_Grazco,
420 5583 653 5650 σωτῆρος
682 5574 865 5650 αὐξοῦ.

124 5652 143 5677 θ
172 5642 238 5714 Ita
287 5634 415 5698 mss.
467 5634 695 5714 aliquot.
731 5642 807 5714 Et
852 5647 1283 5709 exasperaveruut
1325 5653 1422 5692 me.
1475 5634 1630 5694 Vers.
1668 5644 1675 5655 ‘

56 5709 171 5765 Atil.
203 5713 308 5767 Diis
335 5716 515 5769 alienis
546 5709 694 5769 άιιάἰι
720 5713 907 5769 Saltal.

123 5782 139 5818 ¹
170 5785 691 5851 Sacri/icavcrunt....
711 5784 811 5839 diis
826 5799 1048 5852 quos....
1073 5781 1191 5835 novi
1214 5790 1631 5852 recentesque...

59 5848 394 5914 torumNers.
424 5852 550 5912 Aut.
582 5857 708 5913 Mss.
741 5848 897 5912 Item.
928 5864 982 5910 et
998 5852 1162 5910 Corb.
1195 5853 1342 5918 deos,
1369 5848 1534 5907 Corb.
1564 5851 1634 5903 ad

1734 4796 1957 4852 prwsens
1969 4791 2089 4832 cum
2110 4772 2277 4852 Lucil.
2310 4768 2642 4827 Sabatierius
2659 4769 2815 4822 aliter
2828 4767 2953 4852 legit
2976 4767 3027 4821 in
3043 4764 3294 4821 Lucifero
3316 4783 3330 4820 :

1734 4846 1852 4908 Diis
1876 4865 2101 4919 quos....
2132 4846 2247 4919 novi
2288 4851 2611 4919 recentesque
2635 4850 2920 4919 perierunt,
2950 4855 3076 4919 qu_os
3107 4853 3209 4891 non
3248 4853 3333 4890 co-

1735 4910 2033 4979 luerunt....
2061 4929 2107 4973 et
2134 4918 2319 4970 oblitus
2352 4931 2405 4969 es
2438 4912 2646 4966 Domini
2674 4912 2923 4965 creatoris
2952 4910 3044 4963 ttti.

1810 5004 1834 5040 ις
1870 4989 2295 5045 Dilectissimi....
2328 4987 2450 5055 quia
2598 4984 2833 5036 exierunt
2860 4983 2938 5055 jni
2972 4981 3127 5033 istum
3173 4994 3322 5031 mun-

1737 5067 1879 5120 dum.
1904 5062 2062 5118 Vers.
2098 5063 2226 5116 Attt.
2257 5051 2427 5112 llabet
2451 5057 2554 5109 sint
2582 5071 2678 5124 pro
2705 5065 2823 5109 sunt
2853 5051 3040 5108 Sabat.

1809 5134 1837 5171 ιι
1860 5133 2145 5203 Szngulare
2171 5136 2419 5203 usurpat,
2446 5119 2594 5203 quod
2612 5141 2718 5180 non
2746 5133 2831 5179 est
2862 5124 2913 5203 in
2944 5136 3064 5203 usu,
3093 5136 3189 5191 pro
3208 5119 3329 5189 plu-

1736 5206 1835 5264 rali
1857 5249 1871 5267 ,
1901 5194 2004 5259 tam
2034 5194 2358 5268 ﬁdelissimus
2386 5198 2601 5252 delicias
2630 5212 2788 5261 suas;
2828 5202 2887 5248 ut
2910 5194 3047 5247 alias
3072 5200 3203 5248 ante
3224 5208 3329 5247 sm-

1740 5278 1960 5351 pis‘sitne
1997 5274 2200 5351 dictum
2220 5270 2453 5351 est.-Til.

1814 5348 1830 5387 ί
1866 5349 2129 5403 Sabitier.
2164 5346 2295 5417 legit
2322 5345 2373 5395 in
2402 5340 2668 5417 mundum.
2698 5336 2839 5417 utAin
2861 5333 3019 5417 vers:
3052 5334 3181 5389 Ant.

1812 5422 1826 5471 i
1864 5420 2000 5475 Cum
2014 5406 2549 5489 ϐνωροξγινὼσκιτι.
2576 5410 2729 5465 Vers.
2755 5409 2887 5465 Ant.
2909 5406 2974 5461 In
3000 5407 3098 5461 hoc
3143 5422 3334 5477 cogno-

1736 5494 1897 5549 scitur
1928 5492 2163 5559 spiritus.

1810 5565 1831 5601 ιί
1866 5548 2017 5617 Vers.
2058 5568 2185 5615 Ant.
2215 5559 2318 5628 Qui
2347 5571 2448 5609 non
2477 5549 2955 5628 conﬁteturlesum
2986 5548 3248 5628 Clu-istum
3274 5550 3334 5603 in

1736 5652 1892 5693 carne
1916 5634 2133 5690 venisse.
2166 5622 2510 5686 Lu'ciiercum
2540 5625 2682 5679 lren.
2718 5623 2811 5678 lib.
2833 5636 2913 5687 ιιι,
2939 5634 2990 5676 c.
3018 5622 3107 5687 l6,
3135 5629 3335 5691 praeter

1736 5705 1922 5773 solvit,
1955 5721 2053 5776 pro
2084 5704 2323 5757 destruit.

1816 5777 1835 5816 ι
1868 5761 1970 5833 E'x'
2002 5774 2196 5831 Graeco
2221 5814 2235 5836 ,
2277 5773 2364 5826 καὶ
2387 5769 2539 5843 τοῖιςό
2561 5767 2678 5843 last
2721 5765 2781 5823 τὸ
2825 5761 3333 5843 τρῦλᾼντιχρίστου.

1739 5849 1901 5906 Vers.
1935 5849 2062 5903 Ant.
2096 5857 2222 5898 cum
2245 5843 2427 5899 Sabat.
2457 5839 2522 5896 Et
2551 5839 2631 5893 hic
2660 5850 2733 5893 est
2758 5837 3120 5893 antichristus.
