4042 6338
579 335 685 395 98Ἷ

1658 317 1977 386 ιυῡιινεω
2017 317 2332 384 EPISCOPI
2367 317 2794 382 CALARI'MNI
3708 327 3788 388 ωε

582 455 773 514 strruln
801 463 826 492 ιι
854 459 1004 518 sunt,
1035 458 1304 519 propterea
1317 448 1382 502 de
1398 447 1589 502 stendo
1613 448 1914 518 (contortor,
1942 453 1990 500 et
2010 457 2174 499 saeue
2205 443 2260 506 Α
2279 442 2556 498 revelatus
2581 455 2643 496 es
2675 443 2892 514 inquam
2943 449 2997 496 to
3041 437 3238 511 spiritu
3267 440 3484 496 adverso
3527 441 3651 498 duci.
3690 443 3792 504 luds

581 551 686 604 tum
709 547 856 601 audit
881 559 967 599 eos
991 560 1010 599 :
1039 557 1133 598 nos
1155 542 1183 582 ιι
1205 552 1374 596 autem
1396 557 1462 598 ea:
1481 539 1592 594 Deo
1614 553 1811 594 smus.
1861 540 1964 606 Qui
1991 551 2178 610 εοσηοι

581 642 675 694 scil
702 638 868 693 Deum
892 679 908 705 ,
955 635 1102 690 audit
1128 651 1255 702 nos;
1279 635 1364 704 qui
1385 645 1558 689 nutent
1577 647 1680 688 non
1707 642 1782 687 est
1811 648 1876 686 ea:
1898 630 2032 696 Deo,
2071 646 2176 685 non

580 732 726 788 audit
753 747 864 784 nos.
919 728 1001 783 Ex
1028 728 1126 782 hoc
1165 727 1510 800 intelligimus
1537 727 1780 798 spiritum
1819 724 2078 788 veritatis,
2128 725 2176 776 et

579 825 818 894 spiritum
847 823 1040 877 erroris
1064 819 1229 892 (Ibid.
1265 821 1354 891 5).
1386 819 1606 874 Clarum
1629 823 1746 885 est,
1769 816 2053 876 (Ξουθιιηιὶ
2081 851 2098 882 ,
2123 824 2179 872 to

581 931 704 973 esse
734 914 1042 971 antichristi
1077 920 1387 984 portantem
1421 911 1705 982 spiritum,
1757 919 1810 966 te
1847 909 2044 981 spiritu
2089 908 2176 980 agi

581 1008 808 1065 erroris.
841 1005 994 1060 Sicut
1029 1005 1176 1060 enim
1207 1003 1298 1072 qui
1346 1002 1636 1068 dixerunt,
1693 1015 1802 1056 non
1865 999 2179 1070 suscepisse

581 1103 860 1160 hominem
915 1100 984 1154 de
1018 1107 1178 1153 utero
1219 1097 1390 1152 beate
1418 1093 1661 1164 Virginis
1720 1095 1940 1150 unicum
1974 1091 2176 1148 Filium

583 1195 678 1250 Dei
691 1194 799 1264 .qui
815 1207 922 1264 non
949 1191 1100 1246 illum
1123 1188 1472 1244 crediderunt
1487 1198 1509 1224 ο
1529 1184 2178 1251 incarnatutu,botuinem

577 1287 778 1341 factum
803 1326 817 1349 ,
851 1281 1058 1339 habere
1083 1281 1295 1338 erroris
1324 1289 1644 1334 astruantur
1689 1277 1969 1349 spiritum,
2002 1286 2057 1332 et
2079 1292 2180 1332 an-

583 1379 817 1436 tichristi
843 1382 1250 1444 nuncupantur,
1283 1375 1363 1428 sic
1391 1383 1447 1427 et
1479 1386 1574 1425 vos
1589 1370 1776 1425 Ariani
1799 1385 1924 1424 cum
1953 1370 2176 1424 unicum

587 1473 684 1527 Dei
712 1469 908 1527 Filium
937 1477 1121 1523 natum
1145 1479 1275 1523 vere
1299 1465 1370 1520 de
1398 1464 1559 1520 Patre
1581 1463 1814 1534 negatis,
1851 1462 1955 1518 hoc
1975 1471 2080 1530 est,
2107 1462 2180 1518 de

583 1563 887 1620 substantia
941 1561 1157 1627 Patris,
1197 1571 1386 1613 verum
1446 1557 1600 1612 illum
1641 1570 1769 1610 esse
1810 1553 2006 1610 Filium
2051 1569 2178 1612 cum

577 1658 847 1728 despuitis
871 1663 928 1712 et
955 1669 1174 1725 semper
1203 1653 1354 1708 illum
1377 1667 1500 1708 cum
1533 1652 1695 1708 Patre
1721 1665 1999 1721 regnasse,
2023 1665 2180 1706 num-

579 1765 744 1823 quam
769 1749 966 1804 Filium
1001 1748 1166 1803 fuisse
1195 1747 1321 1812 sine
1347 1746 1540 1811 Patre,
1582 1759 1759 1815 neque
1790 1744 2003 1799 Patrem
2059 1743 2178 1797 sine

2277 547 2362 594 est
2405 537 2642 610 denique
2681 538 2822 608 quod
2852 549 2953 594 nec
2999 539 3391 595 crediderimus
3417 540 3508 596 tibi
3547 542 3718 599 dicenti
3741 547 3791 602 ds

2277 632 2418 688 Filio
2439 675 2454 700 ,
2489 633 2678 687 Factus
2703 641 2778 687 est
2796 647 2862 688 ex
2879 633 3066 688 nihilo.
3092 633 3451 706 Cognovimus
3491 639 3662 692 etenim
3705 639 3791 696 luet

2279 737 2385 780 non
2415 739 2582 796 posse
2613 723 2642 764 ιι
2671 725 2877 793 dicere,
2911 725 3014 782 nisi
3043 727 3518 797 pseudoprophetis
3551 732 3788 800 spiritum,

2279 817 2381 872 nisi
2409 817 2714 872 antichristi
2745 833 3134 887 praecursorem
3161 859 3174 883 ,
3229 819 3332 874 nisi
3377 821 3638 876 satellitem
3668 835 3793 896 atque

2279 910 2453 965 manci
2463 911 2548 980 piu
2559 925 2609 966 m
2626 913 2953 968 dmmormm.
2977 911 3094 967 Non
3121 913 3218 968 tibi
3235 913 3350 968 hrec
3365 915 3556 970 dicenti
3573 918 3792 986 potuimus

2277 1003 2611 1072 credidisse,
2641 1005 3084 1076 quandoquidem
3115 1004 3350 1077 Spiritus
3389 1016 3592 1065 sanctus
3636 1019 3682 1064 et
3719 1027 3793 1080 per

2277 1098 2578 1170 prophetas
2623 1099 2786 1154 fuerit
2825 1100 3041 1156 loeutus
3071 1101 3141 1156 de
3183 1102 3341 1157 unico
3375 1102 3462 1157 Dei
3493 1102 3654 1170 Filio,
3682 1105 3796 1160 illum

2277 1199 2400 1244 esse
2420 1203 2608 1244 verum
2638 1189 2834 1245 Filium
2867 1190 2965 1246 Dei
2985 1233 2999 1259 ,
3019 1191 3172 1246 illum
3197 1201 3458 1247 ueternum
3497 1205 3628 1259 esse,
3648 1204 3694 1249 et
3717 1190 3798 1250 ’ω-

2279 1291 2549 1338 aeternum
2580 1283 2750 1349 Patri,
2781 1297 3075 1354 numquam
3092 1299 3270 1355 neque
3297 1284 3486 1340 Filium
3516 1287 3624 1342 sine
3647 1287 3796 1354 Patre,

2279 1391 2458 1447 neque
2487 1375 2700 1431 Patrem
2727 1375 2898 1432 fuisse
2919 1385 3013 1432 aut
3031 1393 3156 1434 esse
3183 1378 3303 1433 sine
3329 1378 3482 1444 Filio,
3511 1388 3562 1433 et
3579 1379 3701 1434 beati
3713 1380 3798 1435 huc

2280 1468 2470 1523 eadem
2502 1469 2733 1539 apostoli
2757 1453 3078 1525 retulerim:
3108 1470 3374 1540 siquidem
3398 1480 3601 1526 sanctus
3618 1471 3800 1542 Spiritus

2283 1563 2608 1632 paraclctns,
2631 1564 2722 1634 qui
2749 1563 2905 1618 fuerit
2936 1563 2988 1618 in
3019 1563 3302 1634 prophetis
3331 1606 3345 1630 ,
3373 1564 3530 1620 etiam
3559 1565 3606 1618 in
3632 1575 3799 1633 aposto-

2281 1655 2346 1709 lis
2373 1656 2668 1722 manserit,
2696 1655 2788 1726 qui
2819 1663 3042 1711 sanctus
3075 1657 3384 1725 paracletus
3429 1657 3644 1726 Spiritus
3665 1699 3678 1724 ,
3707 1659 3800 1727 quis

2279 1749 2336 1804 in
2359 1748 2454 1805 Dei
2485 1749 2557 1804 sit
2581 1750 2839 1816 ecclesia,
2863 1759 2921 1806 et
2944 1764 3042 1805 vos
3061 1750 3181 1805 sitis
3199 1751 3479 1807 constituti
3505 1760 3640 1806 extra
3663 1753 3801 1807 eccle-

585 1849 726 1904 Filio
759 1861 886 1900 cum
909 1843 1138 1900 credere
1189 1841 1543 1906 detrectatis,
1599 1855 1723 1896 cum
1775 1855 1934 1894 uuam
1979 1839 2180 1896 habere
2212 1834 2258 1894 B
2285 1842 2420 1898 siam
2457 1843 2552 1898 Dei
2583 1885 2598 1910 ,
2653 1858 2778 1898 cum
2809 1859 2918 1900 non
2948 1859 3176 1900 manens
3221 1845 3297 1900 sit
3353 1845 3404 1900 in
3443 1846 3616 1913 vobis,
3659 1847 3804 1916 utique

583 1941 821 2007 Patrem,
865 1948 918 1993 et
950 1937 1167 1992 unicum
1199 1934 1396 1990 Filium
1446 1933 1570 2004 ejus
1619 1932 1878 1988 deitatem
1931 1931 2178 2002 negatis,

583 2034 740 2103 cujus
774 2045 874 2086 vos
904 2031 1099 2100 spiritu
1127 2043 1252 2084 esse
1275 2027 1470 2098 plenos
1496 2025 1860 2082 maniiestatis
1880 2067 1895 2092 ,
1939 2025 2043 2080 nisi
2079 2040 2185 2080 an-

583 2126 859 2184 tichristi?
887 2123 1001 2179 Non
1021 2124 1225 2177 etenim
1252 2129 1433 2192 potest
1454 2119 1640 2176 dicere
1661 2120 1759 2174 Dei
1787 2113 2184 2189 habens’spiri-

583 2230 696 2275 tttm
721 2260 735 2283 ,
769 2216 898 2271 Erat
925 2215 1134 2286 quando
1160 2229 1262 2268 non
1292 2223 1433 2277 erat,
1465 2221 1516 2266 et
1554 2216 1726 2282 factus
1763 2221 1838 2266 est
1873 2227 1936 2266 ea:
1975 2211 2178 2279 nihilo,

585 2313 654 2368 de
679 2309 841 2366 unico
870 2309 962 2364 Dei
988 2307 1128 2363 Filio
1149 2347 1162 2372 ,
1199 2321 1319 2360 cum
1347 2305 1499 2360 illum
1516 2305 1636 2360 sine
1659 2303 1814 2359 initio
1839 2305 2028 2359 credat
2059 2317 2180 2359 cum

589 2404 750 2460 Patre
769 2415 1062 2474 regnasse,
1089 2409 1146 2455 et
1167 2409 1514 2469 regnaturum
1543 2400 1662 2454 sine
1689 2399 1822 2454 ilno.
1855 2399 2041 2469 Itaque
2059 2412 2182 2453 cum

584 2496 612 2534 ἀ
643 2513 747 2552 non
779 2511 906 2552 esse
931 2494 1080 2550 illum
1113 2506 1304 2548 verum
1341 2492 1432 2546 Dei
1460 2489 1657 2546 Filium
1685 2490 1868 2544 dicitis
1889 2532 1905 2556 ,
1934 2505 2058 2546 cunt
2082 2489 2182 2545 de-

588 2591 751 2660 nique
768 2589 1040 2658 ὁμοούσιον
1063 2593 1137 2655 τῷ
1165 2587 1324 2660 πατρὶ
1348 2625 1362 2644 .
1411 2582 1556 2653 quod
1587 2583 1774 2637 dicunt
1811 2581 1987 2638 Graeci
2009 2623 2025 2649 ,
2083 2596 2184 2639 nos

586 2700 721 2740 vero
752 2683 981 2737 Romani
1015 2689 1040 2718 °
1065 2679 1300 2735 dicimus
1320 2677 1472 2730 unius
1493 2677 1798 2732 substantiae
1831 2691 1950 2730 cum
1991 2675 2180 2744 Patre,

583 2778 738 2833 illum
770 2789 894 2831 esse
914 2774 1201 2829 destruere
1231 2771 1492 2836 tcntatis,
1546 2770 1731 2840 utique
1759 2777 1814 2824 et
1839 2782 1940 2823 vos
1977 2769 2045 2824 de
2073 2770 2184 2827 iliis

584 2884 706 2926 esse
738 2865 1229 2938 pseudoprophetis
1248 2906 1264 2931 ,
1293 2873 1348 2918 et
1380 2863 1524 2918 inter
1543 2860 1901 2918 antichristus
1923 2876 2180 2932 pronum.

585 2963 736 3017 tiatis
755 2959 794 3014 τ.
823 2961 941 3016 Non
975 2974 1061 3013 me
1085 2957 1255 3013 debes
1283 2955 1746 3010 contumeliosum
1757 2953 2029 3023 judicare,
2051 2954 2182 3024 quia

585 3056 763 3111 dicam
799 3063 849 3108 te
873 3051 1154 3107 immundo
1177 3049 1367 3120 spiritu
1395 3049 1514 3118 agi,
1555 3048 1647 3117 qui
1704 3046 1884 3102 dicam
1947 3057 2001 3102 te
2031 3047 2184 3102 unti-

577 3145 768 3203 christi
801 3157 1230 3214 przecursorem;
1279 3154 1342 3194 os
1363 3142 1568 3194 etenim
1599 3143 1751 3193 tuum
1798 3145 1852 3192 te
1889 3137 1994 3194 hoc
2043 3147 2173 3194 esse

583 3242 820 3306 revelat,
845 3253 1018 3309 neque
1041 3235 1187 3293 enim
1211 3233 1682 3302 habensspiritum
1707 3230 1806 3288 Dei
1832 3231 2028 3302 poterit
2047 3231 2176 3287 talia
2203 3215 2251 3280 C

583 3337 864 3392 adstruere
892 3349 1012 3405 quae
1033 3346 1129 3387 vos
1160 3329 1406 3384 asseritis
1433 3328 1646 3392 Ariani,
1672 3327 1960 3380 autcuucti
1996 3327 2178 3382 varia-

583 3445 700 3484 l‘llm
730 3440 753 3474 κ
785 3438 1054 3484 sectarum
1079 3423 1248 3480 vestri
1265 3437 1480 3494 quoque
1505 3420 1774 3475 hmretiei.
1807 3419 1983 3489 Negas
2011 3420 2178 3476 Deum

579 3545 769 3584 vermu
801 3526 1004 3583 habere
1031 3526 1250 3590 Filium,
1272 3524 1410 3578 dicis
1443 3523 1594 3577 illttm
1621 3535 1745 3577 esse
1773 3522 2093 3590 adoptivum
2125 3522 2178 3588 ιι,

583 3631 638 3676 et
684 3623 897 3690 judicus
955 3635 1024 3674 ne
1059 3618 1077 3656 ί
1107 3633 1213 3672 non
1263 3617 1634 3680 intellectum,
1677 3614 1822 3685 quod
1863 3614 2008 3669 enim
2033 3627 2178 3671 unus

577 3714 659 3768 sis
680 3731 744 3768 ex
770 3716 872 3768 illis
899 3710 1233 3767 unticltristis
1263 3724 1361 3763 ore
1409 3707 1815 3778 pronuntiantis
1850 3709 1863 3758 l
1898 3705 2124 3764 Joannis
2153 3723 2171 3764 t

662 3885 688 3913 σι
720 3875 940 3940 Mundo,
976 3881 1031 3930 et
1083 3874 1307 3926 mundus
1328 3870 1470 3938 apud
1498 3870 1686 3928 Sabat.
1719 3879 1779 3926 ttt
1830 3867 1988 3926 Vers.
2039 3865 2167 3923 Ant.

591 3947 661 4002 Hi
691 3949 755 4000 de
780 3944 970 3998 mundo
996 3954 1117 3998 sunt
1146 3959 1164 3998 :
1193 3944 1307 3997 ideo
1328 3985 1342 4005 ,
1374 3951 1480 3997 etc.

662 4017 688 4056 ι)
723 4018 872 4074 Vers.
907 4016 1034 4070 Aut.
1065 4013 1178 4068 Nos
1204 4029 1266 4068 ea:
1295 4013 1424 4068 Deo.
1459 4053 1472 4068 .
1507 4053 1520 4066 .
1552 4049 1566 4068 .
1612 4011 1749 4066 novit
1776 4010 1942 4066 Deum
2085 4010 2175 4081 qui

585 4106 690 4145 non
719 4098 885 4144 est....
915 4087 1268 4157 cognoscimus
1296 4086 1533 4152 spiritum
1560 4083 1786 4157 veritatis
1814 4094 1859 4136 et
1890 4083 2099 4157 erroris.

662 4174 684 4200 ο
715 4162 858 4216 Duas
885 4160 935 4214 in
967 4149 1172 4211 classes
1199 4149 1516 4210 dividuntur
1546 4153 1786 4208 luet-elici
1815 4194 1828 4217 ,
1882 4154 1972 4222 qui
2003 4149 2174 4206 Deum

590 4232 827 4287 Verbum
853 4275 866 4293 .
899 4240 954 4285 et
986 4229 1177 4284 Filium
1209 4227 1304 4280 Dei
1333 4227 1606 4282 hominem
1637 4224 1839 4280 factum
1863 4239 1987 4279 esse
2010 4239 2175 4294 nega-

588 4304 717 4359 bant
742 4320 756 4368 ;
783 4304 876 4358 alii
899 4303 1046 4358 enim
1078 4300 1275 4355 nullam
1312 4301 1524 4368 penitus
1553 4297 1788 4352 hominis
1829 4311 1949 4351 cum
1998 4295 2173 4368 Verbo

587 4367 1030 4446 coniunctionem
1063 4368 1503 4446 fuissearbitrati
1532 4377 1967 4446 s_unt_,_-q.uo‘rum
2024 4367 2174 4446 priu-

589 4433 738 4512 cipés
763 4446 1069 4500 Photiniuni
1093 4486 1105 4507 ,
1133 4451 1187 4497 et
1219 4442 1558 4496 Samosateui
1585 4457 1599 4505 ;
1629 4433 1724 4512 alii
1758 4433 2065 4512 ludicram,
2112 4445 2174 4512 ret

2283 1937 2594 2009 probaniini
2623 1939 2928 1996 antichristi
2955 1955 3054 1997 vos
3079 1941 3290 1997 habere
3309 1941 3586 2012 spiritum;
3621 1943 3697 2012 qui
3727 1943 3800 1996 int-

2285 2031 2519 2086 mnndus
2548 2032 2805 2101 spiritus,
2841 2047 2908 2089 ne
2936 2031 3053 2088 haec
3091 2045 3215 2104 quas
3257 2034 3548 2104 ingerimus
3588 2033 3798 2100 videatis,

2281 2122 2447 2178 corda
2511 2121 2766 2177 heretica
2809 2134 2992 2178 vestra
3037 2123 3282 2180 tenebris
3341 2123 3564 2179 olfundit
3611 2133 3803 2179 errorum

2287 2218 2307 2258 1
2333 2220 2563 2290 caligine
2585 2233 2730 2275 cmca
2748 2261 2764 2287 ,
2799 2233 2866 2274 ne
2880 2221 3094 2276 scilicet
3113 2236 3179 2276 ex
3203 2219 3325 2290 ejus
3340 2221 3564 2292 possetis
3584 2233 3804 2290 emergere

2283 2313 2513 2383 laqueis.
2544 2311 2766 2367 Judicas
2820 2327 2921 2367 nos
2963 2325 3090 2367 esse
3131 2313 3589 2378 contumeliosos,
3631 2313 3730 2381 quia
3765 2319 3805 2366 ts

2284 2405 2497 2475 qualem
2525 2419 2649 2461 esse
2673 2403 2920 2459 videmus
2933 2405 3373 2474 pronuntiemus.
3403 2392 3537 2459 Ecce
3563 2403 3804 2458 etiamsunt

2283 2499 2338 2553 in
2359 2498 2643 2570 evangelio
2661 2501 2796 2555 κατὰ
2825 2509 2864 2534 ιη
2893 2499 3204 2553 Μειιιιιωυηι
3238 2499 3446 2555 dixisse
3471 2498 3724 2552 Dominum
3745 2498 3804 2550 in-

2283 2592 2446 2646 venio
2475 2609 2488 2644 :
2521 2590 2656 2644 Ecce
2677 2606 2770 2662 ego
2797 2591 2941 2643 mitto
2964 2605 3051 2645 eos
3078 2632 3092 2656 ,
3133 2592 3263 2645 sicut
3309 2607 3429 2644 oues
3473 2591 3600 2644 inter
3631 2598 3660 2626 ιι
3695 2591 3807 2659 lupos

2285 2682 2502 2754 (Matth.
2539 2698 2568 2736 κ
2591 2725 2606 2750 ,
2633 2681 2737 2753 16)
2763 2699 2777 2748 ;
2811 2695 2866 2737 ιιι
2895 2681 3022 2738 mihi
3046 2697 3171 2738 esse
3191 2698 3339 2737 unus
3361 2697 3426 2738 ex
3472 2683 3574 2737 illis
3615 2682 3730 2751 lupis
3752 2681 3809 2734 rl-

2283 2775 2462 2841 deris,
2495 2785 2549 2831 et
2575 2775 2790 2846 quidem
2825 2775 3066 2830 omnium
3101 2775 3360 2844 luporum
3393 2784 3570 2830 contra
3597 2773 3680 2830 Dei
3716 2787 3808 2842 gre-

2284 2885 2402 2940 gem
2435 2871 2760 2941 rogitantium
2792 2869 3001 2925 rabiem
3033 2870 3085 2925 in
3113 2884 3275 2940 quem
3303 2869 3518 2926 videam
3539 2877 3806 2938 congestam.

2285 2964 2416 3028 Quis
2441 2961 2643 3017 etenim
2675 2961 2770 3017 Dei
2796 2961 2938 3017 unici
2968 2961 3088 3017 Filii
3117 2972 3350 3032 negator
3368 2975 3474 3016 non
3495 2960 3714 3032 gaudeat,
3732 2971 3810 3014 non

2285 3069 2396 3124 prie
2419 3070 2479 3110 se
2501 3055 2639 3110 lerat
2663 3097 2680 3123 ,
2705 3069 2828 3110 cum
2858 3054 3042 3110 videat
3072 3056 3151 3108 sic
3181 3066 3233 3110 te
3257 3055 3461 3109 Christi
3489 3053 3809 3124 depopulatum

2283 3163 2502 3220 gregem
2529 3148 2556 3202 ?
2583 3147 2668 3202 Es
2693 3149 2798 3204 illis
2818 3163 3035 3220 quoque
3059 3163 3222 3202 unum
3247 3157 3301 3204 te
3333 3149 3535 3219 aecipio
3561 3144 3810 3212 incredulis,

2283 3255 2350 3296 ex
2378 3241 2488 3295 illis
2511 3239 2738 3312 perﬁdis
2763 3281 2776 3306 ,
2809 3240 2876 3294 ad
2897 3253 3039 3310 quos
3060 3240 3262 3294 dicitur
3292 3258 3310 3296 :
3356 3239 3624 3312 Progenies
3659 3239 3811 3308 ripas-

2285 3351 2434 3400 rum,
2457 3334 2716 3405 quomodo
2737 3335 2946 3404 potestis
2969 3341 2995 3371 ο
3015 3349 3132 3402 quae
3150 3333 3284 3387 bona
3307 3344 3429 3388 sunt
3457 3333 3607 3396 loqui,
3629 3330 3813 3386 consitis

2281 3429 2404 3484 mali
2425 3431 2450 3484 1
2470 3445 2588 3483 nam
2612 3445 2674 3483 ea:
2693 3428 2979 3482 abundanti
3003 3427 3158 3482 corde
3176 3429 3526 3498 unusquisque
3552 3426 3746 3496 loquitur
3765 3421 3811 3475 de

2281 3535 2369 3575 ore
2396 3535 2513 3575 suo.
2545 3520 2719 3575 Bonus
2739 3520 2893 3594 homo
2915 3519 2983 3574 de
3013 3521 3148 3574 bono
3177 3518 3429 3574 thesauro
3451 3514 3626 3573 eniittit
3645 3527 3667 3566 Ρ
3685 3518 3811 3580 bons,

2281 3623 2329 3669 ct
2345 3615 2518 3670 malus
2531 3615 2685 3670 homo
2706 3615 2771 3669 de
2791 3615 2930 3670 malo
2959 3615 3202 3669 thesauro
3245 3616 3446 3684 profert
3499 3616 3629 3668 mala
3649 3612 3671 3684 (
3688 3609 3810 3670 μαι,

2282 3705 2546 3779 κιι,ὅ4).
2595 3708 2652 3763 Si
2699 3708 2838 3763 bona
2865 3717 3029 3775 sunt,
3073 3708 3399 3776 Constanti,
3444 3721 3564 3778 qua:
3591 3703 3808 3774 loqueris.

2278 3869 2549 3940 rationem
2570 3883 2937 3940 oppugnasse.

2354 3939 2372 3978 τ
2402 3939 2765 4024 pronuntiatis
2789 3956 2912 3996 cum
2933 3939 3135 3997 Poncio
3161 3950 3215 3997 et
3253 3939 3505 3998 Galland.
3529 3939 3681 3995 Antea
3717 3949 3805 4007 pro-

2279 4022 2537 4066 nuntiari.

2349 4093 2375 4130 ε
2399 4083 2460 4138 In
2497 4084 2678 4152 plures
2701 4083 2846 4137 euittt
2869 4091 3051 4138 sectas
3079 4083 3256 4138 divisa
3279 4083 3382 4139 fuit
3400 4084 3594 4138 Ariona
3617 4075 3812 4152 ιιαοεὶςν

2276 4169 2399 4224 quin
2422 4150 2614 4210 omnes
2657 4155 2726 4208 tle
2776 4154 2976 4210 Christi
3026 4155 3311 4210 divinitate
3353 4156 3498 4210 male
3525 4150 3810 4224 lsentiebattt-

2280 4223 2389 4298 ﬂas
2416 4235 2667 4298 recenset
2694 4225 2948 4281 Petavius
2979 4226 3074 4298 lib.
3108 4243 3142 4279 I.
3174 4226 3240 4298 de
3263 4227 3415 4281 Trin.
3451 4223 3667 4298 ratio.
3745 4287 3774 4298 _
3803 4286 3812 4298 υ

2352 4294 2380 4332 h
2412 4295 2642 4363 Ariani,
2685 4300 2979 4368 caeterique
3021 4297 3304 4363 haeretici,
3364 4298 3456 4368 qui
3519 4287 3700 4352 'Filium
3745 4287 3814 4342 Dei

2279 4367 2550 4441 ὁμοούσ-ιρῂυ
2577 4377 2844 4441 negarunt
2861 4409 2876 4433 ,
2893 4367 3137 4438 vereque
3155 4367 3404 4438 genitum
3425 4410 3439 4434 ,
3471 4369 3814 4441 prorsuspatI-

2279 4434 2450 4495 ralem
2479 4434 2659 4494 lilium
2675 4440 3016 4496 abstulerant
3036 4434 3385 4506 [adoptivum
3411 4434 3725 4494 solummodo
3744 4443 3814 4500 pll-

591 4507 769 4570 lietam
789 4560 802 4576 .
832 4532 896 4570 ne
921 4518 1102 4584 specie
1152 4523 1310 4568 tenus
1363 4509 1971 4586 eshibitamdtominum
1998 4510 2174 4586 oculis
2204 4524 2253 4586 ι)
2279 4521 2457 4586 tantes
2477 4552 2492 4577 ,
2525 4511 2802 4586 cotumuni
2833 4510 3051 4586 quidem
3105 4527 3230 4586 cum
3260 4511 3478 4586 caeteris
3515 4507 3812 4586 horninibus,

589 4579 1023 4642 incarnationem
1073 4586 1400 4640 docuerunt.
1433 4585 1645 4638 l‘rintos
1673 4580 1903 4636 iunuere
1959 4579 2176 4634 videtur

591 4656 835 4722 Lucifer;
869 4669 923 4710 et
963 4669 1314 4724 utrorumque
1345 4655 1659 4717 historiam,
1692 4666 1756 4724 ac
1779 4652 2029 4724 dogmata
2054 4652 2178 4707 vide

591 4729 730 4800 apud
775 4728 1050 4800 Petavium
1076 4729 1166 4800 lib.
1199 4723 1303 4781 tde
1330 4727 1542 4800 locum.
1567 4741 1691 4795 cap.
1735 4723 1769 4776 Ξ
1798 4736 1850 4777 ct
1879 4723 1934 4776 4.

659 4797 684 4836 ί¹
711 4799 784 4855 [tu
827 4814 948 4853 cum
980 4799 1178 4851 Poncio
1201 4798 1341 4863 apud
1375 4799 1548 4851 Latin.
1584 4801 1753 4850 Antea
1787 4811 1920 4848 eunt.

665 4881 688 4908 θ
716 4871 786 4926 Se
818 4871 1116 4924 llomanunt
1152 4868 1312 4940 dicit,
1355 4869 1475 4940 quia
1499 4884 1528 4921 c
1555 4867 1890 4940 Patriarchia
1928 4863 2174 4940 Romani!

587 4957 710 4996 cum
743 4943 948 4998 Sardus
979 4939 1271 5011 esset.|Til.
1297 4936 1386 4994 De
1401 4942 1611 5009 origine
1637 4938 1917 5011 potestatis
1945 4936 2178 5011 etjuris—

586 5014 842 5068 dictionis
865 5007 1240 5082 patriarchalis
1269 5011 1388 5066 vide
1419 5007 1839 5082 Binghamumin
1872 5007 2023 5064 Tom.
2058 5008 2177 5082 l_de

589 5083 736 5154 Orig.
769 5079 974 5139 Eccles.
1009 5083 1197 5140 Utrum
1225 5094 1421 5154 autem
1434 5079 1681 5154 Sardinia
1701 5081 2031 5154 Patriarchm
2058 5079 2174 5154 Bo-

592 5151 751 5209 tnauo
781 5160 1064 5212 subesset.
1115 5171 1181 5208 an
1222 5155 1360 5210 forte
1390 5151 2027 5222 Constantinopolitauo,
2063 5151 2175 5205 dis-

591 5238 743 5296 putat
769 5228 1052 5282 Muttheius
1081 5226 1133 5281 in
1165 5227 1414 5282 Sardinia
1442 5226 1606 5296 Sacra
1639 5238 1759 5291 cap.
1795 5238 1867 5276 tv.
1888 5223 2167 5296 dissertat.

588 5294 656 5350 de
683 5299 900 5354 Sardin.
927 5299 1147 5369 ejusque
1169 5298 1417 5353 ccclesiis
1447 5315 1458 5350 :
1483 5295 1611 5369 mibi
1647 5303 1824 5348 tamen
1849 5294 2169 5369 vitletur‘vc.

545 5395 550 5410 ι
590 5370 869 5424 risintilitts
891 5411 907 5437 ,
936 5364 1236 5424 [Luciferum
1261 5414 1272 5434 ,
1305 5385 1427 5424 cum
1467 5383 1526 5422 sc
1555 5367 1858 5422 Romanum
1898 5364 2168 5437 appellnt,

589 5441 652 5512 ad
688 5436 956 5512 linguam,
990 5458 1091 5511 qua
1121 5441 1346 5494 Romani
1379 5439 1692 5512 utebantur,
1712 5436 1997 5512 respicere
2026 5477 2039 5500 ,
2066 5436 2172 5512 scif

585 5511 714 5584 licet
746 5510 1120 5578 latinam,’ttt,
1153 5513 1293 5582 quod
1343 5512 1516 5566 Grmci
1570 5510 1839 5584 ὀμοούᾳιον
1890 5515 1963 5577 τῷ
2010 5511 2172 5584 unum!

586 5583 770 5637 dicunt
797 5626 812 5649 ,
841 5602 869 5637 τι
894 5561 1151 5639 Romanis
1165 5561 1330 5636 1tutius
1364 5599 1472 5636 esse
1520 5561 1818 5635 substantiis
1841 5567 1956 5631 cuiu
2013 5561 2172 5632 Pat‘re

586 5654 691 5708 dici
727 5655 892 5708 latino
923 5671 1175 5710 sermone
1197 5653 1482 5723 significet.
1511 5656 1585 5706 De
1613 5653 1889 5724 opacus-too
1946 5657 1999 5724 et
2029 5649 2170 5724 sub-

2285 4582 2420 4650 licct‘
2457 4571 2687 4652 potiori,
2730 4571 2893 4652 atque
2925 4583 3206 4651 insigniori
3239 4581 3556 4652 adoptione.
3587 4579 3718 4652 lluuc
3743 4571 3814 4652 iS‘i'

2283 4660 2369 4707 tur
2395 4648 2642 4708 errorem
2691 4652 2776 4706 ltic
2805 4648 3367 4721 Lttcil‘er'exprobrat
3390 4649 3726 4706 Constantio:
3765 4648 3813 4693 de

2280 4724 2533 4794 adoptiva
2559 4724 2957 4778 autemChristi
2979 4725 3236 4779 lilintionc
3259 4724 3554 4778 secundum
3579 4723 3811 4794 humanm"

2280 4789 2558 4859 naturam,
2612 4795 2766 4859 vide,
2825 4810 2944 4865 qua:
2999 4796 3250 4850 Petavius
3317 4796 3510 4859 docte,
3556 4789 3812 4865 erudituliuc

2281 4875 2476 4921 tractat
2507 4867 2558 4919 in
2585 4866 2681 4920 lib.
2712 4866 2766 4919 7.
2799 4859 2868 4920 de
2901 4867 3112 4920 lneuru.
3139 4876 3326 4920 contra
3363 4866 3609 4918 ha-resim
3635 4859 3812 4915 Felicia-

2279 4953 2426 5002 nam,
2445 4948 2498 4991 et
2521 4937 2760 4992 illustres
2782 4937 3040 5006 quosdam
3066 4939 3118 4991 in
3137 4938 3435 4992 Catholicis
3458 4934 3658 4990 Scholia
3679 4927 3812 4984 Theo-

2281 5010 2456 5076 logos.

2356 5082 2368 5120 i
2402 5081 2618 5134 Judiras
2649 5090 2714 5133 te.
2748 5079 2853 5134 Til.
2883 5089 2938 5135 et
2965 5079 3214 5136 Gallnnd.

2354 5153 2366 5203 Ι
2415 5151 2797 5207 Pronttntiatis.
2819 5151 2920 5206 Iid.

2351 5227 2375 5260 ει
2406 5221 2662 5276 Potuisse.
2696 5222 2871 5278 Vatic.

2353 5292 2369 5331 ¹
2395 5295 2530 5348 Cum
2563 5293 2742 5347 Latin.
2773 5301 2827 5348 et
2855 5291 3105 5348 Galland.
3136 5293 3211 5347 ita
3239 5295 3488 5363 eorrlgen

2275 5383 2426 5430 mus,
2459 5363 2546 5418 ιιδί
2579 5373 2740 5419 antea
2763 5365 2866 5434 leg.
2893 5364 3098 5431 oﬂ'tmdi
3127 5375 3405 5420 terrorum.

2346 5447 2385 5475 πὶ
2407 5436 2462 5490 Id
2501 5445 2580 5488 est
2611 5436 2912 5490 secundum.
3169 5491 3178 5496 ε

2346 5517 2373 5546 ιι
2405 5508 2480 5562 lta
2507 5509 2671 5562 etiam
2719 5507 2819 5562 Ms.
2859 5506 3022 5563 Cori).
3049 5495 3207 5562 Vers.
3239 5509 3361 5561 Ant.
3396 5502 3462 5557 lu
3509 5500 3661 5556 media
3698 5495 3808 5560 Ιιψο·

2273 5597 2408 5634 rum.
3766 5628 3788 5638 ..

2343 5628 2622 5706 ὁῬοιεδιὶε
2649 5651 2780 5705 bona
2821 5651 3057 5721 loqui....
3093 5641 3156 5705 ea:
3177 5645 3494 5702 abundantia
3519 5645 3642 5700 enim
3677 5628 3808 5689 τονάῖε

3491 5289 3612 5345 dum
3633 5275 3808 5339 censui-

585 5727 792 5794 stantire
821 5727 1038 5780 vocibus
1072 5726 1197 5780 vide
1221 5721 1496 5780 l’etuviutn
1527 5721 1770 5792 pluribus
1795 5726 1845 5776 itt
1876 5721 2170 5794 rlocisi‘nter
2269 5737 2326 5776 os
2348 5724 2593 5794 loquitur.
2623 5723 2778 5778 Vcrs.
2814 5727 2940 5794 Ant.

590 5793 760 5849 libros
791 5797 861 5850 de
891 5795 1084 5851 Trinit.
1121 5797 1208 5850 ubi
1234 5798 1286 5849 in
1311 5797 1405 5850 lih.
1430 5813 1478 5850 ν.
1503 5791 1661 5866 cap.7
1690 5809 1836 5847 nttnt.
1861 5793 1918 5856 2,
1938 5791 2168 5866 potissi-

584 5878 733 5927 mum
765 5867 924 5922 docet
951 5867 1184 5936 Arianns
1213 5883 1394 5922 verum
1424 5885 1453 5922 e
1481 5864 1780 5922 substantia
1805 5864 1981 5922 Patris
2002 5877 2165 5938 gene-

2345 5803 2371 5841 P
2415 5792 2597 5850 Graec.
2629 5795 2873 5852 ἐκϐάλλει.
2903 5793 3054 5850 Vera.
3087 5792 3213 5848 Ant.
3249 5794 3462 5864 profert.
