4042 6338
187 299 297 358 993

779 300 868 357 DE
905 297 1043 358 NON
1082 295 1454 356 PARCENDO
1490 297 1558 355 IN
1597 294 1791 355 DEUM
1832 296 2430 368 DELINQUENTIBUS
2468 298 2672 356 LIBER
2711 298 2915 359 UNUS.

3383 298 3491 359 99b

187 414 355 469 ditam
382 413 784 471 dissiilvendam
807 416 831 470 ?
857 431 1035 487 neque
1056 417 1200 471 enim
1230 432 1421 489 pacem
1443 416 1659 472 Domini
1690 416 1785 469 ha-
1810 415 1863 476 Δ
1890 416 2224 472 dicantnobis
2249 416 2269 457 ί
2286 418 2419 473 viam
2441 419 2645 473 salutis.
2671 417 2791 473 Hoc
2807 426 2979 473 autem
3001 417 3221 490 faciebat
3240 434 3330 491 per
3354 420 3493 473 mul-

184 507 321 565 bere
351 509 554 579 possim
601 508 838 576 exinde,
885 524 950 564 es
980 524 1088 581 quo
1116 507 1366 565 fecissem
1406 508 1457 563 id
1486 508 1630 579 quod
1656 507 1789 562 mibi

179 600 419 671 jubiebas
464 611 654 656 contra
686 602 896 656 Domini
942 616 1270 673 praeceptum
1296 642 1313 669 ,
1343 617 1410 657 ex
1455 616 1565 672 quo
1613 600 1789 670 ipsum

183 693 424 765 denique
450 696 668 749 unicum
700 695 792 751 Dei
828 694 1057 763 Filium,
1089 704 1150 751 ut
1178 704 1235 751 tu
1268 710 1465 765 negas,
1496 693 1788 765 ccepissem

181 804 409 859 negare.
467 790 678 846 Sinon
733 800 761 830 ει
807 789 1224 862 transﬁguratus
1279 805 1340 845 es
1400 790 1454 844 in
1507 788 1789 859 apostolos

182 884 386 943 Christi
413 927 429 952 ,
454 887 545 958 qui
565 926 579 947 ,
607 894 883 956 tamquam
906 899 1035 940 vere
1057 883 1124 937 ad
1154 893 1208 939 te
1234 883 1419 936 omnis
1439 896 1567 935 cura
1612 878 1791 936 eccle-

184 979 280 1036 sia:
313 980 624 1050 pertineat,
656 978 737 1035 sic
765 979 841 1033 sis
883 976 1152 1032 sollicitus
1200 976 1459 1031 videlicet
1487 1015 1502 1041 ,
1554 989 1624 1029 ne
1666 972 1790 1043 quis

184 1070 388 1127 alicubi
410 1071 712 1126 catholicus
743 1069 924 1140 pra-sit
954 1068 1207 1125 ecclesiae
1236 1068 1546 1137 episcopus.
1573 1080 1643 1120 ue
1667 1066 1791 1135 quis

184 1169 551 1236 relinquatur,
582 1168 671 1237 qui
701 1180 760 1221 se
810 1165 983 1235 possit
1037 1164 1191 1218 lateri
1231 1162 1621 1217 Christianum.
1648 1158 1783 1214 Tol-

182 1260 253 1315 lis
273 1258 302 1299 ι)
330 1260 617 1330 episcopos
637 1258 935 1313 catholicos
956 1299 973 1323 ,
994 1255 1218 1312 ordinas
1245 1254 1535 1310 haereticos
1553 1295 1569 1320 ,
1594 1250 1792 1307 scribis

183 1351 492 1411 horrendas
513 1353 968 1407 comminationes
988 1393 1004 1417 ,
1039 1366 1107 1405 ne
1159 1351 1297 1404 forte
1319 1348 1526 1403 oriatur
1546 1345 1745 1402 seditio
1771 1363 1787 1400 :

184 1450 376 1521 utique
409 1448 497 1519 qui
536 1449 786 1519 ignorat,
835 1448 1133 1502 arbitratur
1164 1453 1251 1511 te,
1298 1443 1427 1499 dum
1459 1442 1575 1498 haec
1623 1456 1789 1511 agere

183 1541 488 1612 cOuspicit,
548 1555 672 1596 esse
714 1538 1118 1595 Christianum:
1171 1553 1270 1592 nos
1325 1546 1512 1592 contra
1540 1578 1555 1601 ,
1585 1535 1674 1605 qui
1707 1535 1792 1588 in-

182 1644 432 1692 struente
462 1632 710 1703 apostolo
753 1632 913 1688 beato
959 1634 1335 1702 cognoscimus
1367 1627 1789 1697 transﬁgurasse

184 1728 326 1783 sicut
350 1729 599 1797 angelum
630 1725 769 1779 lucis
795 1736 1038 1778 satanain
1061 1765 1075 1789 ,
1107 1722 1197 1792 qui
1228 1724 1342 1777 hinc
1372 1729 1568 1775 concta
1595 1718 1789 1774 adver-

1893 521 1969 566 tos
2000 512 2109 565 dies
2129 529 2148 566 :
2181 511 2318 584 quod
2335 523 2358 560 ις
2376 529 2493 566 cum
2519 513 2826 567 indoluisset
2856 511 3082 577 Paullo,
3115 528 3387 567 conversus
3417 511 3488 566 ad

1897 603 2159 674 Spiritum
2176 605 2309 659 αἰτεῖ
2337 604 2596 678 Prtecipio
2626 605 2718 660 tibi
2742 607 2796 660 in
2821 606 3029 660 nomine
3044 604 3169 659 Iesu
3199 604 3411 671 Christi,
3435 612 3492 658 ut

1890 710 2043 750 exeas
2072 697 2136 749 ab
2165 712 2244 751 ea.
2271 694 2341 750 Et
2365 697 2487 750 exiit
2510 696 2690 751 eadem
2733 695 2885 751 hora.
2924 694 3164 752 Videntes
3189 707 3362 751 autem
3396 697 3492 751 do-

1890 788 2019 842 mini
2044 792 2155 862 ejus
2176 790 2300 860 quia
2319 789 2446 843 esiit
2472 806 2587 862 spes
2613 788 2640 825 ιι
2657 790 2851 844 reditus
2881 806 3083 856 eorum,
3111 790 3491 863 apprehensum

1891 883 2144 939 Paullum
2172 894 2217 939 et
2251 884 2483 949 Sileam,
2512 895 2846 941 extraxerunt
2896 886 2965 940 ad
3000 890 3173 957 [orum
3210 886 3279 939 ad
3302 886 3495 956 magis-

1892 985 2081 1043 tratus,
2119 988 2168 1032 et
2208 978 2499 1033 obtulerunt
2529 976 2543 1014 ί
2584 994 2669 1032 eos
2697 979 2921 1033 dicentes
2945 994 2964 1033 :
3007 976 3254 1033 flamines
3283 976 3339 1033 hi
3368 994 3494 1033 con-

1892 1071 2100 1125 turbant
2130 1071 2388 1125 ciuitatem
2433 1078 2665 1124 nostram
2710 1086 2827 1124 cum
2854 1070 2955 1125 sint
2989 1068 3195 1136 Judai,
3227 1082 3273 1123 et
3304 1068 3495 1142 prwdi-

1890 1172 2006 1217 cant
2031 1170 2223 1217 sectam
2247 1160 2261 1211 i
2300 1178 2458 1233 quam
2485 1179 2590 1216 non
2610 1163 2725 1216 licet
2753 1162 2898 1217 nobis
2925 1163 3156 1236 recipere
3180 1179 3273 1217 nec
3293 1164 3486 1231 facere,

1890 1269 2007 1307 cum
2034 1254 2193 1308 simus
2241 1253 2485 1309 Rommi.
2532 1250 2603 1305 Et
2650 1255 2969 1308 consurrexit
2994 1251 3020 1290 ι
3050 1254 3286 1308 universa
3338 1252 3492 1307 turba

1891 1347 2133 1402 adversus
2159 1363 2266 1412 eos,
2307 1355 2352 1400 et
2381 1346 2736 1418 magistratus,
2763 1346 3020 1401 destitutis
3048 1343 3063 1383 ¹
3098 1346 3285 1401 tunicis
3311 1361 3490 1400 eorum

1881 1440 2153 1511 jusserunt
2178 1454 2262 1492 eos
2306 1438 2460 1512 uirgis
2490 1438 2640 1493 credi.
2671 1436 2743 1492 Et
2788 1455 2907 1493 cum
2926 1447 2967 1476 ω
3012 1439 3201 1495 multas
3228 1439 3301 1494 eis
3321 1440 3491 1507 impo-

1887 1532 2108 1586 suissent
2138 1532 2340 1603 plagas,
2366 1531 2618 1585 miserunt
2642 1545 2726 1585 eos
2750 1531 2803 1586 in
2829 1547 3108 1597 carcerem,
3137 1532 3491 1605 pracfpicntes

1889 1625 2091 1680 custodi
2121 1625 2339 1678 carceris
2379 1624 2653 1695 diligenter
2686 1639 2889 1678 servare
2923 1640 3009 1679 eos
3038 1641 3057 1679 :
3083 1625 3169 1695 qui
3191 1633 3218 1661 ιι
3244 1640 3363 1679 cum
3388 1623 3493 1679 tale

1889 1726 2201 1790 praeceptum
2240 1716 2550 1788 accepisset,
2584 1716 2723 1771 misit
2762 1731 2850 1771 eos
2881 1716 2933 1770 in
2969 1716 3130 1770 imam
3167 1717 3412 1784 carceris,
3439 1724 3491 1772 et

181 1835 302 1878 sum
328 1821 615 1877 ecclesiam
640 1831 883 1875 sanctam
917 1833 1015 1888 per
1037 1826 1088 1871 te
1112 1818 1283 1887 gerit,
1314 1816 1499 1869 mirari
1526 1830 1635 1869 non
1664 1828 1787 1883 pos-
1816 1829 1865 1892 Β
1890 1812 2042 1883 pedes
2072 1824 2250 1864 eorum
2296 1809 2348 1863 in
2378 1823 2531 1863 nervo
2570 1809 2842 1863 conclusit.
2893 1809 3043 1864 Circa
3067 1818 3092 1844 ο
3124 1811 3345 1864 mediam
3390 1827 3492 1864 au-

181 1930 374 1971 suinus
423 1914 467 1970 si
506 1925 559 1969 te
598 1913 905 1968 ministrum
932 1911 1051 1981 ejus
1076 1909 1500 1979 conspicianius,
1541 1909 1587 1963 si
1636 1907 1789 1964 velut

178 2007 405 2080 iustitiae
440 2008 879 2079 transﬁguratum
910 2005 1221 2060 ministrum
1246 2047 1261 2070 ,
1290 2004 1515 2074 justiti-.e
1547 2014 1569 2041 ε
1602 2002 1791 2058 horta-

182 2111 384 2157 tamur.
413 2101 625 2157 Utinam
652 2109 819 2155 temet
838 2106 1128 2155 convertas
1168 2098 1236 2153 ad
1267 2096 1370 2151 hoc
1395 2138 1411 2163 ,
1462 2111 1571 2167 quo
1612 2096 1788 2167 possis

182 2193 335 2251 credi
359 2193 449 2248 Dei
470 2207 683 2259 servus,
702 2206 809 2260 quo
824 2190 998 2263 possis
1008 2189 1239 2260 judicari
1262 2199 1315 2245 et
1342 2189 1569 2259 intelligi
1602 2188 1791 2243 Clll‘lS'

185 2287 386 2341 tianus.
413 2284 675 2353 Quotiens
696 2284 896 2338 dicitur
921 2298 951 2337 a
985 2282 1145 2343 nobis
1170 2281 1267 2335 lilii
1295 2322 1310 2348 ,
1344 2295 1452 2335 non
1466 2290 1518 2335 te
1542 2280 1787 2350 potuisse

181 2377 280 2434 Dei
306 2378 449 2433 unici
481 2377 604 2432 Filii
636 2386 949 2447 negatorem
982 2377 1252 2439 existere,
1303 2372 1408 2429 nisi
1428 2375 1551 2443 quia
1590 2374 1667 2428 sis
1694 2372 1790 2428 ad-

186 2486 353 2528 verso
376 2469 586 2542 plenus
621 2471 814 2540 spiritu
836 2510 851 2534 ,
910 2467 1093 2525 dicere
1123 2484 1185 2524 es
1208 2468 1435 2533 solitus,
1467 2466 1611 2537 quod
1640 2465 1787 2521 enim

184 2563 286 2619 tibi
317 2563 569 2634 injuriaui
588 2560 899 2617 faciamus:
949 2569 1002 2615 et
1023 2559 1273 2630 quamvis
1299 2574 1413 2614 rein
1447 2556 1589 2613 hanc
1620 2557 1790 2627 pluri—

183 2656 368 2713 misin
401 2656 533 2710 locis
568 2656 681 2724 jam
721 2654 1062 2724 probaverim
1090 2695 1104 2717 ,
1173 2650 1466 2706 immundis
1510 2652 1792 2720 spiritibus

182 2748 568 2818 instigantibus
613 2749 778 2801 corda
823 2734 1181 2812 ve.tra,°vos
1212 2744 1398 2799 venire
1447 2752 1640 2800 contra
1689 2742 1789 2799 Dei

182 2841 482 2907 familiam,
509 2840 687 2896 adhuc
722 2839 776 2894 in
806 2838 1031 2895 Actibus
1061 2839 1435 2908 apOstolorum
1468 2852 1624 2893 sume
1668 2852 1789 2908 quae

187 2934 515 2991 acciderint.
536 2932 759 2987 Factum
775 2940 1035 2986 estautem
1065 2930 1304 2986 erratibus
1331 2931 1477 2985 nobis
1502 2930 1570 2983 ad
1597 2931 1792 2985 oratio-

186 3045 330 3095 nem,
360 3029 583 3099 puellam
628 3030 909 3099 quamdam
956 3026 1225 3081 habentem
1262 3025 1503 3097 spiritum
1549 3025 1791 3098 pytltonis

189 3137 463 3179 occurrere
482 3118 509 3158 ά
537 3121 714 3182 nobis.
744 3136 860 3192 qua:
886 3119 1105 3174 reditum
1131 3121 1353 3172 multum
1382 3119 1663 3190 priestabat
1696 3118 1792 3172 do-

1891 1913 1994 1958 tem
2034 1915 2255 1967 noctem,
2290 1901 2482 1958 Paullo
2513 1911 2559 1958 et
2609 1902 2758 1959 Silea
2796 1902 3096 1969 orantibus,
3143 1914 3191 1958 et
3242 1905 3493 1976 hymnum

1888 2000 2189 2055 canentibus
2228 1999 2338 2054 Deo
2361 2041 2375 2064 ,
2418 2000 2701 2055 audiebant
2739 2016 2825 2056 eos
2861 2003 3031 2057 cwteri
3067 2004 3243 2058 uincti.
3290 2003 3499 2071 Repen-

1889 2101 1938 2147 te
1974 2105 2147 2146 autem
2183 2100 2332 2147 terra:
2367 2101 2533 2147 motus
2570 2096 2738 2163 factus
2768 2102 2843 2148 est
2864 2110 3103 2165 magnus,
3133 2096 3207 2149 ita
3238 2106 3297 2150 ut
3317 2105 3345 2147 Ρ
3369 2114 3494 2152 con-

1888 2192 2181 2238 cuterentur
2215 2183 2558 2251 fundamenta
2587 2184 2808 2237 carceris
2838 2200 2857 2238 :
2885 2195 2933 2238 et
2961 2186 3091 2239 ostia
3127 2196 3310 2258 aperta
3344 2197 3490 2255 sunt,

1888 2286 1935 2334 et
1959 2280 2134 2333 omnia
2156 2278 2361 2334 vincula
2389 2278 2565 2333 soluta
2590 2288 2733 2333 sunt.
2762 2276 3180 2353 Espergefactus
3206 2289 3285 2335 est
3315 2291 3343 2332 (ι
3368 2296 3490 2335 cus-

1892 2381 1969 2427 tos
1999 2372 2248 2434 corceris,
2273 2381 2322 2427 et
2346 2386 2461 2426 cum
2488 2371 2699 2427 vidisset
2722 2373 2857 2428 ostia
2879 2373 3104 2428 carceris
3129 2383 3316 2444 aperta
3336 2416 3352 2441 ,
3375 2390 3498 2430 eae-

1889 2468 1981 2521 mit
2013 2467 2248 2537 gladium
2277 2478 2331 2520 ut
2361 2482 2416 2521 se
2443 2466 2787 2534 interﬁceret,
2826 2475 2878 2522 et
2910 2477 2934 2507 ι’
2966 2468 3272 2524 existinmas
3297 2469 3495 2539 fugisse

1890 2559 2108 2613 vinctos.
2136 2558 2459 2613 Exclamavit
2481 2567 2653 2613 autem
2675 2556 2903 2614 Paullus
2926 2576 3048 2614 voce
3070 2577 3262 2632 magna
3280 2560 3461 2616 dicens
3477 2577 3500 2618 :

1893 2649 1990 2706 Nil
2018 2650 2109 2705 tibi
2132 2652 2258 2705 mali
2285 2651 2466 2723 feceris
2485 2666 2504 2705 :
2526 2667 2701 2705 omnes
2724 2652 2864 2706 enim
2888 2652 2970 2706 hic
2994 2659 3016 2688 ⁸
3042 2661 3181 2707 sunt.
3211 2652 3326 2720 Quo
3352 2655 3371 2691 ί
3399 2670 3496 2709 au-

1891 2746 2000 2801 dito
2024 2758 2196 2801 custos
2224 2749 2445 2801 carceris
2468 2748 2592 2820 petit
2615 2748 2811 2815 lumen,
2835 2758 2885 2803 et
2908 2750 3173 2819 ingressus
3195 2759 3268 2804 est
3288 2791 3303 2817 ,
3333 2761 3380 2805 et
3399 2761 3499 2805 tre-

1892 2856 2036 2896 mens
2066 2842 2292 2914 procidit
2321 2842 2391 2895 ad
2416 2842 2569 2914 pedes
2597 2841 2773 2899 Paulli
2803 2854 2849 2898 et
2881 2843 3075 2901 Silere:
3096 2856 3145 2901 et
3172 2853 3202 2883 ιι
3229 2863 3345 2901 cum
3374 2862 3497 2920 pro.

1892 2934 2126 2987 duxisset
2152 2950 2237 2988 eos
2269 2937 2433 3004 foras,
2467 2936 2582 2989 ait:
2611 2932 2825 2990 Domini
2851 2937 2977 3007 quid
3002 2954 3082 2991 me
3103 2949 3301 3009 oportet
3328 2943 3501 3011 facere

1892 3036 1948 3079 ut
1984 3028 2160 3081 salrus
2204 3029 2302 3081 sim
2321 3028 2347 3081 ?
2375 3027 2441 3081 At
2466 3038 2493 3067 τ
2516 3029 2597 3083 illi
2624 3030 2907 3085 dixerunt:
2935 3028 3097 3087 Crede
3127 3033 3180 3086 in
3211 3030 3379 3088 Deum
3406 3032 3503 3088 Je-

1892 3136 2009 3173 sum
2031 3161 2045 3186 ,
2078 3130 2126 3174 et
2155 3120 2329 3175 salvus
2362 3123 2461 3176 eris
2493 3132 2545 3176 tu
2577 3130 2625 3175 et
2655 3123 2839 3179 domus
2870 3134 2978 3178 tua.
3014 3124 3082 3180 Et
3115 3126 3277 3181 locuti
3303 3137 3422 3181 sunt
3451 3127 3501 3182 ei

185 3215 344 3269 minis
369 3216 476 3269 suis
504 3213 801 3268 divinando.
833 3211 965 3267 Htec
988 3213 1257 3265 subsecuta
1280 3210 1529 3266 Paullum
1552 3221 1573 3248 ο
1601 3221 1649 3266 et
1673 3228 1788 3278 nos,
1820 3224 1865 3288 ρ
1897 3214 2102 3267 verbum
2127 3211 2340 3269 Domini
2367 3231 2485 3268 cum
2515 3223 2539 3251 ⁸
2562 3216 2796 3270 omnibus
2818 3219 2908 3288 qui
2933 3228 3079 3273 erant
3105 3221 3158 3275 in
3185 3225 3339 3275 domo
3365 3221 3499 3293 ejus.

187 3307 431 3385 clamavit
481 3307 653 3361 dicens
680 3322 700 3361 :
728 3304 803 3359 Hi
827 3305 961 3359 servi
1005 3302 1106 3358 Dei
1153 3304 1343 3358 excelsi
1367 3314 1505 3370 sunt,
1537 3305 1626 3376 qui
1654 3321 1790 3377 pra:-

266 3459 291 3487 ⁸
314 3447 696 3518 Suliintellige,
725 3446 885 3518 proba
916 3461 1030 3518 nos,
1051 3443 1110 3518 id
1142 3453 1224 3500 est
1247 3452 1449 3518 contra
1478 3460 1591 3503 nos.
1618 3446 1662 3497 si
1692 3461 1794 3500 non

188 3537 244 3593 es
272 3516 669 3593 transﬁguratus
697 3529 804 3573 etc.
835 3516 1159 3593 Gallandius
1194 3516 1360 3571 edidit
1404 3516 1457 3570 in
1489 3517 1795 3585 Apostolum

188 3586 483 3657 Christi,'e't
519 3593 643 3656 quia
670 3604 767 3658 pro
796 3591 883 3656 qui
908 3586 1209 3646 substituit,
1237 3599 1291 3641 ut
1323 3603 1517 3643 sensus
1542 3597 1789 3654 condet;

187 3664 287 3720 sed
318 3673 534 3718 constat
563 3679 629 3716 ex
671 3662 806 3729 ipsis
847 3659 1081 3714 Lucd‘eri
1114 3662 1323 3724 verbis,
1354 3675 1473 3725 quae
1502 3659 1579 3713 sic
1625 3662 1791 3714 inter-

189 3749 470 3806 pretamur
503 3751 516 3786 :
551 3732 725 3787 Proba
756 3741 937 3806 contra
985 3746 1108 3794 nos,
1139 3739 1186 3782 te
1216 3747 1319 3784 non
1349 3736 1649 3806 suscepisse
1683 3739 1790 3806 tuo

188 3802 402 3881 prorsus
430 3806 643 3859 arbitrio
670 3803 1009 3877 apostolicum
1042 3818 1247 3868 munus,
1271 3803 1358 3869 qui
1389 3814 1494 3881 etc.
1518 3802 1657 3881 Quae
1681 3802 1789 3855 iro-

190 3871 315 3935 iiice
344 3878 484 3933 dicta
515 3892 638 3931 esse
668 3871 909 3948 patet.ct
932 3873 1504 3948 sensuuexprobrantis
1522 3871 1790 3948 Constan-

192 3952 293 4011 tio,
322 3948 466 4017 ipnid
498 3944 886 4003 ecclesiasﬁcis
927 3944 1157 4017 negotiis
1188 3960 1249 4000 se
1291 3961 1353 4001 se
1401 3946 1703 4001 immisceat
1735 3946 1788 4001 in

192 4016 496 4095 perniciem
522 4020 821 4095 Catholicae
852 4016 1001 4071 lidci.
1059 4062 1067 4095 λ

267 4092 298 4133 ι)
334 4098 408 4147 De
440 4090 524 4145 bis
547 4094 698 4159 plura
728 4094 1035 4145 notavimus
1059 4088 1109 4140 in
1140 4086 1294 4142 libris
1323 4088 1720 4155 superioribus.

271 4175 294 4205 ε
330 4163 385 4219 Id
416 4174 522 4228 εει,
551 4164 813 4218 hortamur
834 4170 881 4213 et
907 4159 1180 4232 invitantus
1209 4167 1256 4211 te
1277 4162 1346 4213 ad
1360 4161 1621 4232 justitiam
1648 4170 1796 4232 tuen-

194 4238 318 4291 dam
344 4247 392 4290 et
434 4234 852 4294 conservandam,
884 4231 1225 4304 admonemus
1256 4243 1302 4284 te
1350 4231 1413 4284 de
1428 4232 1659 4304 justitia.
1691 4231 1794 4285 Til.

194 4307 518 4365 Gallainlius
540 4309 688 4361 hisce
703 4304 906 4370 verbis,
921 4300 1443 4370 jnstitirehortnnmr,
1459 4308 1596 4357 lianc
1620 4310 1799 4355 notam

196 4380 451 4445 subiicit;
484 4377 756 4446 Quomodo
784 4378 881 4429 ista
906 4391 1020 4428 cum
1052 4375 1453 4446 prtecedentibus
1478 4372 1769 4446 cohazreant
1787 4415 1802 4439 ,

1901 3304 1968 3359 Et
1997 3322 2204 3361 sumens
2227 3315 2255 3355 ῐ
2277 3323 2362 3361 eos
2387 3308 2499 3378 ipsa
2519 3306 2649 3363 hora
2676 3311 2840 3364 noctis
2869 3310 2996 3365 lavit
3020 3329 3052 3366 a
3078 3312 3246 3383 plagis
3266 3328 3287 3368 :
3312 3323 3360 3367 et
3383 3312 3507 3384 bap-

1897 3443 2058 3520 l_c_g.§
2098 3445 2223 3520 774.
2258 3445 2524 3520 Βυιιριίηι
2557 3447 2810 3516 equidem
2861 3448 3149 3520 scripsisse
3187 3450 3501 3513 Luciferum

1896 3517 2143 3602 disruptis
2179 3518 2555 3602 ‘scuﬂdirlnptis
2598 3520 2804 3575 tunicis.
2852 3517 3029 3577 Graec.
3079 3526 3495 3602 περιρῥήξαντες,

1896 3587 2267 3711 dirunzentes.
2299 3587 2551 3645 Galland.

1974 3668 2014 3695 ω
2111 3659 2216 3711 ulta
2245 3670 2416 3711 autem
2445 3661 2551 3711 ima

1974 3668 2014 3695 ω
2046 3659 2216 3714 Multa
2245 3670 2416 3714 autem
2445 3661 2762 3735 imponentes
2786 3661 2893 3717 illis
2919 3663 3121 3735 plagas,
3153 3668 3402 3725 miserunt
3442 3671 3501 3728 in

1894 3746 2242 3785 carcerem....
2278 3732 2537 3787 custodire
2561 3750 2667 3787 eos.
2706 3733 2861 3791 Vers.
2893 3732 3027 3790 Ant:

1966 3810 1994 3838 ιι
2024 3803 2127 3867 Qui
2160 3818 2315 3869 prtec.
2363 3804 2465 3857 tale
2501 3805 2849 3867 accipiens....
2901 3807 2956 3860 in
2992 3808 3287 3865 interiorem
3331 3828 3500 3870 carce-

1895 3888 2097 3954 rem._.._.
2124 3875 2397 3954 diligenter
2428 3876 2680 3929 conclusit
2709 3877 2762 3954 in
2783 3877 3005 3954 lignum.
3032 3880 3122 3936 Sic
3154 3883 3285 3954 legit
3312 3885 3496 3941 habet.

1896 3945 2040 4069 q'pud
2063 3944 2243 4001 Lucil.
2276 3947 2340 4000 In
2364 3946 2525 4000 imum
2551 3948 2794 4011 carceris,
2824 3944 2879 4003 ξε
2904 3951 3057 4021 pedes
3089 3944 3269 4008 eorum
3290 3957 3502 4011 strinxit

1918 4033 2061 4069 iano.

1918 4033 2061 4088 tgna.

1975 4096 1999 4121 ο
2028 4086 2179 4143 Circa
2219 4090 2442 4145 mediam
2468 4100 2639 4144 autem
2661 4100 2858 4145 noctem
2886 4133 2901 4158 ,
2949 4108 3069 4149 cum
3095 4111 3198 4151 ms.
3238 4097 3497 4154 Cantabr.

1903 4159 2079 4240 Media
2110 4168 2280 4240 autfm
2303 4160 2699 4240 nocte__Paullus
2728 4173 2775 4215 rt
2797 4163 2939 4219 Silus
2961 4168 3233 4240 adorantes
3255 4168 3501 4240 hymnum

1903 4232 2153 4287 canebant
2174 4229 2284 4285 Deo
2310 4248 2328 4286 :
2351 4234 2629 4287 audiebant
2658 4243 2831 4287 autem
2863 4252 2945 4290 eos
2968 4236 3143 4289 vincti.
3184 4229 3336 4294 Veis.
3367 4244 3496 4296 Ant.

1978 4312 2006 4352 ιι
2031 4301 2100 4376 Ut
2129 4304 2339 4376 rnoteri.
2373 4343 2386 4356 .
2415 4342 2427 4357 .
2457 4343 2471 4356 .
2517 4313 2696 4372 aperta
2740 4315 2861 4359 sunt
2898 4318 3069 4360 autem
3099 4310 3335 4376 protinus
3364 4313 3511 4367 ostia

1907 4375 2101 4436 omnia,
2130 4386 2175 4426 et
2196 4374 2551 4428 universorum
2580 4376 2812 4437 tincula.
2837 4387 2933 4431 etc.
2960 4377 3098 4434 Ead.

187 4443 442 4527 judicent
466 4443 688 4527 eruditi.
720 4449 827 4527 Sed
860 4451 931 4527 ita
976 4443 1232 4527 videntur
1282 4456 1431 4527 recte
1478 4445 1793 4527 culimrpreg
1826 4451 1877 4512 ί)
1912 4520 1925 4527 _
1975 4455 2001 4495 τι
2034 4443 2276 4516 Experge
2304 4457 2473 4527 autem
2495 4448 2674 4527 factus
2703 4456 2875 4527 custos
3014 4457 3064 4527 et
3093 4449 3271 4527 niden;
3295 4466 3502 4527 αρενιαε

195 4516 262 4579 Si
292 4524 476 4594 te,7qui
492 4522 713 4594 justita:
755 4519 990 4573 minister
1034 4517 1103 4571 ris
1134 4516 1317 4583 videri,
1346 4518 1414 4571 ad
1444 4532 1612 4570 veram
1641 4516 1802 4586 justi-

198 4596 326 4649 tiam
355 4593 647 4650 hortamur.

272 4664 299 4703 ἀ
327 4666 548 4722 Ubviare
570 4666 735 4731 nobis,
764 4677 880 4732 quia
908 4670 1159 4732 quaestum
1205 4668 1314 4716 etc.
1343 4658 1501 4716 Vers.
1532 4660 1659 4714 Ant.
1693 4673 1797 4714 ms.

196 4736 512 4809 Cantabrig.
544 4737 764 4792 reditum
792 4750 913 4789 cum
944 4732 1117 4790 Lucil.

278 4819 301 4848 ε
324 4800 590 4872 Paullum.
620 4818 666 4862 et
716 4823 827 4860 nos.
860 4821 983 4860 cum
1032 4819 1133 4858 nis.
1164 4802 1479 4874 Cantabrig.
1516 4800 1709 4874 Paullo
1754 4812 1803 4856 et

199 4881 346 4937 nobis
393 4881 739 4937 clamabat....
784 4876 857 4932 Ili
907 4877 1228 4931 homines....
1281 4873 1610 4931 adnuntiant.
1643 4873 1800 4931 Vers.

199 4955 333 5011 Ant.

280 5023 300 5064 τ
333 5024 512 5079 Vobis.
541 5022 714 5080 Vatic.
746 5038 870 5078 cum
892 5022 1086 5078 Grrcco
1123 5021 1265 5080 ὑμῖν.

280 5044 296 5064 ⁸
338 5044 512 5079 γοωσ.
548 5044 714 5080 Vallc.
746 5044 870 5078 CIII“
892 5044 1086 5078 υΐῖυυυ
1123 5045 1153 5075 υ
1216 5046 1265 5076 ν.

277 5107 303 5145 8
335 5096 488 5152 Vers.
524 5098 651 5151 Aut.
685 5093 877 5151 Dolens
926 5107 1098 5148 autem
1126 5044 1370 5160 ﬁnitus,
1402 5100 1449 5146 et
1492 5106 1802 5155 conversus,

201 5168 411 5241 ερῆνὶιριὶ
447 5168 595 5223 dixit.

282 5236 471 5312 ξλερκ
516 5239 919 5312 operationis....
975 5234 1410 5312 adprehendentes
1449 5231 1706 5312 Paullum
1759 5240 1810 5286 et

204 5302 661 5368 Silam'duzerunt
688 5312 741 5363 in
763 5313 934 5379 {orum
959 5308 1027 5359 ad
1046 5302 1325 5379 principes.
1352 5305 1484 5360 Ead.
1517 5302 1684 5360 Silam
1709 5319 1808 5375 pro

205 5382 406 5440 Sileam
437 5384 595 5438 liabet
624 5378 785 5437 etiam
817 5380 1003 5437 Sabat.
1036 5378 1122 5432 lite
1151 5388 1205 5433 et
1237 5378 1394 5431 inira.

286 5453 303 5493 ί
340 5452 636 5510 Obtuientes
660 5470 745 5508 eos
770 5451 1174 5525 magistratibus,
1205 5448 1465 5525 dixerunt:
1494 5446 1625 5525 E_ad.

285 5529 300 5578 l
344 5526 516 5581 Mores
546 5542 766 5589 quos....
799 5519 1051 5580 Romanis
1076 5520 1385 5573 constitutis.
1421 5519 1552 5573 Ead.

284 5598 311 5636 ¹ί
343 5596 618 5654 Constituit
646 5598 796 5652 turba
823 5598 1014 5650 adv....
1042 5592 1362 5647 discissis....
1381 5594 1649 5665 jusserunt
1678 5591 1806 5664 virg.

210 5666 350 5727 Ead.

294 5741 311 5781 ι
348 5739 593 5797 Discissis
638 5740 814 5796 Latin.
863 5749 922 5796 ut
963 5739 1015 5794 in
1064 5734 1223 5793 Vers.
1264 5733 1395 5792 Ant.
1424 5732 1562 5801 Quid
1615 5743 1815 5790 sonent

210 5813 319 5874 ista
346 5813 451 5872 hoc
478 5815 619 5882 loco,
649 5816 808 5885 plane
855 5827 914 5869 sc
965 5809 1177 5869 nescire
1220 5806 1423 5864 fatetur
1454 5805 1655 5863 Millius
1684 5822 1814 5877 pro-

1897 4520 2092 4593 januas
2120 4518 2345 4593 carceris
2368 4557 2382 4583 ,
2412 4517 2670 4593 stringens
2698 4518 2931 4593 gladium
2939 4520 3233 4593 jncipiebat
3261 4542 3316 4582 se
3327 4517 3503 4584 'inter-

1903 4589 2057 4654 ﬁcere
2077 4631 2090 4645 .
2124 4589 2384 4660 inlimatis
2415 4589 2659 4660 (fugisse
2689 4590 2902 4647 vinctos.
2936 4589 3069 4647 Ead.

1903 4660 2098 4788 S‘Lalft
2139 4660 2311 4715 detnit
2349 4659 2536 4716 Latin.
2575 4671 2633 4716 ut
2672 4661 2729 4717 in
2769 4661 2927 4719 Vera.
2959 4665 3088 4719 Aut.
3123 4666 3301 4725 Dcmit
3338 4672 3501 4729 etiam

1946 4741 2094 4784 abat.

1978 4810 1999 4838 ³
2035 4800 2088 4855 Η
2091 4802 2140 4876 ic
2160 4844 2175 4864 .
2198 4817 2321 4857 cum
2351 4819 2456 4860 ms.
2484 4804 2740 4861 Cantabr.
2765 4803 2959 4862 Sumus
2982 4807 3035 4861 in
3060 4812 3319 4876 pra’senti.
3345 4810 3501 4871 Vera.

2062 4875 2494 5000 .lspgix‘qnoque
2517 4876 2649 4949 legit
2670 4879 2835 4934 Sabat
2854 4877 2907 4933 iu
2929 4875 3108 4936 Lucil.
3140 4882 3313 4939 liabet
3338 4887 3501 4942 etiam

2090 4965 2101 4995 1
2280 4987 2291 4998 .

1905 4962 2038 5001 nunt
2072 4962 2167 5010 pro
2199 4962 2291 5000 ntt.

1982 5018 2001 5053 ι
2041 5017 2134 5072 llis
2158 5017 2383 5098 otiiissis
2400 5061 2413 5081 ,
2443 5030 2619 5098 prsens
2644 5028 2817 5098 autem
2844 5022 3385 5098 lumenintrogressus
3405 5037 3504 5098 est,

1907 5098 1955 5143 et
1977 5084 2555 5156 treniefactus'procidit
2575 5092 2763 5148 Paullo
2785 5103 2832 5148 et
2847 5093 3159 5152 Silte.Vers.
3179 5084 3308 5155 λιιι.
3326 5084 3504 5157 Graec:

1908 5163 1995 5218 hri.
2021 5163 2139 5223 τοὺς
2166 5161 2355 5228 πόδας,
2387 5178 2508 5217 cum
2542 5164 2713 5219 Lucil.

1979 5241 2007 5269 ιι
2044 5230 2196 5313 vers.
2231 5226 2785 5313 Alit..l'3t_producens
2817 5252 2901 5290 eos
2928 5237 3058 5307 foris
3230 5232 3376 5313 ﬁant.
3405 5242 3505 5301 Ms.

1909 5302 2171 5359 Cantabr.
2204 5319 2329 5358 curn
2360 5303 2539 5363 Lucil.

1983 5385 2009 5413 ν
2042 5374 2134 5429 Illi
2164 5388 2334 5431 autem
2492 5379 2547 5433 in
2576 5377 2858 5433 Dominum
2894 5377 3075 5437 Iesum
3104 5381 3365 5441 Christum
3394 5425 3509 5444 .....

1913 5456 1962 5502 et
1991 5450 2258 5505 universa.
2290 5458 2401 5521 etc.
2436 5449 2590 5506 Vers.
2620 5449 2751 5506 Ant.
2786 5449 2921 5507 Vide
2949 5456 3134 5521 paullo
3159 5456 3318 5512 iul'ra.

1986 5528 2013 5555 ι
2042 5523 2317 5646 Sil-abnatat.
2346 5520 2529 5577 Graec.
2560 5523 2613 5577 in
2643 5538 2777 5579 mss.
2813 5520 3157 5594 quibusdam.
3193 5527 3349 5585 Vers.
3381 5531 3511 5587 Ant.

2004 5608 2139 5646 omni
2180 5610 2256 5646 με.

1914 5599 1963 5645 et
2004 5599 2256 5648 omnibus.

1987 5673 2016 5711 γ
2046 5662 2112 5717 Et
2138 5663 2530 5741 adsumens__eos
2554 5666 2699 5741 inea
2723 5706 2809 5741 ..._.
2834 5666 2946 5741 ipse
2973 5679 3022 5723 et
3060 5670 3149 5741 qui
3187 5671 3328 5728 illius
3370 5683 3518 5730 erant

1919 5751 2089 5822 amnes
2112 5736 2390 5822 continuo;
2415 5735 2569 5793 Vers.
2606 5738 2734 5794 Aut.
2764 5735 2912 5795 Laris
2936 5735 3113 5797 eorum
3142 5744 3323 5817 plagas
3346 5787 3360 5813 ,
3390 5747 3521 5822 legit

1919 5806 2107 5863 Sabal.
2142 5807 2195 5863 in
2226 5806 2399 5864 Lucil.
