4042 6338
603 281 711 340 999

1673 276 2004 338 LUCIFERI
2043 278 2358 338 EPISCOPI
2394 279 2817 338 CALABITAN!

3698 291 3798 351 l000

603 406 631 434 ι
653 397 708 452 in
731 413 875 452 mare
891 407 1175 468 magnum:
1203 403 1250 451 et
1275 405 1501 470 quatuor
1527 395 1829 452 besticebde
1850 396 2016 462 mari,
2040 395 2207 451 altera
2233 400 2286 459 Α
2312 398 2451 452 uisus
2480 399 2665 470 capitis
2694 397 2797 452 mei
2825 397 3161 453 conturbabat
3188 413 3270 453 me
3290 416 3309 453 :
3333 406 3378 455 et
3401 402 3572 456 accessi
3601 404 3656 457 ad
3685 421 3798 460 unum

597 493 818 546 alteram
837 490 1193 564 magnitudine
1215 490 1551 546 antecedens.
1585 489 1766 548 Prima
1790 499 1847 546 ut
1872 491 1952 546 leo
1972 501 1994 530 ο
2016 500 2064 544 et
2091 490 2206 562 pino

603 599 684 638 nte
700 587 838 658 ejus.
861 581 927 637 Et
942 583 1170 638 surrexit
1191 600 1224 639 a
1241 593 1380 640 terra
1398 594 1445 639 et
1458 601 1618 656 super
1635 585 1857 640 hominis
1875 584 2029 653 pedes
2045 583 2204 646 stetit.

599 685 648 732 et
677 693 768 732 cor
797 675 1025 732 hontinis
1051 675 1234 732 datum
1260 686 1334 733 est
1358 679 1426 733 ei.
1461 675 1530 732 Et
1554 694 1669 734 ecce
1695 677 1802 732 alia
1829 677 1993 732 bestia
2016 675 2206 732 similis

598 785 720 825 urso
737 765 788 837 δ,
803 780 853 824 et
874 771 926 824 in
948 787 1052 825 una
1074 780 1220 840 parte
1242 772 1382 826 stetit
1407 786 1426 826 :
1449 782 1498 825 et
1521 771 1623 825 tria
1643 773 1809 848 latera
1831 771 1882 824 in
1905 786 1996 824 ore
2015 771 2128 842 ejus
2154 769 2209 822 in

603 871 627 901 ο
659 864 828 918 medio
857 864 1092 918 dentium
1121 867 1237 936 ejus
1259 905 1273 930 ,
1305 872 1356 920 et
1385 865 1460 918 sic
1488 864 1621 918 dixit
1649 864 1701 918 ei
1731 879 1751 918 :
1784 863 1954 936 Surge
1979 873 2029 919 et
2059 879 2208 917 man-

601 955 736 1010 duca
765 971 946 1010 carnes
985 956 1198 1010 multas.
1235 955 1365 1010 Post
1401 953 1419 993 τ
1451 954 1584 1010 hanc
1611 955 1826 1010 bestiam
1850 955 2116 1022 videbam,
2157 963 2210 1010 et

601 1063 718 1101 ecce
743 1047 851 1102 alia
875 1047 1036 1102 bestia
1061 1057 1115 1102 ut
1143 1047 1444 1119 leopardus,
1475 1057 1523 1104 et
1548 1049 1594 1103 ei
1621 1049 1722 1103 ala:
1740 1057 1966 1120 quatuor
1985 1047 2208 1102 volucris

599 1155 758 1212 super
791 1155 906 1194 eam
927 1180 942 1202 .
973 1149 1020 1194 et
1046 1151 1272 1210 quatuor
1299 1141 1474 1211 capita
1503 1140 1711 1206 bestiw,
1755 1153 1802 1195 et
1830 1149 2056 1213 potestas
2087 1141 2210 1194 data

598 1251 677 1296 est
700 1241 771 1297 ei.
811 1239 943 1295 Post
969 1250 994 1288 8
1016 1240 1152 1295 hanc
1181 1240 1418 1298 uidebam
1439 1282 1456 1308 ,
1480 1251 1526 1295 et
1555 1257 1670 1296 ecce
1690 1239 1854 1294 bestia
1874 1249 2063 1312 quarta
2086 1239 2206 1294 hor-

600 1333 792 1400 ribilis,
821 1333 1149 1388 admirabilis
1168 1375 1184 1399 ,
1213 1344 1260 1390 et
1292 1335 1446 1406 [ortis
1485 1331 1807 1389 uehementer
1831 1349 1850 1386 :
1889 1330 2070 1386 dentes
2100 1334 2211 1404 ejus

601 1428 756 1498 ferrei
781 1426 1168 1482 manducabant
1187 1438 1236 1483 et
1252 1443 1365 1483 com
1374 1427 1697 1485 minuebant.
1715 1437 1762 1482 et
1779 1427 1980 1496 reliqua
1998 1424 2211 1494 pedibus

595 1518 708 1573 suis
729 1517 1104 1573 conculcabant
1133 1516 1185 1572 h:
1217 1527 1262 1574 et
1289 1517 1402 1574 haec
1429 1518 1592 1574 bestia
1621 1519 1790 1584 maior
1812 1517 2008 1572 caeteris
2034 1516 2209 1586 bestiis

597 1625 716 1681 qua:
735 1621 893 1666 antea
915 1612 1039 1666 siste
1053 1621 1187 1679 sunt,
1208 1620 1259 1667 et
1279 1627 1477 1666 cornua
1499 1611 1677 1669 decem
1697 1611 1766 1666 ei.
1793 1609 1860 1664 Et
1877 1611 2210 1665 intendebam

601 1701 659 1757 in
696 1718 896 1759 cornua
924 1705 1068 1775 ejus,
1102 1714 1151 1758 et
1181 1720 1296 1758 ecce
1323 1721 1486 1759 cornu
1512 1704 1660 1759 aliud
1689 1705 1862 1758 minus
1891 1704 2124 1758 ascendit
2154 1703 2208 1758 in

2309 492 2794 556 circumstantium,
2826 502 2874 545 et
2903 491 3167 546 ueritatem
3192 493 3467 564 querebam
3490 494 3622 550 abeo
3645 497 3696 552 de
3723 515 3802 553 on-

2309 586 2460 641 nibus
2489 587 2591 642 his.
2625 583 2694 639 Et
2722 585 2857 639 dixit
2881 585 3328 653 mihs‘reritatem,
3353 597 3398 642 et
3420 589 3802 658 interpretationem

2310 696 2601 735 sermonum
2631 680 2913 735 declaravit
2937 678 3066 735 mihi
3089 696 3108 735 :
3133 679 3235 736 Ηω
3263 681 3428 737 bestite
3451 693 3640 754 quatuor
3657 702 3802 760 magna

2308 788 2530 846 quatuor
2559 783 2582 810 ο
2607 791 2770 846 regna
2796 783 3009 847 surgent
3035 775 3091 828 in
3116 784 3254 829 terra
3272 815 3289 841 ,
3320 785 3365 830 et
3401 776 3622 846 accipient
3651 795 3804 850 regnum

2311 868 2476 920 sancti
2500 867 2741 921 altissimi
2767 865 2868 921 Dei
2897 876 2926 916 P
2944 909 2956 930 ,
2985 881 3036 922 et
3062 866 3354 922 obtinebunt
3379 866 3505 922 illud
3527 884 3661 937 usque
3679 871 3721 924 in
3739 887 3806 925 ue-

2308 961 2505 1015 culum.
2533 959 2602 1015 Et
2627 961 2915 1030 quazrebam
2944 960 3222 1036 diligenter
3248 962 3311 1015 de
3335 961 3483 1016 bestia
3505 973 3692 1034 quarta,
3709 967 3804 1032 quot

2310 1062 2420 1108 erat
2449 1064 2636 1122 praeter
2663 1063 2874 1108 crateras
2900 1055 3089 1110 bestias
3117 1051 3376 1108 horribilis
3400 1051 3536 1108 valde
3557 1068 3573 1109 :
3591 1057 3724 1109 dentes
3741 1064 3760 1105 ι
3777 1056 3808 1110 ei

2311 1148 2501 1218 ferrei,
2532 1157 2580 1202 et
2604 1164 2804 1220 ungues
2831 1151 2946 1221 ejus
2973 1148 3137 1204 terei:
3164 1147 3494 1202 manducabat
3517 1158 3558 1202 et
3579 1151 3806 1202 comminue-

2312 1243 2398 1296 bat
2419 1284 2434 1308 ,
2467 1253 2515 1297 et
2541 1241 2742 1314 reliqua
2770 1242 2986 1313 pedibus
3013 1242 3124 1296 suis
3155 1241 3518 1295 conculcabat:
3544 1249 3583 1294 et
3613 1240 3666 1294 de
3694 1255 3808 1294 cortis

2311 1337 2424 1407 ejus
2469 1335 2699 1402 decimo,
2745 1335 2882 1406 quod
2925 1344 3044 1390 erat
3075 1336 3129 1389 in
3169 1335 3339 1402 capite
3370 1336 3502 1401 eius,
3539 1345 3583 1389 et
3615 1335 3668 1388 de
3699 1334 3809 1390 altero

2311 1443 2474 1482 cornu
2500 1427 2640 1499 quod
2665 1427 2896 1480 ascendit
2923 1467 2938 1491 ,
2975 1435 3024 1482 et
3061 1427 3238 1498 priora
3275 1426 3376 1480 tria
3410 1442 3587 1480 cornua
3621 1426 3809 1493 excussit,

2313 1520 2465 1588 cujus
2493 1519 2631 1573 oculi
2658 1528 2704 1573 et
2731 1535 2785 1573 os
2816 1519 3029 1587 loquens
3070 1535 3258 1591 magna
3278 1560 3293 1583 ,
3337 1527 3383 1572 et
3421 1518 3550 1572 uisus
3579 1521 3674 1590 ejus
3697 1521 3812 1590 major

2314 1612 2510 1667 cceteris
2539 1621 2560 1648 ι’
2592 1611 2882 1672 uidebatur.
2907 1620 2953 1665 et
2983 1626 3144 1666 cornu
3172 1610 3309 1664 illud
3335 1611 3540 1681 faciebat
3565 1610 3812 1665 bellumeum

2313 1704 2508 1758 sanctis
2529 1744 2543 1768 ,
2571 1713 2619 1758 et
2645 1703 2846 1757 valebat
2878 1713 2899 1741 ι
2929 1703 3174 1758 adversus
3202 1719 3318 1767 eos,
3347 1702 3650 1772 quoadusque
3673 1703 3814 1755 admit

601 1795 776 1850 medio
808 1811 985 1851 earum
1009 1837 1025 1862 ,
1053 1807 1102 1850 et
1134 1796 1234 1850 tria
1257 1811 1458 1850 cornua
1488 1793 1532 1861 ί,
1557 1812 1675 1866 qua:
1695 1805 1838 1849 erant
1865 1805 1986 1849 ante
2015 1793 2166 1848 illum
2191 1836 2207 1863 ,
2238 1797 2285 1857 B
2313 1805 2540 1850 vetustus
2560 1795 2788 1858 dierum,
2811 1805 2860 1850 et
2873 1797 3136 1867 judicium
3155 1794 3298 1849 dedit
3317 1797 3503 1851 sanctis
3520 1795 3718 1850 altissimi
3732 1793 3811 1858 Dei.

603 1888 869 1944 eradicata
908 1899 1031 1944 sunt
1071 1906 1102 1942 a
1143 1889 1275 1960 facie
1315 1890 1430 1960 ejus
1453 1905 1472 1944 :
1511 1899 1559 1943 et
1590 1906 1706 1944 ecce
1731 1889 1872 1944 oculi
1899 1890 2124 1944 hominis
2153 1890 2210 1944 in

601 1995 766 2035 cornu
793 1978 891 2034 hoc
915 2021 932 2046 ,
953 1990 1002 2036 et
1025 1997 1082 2036 os
1105 1981 1318 2053 loquens
1346 1999 1558 2054 magna.
1594 1981 1841 2036 Videbam
1869 1981 2210 2054 quoadusque

599 2079 746 2128 sedes
776 2075 956 2143 posin
975 2085 1129 2144 sunt,
1160 2084 1208 2130 et
1237 2084 1466 2132 vetustus
1493 2077 1696 2131 dierum
1720 2076 1969 2132 sedebat:
1994 2063 2208 2131 uestitus

603 2171 722 2241 ejus
741 2167 890 2223 albus
918 2181 973 2223 ut
995 2170 1088 2226 nio:
1105 2211 1122 2237 ,
1146 2179 1196 2225 et
1215 2171 1443 2241 capillus
1466 2171 1656 2236 capitis
1677 2173 1794 2244 ejus
1821 2180 1874 2224 ut
1905 2168 2029 2224 lana
2057 2186 2208 2224 mun-

605 2261 676 2316 da
691 2305 706 2330 ,
731 2272 780 2317 et
802 2265 948 2320 sedes
972 2268 1087 2339 ejus
1107 2266 1322 2337 flamma
1344 2267 1504 2338 ignis,
1527 2276 1658 2322 rota'
1684 2269 1800 2340 ejus
1822 2267 1957 2340 ignis
1977 2265 2168 2321 ardens
2187 2281 2208 2320 :

600 2354 793 2424 [turnus
823 2357 958 2429 ignis
1000 2357 1200 2413 lucebat
1239 2369 1361 2413 ante
1388 2375 1539 2424 eum,
1570 2356 1738 2412 mollia
1766 2356 1987 2412 millium
2014 2357 2206 2412 servie-

597 2445 719 2501 bant
747 2448 830 2513 ei,
859 2457 907 2503 et
945 2448 1080 2504 dena
1119 2447 1288 2504 millia
1323 2451 1515 2504 denum
1550 2450 1776 2504 millium
1814 2449 2056 2504 astabant
2086 2458 2208 2502 ante

596 2555 714 2595 eum
735 2557 755 2597 :
777 2542 831 2596 in
843 2541 1106 2614 judicium
1129 2541 1144 2592 ι
1179 2541 1348 2606 sedit,
1371 2553 1418 2596 et
1443 2541 1560 2596 libri
1587 2543 1756 2613 aperti
1778 2551 1926 2597 sunt.
1957 2540 2208 2596 Videbam

601 2645 724 2691 tunc
761 2652 794 2690 a
827 2651 948 2691 uoce
983 2652 1276 2692 sermonum
1321 2651 1664 2707 magnorum,
1708 2651 1837 2706 quos
1873 2651 2034 2689 cornu
2075 2631 2209 2688 illud

601 2724 930 2799 loquebatur,
977 2729 1314 2800 quoadusque
1355 2727 1554 2783 interiit
1595 2727 1796 2792 bestia,
1839 2737 1886 2781 et
1932 2725 2116 2797 periit.
2163 2736 2211 2779 et

602 2835 793 2894 corpus
828 2825 939 2895 ejus
973 2822 1157 2877 datum
1195 2832 1270 2876 est
1311 2833 1367 2876 ut
1407 2821 1783 2876 comburatur:
1811 2829 1858 2876 et
1889 2821 2210 2890 reliquarum

604 2912 878 2969 bestiarum
925 2931 1144 2988 regnum
1191 2915 1499 2970 translatunt
1537 2923 1648 2977 est,
1690 2923 1737 2968 et
1776 2913 2051 2988 longitudo
2091 2913 2208 2968 rita

601 3006 725 3061 data
765 3017 840 3062 est
883 3007 957 3062 eis
1001 3023 1161 3076 usque
1190 3009 1259 3061 ad
1289 3006 1316 3043 ι
1348 3019 1572 3076 tempus.
1611 3003 1863 3060 Videbam
1899 3007 1952 3058 in
1988 3001 2007 3042 ι
2043 3006 2206 3058 uisum

599 3102 765 3156 noctis
785 3143 802 3167 ,
835 3111 880 3156 et
907 3117 1022 3156 ecce
1051 3117 1167 3156 cum
1197 3099 1417 3156 nubibus
1443 3099 1558 3156 cceli
1596 3109 1654 3154 ut
1691 3099 1834 3168 ﬁlius
1870 3097 2094 3153 hominis
2121 3113 2207 3151 ve-

2310 1898 2356 1942 et
2379 1887 2684 1957 anticipauit
2711 1897 2911 1958 tempus
2929 1928 2946 1956 ,
2970 1898 3016 1942 et
3039 1905 3255 1960 regnum
3283 1889 3594 1944 obtinuerunt
3611 1889 3755 1944 sancti.
3774 1887 3815 1941 Et

2309 1984 2481 2040 dixit:
2515 1983 2688 2039 Bestia
2715 1995 2931 2056 quarta,
2979 1996 3218 2054 quartum
3254 2003 3465 2057 regnum
3501 1986 3582 2039 erit
3616 1985 3660 2038 in
3693 1993 3813 2046 terra,

2308 2078 2447 2149 quod
2487 2077 2726 2133 eminebit
2765 2079 2941 2132 omnia
2972 2078 2991 2113 ί
3022 2094 3216 2151 regna,
3250 2088 3298 2132 et
3333 2077 3641 2132 manducabit
3671 2091 3812 2130 οιιιιιιιιι

2309 2179 2498 2224 terram
2518 2212 2532 2236 ,
2565 2180 2614 2225 et
2648 2170 2971 2225 conculcabit
3009 2187 3154 2236 eam,
3193 2179 3242 2225 et
3278 2171 3537 2225 concident
3576 2170 3716 2223 decem
3742 2184 3817 2222 coro

2310 2279 2415 2317 nua
2444 2265 2577 2335 ejus.
2608 2259 2797 2316 Decem
2823 2276 2968 2332 reges
2997 2269 3274 2332 exsurgent
3291 2301 3309 2328 ,
3341 2272 3387 2316 et
3411 2269 3516 2329 post
3539 2276 3616 2314 eos
3643 2266 3815 2328 exsurget

2310 2353 2445 2409 alius
2473 2355 2563 2426 qui
2588 2353 2851 2423 superabit
2883 2351 3033 2408 malis
3063 2369 3238 2408 omnes
3261 2354 3355 2425 qui
3378 2362 3496 2406 ante
3514 2369 3614 2405 eum
3640 2353 3815 2422 fumat,

2310 2456 2358 2502 et
2388 2457 2491 2501 tres
2521 2453 2550 2482 ιι
2580 2443 2803 2499 humiles
2835 2445 2989 2523 faciet
3009 2485 3024 2510 ,
3053 2453 3101 2499 et
3132 2443 3286 2498 verba
3318 2444 3556 2498 adversus
3582 2442 3817 2496 altissimum

2312 2539 2478 2595 Deum
2506 2540 2762 2610 loquetur,
2794 2547 2844 2592 et
2872 2547 3074 2592 sanctos
3103 2536 3352 2593 altissimi
3385 2539 3474 2592 Dei
3499 2535 3748 2592 inr‘eterabit
3769 2543 3816 2598 ',

2309 2644 2359 2690 et
2388 2626 2701 2706 excogitabit
2739 2642 2940 2685 mutare
2970 2641 3205 2703 tempora
3231 2641 3276 2685 et
3310 2631 3503 2702 legem,
3534 2641 3578 2685 et
3601 2630 3763 2682 dabitur
3783 2627 3820 2680 in

2311 2743 2466 2780 manu
2508 2729 2622 2799 ejus
2662 2741 2824 2796 usque
2865 2723 2934 2778 ad
2974 2735 3176 2793 tempus
3213 2733 3528 2794 temporum,
3553 2734 3596 2776 et
3618 2721 3820 2774 dimidim

2311 2818 2556 2888 temporis
2579 2834 2599 2883 ;
2625 2827 2672 2871 et
2692 2815 2957 2890 judicium
2981 2815 3206 2881 sedebit,
3235 2825 3285 2870 et
3315 2833 3525 2888 regnum
3545 2818 3765 2885 transferet
3785 2821 3821 2864 st

2312 2911 2614 2966 exterminet
2651 2921 2697 2964 et
2737 2909 2920 2981 perdat
2964 2925 3129 2981 usque
3156 2908 3226 2962 ad
3275 2909 3436 2978 ﬁnem
3455 2925 3474 2962 :
3502 2917 3546 2962 et
3573 2921 3772 2978 regnum,
3791 2911 3821 2956 et

2311 3015 2538 3078 potestas
2558 3047 2574 3070 ,
2607 3014 2653 3058 et
2683 3003 2984 3076 magnitudo
3013 3018 3195 3074 regum
3222 3011 3251 3040 κ
3281 3004 3410 3057 data
3437 3012 3512 3057 est
3538 3003 3701 3057 sanctis
3721 2999 3826 3052 alii»
3851 3005 3860 3018 '

2311 3099 2431 3152 simi
2467 3096 2606 3162 Dei,
2646 3105 2693 3152 et
2729 3113 2943 3166 regnum
2979 3096 3096 3164 ejus
3133 3095 3541 3168 sempiternum,
3571 3104 3612 3148 et
3637 3088 3819 3146 counsel

593 3194 740 3248 niens
777 3194 912 3248 venit
953 3211 1115 3265 usque
1152 3197 1220 3248 ad
1258 3203 1514 3249 vetustum
1542 3193 1742 3247 dierum
1767 3207 1786 3247 :
1816 3191 2120 3261 anticipauit
2147 3203 2196 3245 et
2227 3190 2271 3254 Ο
2303 3193 2520 3248 servient
2545 3199 2594 3245 et
2623 3189 2857 3244 obedient
2889 3187 3069 3260 (Dan.
3095 3203 3195 3256 vn,
3226 3185 3314 3258 l).
3351 3187 3638 3243 Debueram
3665 3182 3824 3255 quidem

593 3288 799 3345 oblatus
840 3300 916 3346 est
955 3291 1044 3345 ei:
1076 3299 1124 3344 et
1153 3291 1334 3344 datum
1361 3300 1436 3345 est
1463 3290 1510 3345 ei
1535 3305 1788 3361 regnum,
1829 3297 1878 3344 et
1917 3287 2108 3354 honor,
2153 3297 2202 3343 et

587 3382 896 3452 imperium,
937 3395 987 3438 et
1025 3399 1201 3438 omnes
1238 3385 1457 3457 pepuli,
1499 3382 1698 3449 tribus,
1731 3381 1931 3453 lingua:
1972 3381 2202 3437 serviunt

591 3483 633 3513 ω
659 3475 727 3542 ei,
757 3485 805 3530 et
831 3485 1058 3547 potestas
1082 3479 1195 3550 ejus
1223 3485 1453 3547 potestas
1484 3484 1752 3547 perpetua,
1782 3489 1898 3543 qua:
1921 3489 2202 3541 numquam

587 3567 855 3633 transibit,
909 3575 960 3622 et
1001 3567 1274 3636 imperium
1325 3568 1440 3634 ejus
1489 3582 1768 3638 numquam
1815 3576 2197 3638 corrumpetur.

592 3656 817 3714 Horruit
837 3659 1053 3730 spiritus
1080 3677 1221 3716 meus
1241 3660 1296 3715 in
1317 3659 1498 3715 habitu
1517 3676 1653 3727 meo,
1678 3669 1727 3714 et
1747 3673 1842 3730 ego
1862 3655 2055 3713 Daniel
2076 3667 2127 3725 ιι,
2152 3667 2200 3714 et

663 3848 692 3878 ι
720 3839 876 3911 Apud
906 3837 1158 3911 eumdem
1183 3854 1197 3892 :
1231 3835 1547 3911 Pugnabunt
1565 3837 1621 3911 in
1647 3833 1782 3890 mari
1805 3849 2018 3911 magno.
2052 3831 2194 3911 Edit.

592 3906 785 3986 nostra
807 3927 933 3968 cum
961 3910 1187 3975 Graeco,
1234 3906 1513 3986 πρόιϐσιλον
1553 3909 1626 3970 εἰς
1669 3911 1761 3966 τήν
1802 3906 2059 3962 θάλασσαν
2108 3909 2198 3964 τὴν

591 3983 911 4130 “vigilite
933 4052 1154 4130 grandes
1184 4050 1524 4130 ascendebant
1548 4049 1616 4130 de
1640 4046 1976 4130 ιηαῑὶλιιριιό
2007 4045 2194 4129 Salvas.

665 4138 688 4168 ο
726 4126 908 4180 Prima
934 4120 989 4180 ut
1018 4127 1182 4180 lecena
1204 4167 1218 4183 .
1251 4135 1298 4178 et
1328 4124 1441 4177 alas
1469 4120 1688 4175 habebat
1715 4120 1905 4190 aquila:
1929 4135 1946 4173 :
1979 4120 2201 4187 aspicie-

592 4197 711 4255 bam
736 4199 899 4254 donec
925 4197 1112 4252 euttlste
1135 4201 1255 4250 sunt
1282 4196 1381 4267 alte
1408 4195 1545 4267 ejus.
1583 4192 1648 4267 lit
1675 4194 1879 4246 sublata
1904 4199 1977 4243 est
2000 4192 2068 4267 de
2097 4198 2202 4242 ter-

589 4287 652 4326 ra
670 4313 686 4338 ,
715 4279 762 4325 et
790 4285 947 4339 super
975 4269 1128 4340 pedes
1155 4268 1303 4340 quasi
1329 4263 1482 4320 homo
1507 4264 1646 4340 stetit
1670 4304 1684 4328 ,
1726 4272 1837 4340 etc.
1871 4263 2011 4333 apud
2043 4276 2200 4340 eunt-

591 4332 719 4412 dcin
743 4383 759 4405 ,
791 4332 883 4412 qui
915 4332 1065 4396 recte
1097 4339 1318 4412 supplet
1339 4380 1354 4403 ,
1382 4338 1525 4412 quod
1556 4337 1713 4412 deest
1756 4332 1810 4388 in
1844 4332 2030 4412 nostra
2063 4333 2198 4412 edit.

591 4411 698 4484 Sed
751 4405 874 4483 post
915 4414 1087 4480 pinna:
1125 4405 1240 4484 ejus
1273 4405 1562 4484 legendum
1605 4405 1999 4484 sicutaquilaz,
2041 4414 2102 4459 ut
2146 4406 2198 4456 in

593 4477 820 4558 Graeco.
847 4477 932 4540 uoti.
960 4477 1412 4558 nugalia-rite};
1444 4482 1696 4545 ἀετοῦ,οῐ
1723 4477 1926 4532 ibidem
1956 4486 2080 4548 post
2107 4491 2198 4547 pe-

597 4552 692 4630 dcs
721 4556 916 4630 legitur
939 4552 1170 4630 [tom-ini!
1190 4594 1206 4621 ,
1238 4554 1532 4630 ἀνθρώπου.

666 4623 697 4663 ἀ
731 4623 901 4680 Ursce.
939 4625 1112 4679 Valte.

675 4704 700 4734 ο
735 4695 800 4750 Et
827 4699 881 4750 in
905 4697 1094 4751 medio.
1127 4695 1317 4752 Subat.
1346 4693 1414 4748 Et
1446 4709 1580 4749 vero
1605 4692 1761 4748 abest
1791 4705 1819 4744 a
1849 4692 2064 4748 Grzeco.

671 4763 694 4806 τ
727 4767 884 4839 Apud
915 4769 1108 4824 Sabat.
1143 4765 1273 4822 Post
1304 4769 1413 4821 lucc
1453 4764 1802 4838 aspiciebam,
1848 4773 1894 4818 et
1933 4779 2047 4818 ecce
2086 4760 2198 4816 bes-

598 4839 705 4900 tia.
735 4847 843 4895 etc.

594 4981 637 5040 s
670 4920 708 5037 tt!)
724 4911 860 5038 (tium
887 4908 1083 4967 Graeco
1102 4949 1119 4977 ,
1142 4909 1311 4966 ὀπίσω
1332 4907 1539 4968 τούτου.
1567 4909 1698 4965 Post
1728 4909 1838 4962 meo
1861 4905 2192 4979 aspiciebam.

639 4999 666 5037 a
707 4999 736 5037 a
770 5021 784 5037 .

639 4991 784 5038 altat.

668 5052 697 5092 δ
727 5053 1094 5110 Conculcabat.
1141 5052 1220 5109 Id.

671 5124 690 5163 ¹
724 5124 932 5183 Cornua
960 5142 1176 5186 eorum.
1207 5139 1336 5196 qua!
1364 5137 1508 5179 erant
1537 5134 1684 5196 ante,
1717 5122 2015 5196 eradicata,
2047 5130 2155 5176 elc.

595 5197 682 5327 ita:
701 5197 878 5256 Graec.
900 5191 1412 5274 Ἐμπροσθσνάὓτοῦ
1433 5237 1449 5266 ,
1478 5207 1598 5251 ante
1621 5193 1771 5250 illum
1793 5234 1809 5260 ,
1841 5205 1898 5248 ut
1925 5191 1978 5247 iu
2011 5204 2194 5246 nostra

671 5279 730 5325 ll.
1295 5318 1299 5322 .

670 5342 686 5393 ι
719 5341 989 5397 Judicium
1020 5339 1162 5396 duco
1189 5339 1481 5407 scripsisse
1520 5337 1832 5393 Luciferum
1869 5335 2025 5405 juxta
2061 5333 2197 5404 Sep-

596 5413 837 5541 t‘pagiutp
860 5457 893 5541 ,ι
907 5417 1167 5493 κριτήριον
1196 5415 1417 5470 ἒκὰθισε.
1451 5409 1698 5466 Galland.
1741 5410 1851 5464 Nos
1893 5408 2196 5462 retinemus

644 5499 750 5540 ers.
835 5503 865 5539 ιι
898 5525 912 5540 .

644 5499 750 5540 ers.
783 5495 912 5541 Atti.

665 5554 694 5594 ι
725 5555 1126 5636 δενΨκςονεῳς
1147 5553 1325 5636 καιροῦ
1347 5559 1432 5613 καὶ
1449 5560 1820 5636 xutpoontsque
1839 5549 1909 5604 ad
1917 5557 2124 5636 tempus
2145 5557 2191 5602 et

592 5619 816 5698 tentpus:
847 5619 1112 5686 Είνυεις
1134 5619 1464 5697 τθνέιιιιυιιε
1493 5619 1797 5698 ιιόεῑθήιιιιι
1821 5619 2190 5698 Oriris-eriliu-

590 5690 774 5758 curius
789 5699 1068 5758 librarius.
1090 5690 1452 5756 Galiand.Scd
1475 5690 1636 5755 lectio
1652 5690 2186 5752 cohmretVersAnt.

668 5771 686 5808 ¹
723 5771 791 5828 In
820 5773 1030 5828 visione.
1059 5771 1248 5826 Sabat.
2085 5820 2088 5822 γ

663 5851 706 5882 ’³
736 5843 996 5903 Serviani.
1049 5840 1132 5899 ld.
1183 5848 1240 5898 et
1282 5839 1538 5900 Galland.
1586 5853 1654 5896 ex
1700 5837 1895 5897 Graeco
1925 5835 2188 5909 Septusg.

2304 3295 2515 3340 tantum
2547 3281 2694 3336 illam
2721 3293 2930 3350 partem
2959 3279 3175 3345 indere,
3198 3294 3326 3349 qua:
3356 3290 3407 3334 te
3431 3279 3648 3334 declarat
3674 3289 3748 3345 per
3763 3285 3825 3325 sc-

2305 3385 2391 3431 tus
2424 3385 2584 3442 tuos,
2625 3374 2845 3430 cuinam
2875 3374 2953 3430 sis
2982 3372 3184 3428 similis
3217 3371 3521 3427 bestiarum
3549 3387 3564 3426 :
3588 3369 3670 3424 sed
3694 3378 3737 3421 ut
3756 3364 3827 3420 sci-

2305 3478 2470 3526 reste
2501 3471 2554 3524 in
2585 3469 2677 3524 illa
2701 3468 2952 3538 gehenna
2983 3465 3264 3531 futurum,
3294 3467 3350 3520 in
3380 3480 3486 3536 qua
3505 3462 3703 3520 bestiam
3723 3458 3823 3514 illam

2306 3562 2529 3618 missam
2554 3559 2727 3616 refert
2746 3560 3024 3628 gloriosus
3044 3557 3256 3622 Daniel,
3277 3558 3384 3612 nisi
3409 3571 3460 3613 te
3479 3553 3822 3612 correxeris,ct,

2303 3653 2583 3727 quomodo
2621 3668 2758 3724 quos
2791 3651 3143 3724 persequeris
3181 3649 3239 3706 in
3277 3661 3548 3708 teternum
3573 3651 3671 3704 sint
3693 3656 3826 3713 regna-

2303 3827 2690 3886 δουλεύσουσιν.

2371 3910 2399 3937 τι
2436 3900 2620 3956 Daniel
2667 3897 2873 3952 territus
2911 3912 3030 3951 sum
3069 3898 3124 3951 in
3171 3899 3265 3951 eis.
3311 3897 3500 3954 Sabat.
3545 3894 3662 3964 Quae
3696 3898 3822 3944 tamen

2301 3981 2502 4045 pru‘ter
2535 3970 2722 4024 Daniel
2752 3971 2952 4024 desunt
2978 3969 3146 4024 etiam
3178 3971 3231 4023 in
3259 3968 3480 4025 Grai-co.

2375 4051 2400 4079 ο
2435 4044 2673 4110 Quatuor
2709 4049 2829 4096 sunt
2869 4056 3030 4105 regna
3067 4054 3184 4110 qua:
3221 4052 3434 4108 surgent
3477 4042 3529 4094 in
3555 4047 3705 4101 terra;
3727 4027 3824 4110 apud

2303 4105 2492 4170 Saba'i.
2527 4115 2706 4168 (ictuc.
2740 4113 2872 4166 edit.
2907 4105 3375 4167 Romfcuuseuiit
3402 4128 3523 4166 cum
3556 4121 3710 4164 nosm
3733 4105 3824 4158 edit.

2305 4185 2625 4243 Galluntlius
2655 4200 2723 4239 ex
2753 4183 3104 4253 Septuaginta
3138 4185 3270 4254 legit
3295 4194 3520 4254 quatuor
3545 4194 3711 4252 regna.

2306 4274 2423 4330 qute
2447 4259 2752 4330 auferenlur
2783 4258 2836 4310 in
2865 4265 3023 4330 terra.

2377 4341 2404 4380 ι)
2435 4322 2572 4393 Dei,
2607 4329 2694 4382 hic
2724 4338 2780 4383 et
2811 4327 2992 4398 paullo
3021 4324 3253 4381 inferius
3283 4327 3608 4398 demendum
3645 4322 3828 4398 autumat

2305 4401 2482 4457 Latin.
2519 4391 2665 4454 nulla
2708 4391 2890 4454 tanien
2931 4413 3126 4453 caussa
3150 4438 3165 4463 ,
3197 4414 3323 4454 cum
3358 4404 3561 4471 legatur
3588 4397 3635 4450 in
3659 4391 3824 4447 Greco.

2307 4473 2757 4544 printermtamjn
2792 4473 2920 4525 line.
3769 4529 3793 4544 ν

2379 4555 2406 4594 (ι
2435 4530 2624 4615 saliat.
2656 4540 2847 4596 Dentes
2871 4552 2918 4596 et
2941 4557 3141 4613 ungues
3168 4544 3282 4614 ejus
3327 4543 3486 4615 ferrei
3506 4558 3525 4608 ;
3553 4547 3710 4595 nostra
3729 4530 3824 4587 edit.

2305 4633 2424 4672 Clllll
2458 4613 2672 4671 Gra'co.

2379 4698 2401 4725 ι’
2435 4688 2524 4761 _Stc
2551 4685 2889 4761 interpungit
2915 4684 3048 4741 Sab.
3075 4685 3309 4761 ﬂecteris.
3351 4684 3754 4761 Yidebatur,_etc.l

2378 4766 2400 4794 ³
2437 4758 2512 4812 Ita
2533 4767 2589 4812 et
2615 4746 2756 4812 Ireii.
2784 4746 2882 4812 liii.
2911 4772 2966 4820 ν,
2989 4772 3042 4811 c.
3066 4755 3157 4812 ‘25.
3185 4755 3509 4812 Prevalebat
3535 4751 3661 4821 apud
3689 4746 3822 4821 Salui.

2383 4832 2400 4867 ¹
2438 4831 2610 4902 super
2628 4814 2991 4902 omnia_regna
3011 4869 3025 4889 .
3049 4837 3104 4882 et
3129 4828 3387 4883 concidet.
3415 4814 3597 4881 Decem
3613 4864 3627 4887 ,
3652 4831 3736 4902 etc.

2305 4903 2416 4958 bat.
2476 4893 2744 4956 concidet.
2792 4893 3100 4973 EtfdecentA
3122 4916 3318 4954 cornua
3357 4903 3488 4973 ejus
3513 4911 3646 4967 reges
3682 4893 3823 4973 decen.

2303 4974 2482 5030 Latin.
2513 4975 2580 5026 ad
2609 4986 2831 5026 sensum
2869 4971 3028 5045 Vulg.
3054 4970 3308 5026 Enunebit
3349 4961 3530 5045 ὠιιηὶαῄ
3563 4961 3731 5045 ἓεριιαξ
3757 4961 3826 5045 μι-

2301 5057 2444 5174 ἓϊῧι
2483 5045 2716 5099 inhaeret
2745 5054 2937 5099 auctor
2958 5033 2991 5109 ;“
3005 5043 3241 5121 ὑπερέξει
3267 5044 3448 5105 πάσας
3475 5043 3568 5101 τὰς
3602 5033 3824 5111 βασιλείας-

2350 5133 2379 5171 a
2427 5122 2552 5172 étlttl.

2350 5122 2552 5172 allatul.

2300 5259 2339 5316 S
2373 5197 2400 5224 ιι
2433 5188 2559 5244 Tres
2589 5203 2754 5260 reges.
2805 5186 2986 5243 Latin.
3037 5201 3159 5243 cum
3207 5186 3368 5258 Vulg.
3421 5196 3478 5243 et
3522 5175 3743 5240 Galland.
3779 5180 3823 5223 ex

2343 5272 2560 5316 curuati.
3792 5313 3797 5316 λ

2343 5272 2560 5320 cutuatt.
3739 5315 3750 5320 -
3791 5313 3797 5320 .

2601 5330 2798 5386 Graeco
2819 5330 2954 5386 edit.
2985 5331 3146 5386 Rom.
3170 5332 3486 5398 eiulatibus,
3513 5337 3566 5383 et
3596 5315 3768 5380 TlIEOd-
3789 5313 3824 5364 ί¹¹

2302 5402 2533 5470 Ηειεψι.
2563 5402 2626 5462 At
2650 5404 2720 5457 tld
2752 5403 2940 5458 Sabat.
2973 5412 3220 5456 conteret.
3726 5460 3736 5470 ,

2375 5455 2417 5512 ἶ
2658 5455 2860 5528 eorum.
2895 5455 3268 5548 Latiusrvers.
3300 5477 3426 5531 Aut.
3459 5474 3642 5541 Regum
3663 5460 3736 5548 qui

2301 5548 2438 5601 (mni
2490 5541 2616 5601 casto
2663 5556 2783 5601 sunt
2807 5585 2821 5599 .
2855 5586 2868 5600 .
2899 5586 2913 5599 .
2944 5585 2957 5598 .
2984 5546 3278 5601 Altisstmi:
3325 5557 3371 5600 et
3398 5555 3608 5618 regna!”
3631 5541 3824 5618 ,θὶνξζξῖ

2298 5635 2459 5693 gnum
2485 5621 2892 5693 sempiternum,
2925 5626 2972 5671 et
3001 5633 3176 5693 omnes
3207 5603 3525 5693 principatus
3547 5612 3639 5679 ipsi

2298 5679 2345 5746 ξι
2373 5679 2668 5745 οὸιιιιὰἱιιε.
2705 5691 2830 5745 Ilmc
2859 5690 3004 5746 Ireu.
3051 5691 3145 5744 lib.
3181 5679 3236 5756 \l,
3266 5679 3386 5760 cap:
3419 5688 3488 5743 54
3508 5727 3528 5760 ,γ
3550 5695 3660 5738 cum
3687 5679 3822 5729 nostra

2297 5761 2432 5890 est;
2463 5761 2719 5886 Altissimi
2747 5761 2882 5817 Dei:
2913 5773 2961 5817 et
2988 5777 3206 5833 regnum
3232 5759 3348 5835 ejus
3370 5759 3822 5830 sempiternum.»

2297 5850 2329 5890 ο
2361 5849 2390 5890 e
2427 5848 2509 5888 seu
2529 5874 2552 5889 .

2296 5843 2552 5892 obedsent.
