4042 6338
264 256 377 317 1001

809 255 903 315 DE
940 255 1080 317 NON
1120 254 1494 318 PARCENDO
1534 256 1601 315 ΙΝ
1642 252 1833 318 DEUM
1875 255 2485 331 DELINQUENTIBUS
2526 259 2732 317 LIBER
2771 256 2974 321 UNUS.

3401 266 3540 327 1002

263 376 352 431 turi
379 374 430 430 in
460 388 633 447 regno
660 372 923 433 collocati
953 376 1208 445 Domini,
1241 392 1351 448 quo
1380 377 1675 434 advertere
1702 392 1833 449 pos-
1864 388 1911 447 Α
1945 377 2139 434 beatus
2169 376 2237 432 de
2266 377 2515 434 collectis
2543 376 2568 416 ι)
2600 378 2708 434 tuis
2735 378 2933 434 dixerit
2974 378 3333 439 Cretensibus
3358 401 3371 438 :
3416 386 3542 443 Cre-

261 482 339 525 ses
360 468 471 526 bsic
499 474 684 526 omnia
711 472 1064 528 annectimus
1090 490 1104 526 :
1137 471 1268 528 item
1297 472 1364 527 ad
1394 472 1499 528 hoc
1526 473 1841 529 universam

261 561 640 620 revelationem
683 563 879 621 censui
914 565 1297 637 applicandam
1324 608 1339 631 ,
1382 582 1488 639 quo
1534 577 1589 620 tu
1632 565 1843 623 tibimet

259 665 310 712 et
333 656 515 713 saltem
546 657 740 731 legens
768 660 1094 716 satisfacere
1132 674 1325 730 posses
1347 702 1362 727 ,
1389 660 1535 731 quod
1568 662 1711 716 enim
1744 676 1843 716 vos

260 752 455 823 tyranni
490 761 884 824 persecutores
913 753 1008 810 Dei
1059 753 1347 826 religionis
1384 755 1577 812 bestiae
1624 756 1845 811 fueritis

257 842 405 913 dicti;
425 847 656 918 cupiens
683 849 888 904 etenim
912 864 1032 905 sum
1057 865 1145 906 me
1171 865 1406 923 purgare
1427 851 1569 923 apud
1593 861 1739 908 tuam
1765 852 1847 907 in-

258 938 437 997 fectam
461 942 692 999 venenis
718 943 911 1000 Ariani
935 943 1209 1014 dogmatis
1231 946 1629 1003 conscientiam
1655 988 1670 1015 ,
1705 945 1847 1018 apud

258 1045 307 1091 te
328 1052 425 1093 non
453 1037 773 1110 religiosum
796 1080 811 1105 ,
840 1038 938 1095 sed
964 1038 1255 1112 religionis
1279 1040 1705 1111 destructorem,
1735 1044 1844 1097 nan

256 1146 336 1188 me
372 1140 428 1187 ut
468 1134 671 1189 astruis
713 1148 838 1192 esse
876 1135 1378 1202 contumeliosum,
1423 1136 1550 1208 quia
1582 1136 1759 1192 dicam
1794 1145 1846 1193 te

254 1228 408 1287 ieram
440 1233 672 1289 bestiam
697 1276 710 1299 ,
742 1234 828 1290 vel
859 1236 1153 1292 immanem
1188 1236 1429 1293 belluam
1451 1282 1465 1304 ,
1501 1253 1624 1292 cum
1658 1238 1848 1294 videas

254 1325 329 1382 sic
356 1343 449 1381 vos
480 1329 749 1396 vocitari,
777 1332 930 1399 juxta
967 1330 1103 1387 facta
1130 1340 1308 1387 vestra
1349 1332 1507 1388 vobis
1544 1333 1708 1389 etiam
1753 1349 1848 1389 uo—

254 1421 385 1477 mina
408 1424 700 1493 applicata.
734 1422 1005 1481 Caeterum
1037 1437 1248 1498 quarta:
1281 1426 1426 1483 illius
1450 1428 1637 1483 bestim
1671 1438 1721 1484 te
1750 1443 1847 1500 ge-

253 1530 366 1573 rere
385 1517 801 1575 similitudinem
818 1563 833 1587 ,
862 1531 914 1575 te
944 1520 1061 1576 lttec
1091 1521 1324 1591 implere
1348 1536 1471 1577 esse
1497 1522 1808 1594 cupientem
1829 1565 1845 1591 ,

253 1624 362 1681 quae
386 1611 474 1667 illa
508 1612 832 1683 przedictum
866 1624 952 1669 est
980 1615 1124 1685 quod
1168 1623 1316 1671 esset
1359 1616 1685 1687 impletura,
1731 1632 1848 1671 ma.

253 1703 501 1760 niiestum
531 1715 636 1761 est.
670 1706 949 1778 Scriptum
980 1721 1064 1764 est
1093 1708 1163 1764 de
1191 1709 1548 1772 antichristo,
1578 1711 1663 1765 cui
1695 1719 1750 1764 tu
1777 1710 1851 1766 si-

1944 481 2111 527 tenses
2152 488 2351 545 semper
2389 474 2693 540 mendaces,
2740 472 2893 529 mala:
2931 476 3139 543 bestiae,
3175 487 3372 534 ventres
3410 482 3545 555 pigri

1948 562 1968 637 (
1995 563 2098 618 Tit.
2130 580 2182 630 ι,
2214 565 2282 619 12
2386 564 2449 620 Et
2491 565 2633 620 infra
2665 584 2676 621 :
2723 566 3070 632 Quamobrem
3104 579 3127 607 ο
3170 570 3385 641 increpa
3423 573 3545 628 illos

1942 657 2351 739 πίνεται-,πιείιηί
2370 657 2538 712 sintin
2564 658 2701 727 ﬁde,
2733 676 2835 713 non
2860 660 3179 717 intendentes
3198 661 3441 720 Judaicis
3463 669 3545 739 fa-

1946 750 2080 805 bulis
2102 761 2150 806 et
2177 751 2462 806 mendaciis
2482 748 2509 788 δ
2533 752 2805 807 hominum
2830 756 3181 811 aversantium
3205 776 3258 813 se
3279 776 3311 813 a
3336 761 3550 818 ueritate

1945 844 2128 918 (Ibid.
2157 844 2285 919 15).
2318 847 2457 903 llinc
2485 847 2577 905 tibi
2612 850 2852 920 episcopi
2885 865 3077 907 sumus
3102 853 3353 925 injuriosi
3375 898 3391 924 ,
3421 858 3548 928 quia

1946 948 1999 997 te
2029 941 2377 1013 increpemus
2409 953 2571 1015 atque
2611 944 2997 1017 objurgemus,
3041 964 3140 1005 cur
3174 948 3345 1008 fueris
3384 969 3550 1012 ausus

1947 1047 2198 1093 avertere
2228 1047 2395 1094 temet
2422 1054 2452 1094 a
2478 1040 2733 1108 veritate,
2753 1056 2852 1096 cur
2879 1042 3123 1100 volueris
3152 1045 3243 1101 Dei
3275 1047 3552 1106 mandatis

1948 1132 2228 1190 derelicﬁs
2258 1134 2540 1190 hominum
2577 1136 2787 1193 hmrere
2820 1138 3175 1209 hlaSphemiis
3206 1150 3367 1214 atque
3400 1160 3556 1199 man-

1949 1228 2111 1297 datis,
2142 1245 2239 1286 cur
2265 1230 2503 1302 denique
2531 1231 2796 1289 derelicto
2828 1233 2939 1290 Deo
2968 1235 3335 1292 idololatriam
3367 1255 3556 1297 susce-

1950 1323 2116 1394 peris.
2160 1324 2297 1379 Hinc
2329 1335 2452 1379 tuus
2482 1325 2578 1380 tibi
2620 1326 2874 1383 inimicus
2910 1343 3029 1384 esse
3061 1330 3270 1395 videor,
3304 1335 3431 1404 quia
3462 1350 3557 1391 ve-

1948 1415 2041 1471 lim
2075 1426 2124 1473 te
2152 1418 2299 1487 gradi
2333 1419 2635 1475 secundum
2669 1421 2899 1489 apostoli
2933 1433 3301 1493 praeceptum,
3347 1436 3402 1481 et
3446 1443 3554 1483 non

1950 1515 2247 1569 secundum
2266 1515 2559 1587 Ariiatquc
2590 1516 2906 1572 Judreorum
2932 1519 3427 1577 mandata.Contra
3458 1522 3557 1579 has

1953 1610 2521 1681 nostrasjustissimas
2539 1612 2895 1684 allegationes
2910 1614 3103 1669 videns
3133 1624 3184 1670 te
3206 1616 3440 1673 veritate
3464 1634 3556 1673 su-

1954 1712 2198 1773 peratum
2216 1703 2401 1760 dicere
2422 1720 2481 1761 es
2500 1706 2725 1761 solitus:
2752 1706 2933 1763 Sacrte
2954 1708 3229 1777 scripturae
3249 1712 3557 1782 praecipiunt

253 1796 450 1853 milaris
470 1840 485 1867 ,
514 1809 611 1854 aut
643 1800 759 1870 ipse
787 1816 913 1858 esse
937 1801 1202 1873 judicaris
1230 1820 1243 1856 :
1288 1801 1449 1857 Verba
1475 1802 1730 1858 adversus
1759 1803 1848 1857 Αι-
1876 1791 1926 1851 Β
1952 1798 2157 1867 regibus
2176 1800 2476 1855 etomnibus
2490 1802 2787 1875 degentibus
2801 1802 2853 1855 in
2868 1802 3558 1860 sublimitatedebereteesse

254 1889 500 1945 tissintunt
529 1902 555 1929 ⁸
588 1890 804 1949 Domini
845 1895 1117 1964 loquetur,
1149 1904 1196 1949 et
1225 1904 1429 1952 sanctos
1467 1894 1712 1951 altissimi
1749 1894 1849 1950 Dei

252 1983 572 2053 inveterabit,
600 1995 648 2040 et
673 1989 985 2063 echgitabit
1011 1998 1211 2043 mutare
1240 1999 1469 2059 tempora
1496 1998 1543 2042 et
1572 1988 1735 2063 legem
1754 2030 1767 2052 ,
1801 1997 1849 2042 et

251 2078 449 2133 dabitur
468 2080 523 2135 in
546 2097 702 2136 manu
719 2081 1012 2156 ejus(Dan.
1032 2083 1411 2157 vrt,25).lltec
1442 2092 1498 2137 tu
1523 2082 1636 2152 jam
1670 2082 1847 2139 fecisti

250 2180 403 2243 atque
442 2188 505 2228 es
549 2174 775 2230 faciens.
823 2174 961 2231 Cum
1004 2176 1153 2232 enim
1196 2176 1373 2232 dicis:
1419 2174 1541 2230 Non
1588 2184 1661 2230 est
1703 2191 1850 2230 verus

249 2263 383 2319 Deus
424 2262 599 2321 Filius
634 2264 767 2333 Dei,
810 2268 903 2323 sed
936 2271 1106 2337 [actus
1135 2278 1209 2325 est
1241 2285 1304 2323 ea;
1343 2266 1539 2335 nihilo,
1567 2268 1732 2323 verba
1772 2268 1848 2323 lo-

247 2358 429 2428 queris
455 2358 718 2415 adversus
748 2360 942 2417 Deum.
973 2361 1272 2417 ChriStiani
1302 2361 1506 2417 etenim
1537 2376 1660 2417 cum
1689 2376 1849 2416 unam

248 2450 582 2509 vindicamus
612 2453 961 2512 divinitatem
992 2456 1142 2511 Patri
1170 2464 1226 2511 et
1254 2455 1418 2510 unico
1451 2454 1594 2510 Filio
1615 2454 1767 2526 ejus,
1798 2462 1854 2510 et

249 2552 305 2599 tu
336 2545 414 2602 sis
448 2545 589 2603 hanc
620 2549 1212 2621 nostramimpugnans
1243 2547 1643 2613 defensionem,
1663 2550 1738 2604 sis
1767 2563 1855 2603 as-

249 2649 440 2698 truens
464 2642 533 2698 de
564 2642 705 2699 Filio
730 2643 871 2716 quod
893 2645 1052 2718 fuerit
1078 2644 1285 2715 quando
1304 2661 1407 2699 non
1428 2643 1583 2717 fuerit
1604 2685 1620 2712 ,
1643 2644 1854 2714 etquod

248 2735 413 2805 factus
450 2735 519 2790 sit
546 2752 611 2791 ea:
638 2734 837 2805 nihilo,
869 2738 1066 2808 utique
1106 2737 1306 2809 probas
1338 2748 1392 2794 te
1422 2745 1522 2792 aut
1551 2751 1674 2792 esse
1713 2738 1855 2792 auti-

247 2828 510 2886 christum
530 2871 547 2899 ,
576 2812 673 2887 aut
700 2840 856 2888 certe
883 2832 1003 2903 ejus
1036 2846 1459 2903 praecursorem.
1491 2831 1679 2904 Neque
1709 2833 1853 2889 enim

245 2923 450 2993 poteris
491 2925 632 2979 alius
671 2938 798 2980 esse
841 2924 1114 2996 intelligi,
1145 2926 1252 2980 nisi
1286 2935 1379 2980 aut
1419 2940 1729 2997 praecursor
1759 2941 1855 2980 an-

247 3015 483 3073 tichristi
532 3025 626 3073 aut
664 3018 1067 3086 antichristus,
1111 3020 1203 3091 qui
1249 3018 1451 3074 audeas
1490 3020 1853 3090 apostolicam

245 3109 726 3184 evangelicamque
766 3112 1092 3170 haereticam
1133 3114 1323 3171 dicere
1364 3115 1562 3182 fidem,
1606 3124 1663 3173 et
1706 3126 1852 3171 tuam

1951 1890 2257 1958 subditum;
2290 1904 2334 1947 et
2360 1894 2523 1949 audes
2554 1904 2697 1949 tanta
2720 1912 2780 1950 nc
2810 1896 2934 1949 talia
2962 1896 3092 1950 mihi
3118 1897 3371 1969 ingerere,
3403 1897 3564 1954 Luci-

1952 1984 2077 2055 fer?
2104 1985 2230 2042 llazc
2257 1988 2530 2058 conspicis
2553 2030 2567 2055 ,
2601 1988 2915 2059 hujusmodi
2942 2005 3062 2061 qua:
3092 1999 3142 2045 te
3164 1990 3363 2060 jubent
3390 1990 3563 2048 hono-

1952 2079 2061 2133 rari
2089 2078 2387 2152 intelligis;
2420 2097 2541 2152 qua:
2569 2097 2699 2136 vero
2729 2090 2780 2137 te
2803 2080 2998 2153 jubent
3028 2081 3216 2139 facere
3236 2124 3250 2149 ,
3282 2083 3372 2138 illa
3405 2083 3563 2157 ﬁngis

1953 2188 2062 2226 non
2105 2188 2303 2239 nosse,
2348 2173 2435 2228 illa
2477 2189 2595 2244 qurc
2638 2182 2691 2230 te
2734 2183 2953 2230 moneat
2996 2173 3258 2231 Dominus
3299 2176 3563 2233 sacerdo-

1954 2265 2099 2321 tibus
2124 2266 2382 2335 obedire,
2413 2267 2501 2322 illa
2529 2284 2649 2338 qua:
2673 2277 2906 2339 urgeant
2934 2284 3100 2323 unum
3130 2278 3179 2324 te
3205 2269 3468 2325 exhibere
3494 2287 3563 2326 ex

1952 2360 2210 2416 omnibus
2237 2362 2526 2417 conservis
2554 2362 2662 2417 tuis
2690 2372 2977 2433 Oportere,
3008 2376 3109 2417 nec
3137 2362 3386 2434 cuiquam
3414 2372 3490 2429 te,
3518 2364 3565 2419 si

1953 2454 2093 2511 velis
2126 2455 2219 2511 Dei
2248 2454 2485 2513 inveniri
2511 2470 2736 2523 servus,
2768 2455 3110 2527 superiorem
3142 2456 3348 2513 dicere.
3396 2455 3526 2513 Haec
3550 2500 3564 2526 ,

1955 2547 2275 2619 inquitTito
2303 2548 2492 2604 beatus
2520 2548 2825 2619 apostolus,
2856 2547 3067 2620 loquere
3088 2591 3100 2615 ,
3129 2559 3176 2604 et
3199 2548 3477 2605 exhortare
3500 2559 3522 2586 ε’
3545 2591 3560 2617 ,

1956 2652 2004 2695 et
2034 2658 2196 2714 argue
2225 2659 2340 2697 cum
2366 2642 2507 2698 omni
2536 2643 2755 2715 imperio
2782 2659 2800 2698 :
2837 2660 2986 2699 nemo
3016 2654 3064 2698 te
3094 2655 3389 2700 contemnat
3431 2643 3559 2718 (Ib.

1956 2751 2026 2802 Il,
2052 2735 2163 2808 15).
2189 2735 2242 2793 Si
2266 2736 2614 2794 Christianus
2639 2754 2728 2805 es,
2753 2739 2878 2810 quia
2905 2750 2954 2794 et
2987 2751 3039 2793 tu
3072 2754 3212 2794 unus
3239 2740 3315 2795 sis
3342 2738 3407 2794 de
3434 2738 3565 2805 illis,

1956 2838 2183 2901 propter
2210 2846 2347 2902 quos
2378 2832 2577 2888 dixerit
2605 2849 2619 2889 :
2655 2831 2783 2887 ch
2812 2833 3022 2904 loquere
3044 2873 3060 2900 ,
3095 2844 3141 2888 et
3173 2832 3451 2889 exhortare
3473 2875 3488 2901 ,
3519 2843 3569 2888 et

1956 2942 2122 2998 argue
2148 2943 2267 2981 cum
2290 2930 2428 2981 omni
2461 2927 2681 2996 imperio
2701 2942 2720 2981 :
2752 2943 2899 2981 nemo
2931 2937 2980 2979 te
3009 2937 3302 2981 contemnat
3334 2925 3381 2998 (Ι
3392 2926 3525 2996 bid.)
3551 2944 3565 2992 ;

1957 3023 2147 3091 utique
2175 3036 2261 3077 me
2290 3037 2412 3077 cum
2442 3021 2592 3076 omni
2623 3030 2674 3077 te
2702 3021 3093 3092 corripientem
3123 3021 3355 3091 imperio
3380 3020 3571 3075 audire

1958 3114 2158 3181 debes,
2190 3131 2298 3172 non
2332 3123 2709 3172 contemnere.
2752 3114 2905 3170 Tunc
2947 3116 3056 3171 eris
3096 3114 3479 3182 Christianus,
3521 3115 3567 3169 si

246 3213 430 3263 tentes
457 3207 854 3278 blasphemiam
881 3210 1211 3266 catholicam
1243 3210 1405 3267 tidem
1435 3210 1739 3267 vindicare.
1771 3212 1857 3267 ln-
1885 3185 1930 3248 Ο
1964 3226 2050 3265 me
2079 3225 2185 3265 non
2218 3210 2617 3279 contempseris
2666 3208 2981 3263 hortantem
3028 3217 3099 3275 te,
3146 3217 3204 3262 ut
3248 3223 3569 3278 perseveres

241 3298 442 3371 juriam
475 3309 530 3357 te
562 3302 671 3372 pati
700 3302 875 3359 sentis
896 3343 912 3368 ,
947 3304 1071 3373 quia
1103 3303 1278 3361 bestia
1311 3319 1436 3360 esse
1466 3304 1672 3360 dicaris
1699 3321 1728 3358 a
1759 3319 1860 3361 no-

245 3393 334 3450 bis
362 3412 376 3448 :
412 3395 675 3452 inveniris
703 3397 1021 3467 excogitare
1051 3399 1215 3454 fidem
1247 3407 1458 3455 mutare
1482 3442 1497 3466 ,
1530 3399 1635 3454 hoc
1674 3410 1759 3455 est
1800 3409 1860 3455 ut

244 3504 359 3545 non
391 3490 465 3545 ita
490 3491 810 3552 credamus,
836 3491 1121 3563 quomodo
1149 3492 1481 3563 patriarcha:
1499 3534 1512 3559 ,
1541 3492 1821 3563 propheta:
1839 3536 1854 3560 ,

244 3583 493 3655 apostoli
518 3600 586 3641 ac
615 3595 889 3658 martyres
918 3586 1287 3650 crediderint,
1318 3586 1413 3642 sed
1448 3586 1755 3643 institueris
1782 3588 1863 3643 sic

243 3676 586 3734 credendum
610 3719 624 3743 ,
655 3677 939 3750 quomodo
980 3679 1358 3750 comperditus
1404 3689 1528 3735 tuus
1571 3680 1773 3735 Arius:
1806 3689 1866 3737 et

242 3771 393 3829 dicis
420 3786 530 3827 non
554 3780 608 3828 te
632 3783 782 3828 recte
806 3771 912 3828 dici
940 3773 1205 3839 bestiam,
1231 3788 1353 3830 cum
1372 3817 1387 3842 ,
1415 3772 1539 3845 quia
1570 3773 1686 3829 haec
1711 3788 1864 3830 esses

242 3874 517 3932 acturus,
560 3867 791 3922 bestiam
822 3875 876 3923 te
903 3882 1027 3924 esse
1068 3868 1271 3925 dixerit
1310 3872 1693 3925 sanctissimus
1736 3886 1867 3940 pro-

244 3959 462 4032 pheta?
500 3959 619 4016 Non
662 3961 846 4017 minor
883 3976 978 4030 es,
1018 3961 1341 4033 Constanti,
1384 3964 1768 4033 incredulitate
1797 3965 1865 4020 ab

242 4052 587 4109 antichristo
614 4069 627 4107 :
663 4066 787 4107 nam
818 4051 1075 4110 dentibus
1107 4054 1304 4110 ferreis
1335 4056 1434 4113 Dei
1478 4071 1676 4113 servos
1702 4057 1869 4111 devo-

1962 3303 2306 3359 Christianus
2333 3321 2345 3356 :
2368 3304 2411 3357 si
2428 3316 2562 3357 vero
2584 3301 3014 3373 contempseris,
3034 3300 3148 3371 jam
3168 3315 3277 3356 non
3302 3302 3371 3357 de
3386 3300 3573 3355 Chris—

1962 3400 2127 3454 tianis
2162 3414 2288 3455 esse
2324 3397 2651 3463 inveneris;
2696 3398 2821 3469 quia
2861 3397 2906 3451 si
2948 3397 3141 3452 fuisses
3182 3394 3567 3461 Christianus,

1964 3509 2073 3548 non
2106 3492 2534 3564 contempsisses
2565 3507 2689 3547 eum
2736 3506 2897 3561 quem
2937 3490 3080 3546 Deus
3128 3489 3471 3545 ordinaverit
3502 3487 3570 3544 ad

1964 3585 2346 3641 instruendam
2386 3585 2600 3656 plebem
2642 3600 2821 3652 suam,
2866 3594 2923 3640 et
2958 3601 3120 3651 eum,
3159 3586 3245 3641 cui
3287 3582 3571 3654 apostolus

1965 3680 2206 3736 dixerit:
2250 3678 2379 3735 Haec
2424 3680 2669 3751 loquere,
2712 3690 2760 3733 et
2800 3680 3116 3747 exhortare;
3159 3689 3207 3733 et
3247 3696 3407 3753 argue
3453 3693 3569 3733 cum

1966 3774 2107 3829 omni
2136 3774 2349 3847 imperio
2375 3789 2394 3828 :
2423 3789 2573 3828 nemo
2604 3782 2652 3827 te
2679 3782 2969 3827 contemnat
3003 3771 3218 3845 (Ibid).
3252 3772 3393 3839 Quid
3422 3772 3571 3828 enim

1967 3875 2021 3925 te
2064 3866 2296 3923 hortor?
2343 3867 2445 3922 nisi
2489 3876 2550 3922 ut
2581 3881 2687 3921 non
2732 3865 2811 3922 sis
2857 3865 3171 3935 homicida,
3220 3875 3281 3920 ut
3320 3864 3421 3920 Dei
3465 3879 3572 3920 non

1966 3964 2318 4033 persequaris
2348 3960 2603 4026 domum;
2638 3968 2697 4014 ut
2730 3959 2953 4015 desinas
2994 3969 3255 4031 torquere
3282 4002 3297 4024 ,
3330 3959 3574 4029 proscri-

1966 4055 2095 4112 bere
2113 4098 2127 4123 ,
2154 4056 2447 4128 deportare
2470 4097 2484 4124 ,
2514 4055 2802 4111 recludere
2830 4070 3055 4111 carcere
3079 4097 3095 4121 ,
3128 4054 3405 4109 trucidare
3430 4097 3446 4122 ,
3478 4070 3575 4109 va-

1968 4150 2050 4205 rie
2087 4149 2445 4220 disperdere,
2487 4148 2803 4205 interficere
2841 4165 2937 4205 eos
2966 4165 3108 4220 quos
3145 4164 3345 4206 cernas
3393 4147 3579 4205 Chris-

1970 4243 2149 4296 tianos
2174 4258 2188 4308 ;
2221 4250 2282 4297 ιιι
2302 4242 2527 4298 desinas
2552 4242 2789 4312 denique
2819 4242 3205 4313 blaSpltemare
3231 4244 3452 4298 unicum
3480 4241 3579 4297 Dei

1972 4333 2209 4403 Filium;
2243 4346 2298 4391 ut
2328 4336 2686 4407 apostolicam
2718 4336 2990 4406 suscipias
3014 4378 3027 4403 ,
3060 4352 3222 4409 quant
3258 4338 3576 4394 hmreticam

1972 4430 2109 4487 dicis
2140 4430 2301 4487 tidem
2329 4472 2344 4496 ,
2376 4430 2520 4487 hanc
2548 4431 2762 4487 scilicet
2789 4440 3035 4487 nostram
3062 4474 3077 4499 ,
3109 4448 3273 4504 quam
3312 4432 3457 4505 apud
3487 4431 3581 4487 Ni-

1974 4539 2143 4580 caeam
2186 4534 2237 4580 te
2276 4534 2468 4580 contra
2499 4535 2554 4580 et
2580 4535 2811 4581 cunctos
2856 4525 3150 4583 haereticos
3198 4527 3444 4599 episcopi
3486 4526 3580 4582 de—

1976 4619 2338 4688 scripserunt;
2355 4617 2500 4674 utsis
2524 4618 2757 4673 credens
2778 4617 2942 4675 sicuti
2967 4635 3089 4688 nos,
3114 4619 3467 4693 dignerisque
3497 4636 3581 4676 re-

1975 4727 2178 4783 spuere
2205 4712 2571 4768 idololatriam
2595 4728 2691 4783 per
2711 4714 2903 4768 Arium
2937 4714 3261 4785 magistrum
3307 4724 3459 4770 tuum
3497 4715 3586 4770 in-

1979 4803 2259 4870 stitutam;
2285 4816 2343 4861 ut
2365 4805 2738 4862 Christianum
2764 4815 2816 4861 te
2842 4807 3114 4875 clamites,
3150 4823 3257 4863 non
3282 4808 3583 4874 Arianum;

1981 4908 2041 4954 ut
2074 4898 2091 4937 ί
2128 4898 2355 4954 desinas
2382 4899 2612 4955 crimina
2638 4898 2775 4956 falsa
2799 4900 2894 4955 Dei
2924 4900 3142 4956 mittere
3174 4900 3585 4956 sacerdotibus:

1986 4993 2105 5050 [1:130
2122 5004 2206 5050 est
2230 4993 2507 5065 correptio
2536 5010 2693 5062 mea,
2746 4994 2865 5050 ha-c
2908 4995 3237 5067 objurgatio.
3290 4994 3588 5065 Apostolus

1984 5089 2117 5143 mihi
2148 5088 2280 5146 dicit
2309 5098 2370 5144 ut
2393 5098 2443 5145 te
2471 5105 2694 5161 arguam
2725 5106 2849 5145 cum
2880 5091 3027 5145 omni
3055 5090 3310 5160 imperio,
3335 5100 3389 5145 et
3421 5098 3479 5144 tu
3506 5089 3590 5145 di-

1983 5184 2062 5240 cis
2093 5201 2107 5237 :
2141 5181 2297 5237 Facit
2338 5182 2464 5237 mihi
2505 5184 2757 5253 injuriam
2780 5182 3028 5255 Lucifer;
3058 5192 3112 5238 et
3141 5197 3248 5238 non
3280 5182 3421 5238 dicis
3448 5202 3461 5239 :
3491 5179 3590 5236 Dei

244 4147 434 4205 rando
475 4164 583 4204 non
622 4147 850 4205 desinis.
890 4148 1028 4217 Quid
1071 4150 1360 4221 pluribus?
1403 4151 1479 4206 nil
1514 4151 1867 4207 antichristus

246 4250 486 4298 acturus
517 4252 637 4310 est,
678 4242 781 4298 nisi
816 4252 878 4298 ut
909 4255 1138 4313 negetur
1169 4245 1360 4300 unicus
1391 4245 1488 4301 Dei
1519 4245 1691 4302 Filius
1717 4265 1730 4302 :
1766 4246 1871 4303 hoc

240 4336 369 4408 agit
400 4335 631 4391 stultitia
660 4335 938 4408 saginatus
968 4338 1445 4395 imtnundissimus
1473 4339 1688 4396 animus
1720 4350 1866 4397 tuus.

242 4429 365 4487 Sed
412 4432 761 4502 quantumvis
800 4433 1027 4500 saevias,
1072 4434 1375 4503 transient,
1423 4435 1691 4492 transient
1733 4448 1871 4494 tem-

241 4538 396 4596 pora
433 4533 519 4579 tua
540 4566 556 4592 ,
589 4535 645 4580 et
676 4525 900 4582 venient
930 4526 1023 4581 illa
1044 4567 1059 4593 ,
1098 4526 1151 4582 in
1182 4527 1388 4599 quibus
1417 4528 1637 4586 visurus
1674 4545 1736 4587 es
1779 4541 1831 4588 te
1851 4572 1867 4599 ,

244 4618 367 4674 nisi
397 4618 493 4674 tibi
517 4620 886 4687 consulueris,
911 4620 963 4676 in
990 4620 1085 4676 illo
1109 4622 1270 4694 igneo
1296 4620 1459 4678 lluvio
1480 4622 1868 4693 constitutum,

241 4713 483 4770 visurus
516 4722 645 4770 tunc
674 4731 793 4780 eos,
823 4730 962 4787 quos
991 4714 1188 4772 infeste
1217 4717 1589 4789 persequeris,
1623 4726 1871 4789 propter—

239 4823 319 4866 ea
357 4808 510 4881 quod
555 4809 731 4864 nolint
773 4809 951 4880 perire
983 4818 1197 4877 tecum,
1238 4826 1346 4866 non
1376 4811 1431 4867 in
1468 4809 1565 4867 illo
1594 4812 1647 4866 in
1679 4827 1788 4883 quo
1819 4820 1874 4867 tu

240 4902 481 4959 futurus
505 4920 564 4960 es
589 4906 710 4959 loco
740 4913 1139 4961 tormentorum
1158 4948 1172 4975 ,
1204 4905 1303 4963 sed
1327 4922 1449 4962 cum
1481 4906 1692 4978 angelis
1720 4920 1877 4963 sanc-

245 4996 329 5051 tis
362 4998 576 5069 gratias
606 5007 661 5053 et
690 4997 879 5055 laudes
907 5000 1211 5055 referentes
1242 5015 1463 5072 semper
1495 5000 1633 5068 Deo,
1665 5009 1717 5056 te
1747 5015 1876 5056 vero

239 5088 310 5145 in
346 5091 450 5145 illo
480 5091 692 5162 liquore
722 5091 993 5147 ﬂammeo.
1024 5091 1159 5148 Nolo
1188 5094 1438 5161 mireris,
1466 5093 1511 5148 si
1540 5094 1729 5150 Daniel
1758 5094 1878 5165 glo—

239 5184 451 5241 riosns
478 5196 531 5242 te
555 5186 785 5243 bestiam
825 5203 946 5244 esse
972 5187 1305 5259 designarit,
1334 5188 1556 5261 quando
1596 5196 1655 5243 et
1681 5189 1879 5244 Paulus

1991 5343 2205 5397 tentiam
2226 5384 2238 5407 ,
2265 5349 2373 5397 etc.
2403 5340 2565 5396 Vers.
2596 5343 2727 5397 Ant.

2061 5414 2086 5450 ιι
2122 5413 2287 5469 Forte
2313 5414 2575 5467 mandatis
2599 5455 2613 5479 ,
2649 5425 2707 5489 ut
2743 5412 2899 5469 Vers.
2937 5414 3066 5489 A_nt.
3088 5429 3256 5489 ,cum
3286 5416 3448 5488 paulo
3474 5427 3599 5489 post

1987 5486 2129 5542 hanc
2156 5503 2343 5543 vocent
2369 5496 2602 5555 usurpet
2626 5486 2693 5539 ad
2722 5501 2943 5541 sensum
2966 5486 3145 5542 Pauli.
3288 5486 3301 5488 ’
3442 5508 3451 5515 ·

2068 5570 2090 5597 ε
2124 5558 2371 5614 Hortare.
2411 5559 2566 5613 Vers.
2599 5560 2730 5611 Ant.

2072 5630 2089 5669 ί
2127 5633 2181 5687 Id
2214 5642 2297 5686 est
2325 5673 2340 5696 ,
2372 5639 2429 5685 ut
2455 5630 2661 5683 desinas
2688 5630 2907 5684 crimina
2939 5631 3078 5694 falsa
3104 5630 3205 5687 Dei
3245 5633 3596 5690 sacerdotibus

1997 5703 2238 5776 objicere,
2267 5702 2401 5772 [also
2422 5718 2510 5757 eos
2537 5717 2833 5776 accusare;
2865 5704 2954 5758 ubi
2970 5704 3169 5759 mittere
3198 5719 3296 5776 pro
3325 5707 3598 5763 immittere

1997 5771 2151 5833 dicit.
2186 5771 2288 5830 Titi.
2324 5782 2380 5830 et
2405 5789 2474 5829 ex
2497 5788 2563 5830 eo
2584 5771 2834 5831 Galland.

334 5354 361 5381 ⁸
404 5344 576 5399 Paulo
606 5345 859 5413 superius
880 5386 894 5408 ,
928 5345 1239 5400 altissimum
1268 5343 1459 5400 Deum.

327 5415 364 5455 1'
403 5416 713 5481 Conclectis,
744 5418 829 5472 vel
853 5417 1166 5472 combestiis.
1192 5418 1372 5473 Latin.
1407 5418 1598 5474 Utrum
1624 5432 1757 5472 vero
1784 5416 1884 5471 ali-

237 5488 400 5563 quid
436 5489 525 5545 hic
552 5492 760 5563 subsit,
794 5489 938 5559 quod
972 5493 1035 5543 ad
1070 5490 1360 5545 historiam
1404 5490 1601 5563 referri
1645 5490 1882 5563 debeat,

237 5559 397 5618 éttm
447 5579 567 5617 suos
611 5559 878 5616 Cretenses
921 5563 1202 5632 appellat,
1252 5563 1396 5616 haud
1441 5561 1678 5616 divinari
1720 5561 1883 5617 licet:

236 5645 427 5706 certe
469 5632 705 5689 Arianos
752 5634 1048 5706 intelligit,
1097 5636 1335 5704 quibus,
1386 5644 1447 5689 ut
1492 5634 1885 5699 Cretensibus,

242 5701 558 5760 bestiarum
587 5706 917 5775 appellatio,
938 5701 1009 5761 'et
1049 5701 1201 5761 Pauli
1235 5709 1403 5761 verba
1436 5706 1744 5761 rectiSsime
1790 5721 1888 5775 ap-

248 5783 487 5850 tentur
522 5775 750 5850 (Jollegis
783 5794 882 5848 pro
910 5778 1101 5833 sociis.
1135 5776 1385 5833 Galland.

349 5855 377 5884 ⁸
420 5842 643 5916 Propter
662 5842 818 5920 quam
838 5866 1052 5905 causam
1071 5851 1433 5906 ....mandatis
1454 5849 1723 5906 hominum
1742 5864 1893 5904 aver-
1972 5916 1983 5925 κ

722 5945 1001 6007 Panos.
1051 5944 1229 6008 Xlll.
3041 5941 3120 6006 32
