4042 6338
236 275 376 354 ιοοξ

810 273 898 332 DE
937 274 1075 333 NON
1115 273 1485 346 PARCENDO
1525 275 1592 348 IN
1629 278 1824 350 DEUN
1866 275 2464 348 DELINQUENTIBUS
2501 281 2705 340 LIBER
2736 284 2942 345 UNUS.

3402 273 3540 345 tuos

236 403 460 454 εει-ναῖε
489 403 549 445 se
579 390 910 460 oportuisse,
935 400 990 448 et
1011 391 1492 462 circumcisionem
1525 393 1695 466 [uisse
1717 411 1844 464 cns-.
1865 399 1917 478 Α
1943 403 2304 460 correxerunt
2333 395 2532 460 Paulus
2577 397 2920 456 beatissimus
2941 441 2956 467 ,
3003 410 3060 457 et
3107 403 3293 458 caeteri
3339 416 3403 458 ex
3443 403 3543 460 illo

237 483 550 548 todiendam
583 497 934 553 censuerant,
970 497 1098 552 sunt
1125 491 1278 546 stulti
1308 490 1459 552 dicti.
1491 501 1696 562 quanto
1727 507 1841 556 ma-

233 581 319 654 gis
348 590 402 635 tu
431 581 596 652 digne
622 581 826 638 diceris
854 583 1072 649 stultus,
1100 584 1192 656 qui
1219 585 1363 640 unici
1398 585 1494 640 Dei
1523 585 1646 646 Filii
1675 602 1842 656 nega-

238 686 323 756 tor
375 676 697 734 exsdteris!
751 677 886 746 Quia
931 677 1106 733 dicam
1145 679 1262 748 tibi,
1295 677 1456 749 Eripe
1481 690 1528 735 te
1567 699 1597 736 a
1628 681 1841 746 canibus

232 769 429 824 rabidis
449 770 680 842 Arionis,
711 771 828 825 dole
849 771 938 828 tibi
961 771 1100 842 quod
1120 772 1330 830 illorum
1348 774 1575 848 maligno
1597 773 1841 838 htercndo

232 865 452 920 concilio
483 875 527 920 et
551 866 658 936 ipse
680 866 825 920 canis
853 869 1019 938 factus
1041 867 1134 931 sis,
1159 876 1540 938 contumacem
1566 883 1652 924 me
1677 867 1837 936 dicis;

232 960 326 1017 sed
358 960 607 1018 fortassis
635 962 860 1042 ignoras
885 961 1035 1018 unici
1065 962 1162 1024 Dei
1190 963 1314 1030 Filii
1344 975 1634 1040 negatores
1665 964 1843 1032 dictos

232 1072 421 1124 canes,
442 1057 622 1132 dictos
649 1066 835 1130 tauros
857 1057 1111 1131 pingues,
1137 1059 1314 1138 dictos
1338 1060 1480 1116 tilios
1507 1059 1837 1131 iniquitatis,

232 1167 421 1208 semen
455 1151 762 1228 adulterum
796 1161 850 1208 et
875 1154 1202 1222 meretricis,
1240 1154 1382 1214 lilios
1410 1154 1756 1226 perditionis,
1787 1162 1844 1208 et

232 1261 422 1302 semen
457 1246 724 1320 iniquum.
759 1245 814 1302 Si
849 1247 1030 1318 tugitis
1061 1256 1085 1284 α
1115 1247 1185 1320 ita
1221 1249 1493 1324 vocitatas
1521 1263 1617 1316 vos
1644 1264 1675 1306 a
1706 1249 1840 1316 Deo,

231 1337 360 1416 andi
394 1352 492 1408 per
519 1338 733 1394 Esaiam
758 1338 936 1410 ipsum
961 1339 1238 1410 dicentem
1269 1340 1336 1418 ad
1366 1340 1844 1410 comblasphemos

235 1439 358 1487 tuos
385 1431 607 1487 Judxcos
642 1451 654 1486 :
685 1432 922 1487 Accedite
948 1435 1068 1502 huc,
1099 1432 1230 1489 Filii
1273 1435 1562 1508 iniquitatis
1585 1433 1632 1502 ι),
1672 1452 1842 1498 semen

235 1525 536 1580 adulteram
565 1537 613 1581 et
640 1527 942 1582 meretricis.
979 1525 1044 1581 In
1073 1545 1174 1598 quo
1210 1529 1444 1584 delectati
1486 1541 1507 1568 ο
1540 1530 1682 1594 estis,
1716 1540 1762 1585 et
1789 1531 1842 1585 in

234 1636 386 1691 quem
413 1621 686 1692 aperuistis
714 1637 770 1675 os
799 1630 1052 1688 uestrum,
1075 1631 1119 1675 et
1150 1621 1393 1678 adversus
1417 1640 1569 1694 quem
1595 1623 1841 1680 immisis-

236 1714 302 1770 tis
329 1715 562 1786 linguam
589 1715 856 1769 uestram?
895 1731 1067 1790 nonne
1104 1731 1192 1769 vos
1223 1717 1341 1770 estis
1384 1715 1486 1786 ﬁlii
1516 1716 1840 1786 perditionis,

1942 486 2150 562 periido
2177 488 2395 558 populo.
2423 489 2558 557 Quia
2591 490 2766 550 dicam
2795 493 2924 548 tibi:
2951 492 3174 567 Eripete
3197 513 3230 550 a
3249 497 3544 570 malignan-

1942 582 2072 636 tium
2100 582 2339 649 concilia,
2390 583 2579 642 videor
2619 601 2744 644 esse
2789 587 2888 643 tibi
2916 590 3370 647 contumeliosus.
3426 591 3540 660 Qua

1942 673 2012 732 de
2041 675 2136 744 rei
2167 692 2363 747 nempe
2389 679 2514 750 quia
2544 679 2803 750 proﬁtear
2837 697 2925 737 me
2961 681 3333 742 Cluistianum
3361 726 3375 746 ,
3417 685 3541 755 quia

1943 769 2212 828 uoluerim
2253 770 2634 843 derelinquere
2671 773 2868 841 Deum,
2909 784 2964 831 et
2990 775 3144 832 abire
3169 787 3292 848 post
3315 776 3548 834 idolola-

1943 864 2099 926 triam
2132 875 2301 924 tuam.
2330 865 2448 922 Non
2485 882 2584 924 nos
2608 868 2838 939 primum
2860 871 3245 928 contumeliosi
3266 887 3329 929 ac
3353 887 3548 945 super-

1941 955 1996 1022 bi
2025 972 2054 1012 a
2085 957 2236 1016 vobis
2270 958 2402 1022 dicti
2449 975 2638 1020 sumus
2687 963 3012 1035 sacrilegis;
3061 964 3190 1022 dieti
3235 975 3361 1022 sunt
3395 968 3542 1022 enim

1943 1053 2110 1120 etiam
2135 1053 2214 1112 illi
2246 1055 2449 1123 cuncti,
2477 1056 2570 1127 qui
2592 1058 2916 1113 restiterunt
2941 1057 3174 1118 funestis
3197 1059 3394 1116 edictis
3415 1076 3550 1116 con-

1946 1155 2298 1218 tyrannornm
2333 1157 2572 1212 tuorum.
2609 1148 2682 1207 Ut
2711 1160 2765 1207 et
2791 1147 2821 1188 ιι
2844 1161 3077 1214 caeteros
3120 1161 3443 1224 praeteream
3492 1155 3546 1210 in

1944 1239 2186 1312 clausula
2214 1241 2502 1306 orationis,
2537 1241 2606 1306 ad
2635 1243 2810 1299 solum
2841 1243 3043 1299 iterum
3077 1261 3163 1300 me
3195 1255 3401 1301 vertam
3436 1248 3548 1301 An-

1946 1331 2186 1404 tilochum
2218 1348 2420 1405 regem.
2470 1333 2829 1396 Judicabatue
2865 1336 3188 1394 resistentes
3216 1337 3324 1393 sibi
3353 1348 3547 1394 contu-

1947 1424 2204 1494 meliosus
2245 1426 2510 1496 superbos
2559 1428 2774 1488 necne?
2817 1429 2950 1486 Sine
2974 1430 3167 1497 dubio,
3199 1432 3323 1503 quia
3355 1442 3551 1490 contu—

1946 1518 2204 1580 meliosos
2223 1520 2490 1590 superbos
2508 1522 2634 1579 illos
2647 1524 2975 1580 existimarit
2997 1525 3186 1597 luisse,
3211 1529 3300 1584 tali
3316 1539 3400 1586 est
3420 1547 3516 1586 cru
3532 1561 3550 1573 -

1947 1612 2168 1669 dclitate
2195 1614 2308 1670 Deo
2359 1615 2568 1684 dicatos
2605 1618 2672 1674 ad
2721 1631 2956 1698 mortem
2990 1637 3162 1696 usque
3203 1635 3547 1696 persecutus.

1947 1705 2139 1762 Restat
2165 1722 2297 1780 ergo
2327 1722 2385 1766 ut
2412 1710 2603 1786 videas
2633 1727 2760 1786 qum
2789 1713 2967 1778 adhuc
3001 1729 3169 1786 super
3213 1718 3304 1774 illa
3328 1761 3342 1785 ,
3387 1735 3550 1790 quem

235 1825 408 1864 semen
443 1809 677 1880 iniquum
727 1807 829 1881 (Is.
860 1824 985 1877 Lvn,
1034 1809 1130 1878 5)?
1161 1809 1227 1866 Et
1273 1811 1381 1865 alio
1436 1810 1555 1867 loco
1592 1829 1606 1865 :
1666 1809 1846 1868 Videte

1958 1798 2056 1866 iam
2085 1803 2388 1876 cognovisti
2417 1847 2431 1872 ,
2462 1807 2703 1876 gesserit
2726 1807 3061 1881 Antiochus;
3102 1818 3158 1865 et
3180 1811 3227 1866 si
3255 1812 3378 1867 illos
3403 1824 3554 1869 recte

235 1903 359 1973 quia
386 1899 412 1938 ἀ
443 1903 614 1962 omnia
642 1912 901 1960 excwcata
939 1911 1079 1969 sunt,
1115 1919 1218 1960 non
1249 1912 1600 1973 cognoverunt
1620 1918 1802 1974 sapere
1823 1944 1839 1968 ,

235 2013 414 2056 omnes
435 2014 589 2054 canes
611 1998 760 2062 muti,
788 1999 876 2069 qui
895 2014 996 2052 non
1023 2007 1302 2066 potuerunt
1331 1997 1543 2066 latrare,
1576 1999 1844 2053 somnian-

238 2104 310 2146 tes
339 2093 392 2146 in
424 2092 590 2148 cubile
623 2104 669 2161 ε,
699 2103 928 2148 amantes
965 2093 1247 2152 dormitare
1278 2109 1296 2148 :
1344 2103 1391 2147 et
1433 2110 1584 2148 canes
1623 2093 1846 2166 improbi

243 2185 478 2256 fanima:
521 2188 798 2250 nescientes
842 2187 1167 2268 satietatem,
1210 2198 1258 2246 et
1310 2199 1432 2256 sunt
1483 2205 1704 2254 neniam
1759 2204 1849 2244 ne—

236 2284 458 2344 scientes
488 2283 830 2349 intelleetum,
879 2300 1054 2342 attines
1080 2285 1193 2340 vias
1223 2299 1345 2338 suas
1377 2283 1541 2338 secuti
1576 2291 1696 2337 sunt
1736 2279 1844 2354 (Ib.

239 2392 350 2442 LVI,
385 2377 498 2445 10).
542 2377 644 2445 Qui
709 2375 764 2431 hi
823 2386 952 2432 sunt
1011 2375 1076 2431 ad
1112 2392 1251 2447 quos
1290 2375 1444 2443 inec,
1496 2376 1582 2429 vel
1627 2384 1854 2446 propter

237 2486 375 2546 quos
407 2470 706 2540 dicantur?
734 2486 930 2546 nempe
962 2470 1044 2526 illi
1067 2486 1229 2540 'quos
1278 2470 1332 2525 in
1369 2469 1635 2538 vicesimo
1673 2469 1850 2540 primo

240 2563 454 2634 psalmo
481 2563 694 2618 incusat
721 2563 914 2618 unicus
947 2564 1037 2618 Dei
1071 2563 1243 2617 Filius
1276 2577 1370 2616 ore
1404 2562 1573 2616 David
1614 2561 1804 2617 dicens
1833 2580 1846 2617 :

240 2657 706 2715 Circamdederunt
729 2675 809 2718 me
838 2658 983 2712 uituli
1027 2657 1196 2724 multi,
1229 2658 1367 2711 tauri
1393 2657 1606 2729 pingues
1635 2655 1840 2711 obsede-

241 2762 364 2816 runt
390 2768 490 2814 me.
516 2751 846 2820 Aneruerwu
885 2751 938 2808 ia
975 2767 1060 2808 me.
1085 2768 1138 2806 os
1166 2767 1339 2812 suum,
1368 2750 1503 2805 sicut
1533 2751 1612 2804 leo
1643 2749 1851 2820 rapiens

243 2856 290 2900 et
315 2847 522 2917 rugiens
545 2844 664 2917 (Ps.
697 2862 810 2913 xxI,
844 2846 954 2916 15).
982 2842 1047 2900 Ει
1080 2843 1218 2899 iul'ra
1241 2863 1256 2900 :
1283 2841 1746 2898 Circumdederunt
1770 2859 1851 2898 me

242 2953 397 2994 canes
422 2938 591 3002 ntulti,
623 2938 898 2993 concilium
938 2937 1336 3009 malignantium
1370 2936 1566 3004 obsedit
1606 2953 1726 2991 me:
1766 2937 1842 3008 {o-

243 3031 432 3086 derunt
456 3047 638 3087 manus
665 3048 803 3087 meas
835 3041 881 3085 et
912 3029 1192 3103 pedes(1b.
1230 3030 1340 3101 l7).
1370 3039 1393 3077 8
1418 3029 1645 3098 Quando
1671 3031 1852 3098 itaque

246 3123 369 3178 illos
398 3123 451 3178 in
477 3122 765 3188 sacrilegio
793 3123 1086 3195 magistros
1112 3133 1232 3178 tuos
1261 3123 1438 3178 dictos
1462 3121 1656 3200 vitulos
1684 3165 1698 3190 ,
1730 3131 1848 3196 tau-

1951 1892 2154 1962 poteris
2183 1893 2370 1952 dicere
2395 1899 2661 1967 superbos
2688 1898 2855 1954 fuisse
2887 1901 3158 1960 Antiocho
3189 1905 3552 1962 contumelio-

1946 2002 2059 2053 Sos,
2093 1989 2300 2057 poteris
2329 1999 2382 2045 et
2414 2005 2512 2066 nos
2551 1988 2591 2044 ί.
2627 1990 2754 2056 Haec
2777 1993 2980 2058 etenim
3012 2005 3067 2050 et
3102 1975 3200 2054 nos
3237 1974 3477 2072 patimur
3525 2015 3556 2054 a

1951 2092 2024 2148 te,
2056 2098 2177 2153 quae
2228 2092 2359 2142 sunt
2403 2093 2458 2140 et
2500 2084 2576 2140 illi
2605 2087 2852 2156 perpessi
2898 2088 2967 2142 ab
3000 2089 3310 2156 Antiocho;
3343 2091 3426 2146 sic
3456 2106 3556 2147 nos

1949 2191 2139 2236 sumus
2174 2177 2579 2247 proclamantes
2622 2194 2718 2249 pro
2751 2179 2855 2234 [ide
2881 2220 2894 2245 ,
2933 2197 3031 2250 pro
3062 2181 3327 2252 religione
3353 2224 3367 2251 ,
3417 2185 3560 2242 sicut

1951 2269 2170 2324 [nerunt
2201 2271 2608 2341 proclamantes
2639 2286 2690 2328 et
2723 2275 2795 2329 illi
2827 2291 2840 2340 ;
2873 2265 2953 2332 sic
2987 2293 3085 2332 nos
3140 2277 3250 2333 Deo
3297 2278 3554 2344 Abrahm,

1951 2363 2064 2419 Deo
2099 2364 2282 2434 Isaac,
2318 2366 2432 2421 Deo
2459 2365 2626 2422 Jactib
2663 2369 2871 2423 servire
2901 2369 3244 2438 profitemur.
3276 2374 3560 2444 quomodo

1950 2471 2006 2516 et
2029 2461 2106 2516 illi
2145 2470 2267 2524 sunt
2314 2461 2576 2524 confessi.
2609 2462 2785 2529 Misit,
2821 2465 2994 2536 inquit
3016 2466 3323 2538 Scriptura,
3357 2485 3450 2522 rex
3479 2485 3558 2524 sc-

1951 2571 2068 2610 nem
2097 2555 2490 2611 Atheniensemi
2523 2558 2607 2627 qui
2628 2559 2952 2634 compelleret
2977 2558 3213 2638 Ju'dteos,
3239 2572 3292 2626 ut
3311 2579 3363 2622 se
3381 2573 3557 2626 trans-

1952 2652 2145 2721 ferrent
2172 2669 2202 2706 a
2231 2653 2437 2722 patriis,
2471 2662 2517 2706 et
2545 2651 2643 2708 Dei
2675 2654 2868 2726 legibus
2902 2672 2966 2710 ne
2991 2666 3276 2726 uterentur,
3307 2659 3565 2712 contami—

1953 2763 2077 2801 nare
2105 2747 2261 2802 etiam
2289 2747 2426 2816 quod
2451 2748 2503 2800 in
2537 2747 2916 2820 Hierosolymis
2947 2762 3055 2804 erat
3088 2751 3358 2822 templum,
3383 2764 3430 2807 et
3465 2769 3555 2806 co-

1953 2842 2256 2912 gnominare
2303 2839 2448 2895 locis
2500 2840 2750 2914 Olympii,
2781 2856 2831 2898 et
2881 2844 3202 2917 Margarizin
3245 2845 3266 2883 ¹ί
3293 2888 3308 2912 ,
3351 2863 3443 2917 pro
3505 2856 3562 2901 ut

1955 2948 2120 3004 erant,
2145 2937 2232 3008 qui
2253 2937 2424 2992 locant
2450 2937 2830 3014 inhabitabant,
2854 2939 3000 2995 locis
3027 2941 3561 3014 hospitalis.Pessima

1953 3041 2124 3086 autem
2151 3042 2196 3085 et
2225 3032 2473 3086 universis
2508 3033 2678 3104 gravis
2709 3035 2964 3088 malorum
2993 3045 3105 3090 erat
3134 3037 3316 3091 seditio
3348 3033 3392 3090 1.
3421 3037 3561 3091 Nam

1956 3136 1994 3163 ω
2014 3127 2144 3197 quia.
2160 3127 2406 3198 templum
2435 3129 2898 3183 comessationibns
2926 3133 3155 3203 gentium
3185 3142 3294 3184 erat
3327 3131 3556 3199 plenum,

244 3230 338 3272 ros
362 3217 588 3289 pingues
608 3226 769 3288 atque
790 3232 956 3272 canes
976 3216 1254 3282 advertes,
1278 3232 1383 3270 non
1409 3215 1617 3286 poteris
1637 3225 1688 3269 tu
1710 3229 1850 3270 unus
1875 3236 1920 3298 ρ
1954 3219 2298 3274 scortantibus
2325 3237 2443 3274 cum
2474 3221 2843 3287 meretricibus,
2875 3232 2921 3276 et
2959 3223 3010 3275 in
3039 3224 3230 3277 sanctis
3271 3225 3416 3278 tectis
3449 3243 3564 3281 mu-

245 3325 311 3366 ex
333 3311 740 3386 malignantium
759 3312 989 3382 concilio
1007 3309 1459 3390 contumeliosum
1480 3326 1565 3366 me
1577 3309 1847 3380 judicare,

243 3405 368 3486 quia
403 3405 513 3470 illis
563 3391 630 3470 te
661 3421 966 3476 nuncupem
985 3404 1318 3470 nominibus,
1356 3403 1560 3476 quibus
1601 3418 1853 3474 compes-

247 3499 466 3555 tilentes
501 3501 574 3556 tui
599 3501 776 3556 vocati
802 3499 929 3556 sunt
959 3515 1022 3555 ac
1050 3509 1348 3556 vocantur:
1394 3514 1572 3570 neque
1601 3498 1745 3566 enim
1793 3509 1848 3555 tu

245 3594 426 3650 minor
450 3609 510 3651 es
535 3595 588 3650 in
619 3594 883 3665 nequitia,
899 3595 990 3665 qui
1015 3595 1218 3650 audeas
1238 3593 1420 3650 dicere
1447 3611 1460 3647 :
1486 3591 1616 3647 Erat
1637 3591 1848 3664 quando

247 3703 352 3741 non
373 3696 504 3754 erat,
537 3697 584 3743 et
613 3689 784 3760 factus
813 3698 884 3744 est
915 3705 981 3743 ex
1006 3687 1193 3753 nihilo,
1227 3695 1289 3743 ut
1324 3704 1431 3742 non
1464 3686 1570 3741 illis
1589 3686 1732 3758 aptis
1755 3686 1849 3760 tibi

246 3780 562 3837 nominibus
594 3780 947 3853 nuncuperis.
977 3781 1083 3838 Sed
1101 3781 1181 3837 vis
1205 3780 1291 3837 his
1313 3796 1420 3837 non
1438 3780 1738 3850 nuncupari
1755 3794 1851 3836 uo-

248 3875 534 3932 minibus?
563 3884 711 3931 muta
741 3875 857 3932 vias
890 3885 1008 3932 tuas
1038 3917 1054 3945 ,
1088 3877 1302 3949 corrige
1337 3890 1556 3933 errores
1591 3885 1712 3932 tuos
1738 3917 1752 3941 ,
1796 3884 1853 3930 ut

321 4078 559 4164 ffugis'
589 4079 768 4135 Latin.

321 4150 349 4192 δ
382 4148 580 4221 Iniqui.
613 4168 786 4207 semen
813 4151 1190 4206 adulterorum.
1222 4148 1378 4205 Vcrs.
1411 4149 1538 4205 Ant.

253 4296 294 4351 γ
324 4233 346 4264 ο
392 4219 612 4351 Lxsittis
636 4225 660 4280 7
684 4240 839 4294 super
882 4240 1127 4293 quem....
1160 4238 1315 4295 super
1335 4238 1436 4293 quo
1475 4219 1715 4292 ejecistis,
1745 4228 1854 4274 etc.

300 4312 409 4351 crs.
485 4315 514 4351 ιι
549 4337 562 4350 .

300 4312 409 4352 crs.
501 4305 562 4352 ιι.

323 4364 352 4404 δ
392 4297 650 4436 ρῖίξηὶαηι
693 4369 937 4424 exca'cati
975 4377 1091 4428 sunt
1135 4383 1333 4436 omnes,
1377 4382 1480 4419 non
1510 4373 1857 4436 cognoverunt

248 4435 477 4494 universi
508 4458 526 4495 :
555 4457 706 4495 canes
735 4441 865 4494 muti
889 4457 988 4494 non
1011 4437 1252 4511 poterunt
1283 4435 1509 4511 latrare,
1540 4435 1856 4511 somniantes

1952 3313 2167 3378 lieribus
2198 3331 2251 3388 se
2279 3314 2734 3384 appropiantibns,
2761 3316 2974 3386 insuper
3008 3316 3143 3386 intra
3174 3301 3452 3400 iqferentes
3503 3339 3563 3376 en

1953 3422 2070 3476 qua:
2096 3423 2198 3460 non
2246 3407 2564 3477 Oportebat;
2605 3408 2768 3462 altare
2802 3410 2954 3462 etiam
2987 3411 3193 3481 plenum
3228 3423 3334 3466 erat
3367 3413 3563 3467 illicitis

1949 3513 2066 3570 qua:
2088 3498 2283 3569 legibus
2314 3498 2735 3574 prohibebantur.
2778 3497 2832 3558 Ν
2837 3517 2960 3578 eque
3002 3512 3170 3555 autem
3199 3501 3410 3558 sabbata
3439 3521 3563 3577 age-

1953 3589 2141 3646 bantur
2173 3600 2220 3659 ιι,
2252 3609 2415 3662 neque
2456 3593 2563 3647 dies
2605 3594 2854 3648 solemnes
2898 3596 3103 3664 patricii
3145 3597 3566 3653 custodiebantur

1953 3685 2291 3764 (lngqI‘NI,
2314 3687 2389 3759 l).
2411 3687 2475 3743 Et
2499 3687 2636 3743 infra
2657 3706 2670 3742 :
2688 3685 3024 3744 Ducebantur
3045 3701 3215 3746 autem
3236 3709 3418 3746 amara
3434 3694 3454 3714 °
3473 3711 3561 3749 ne-

1952 3781 2188 3834 cessitate
2213 3798 2304 3853 per
2352 3781 2586 3853 singulos
2628 3799 2858 3849 menses,
2902 3785 2955 3838 in
2999 3784 3134 3838 diem
3182 3787 3318 3858 regis
3352 3789 3567 3856 natalis,

1955 3875 2220 3930 miseratio
2248 3885 2357 3931 erat
2380 3893 2399 3943 ;
2421 3886 2469 3930 et
2500 3893 2618 3931 cum
2653 3893 2802 3931 sacra
2837 3875 3013 3932 Liberi
3047 3877 3450 3949 celebrarentur,
3479 3899 3565 3938 co-

1957 4091 2118 4149 quem
2148 4075 2325 4149 locum
2359 4089 2632 4149 nonnemo
2655 4075 2882 4149 uiargini
2923 4077 3189 4146 adleverit
3219 4080 3456 4144 litteram
3488 4085 3558 4140 M.

1959 4145 2058 4219 qua
2084 4145 2487 4219 signiﬁcaretur
2516 4147 2667 4201 Mons
2688 4145 2900 4202 Gai-iatn
2923 4191 2936 4213 ,
2969 4145 3054 4219 ubi
3089 4151 3303 4208 scilicet
3333 4155 3561 4211 alterum

1959 4209 2296 4276 éxstruvctum
2327 4227 2446 4273 erat
2478 4219 2758 4288 templum.
2797 4209 2960 4290 Atqui
2991 4209 3301 4290 itujusmodi
3328 4209 3544 4282 litteran

1958 4291 2313 4360 marginalem
2347 4291 2414 4344 ad
2445 4299 2652 4346 textum
2685 4293 2961 4359 pertinere
3007 4295 3331 4352 existimans
3377 4298 3563 4355 indoc-

1961 4372 2046 4420 tus
2077 4363 2350 4428 librarius,
2382 4377 2560 4433 ncque
2591 4363 2725 4426 satis
2752 4361 3066 4433 percipiens
3097 4366 3384 4425 lectionem
3408 4370 3568 4428 Luci-

1959 4433 2245 4511 feriapam,
2281 4433 2409 4511 hinc
2432 4435 2580 4490 vocis
2607 4444 2912 4490 monstrum
2950 4434 3267 4511 Margarizin
3305 4441 3566 4500 efforma-

250 4513 529 4590 lectulum,
565 4522 791 4570 amantes
815 4505 1224 4567 dorutitationes.
1267 4510 1491 4565 Eadem.
1511 4507 1736 4590 ’δι-αισι,
1754 4508 1852 4563 iis.
1882 4529 1937 4590 D
1964 4508 2056 4590 viti.
2089 4505 2342 4590 (.Ialland.

249 4585 717 4662 {\_iex._qtpovﬁaj¢t,
747 4602 948 4655 saliere.
981 4594 1102 4654 post
1127 4593 1488 4662 C(Ltlﬂﬂl'et'ttttl.
1505 4581 1679 4662 graec.
1697 4579 1859 4636 Com-

251 4654 332 4724 pl.
361 4654 550 4719 πάῦἑες
579 4659 745 4722 κύνες,
771 4654 942 4711 omnes
961 4673 1130 4711 canes.
1154 4655 1357 4718 Grtcc.,
1387 4654 1594 4724 Aquil.,
1619 4654 1854 4724 Symm.,

251 4723 466 4784 Tlteod.
490 4742 543 4786 et
573 4738 822 4800 septuag.
851 4731 1123 4795 νυστάξαι,
1145 4723 1464 4790 dormitare,
1484 4741 1610 4779 cum
1643 4723 1818 4780 [λιιι-π.

331 4812 353 4838 θ
380 4800 550 4856 Cubili
583 4802 712 4871 legit
738 4801 927 4858 Saluti.

334 4871 386 4926 rl
395 4868 696 4942 mpudentEs
721 4875 910 4928 animae
932 4873 1294 4946 ignorante-unt
1310 4871 1703 4946 saturitgtem...
1732 4868 1858 4946 mali

254 4941 534 5020 nescientes
565 4941 984 5020 intelligentiam}
1007 4955 1112 5020 etc.
1146 4945 1304 5020 Yers.
1331 4946 1458 5020 put.
1491 4941 1652 5020 Forte
1678 4941 1856 5012 scrip-

257 5018 396 5073 serit
423 5028 636 5084 auctor,
664 5014 815 5071 canes
844 5018 1067 5085 improbi
1089 5017 1284 5071 anima.
1321 5014 1571 5085 Galland.

331 5098 357 5166 ες
386 5088 557 5166 Bedes
584 5107 741 5144 meos.
768 5084 1084 5166 Vegs.__Ant_.
1107 5089 1283 5166 Grmc.
1319 5086 1480 5166 πόδοις
1509 5084 1853 5166 simpliciter.

331 5157 358 5198 h
393 5160 456 5218 Et
484 5171 539 5218 ut
569 5176 797 5220 rtetcros.
838 5161 1088 5218 Galland.
1123 5161 1227 5215 Sed
1267 5160 1592 5214 metatbesis
1625 5157 1750 5212 licet
1780 5157 1860 5210 vi-

260 5233 539 5306 tiosainon
571 5234 886 5306 ablmrreta
918 5234 1064 5306 stle
1093 5231 1350 5288 Luciferi.

341 5301 352 5343 ί
396 5305 462 5360 Et
495 5323 587 5360 nos
621 5307 732 5361 tibi.
763 5301 1016 5359 Galland.

337 5378 350 5428 ι
396 5377 678 5444 Quemdam
710 5376 1103 5433 Antiochenam.
1133 5375 1289 5432 Vers.
1316 5375 1444 5429 Ant.
1483 5389 1604 5444 quae
1633 5372 1855 5444 omittit,

257 5443 631 5526 neuterentur.
657 5449 835 5526 Grato.
867 5450 1140 5526 ᾏθηναῖον,
1166 5443 1546 5512 Atheniensem,
1594 5443 1856 5526 cuanu-

256 5520 378 5594 cit;
418 5535 471 5576 et
500 5529 569 5594 μή
595 5523 970 5585 πολιτεύεσθαι,
1005 5538 1066 5575 ne
1098 5537 1150 5575 se
1198 5529 1454 5594 regerent,
1485 5527 1610 5594 post
1631 5518 1854 5594 Qgibus.

257 5587 660 5661 Lugdunenses
701 5603 757 5650 et
802 5594 1141 5650 Sabatierius
1189 5587 1589 5646 coinra'tidem
1631 5587 1858 5643 Tiliana:

257 5665 520 5722 editionis
541 5709 553 5726 .
581 5683 752 5722 senem
773 5664 1169 5730 Antiochenam,
1202 5679 1324 5717 cum
1355 5662 1510 5732 Vulg.

332 5737 358 5775 κ
389 5736 460 5794 Et
490 5740 544 5794 in
573 5737 809 5808 ,Gariaim
851 5748 1000 5808 prout
1048 5746 1194 5791 erant
1237 5734 1310 5788 hi.
1361 5733 1530 5808 Ycljs:
1554 5737 1680 5808 Aul:
1718 5733 1859 5808 Igiditi

256 5810 496 5881 pessime
523 5803 864 5881 Margarizinl
895 5808 1062 5881 Forte
1088 5809 1141 5863 in
1181 5805 1488 5881 exemplari
1511 5803 1860 5881 Lticiieriaiio

261 5873 530 5952 scriptum
579 5873 748 5940 nam
790 5879 1171 5954 grandioribus
1211 5873 1414 5936 litteris
1458 5873 1758 5952 Ingarisin,
1791 5874 1859 5932 ad

2036 4577 2054 4616 1
2091 4577 2354 4633 lncursio.
2388 4576 2545 4633 Vers.
2580 4579 2709 4634 Αηι.

2032 4661 2072 4687 ιιι
2094 4650 2234 4706 Nam
2265 4650 2510 4721 templum
2541 4651 2750 4710 luxuria
2779 4659 2827 4706 et
2867 4667 3050 4709 com...
3077 4664 3126 4708 et
3147 4658 3556 4716 scortantium...

1959 4724 2275 4803 san-alisque
2304 4721 2505 4777 a’dibus
2537 4723 3042 4803 mulier-esurientlt’ro
3065 4729 3383 4803 ingerebant,
3427 4733 3564 4787 intro

1959 4793 2262 4866 ferentes’ea
2289 4811 2404 4865 quae
2425 4812 2524 4848 non
2547 4793 2750 4850 licebat.
2783 4795 2915 4850 Ead.
2968 4793 3144 4855 ϐιωθῖ
3177 4801 3276 4858 hoc
3306 4793 3427 4859 cu-m
3450 4805 3561 4860 Lua

1960 4867 2046 4922 cii.
2075 4869 2477 4940 πλησιαζόντων,
2501 4867 2950 4940 apprOpiantibns.

2032 4948 2056 4974 "
2091 4939 2550 5000 Custodiebantur,
2585 4950 2630 4994 et
2653 4939 2805 5010 patrii
2835 4942 3192 4999 servabantur.
3230 4945 3390 5004 Vers.
3428 4950 3557 5005 Ant.

1961 5010 2139 5086 (ἶνα-(ζ,
2172 5010 2526 5085 διαφυλάττειν
2558 5011 2852 5086 custodire,
2873 5023 2993 5084 post
3023 5017 3134 5078 dies
3157 5019 3335 5086 patrii.

2038 5084 2221 5161 ‘qum
2265 5083 2447 5161 amara
2495 5083 2797 5161 necessitate
2838 5083 2891 5161 in
2931 5087 3106 5161 die._...
3141 5083 3209 5142 ad
3229 5092 3556 5161 sacriﬁcia...

1961 5153 2154 5234 hedera
2179 5157 2434 5234 coronati
2481 5153 2668 5234 _Libero
2701 5158 2957 5234 _cirrt_tire._
3005 5158 3157 5234 Vers.
3199 5166 3324 5234 Ant.
3355 5153 3561 5234 itaque

1959 5230 2222 5284 miseratio
2237 5240 2366 5284 erat.
2386 5227 2592 5284 'Sahal.
2613 5228 2741 5300 legit
2774 5247 2786 5281 :
2819 5228 2888 5282 In
2904 5231 2987 5283 die
3010 5231 3147 5300 regis
3167 5233 3356 5287 natalis
3378 5237 3448 5289 ad
3474 5227 3563 5291 sa-

1960 5300 2178 5376 criﬁcia.
2213 5301 2387 5357 Gra'c.
2418 5315 2540 5354 cum
2572 5299 2742 5355 Lucii.
2772 5303 2843 5376 εἰς
2868 5307 2958 5362 τήν
2986 5299 3122 5376 κᾳ-ξά
3149 5313 3306 5376 μῆνα,
3332 5324 3420 5373 per
3449 5310 3561 5364 si"-

1999 5372 2110 5448 alas
2134 5389 2362 5439 menses;
2411 5381 2458 5426 et
2503 5376 2716 5448 uia-eoi);
2747 5371 2996 5448 ἔχοντες,
3027 5371 3240 5430 hederas
3281 5371 3518 5448 habentes
3548 5397 3566 5432 :

1984 5445 2161 5526 egitttr
2191 5460 2323 5526 vei-9
2344 5453 2464 5511 past
2493 5445 2626 5498 diem
2650 5445 2782 5526 regis
2793 5445 3015 5526 natalis,
3035 5450 3120 5504 ἐπὶ
3144 5445 3562 5526 σπλαγχνισμὸν,

1961 5516 2030 5570 ad
2061 5516 2486 5592 uiscerationem;
2519 5515 2896 5592 quareALatiu.
2928 5519 3000 5570 ita
3044 5524 3265 5592 corrigit
3290 5515 3360 5576 ἰἰῖ
3395 5515 3564 5579 Lucil.

1963 5593 2029 5665 ad
2053 5589 2438 5665 uiscerationem
2464 5630 2478 5650 ,
2531 5587 2615 5665 vel
2652 5589 2930 5665 pisae-ratio
2943 5601 3080 5665 _erat
3099 5635 3111 5657 ,
3143 5587 3335 5665 id'est,
3365 5597 3484 5665 quia
3511 5615 3567 5651 eo

1964 5660 2048 5715 die
2076 5661 2364 5740 visceratio
2391 5669 2500 5740 era!
2542 5660 2886 5740 victimarum.
2937 5663 3044 5740 Sed
3086 5660 3486 5740 asiam-.mp5;
3525 5680 3572 5723 et

1964 5734 2291 5802 sat'riﬁcium
2324 5731 2588 5806 significat
2621 5772 2634 5796 ,
2662 5729 2730 5785 et'
2755 5733 3164 5806 inisrrationem,
3194 5727 3304 5806 uitii
3330 5727 3574 5795 vii'liina-

1963 5819 2085 5858 rum
2119 5807 2330 5859 viscera
2381 5802 2705 5874 fatiguntur;
2755 5802 2880 5874 hinc
2913 5805 2964 5882 in
2997 5802 3269 5878 Lucifero,
3295 5802 3574 5882 miseratio

1961 5885 2092 5931 erat.
