4042 6338
530 297 668 356 1007

1606 285 1930 350 LUCIFERI
1968 283 2281 350 EPISCOPI
2321 283 2740 346 CALARITANI

3649 294 3758 356 1008

527 417 777 490 gebantur
803 415 938 470 enim
959 413 1174 469 hederas
1202 415 1444 469 habentes
1469 412 1656 470 Libero
1705 415 1994 473 circumire.
2025 414 2131 471 De—
2157 421 2210 480 Α
2236 413 2418 470 lacere
2447 419 2575 467 tunc
2601 409 2845 466 cultores
2885 407 3022 466 Dei?
3064 411 3173 468 Deo
3203 426 3506 484 oportuerat
3529 431 3590 472 an
3611 417 3762 477 Antio-

527 520 723 565 cretum
750 517 924 562 autem
956 507 1078 562 exiit
1107 507 1160 562 in
1206 507 1469 578 proximas
1490 505 1792 562 Graecorum
1824 518 1848 545 δι
1872 509 2122 575 civitates,

2229 504 2334 561 cho
2393 503 2718 574 placendum
2751 503 2822 555 οἳ
2871 502 2928 559 Si
2977 503 3102 560 illos
3152 521 3260 564 non
3317 522 3498 564 censes
3545 508 3765 571 Antiocho

531 603 920 677 suggerentibus
945 601 1269 669 Ptolomteis,
1297 601 1352 656 id
1382 603 1861 674 ipsuminstitutum
1882 602 2130 658 adversus
2233 598 2453 670 placere
2499 597 2809 669 oportuisse
2845 639 2860 665 ,
2922 613 3025 654 nec
3067 615 3165 655 nos
3214 600 3399 673 utique
3452 603 3565 669 tibi,
3591 605 3696 676 quia
3725 614 3769 662 et

525 696 742 752 Iudaeos
767 711 922 768 agere
949 705 996 750 et
1020 695 1256 750 misereri
1284 711 1302 749 :
1327 711 1414 749 eos
1437 709 1558 750 vero
1574 696 1662 765 qui
1684 693 1894 750 nolintb
1912 695 2134 752 transire
2235 697 2320 760 tuj
2344 693 2453 750 alio
2492 693 2620 749 licet
2663 691 2850 761 modo,
2881 703 3061 750 tamen
3107 711 3203 751 nos
3233 695 3310 752 sis
3337 697 3548 766 cupiens
3569 698 3767 756 tolleres

528 789 598 846 ad
627 788 869 844 instituto
892 786 1212 856 ercorum,
1241 787 1550 859 interﬁcere.
1583 787 1801 846 Advenit
1823 804 1944 859 ergo
1965 789 2136 842 videre

529 881 815 938 miseriam.
865 879 998 935 Duas
1038 881 1176 935 enim
1204 880 1444 936 mulieres
1481 880 1672 937 delata:
1696 893 1814 937 sunt
1846 891 1996 936 natos
2015 897 2138 936 suos

527 975 914 1033 circumcidisse
940 1018 955 1043 ,
986 992 1203 1047 quarum
1231 986 1254 1015 ο
1283 975 1508 1046 infantes
1545 978 1616 1032 ad
1660 977 1817 1032 ubera
1854 977 2138 1047 suspende-

530 1081 678 1138 runt,
708 1079 756 1125 et
783 1086 896 1124 cum
913 1068 1117 1142 publice
1130 1085 1220 1139 per
1242 1069 1498 1124 civitatem
1513 1069 1634 1125 illas
1650 1070 2136 1138 circumdnzissent,

535 1181 627 1235 per
663 1181 866 1220 murum
897 1163 1018 1219 illas
1049 1164 1522 1236 praecipitaverunt.
1556 1163 1662 1221 Alii
1709 1182 1831 1223 vero
1870 1167 1924 1222 in
1955 1163 1984 1204 ἀ
2019 1184 2140 1238 pro-

531 1257 675 1312 ximo
705 1267 1077 1312 concurrerunt
1119 1257 1172 1311 in
1214 1259 1450 1331 speculas
1473 1302 1488 1326 ,
1535 1269 1583 1314 et
1624 1259 1841 1314 latenter
1868 1261 2141 1330 septimum

535 1349 672 1406 diem
695 1349 1047 1406 celebrabant.
1083 1349 1237 1417 Quod
1263 1367 1381 1405 cum
1401 1352 1686 1407 indicatum
1705 1362 1831 1408 esset
1855 1395 1871 1420 ,
1904 1355 2143 1424 sul/lam-

532 1445 809 1508 matisunt,
831 1461 892 1499 eo
904 1444 1044 1516 quod
1059 1454 1342 1499 metuerent
1364 1446 1416 1500 in
1435 1445 1521 1501 die
1537 1447 1754 1502 solemni
1770 1447 1999 1520 gloriosa
2009 1450 2146 1516 ferre

533 1539 634 1594 sibi
661 1539 864 1595 auxilia
886 1539 956 1611 (ll
981 1537 1227 1594 Maeliab.
1251 1555 1325 1607 vr,
1346 1540 1432 1610 7).
1451 1540 1591 1608 Quid
1609 1555 1805 1598 censes
1834 1542 2147 1613 Oportuisse

2239 790 2374 857 Deo,
2399 798 2454 846 et
2479 789 2707 860 iungere
2735 787 2980 857 diabolo,
3019 797 3080 845 ut
3110 789 3200 846 ille
3232 789 3459 846 voluerit
3496 791 3608 847 illos
3635 809 3648 846 :
3680 792 3769 864 ipsa

2241 900 2340 956 per
2365 893 2422 941 te
2452 882 2748 940 crudelitas
2769 883 2983 955 geritur
3004 925 3020 952 ,
3054 885 3132 939 sic
3159 899 3337 940 saevus
3358 891 3508 956 atque
3530 884 3710 956 iniquus
3729 887 3770 942 in

2245 994 2365 1047 eos,
2386 978 2478 1050 qui
2510 987 2604 1034 tuo
2627 981 2844 1034 tunesto
2864 978 3044 1035 edicto
3063 977 3350 1036 resistunt.
3378 977 3618 1049 Superest
3629 976 3772 1050 igitur,

2247 1083 2307 1131 ut
2328 1084 2413 1130 est
2440 1088 2586 1146 sarpe
2609 1073 2835 1140 dictum,
2867 1072 3055 1130 doleas
3078 1083 3132 1129 te
3160 1086 3403 1139 errasse,
3434 1087 3774 1144 agnoscensque

2251 1176 2304 1223 te
2336 1182 2460 1224 esse
2485 1166 2814 1222 homicidam
2845 1178 3007 1238 atque
3036 1165 3776 1239 blasphemum.temet,deser-

2251 1271 2336 1320 tor
2361 1262 2483 1331 Dei,
2514 1271 2882 1334 repraesentes
2907 1261 3096 1318 domui
3123 1259 3141 1299 ί
3156 1304 3170 1329 ,
3195 1260 3436 1333 alioquin
3454 1270 3506 1316 tu
3538 1260 3622 1318 tibi
3639 1261 3775 1334 impu-

2255 1365 2487 1424 taturus,
2514 1371 2636 1412 cum
2671 1369 2724 1413 te
2753 1355 2940 1413 videre
2971 1355 3210 1428 coeperis
3245 1354 3362 1412 illic
3395 1369 3541 1423 esse,
3571 1355 3648 1411 ubi
3671 1369 3780 1412 nunc

2253 1463 2382 1510 sunt
2401 1454 2584 1510 cuncti
2615 1453 2695 1510 illi
2724 1454 3052 1527 contyranui
3085 1453 3182 1510 tui.

609 1686 636 1760 ξι
665 1675 801 1734 Cum
833 1676 1358 1760 Οτίινοοςελληνίδας)
1391 1676 1624 1760 (ξι-ωερε.
1655 1680 1817 1736 Vers.
1851 1683 1978 1737 Ant.
2015 1683 2156 1760 _G_en-
2183 1697 2234 1759 Β
2333 1699 2354 1726 ο
2402 1687 2560 1743 Vers.
2618 1689 2746 1744 Ant.
2779 1689 2924 1757 Quas
2967 1687 3358 1760 infantibusad
3381 1687 3531 1742 ubera
3573 1686 3783 1757 suspensis

537 1749 810 1823 tilium_....
843 1760 898 1804 ut
928 1751 1040 1817 pari
1067 1753 1223 1804 modo
1253 1762 1298 1803 et
1329 1753 1526 1818 ipsi....
1554 1764 1785 1823 agerent,
1816 1763 1869 1807 ut
1891 1757 2157 1822 sacriﬁca-

536 1833 671 1898 rent.
697 1819 874 1898 Gra-c.
921 1823 1009 1898 hic
1039 1824 1414 1898 σπλαγχνίζειν
1442 1824 1533 1898 υΙή
1565 1819 1620 1878 in
1661 1825 1837 1880 Lucii.
1870 1819 2103 1883 misereri
2136 1870 2151 1895 ,

541 1891 595 1947 id
626 1906 708 1948 est
731 1895 799 1948 ad
828 1895 1147 1960 sacriﬁcium
1177 1891 1408 1950 uictimas
1437 1897 1721 1952 eviscerare
1750 1914 1762 1950 :
1799 1914 1987 1952 verum
2027 1891 2152 1956 cum

543 1979 574 2018 a
599 1971 820 2042 nomine
841 1967 1149 2042 σπλάγχνων
1171 1976 1226 2042 et
1258 1969 1622 2041 σπλαγχνίζω,
1659 1969 1801 2039 quod
1831 1971 2152 2041 sacriﬁcare,

539 2046 589 2091 et
619 2038 1059 2113 σττλςκογχνίζφμὸιὶ,⁷
1083 2040 1386 2113 derivetur,
1409 2038 1577 2109 ’(ιυυά
1625 2038 1983 2113 misericordia
2011 2061 2153 2098 cont-

539 2111 735 2164 ntoveri
762 2110 1054 2188 Siguilieat,
1089 2111 1212 2166 ideo
1232 2111 2017 2188 τριιειινοίιὲςνειιιι,ιηιοι-ιιτοε,
2042 2132 2151 2188 (ιιιο

538 2194 674 2234 usus
702 2192 806 2245 est,
838 2182 1003 2238 vertit
1023 2184 1272 2238 misereri.
1299 2183 1403 2238 Sed
1433 2202 1500 2237 an
1527 2183 1636 2238 btet:
1653 2182 1913 2240 editorum
1941 2182 2092 2243 lectio
2118 2206 2150 2242 a

537 2249 773 2332 L_uc’i_[e_tji
800 2271 957 2332 manu
972 2257 1196 2332 primum
1214 2254 1633 2332 p‘rodieritltaud
1642 2258 1880 2332 equidem
1901 2263 2148 2332 putarim,

538 2323 981 2382 aitGallandius.
1013 2323 1373 2399 Saliatflegit
1414 2345 1427 2382 :
1462 2327 1837 2385 Gentilium...
1888 2323 1941 2386 tit
1998 2323 2147 2388 idm;

540 2409 752 2471 agerent
770 2410 817 2454 et
839 2400 1213 2471 sacriﬁcarent.

616 2465 644 2506 δ
683 2467 862 2527 Graec.
895 2465 1016 2526 cuin
1049 2473 1221 2544 Lucil”.
1255 2471 1496 2544 instituta
1525 2473 1774 2542 ἑλληνικά,
1822 2473 2148 2544 Greecorum,

540 2547 597 2594 et
621 2544 1071 2619 παρῆ-δηαάυεῃὶι.
1094 2543 1250 2604 Vers.
1272 2545 1402 2600 Aut.
1433 2543 1541 2600 Eos
1565 2558 1739 2600 autent
1766 2547 1856 2617 qui
1883 2543 2149 2604 nollent...

541 2616 792 2684 gentium,
824 2616 1172 2687 interﬁcerent
1199 2632 1218 2672 :
1249 2627 1358 2672 erat
1389 2634 1532 2688 ergo,
1563 2626 1668 2674 etc.

2259 1775 2378 1813 cum
2405 1761 2608 1843 publice
2637 1777 2729 1831 per
2754 1763 3014 1843 civitatem
3037 1759 3539 1843 circumduztissentn
3558 1774 3784 1841 permarot

2260 1831 2734 1900 pra’cipitaverunt.
2753 1832 2928 1888 Lucil.
2947 1850 3012 1888 ex
3031 1831 3246 1895 Grzeco,
3265 1833 3406 1895 illas,
3423 1833 3593 1897 αὐτάς,
3616 1832 3783 1884 circum-

2257 1905 2546 1976 dueissent.
2574 1915 2620 1959 et
2651 1921 2742 1976 per
2769 1921 2993 1962 murum.
3019 1908 3148 1962 κατά
3176 1911 3270 1962 τοῦ
3287 1905 3520 1976 τείχους.

2327 1973 2475 2048 ἐιίΑά
2498 1973 2760 2047 proximas
2786 1988 3020 2032 coeuntes
3049 1979 3322 2048 speluncas
3490 1975 3664 2048 sabbati
3687 1973 3786 2027 diem

2257 2046 2591 2115 celebrantes,
2615 2066 2729 2103 cum
2758 2049 2978 2104 indicati
3007 2046 3173 2103 essent
3195 2047 3466 2120 Philippo,
3491 2046 3682 2120 flaminis
3705 2062 3788 2099 suc-

2255 2121 2393 2192 censi
2432 2133 2571 2184 sunt,
2619 2137 2678 2174 eo
2704 2121 2842 2186 quod
2895 2121 3196 2176 uerebantur
3249 2118 3456 2192 propter
3482 2118 3733 2192 religionem
3755 2126 3788 2170 et

2255 2191 2625 2246 observantiam
2649 2210 2804 2247 manu
2827 2193 3027 2248 sibimet
3052 2193 3306 2248 auxilium
3348 2195 3498 2262 ferre.
3542 2191 3690 2247 Graia.
3727 2195 3789 2249 τὴν

2255 2262 2542 2342 ἑϐδομάδα,
2572 2264 3018 2342 diem_septi_muni,
3041 2277 3092 2342 et
3120 2261 3790 2342 @vsqloyiaenqm,sufﬁam-

2258 2333 2388 2388 mali
2407 2346 2525 2391 sunt
2556 2351 2678 2392 cum
2705 2336 2876 2392 Lucil.
2902 2333 3438 2394 Sabatierius'ltabct
3463 2355 3477 2392 :
3501 2333 3560 2390 In
3586 2333 3790 2408 prasinus

2254 2422 2482 2482 cucurrei
2497 2419 2585 2463 unt
2605 2412 2896 2482 speluncas.

2257 2489 2357 2606 Tr
2397 2479 2502 2535 Pro
2535 2479 2736 2552 placere
2761 2499 2782 2549 ;
2803 2482 2944 2538 sicut
2970 2493 3094 2539 ante
3121 2481 3266 2540 dixit
3294 2482 3514 2539 nocitum
3535 2494 3622 2552 pro
3638 2491 3790 2533 nocere.

2311 2568 2322 2604 Ι
2355 2588 2369 2604 ο

2399 2620 2590 2679 Domui
2615 2624 2728 2693 Dei,
2751 2625 2808 2682 id
2831 2635 2915 2683 est
2942 2625 3190 2706 Ecclesia:
3213 2627 3287 2682 ad
3321 2626 3662 2700 paenitentiam.
3685 2624 3693 2659 '

568 2758 3794 2791 ._._________________________________.

1411 2931 1560 3050 ε.
1639 2935 1818 3048 ι’.
1874 2934 2065 3046 N.
2145 2899 3004 3056 Lucrum

1769 3127 2128 3193 EPISCOPI
2169 3130 2670 3196 CALARITANI
2686 3179 2704 3212 ,

558 3294 1817 3453 MORIENDUM
1861 3292 2348 3444 ESSE
2406 3297 2822 3452 PRO
2869 3300 3218 3448 DEI
3265 3294 3794 3486 FILIO,

1186 3537 1344 3625 AD
1420 3537 2282 3628 CONSTANTIUM
2353 3541 3270 3651 IMPERATOREM,

1863 3716 2208 3791 LIBER
2288 3717 2436 3793 UN
2443 3718 2604 3800 US.

641 4025 909 4082 Decuerat
953 4019 1202 4093 quidem,
1228 4016 1514 4075 Constanti
1537 4015 1859 4087 imperator,
1895 4014 2034 4070 nihil
2053 4014 2166 4086 jam
2194 3994 2242 4059 (ἶ
2273 4017 2470 4090 quibus
2500 4026 2551 4074 te
2581 4025 2738 4089 putas
2764 4032 3045 4091 magnum,
3078 4033 3202 4075 esse
3232 4027 3285 4076 te
3310 4018 3588 4081 miserum,
3607 4019 3799 4070 contem-

570 4130 748 4176 tecum
776 4116 846 4174 de
873 4114 1079 4172 divinis
1107 4121 1408 4170 retractare
1437 4109 1749 4182 scripturis,
1782 4125 1904 4165 cum
1927 4123 1995 4166 eo
2018 4109 2172 4166 vide-

573 4212 728 4280 licet,
758 4223 922 4281 quem
956 4204 1208 4264 veritatis
1235 4203 1668 4274 compererimus
1698 4201 2170 4272 interpolatorem,

575 4316 754 4364 tecum
786 4320 947 4377 quem
997 4301 1066 4359 de
1094 4301 1202 4358 illis
1231 4316 1298 4356 ex
1335 4298 1546 4355 actibus
1576 4297 1684 4353 tuis
1715 4306 1768 4354 te
1813 4295 2178 4367 comprehen-

573 4399 818 4454 derimus
865 4411 1010 4464 esse,
1049 4395 1142 4468 qui
1176 4393 1385 4449 idcirco
1429 4392 1690 4448 dicantur
1725 4389 1830 4445 sibi
1876 4389 2174 4460 sapientes,

578 4492 727 4563 quod
760 4492 904 4546 enim
935 4491 1047 4546 sint
1071 4487 1402 4560 insipientia:
1435 4487 1540 4543 iter
1571 4495 1860 4550 tenentes;
1889 4482 2176 4551 decuerat,

576 4595 636 4640 ut
665 4583 927 4652 diximus,
989 4593 1112 4652 post
1165 4593 1318 4638 tanta
1359 4581 1454 4637 illa
1487 4595 1607 4651 (μιω
1661 4579 2015 4652 ingessitnus,
2065 4577 2177 4648 jam

581 4678 831 4748 prmbere
862 4677 1165 4743 silentium,
1195 4676 1433 4732 maxime
1477 4690 1600 4731 cum
1631 4673 1889 4744 scriptum
1917 4672 2182 4728 memine-

580 4777 753 4829 rimus
788 4788 801 4825 :
835 4769 965 4826 Noli
1014 4768 1324 4841 respondere
1344 4769 1662 4838 imprudenti
1688 4766 1758 4821 ad
1781 4765 2181 4835 intprudentiant

580 4871 716 4941 ejus,
740 4885 802 4924 ne
827 4865 1010 4922 similis
1040 4865 1138 4935 ﬁas
1167 4863 1247 4918 illi
1267 4861 1617 4928 (Promxxvr,
1636 4863 1728 4935 4)-
1753 4864 1818 4918 Et
1847 4862 2042 4918 iterum
2067 4880 2080 4916 :
2115 4859 2181 4914 In

583 4979 738 5018 aures
785 4959 1132 5035 imprudentis
1183 4961 1291 5014 noli
1317 4961 1590 5029 quicquam
1621 4960 1811 5024 dicere,
1861 4974 1924 5012 ne
1971 4957 2182 5028 quando

583 5057 830 5119 audierit,
864 5055 1079 5110 irrideat
1107 5063 1342 5110 sensatos
1363 5069 1621 5108 sermones
1644 5063 1758 5107 tuos
1780 5050 1888 5123 (1b.
1920 5065 2073 5115 χχιιι,
2099 5051 2178 5122 9).

581 5150 712 5216 Sed,
747 5151 873 5222 quia
903 5147 1084 5204 adhuc
1127 5148 1196 5205 de
1223 5163 1501 5204 armorum
1551 5158 1768 5203 tuorum
1817 5155 2088 5218 potestate
2131 5157 2186 5202 et

581 5259 720 5298 \‘tllla
748 5241 960 5314 imperii
994 5241 1467 5297 tuidominatione
1495 5242 1660 5297 times
1678 5251 1723 5307 ει,
1757 5241 1952 5313 collegi
1983 5239 2010 5279 ι’
2033 5241 2186 5312 plau-

584 5339 736 5402 dere,
765 5337 910 5408 quod
939 5337 1084 5393 enim
1117 5337 1328 5408 possis,
1355 5350 1490 5406 quos
1517 5335 1731 5391 ratione
1753 5334 2027 5391 debueras
2053 5334 2105 5390 in
2131 5333 2184 5390 id

2279 4114 2443 4183 nique
2475 4128 2694 4168 onmem
2722 4112 3056 4170 carniﬁcinae
3086 4120 3194 4170 tuae
3251 4111 3458 4169 rabiem
3488 4126 3516 4166 a
3543 4106 3692 4166 servis
3714 4099 3798 4163 Dei.

2279 4205 2427 4262 volui
2460 4207 2566 4262 isto
2617 4208 2924 4278 prtesertim
2952 4207 3094 4263 libro
3125 4215 3316 4262 notum
3371 4200 3641 4274 sacrilegio
3673 4197 3804 4252 funes-

2281 4307 2406 4354 tata:
2429 4297 2612 4355 facere
2639 4299 2811 4355 menti
2842 4310 2969 4355 tuae.
3000 4298 3078 4354 Te
3107 4299 3254 4356 enim
3284 4313 3410 4354 cum
3440 4290 3715 4366 temporali,
3737 4299 3803 4341 ca-

2279 4392 2448 4462 duco,
2497 4393 2698 4466 fragili,
2753 4393 3104 4467 corruptibili
3143 4409 3315 4467 regno
3354 4404 3448 4450 tuo
3499 4387 3802 4447 transiturum,

2281 4499 2338 4546 et
2387 4487 2455 4546 ad
2506 4500 2774 4546 aeternam
2829 4505 3071 4563 plenam,
3125 4490 3235 4547 nisi
3263 4490 3388 4558 tibi,
3419 4490 3541 4546 dum
3586 4492 3660 4541 est
3682 4481 3806 4536 loeuS.

2282 4583 2622 4654 provideris,
2652 4594 3069 4654 perventurum,
3091 4582 3439 4640 Christianos
3464 4593 3591 4638 vero
3614 4574 3672 4632 ad
3694 4578 3808 4627 tetet-

2283 4695 2410 4736 nam
2438 4689 2696 4737 venturos
2741 4680 3012 4752 requiem,
3041 4678 3463 4751 incorruptibile
3485 4685 3689 4748 regnum
3713 4679 3808 4720 cou-

2283 4779 2594 4838 secuturos,
2625 4771 2792 4827 ﬁxum
2825 4773 3288 4844 manifestumque
3311 4771 3510 4828 habere
3531 4779 3579 4823 te
3597 4761 3805 4818 volumus.

2285 4865 2369 4921 An
2398 4863 2697 4921 defendere
2730 4864 2986 4932 tentabis,
3038 4863 3185 4937 quod
3235 4862 3380 4920 enim
3412 4877 3507 4934 per
3543 4858 3662 4913 hanc
3685 4851 3807 4906 haue-

2285 4962 2388 5016 sim
2423 4972 2569 5016 tuam
2599 4959 3100 5032 comprehensurus
3121 4959 3200 5016 sis
3223 4973 3449 5030 regnum
3489 4951 3731 5010 etelorum.
3751 4949 3804 5002 ιυι

2287 5055 2378 5126 qui
2411 5070 2534 5110 cum
2565 5052 3070 5124 compestilentibus
3103 5053 3209 5108 tuis
3241 5050 3458 5108 Arianis
3498 5047 3690 5105 timens,
3715 5043 3805 5126 "°_’

2288 5123 2450 5205 nobis
2499 5123 2826 5205 Christianis
2867 5149 3107 5206 revictus
3162 5163 3360 5204 manus
3409 5145 3536 5202 dare
3580 5123 3808 5204 aliqum"

2289 5243 2562 5300 clamante
2609 5245 2845 5301 veritate
2874 5244 2989 5316 ipsa
3039 5243 3340 5316 cogereris,
3372 5235 3807 5308 disceptationel’e'

2285 5337 2453 5406 jecta,
2495 5335 2564 5392 ad
2603 5335 2859 5393 virtutem
2892 5336 3316 5407 confugiendum
3346 5333 3604 5407 fragilium
3634 5327 3806 5385 Ariano'

580 5431 723 5505 quod
751 5446 1046 5489 censueras
1073 5432 1432 5497 consuluere,
1466 5429 1694 5497 violare,
1717 5430 1771 5486 in
1803 5429 2178 5510 bisomnibus,
2207 5419 2264 5480 D
2287 5445 2408 5486 rum
2429 5440 2452 5470 ο
2474 5438 2689 5486 tuorum
2717 5430 3037 5487 censueris?
3063 5438 3336 5502 tamquam
3367 5443 3549 5502 posses
3570 5421 3708 5480 armis
3732 5414 3809 5470 fﬂ'

656 5581 683 5610 ἰ
726 5571 913 5628 Times.
937 5570 1120 5628 Vatic.
1153 5581 1332 5627 tumes.
1363 5570 1467 5626 Til.

652 5643 682 5681 δ
721 5644 889 5700 Forte
902 5645 1143 5716 intellexi
1175 5656 1222 5699 te
1252 5644 1342 5698 tibi
1363 5642 1640 5716 plaudere;
1669 5641 1818 5716 yelsi
1838 5641 2184 5716 retinendum

583 5727 667 5770 est
685 5717 865 5783 times;
894 5714 1150 5782 Intellexi,
1174 5715 1296 5788 quia
1315 5711 1472 5771 victus
1496 5714 1559 5768 ab
1582 5715 1711 5788 ipsis
1730 5711 2032 5788 Catholicis,
2058 5731 2186 5786 quos

580 5788 905 5860 interemisti,
965 5803 1125 5856 neque
1153 5786 1206 5842 in
1244 5789 1342 5842 tuis
1393 5789 1503 5860 ipse
1554 5786 1712 5843 armis
1761 5786 2018 5858 conﬁdis;
2067 5789 2185 5842 ideo

579 5859 793 5931 plaudo,
819 5859 986 5928 lector,
1019 5875 1128 5914 esse
1155 5869 1204 5913 te
1229 5859 1495 5926 miserum,
1532 5867 1642 5916 etc.

2369 5583 2388 5609 (τ
2432 5571 2724 5626 Armorum.
2758 5569 2937 5627 Latin.
2967 5579 3118 5626 recte
3147 5587 3162 5637 ;
3197 5569 3317 5627 haec
3341 5569 3482 5628 enim
3511 5563 3740 5637 respicere
3753 5567 3807 5608 Vl‘

2291 5641 2512 5710 dentur,
2544 5659 2664 5712 quae
2697 5644 2858 5713 paulo
2889 5655 3016 5700 ante
3043 5633 3317 5716 leguntur,
3346 5643 3464 5714 quia
3483 5633 3634 5716 adhuc
3736 5639 3806 5716 ,εἶ’

2291 5732 2495 5772 morum
2517 5709 2721 5770 tuorum
2751 5725 3022 5784 potestate,
3048 5709 3156 5771 etc.
3209 5709 3532 5785 Quidquod
3578 5709 3805 5785 restituat:

2292 5803 2421 5845 nem
2451 5777 2798 5851 conﬁrmant.
2831 5805 2955 5854 qua:
2985 5777 3112 5842 mox
3159 5777 3345 5842 subdit
3373 5777 3576 5850 auctor,
3611 5777 3804 5854 tamqle

2291 5876 2467 5934 posses
2494 5861 2652 5916 armis
2679 5851 2977 5933 [ragilibus,
3002 5869 3113 5919 etc.
3135 5859 3159 5916 Υ
3203 5858 3391 5933 Neque
3416 5857 3565 5914 aliter
3590 5860 3698 5907 sane
3716 5851 3802 5896 Sil"
