3836 6348
46 321 182 382 1009

951 319 1369 382 MORIENDUM
1410 320 1583 381 ESSE
1622 318 1761 379 PRO
1802 320 1915 378 DEI
1954 320 2140 382 FILIO
2176 325 2404 384 LIBER.

3191 324 3333 383 1010

44 441 242 516 gilibus
271 437 598 495 immortalia
641 437 782 495 dona
811 451 1205 496 consecuturos
1232 455 1493 512 superare
1524 440 1628 497 ini-
1653 450 1703 510 Α
1733 454 1761 495 a
1794 454 1882 495 me
1908 439 1976 495 ad
2008 446 2439 501 conservandam
2463 447 2718 515 salutem,
2742 463 2932 505 omnes
2974 447 3069 505 Dei
3119 460 3333 512 servos,

45 536 211 591 micus
240 533 439 589 divina:
495 532 796 603 religionis,
853 532 1138 604 religiosos
1190 547 1377 589 servos
1424 532 1629 588 Christi

44 639 347 701 praecursor
409 625 752 692 antichristi,
809 625 1009 680 milites
1058 626 1153 682 Dei
1203 641 1323 694 eos,
1368 640 1507 697 quos
1563 624 1630 680 ad

43 732 266 780 teternas
296 719 599 776 divinitatis
645 735 758 773 suae
806 718 1172 790 perfruendas
1199 720 1477 775 amicitias
1509 720 1633 773 uni-

42 832 130 873 cus
159 826 241 872 est
284 814 452 870 Filius
482 814 578 871 Dei
626 813 863 870 invitare
900 813 1175 884 dignatus,
1226 813 1446 869 dicens:
1484 814 1631 869 Beati

42 912 154 968 estis
177 926 293 964 cum
324 918 351 947 ι
380 924 467 963 vos
490 909 611 963 odio
636 906 907 962 habuerint
951 907 1208 975 homines,
1247 919 1294 963 et
1322 909 1631 964 maledicen-

40 1018 107 1064 tes
131 1014 516 1078 persequentur,
540 1014 588 1059 et
612 1004 1017 1075 exprobrabant,
1052 1014 1099 1058 et
1143 1004 1313 1058 dicent
1358 1005 1629 1058 adversum

39 1119 122 1157 vos
145 1117 290 1156 omne
316 1098 510 1154 malum
526 1098 778 1171 :gaudete
806 1107 851 1152 et
877 1100 1153 1167 exsultute,
1176 1100 1419 1171 quoniam
1439 1116 1628 1154 merces

40 1207 196 1252 vestra
222 1196 384 1250 multa
403 1192 432 1233 δ
456 1205 532 1250 est
570 1195 625 1249 in
651 1195 776 1250 coelo
805 1197 918 1250 :sie
949 1196 1085 1249 enim
1133 1195 1389 1267 persecuti
1422 1203 1538 1249 sunt
1580 1204 1629 1249 et

40 1287 331 1361 prophetas,
360 1289 624 1359 quierant
678 1298 799 1343 ante
847 1306 952 1343 vos.
1012 1289 1119 1343 llos
1159 1298 1217 1343 tu
1270 1289 1323 1343 in
1374 1288 1628 1344 omnibus

39 1386 304 1456 impotens
334 1382 401 1440 de
423 1383 595 1455 gradu
628 1384 832 1455 putasti
863 1383 1088 1454 pellere,
1125 1382 1225 1437 bos
1247 1392 1627 1454 prosternere,

38 1492 169 1550 quos
206 1475 394 1533 videas
424 1476 630 1532 idcirco
660 1490 783 1532 esse
833 1485 1050 1548 paratos
1093 1490 1196 1546 pro
1226 1476 1390 1530 unico
1421 1475 1514 1531 Dei
1548 1475 1630 1531 in-

41 1569 201 1626 terfici
234 1569 393 1638 Filio,
426 1568 575 1641 quod
603 1569 751 1626 enim
776 1569 1050 1640 elegerint
1074 1583 1182 1624 non
1213 1568 1501 1623 vobiscum
1532 1583 1628 1623 ne-

38 1663 307 1735 gatoribus
336 1663 580 1735 torqueri
606 1662 750 1735 apud
784 1663 1010 1732 inferos,
1048 1664 1142 1719 sed
1176 1662 1402 1720 caeleste
1428 1677 1630 1719 conse-

38 1758 124 1830 qui
153 1773 410 1828 regnum;
442 1756 545 1814 hos
576 1773 674 1828 per
704 1759 921 1815 inanem
957 1760 1108 1830 regni
1143 1761 1215 1815 tui
1244 1760 1625 1815 auctoritatem

1731 532 1938 588 calcata
1996 533 2195 591 frivola
2250 540 2577 597 auctoritate
2621 552 2733 610 tua,
2767 552 2973 608 mente,
3026 540 3332 607 voluntate,

1732 627 1933 694 studio,
1976 627 2194 695 virtute,
2228 646 2362 687 voce
2388 635 2722 690 consentire.
2766 634 3027 690 Advertis
3057 632 3335 706 quomodo

1730 722 1933 777 caduca
1957 722 2257 779 dominatio
2285 735 2375 780 tua
2399 738 2603 798 quanto
2628 739 2815 784 contra
2860 744 2960 783 nos
2989 727 3188 782 smvire
3219 725 3338 797 dig-

1731 826 1916 881 natur,
1952 816 2094 886 quod
2130 826 2284 874 tanto
2328 834 2389 875 ea
2430 820 2706 891 judicetur
2736 836 2860 878 esse
2907 821 3141 885 infirma,
3196 834 3334 875 con-

1731 908 2077 980 temptibilis,
2110 911 2312 974 inanis,
2360 912 2559 969 debilis
2587 924 2643 970 et
2685 914 2898 986 abjecta
2946 932 2959 969 :
3010 913 3199 969 furore
3251 921 3334 968 el-

1733 1004 1879 1058 enim
1909 1011 1964 1059 et
1993 1005 2203 1060 scelere
2228 1006 2507 1061 concitata
2538 1023 2731 1062 manus
2759 1016 2853 1063 tua
2884 1008 2948 1063 ad
2980 1007 3333 1079 perimendos

1732 1113 1834 1153 nos
1864 1098 2121 1169 quotiens
2150 1100 2455 1171 pnevaluit,
2484 1102 2686 1158 totiens
2712 1117 2810 1157 nos
2842 1102 3108 1168 crevisse,
3139 1112 3194 1157 et
3219 1117 3337 1157 ma-

1731 1195 1812 1266 gis
1872 1204 2035 1266 atque
2089 1198 2259 1268 magis
2309 1197 2548 1253 victores
2617 1197 2895 1252 exstitisse
2958 1196 3333 1253 meminimus.

1732 1288 2026 1343 Mactastis
2091 1289 2526 1361 quamplurimos
2585 1291 2640 1346 in
2687 1290 3014 1347 Alexandria
3050 1332 3065 1358 ,
3118 1289 3337 1345 laniasti

1731 1394 1914 1441 certos
1943 1393 2058 1440 toto
2084 1385 2136 1441 in
2166 1384 2322 1451 orbe,
2351 1385 2726 1459 disperdidisti
2754 1385 3080 1441 resistentes
3120 1385 3216 1441 tibi
3243 1400 3338 1441 va—

1732 1478 1829 1533 riis
1856 1480 1907 1533 in
1937 1478 2107 1543 locis;
2134 1478 2228 1534 sed
2269 1478 2320 1533 hi
2355 1494 2567 1547 omnes,
2595 1479 2740 1550 quod
2798 1488 2853 1534 tu
2886 1478 3078 1534 audire
3109 1480 3335 1535 minime

1734 1573 1855 1633 vis.
1905 1582 2176 1646 martyres
2219 1581 2351 1629 sunt
2389 1590 2401 1628 :
2433 1574 2557 1629 illos
2602 1589 2796 1629 omnes
2843 1574 3191 1629 beatissimos
3242 1584 3335 1629 tuo

1732 1674 1999 1722 mactatos
2048 1666 2229 1738 gladio
2279 1667 2333 1722 in
2378 1668 2636 1739 paradiso
2686 1682 2807 1723 esse
2858 1667 2950 1739 qui
2982 1665 3331 1723 l'credimus.

1731 1760 1906 1817 Crede
1955 1762 2085 1815 mihi
2114 1761 2257 1832 quod
2287 1777 2318 1817 a
2351 1770 2401 1816 te
2429 1762 2786 1818 statuerimus
2818 1760 3087 1827 interfici,
3120 1761 3246 1833 quia
3279 1770 3337 1817 et

37 1864 316 1906 censueras
347 1858 518 1906 temet
551 1861 573 1889 ο
607 1861 988 1921 superaturos,
1016 1852 1109 1923 qui
1149 1852 1244 1908 Dei
1276 1852 1474 1921 templa
1499 1867 1621 1909 esse
1654 1860 1698 1921 Β
1729 1855 1924 1911 melius
1951 1870 2073 1911 esse
2104 1855 2405 1912 viderimus
2463 1858 2515 1910 in
2547 1857 2729 1911 omnia
2774 1871 2893 1909 arva
2924 1856 3093 1912 Deum
3130 1856 3333 1913 habere

38 1948 143 2018 ipsa
164 1945 515 2002 confessione
546 1945 671 2001 fidei
714 1963 827 2001 sua:
867 1946 1196 2003 clarescunt.
1227 1945 1299 2002 Ut
1328 1947 1473 2001 enim
1522 1960 1620 2000 vos

36 2043 215 2098 Ariani
270 2040 522 2112 negando
575 2040 773 2095 Filium
825 2041 921 2096 Dei
949 2041 1140 2096 domos
1186 2055 1309 2096 esse
1358 2039 1621 2095 immundi

36 2134 268 2205 spiritus,
301 2133 529 2189 vocibus
580 2133 999 2205 preplietarum,
1031 2133 1428 2205 apostolorum,
1456 2146 1623 2204 atque

36 2240 304 2282 sacrorum
334 2225 748 2299 evangeliorum
777 2226 1165 2298 designamini,
1216 2227 1288 2283 ita
1318 2223 1346 2264 ἀ
1377 2228 1466 2299 qui
1532 2228 1623 2283 Fi-

34 2321 158 2377 lium
199 2322 291 2377 Dei
319 2322 668 2384 confitemur,
702 2323 903 2393 templa
962 2322 1056 2376 Dei
1107 2335 1231 2377 esse
1286 2320 1623 2377 ostendimus

35 2429 146 2470 nos.
171 2414 365 2471 Milites
399 2414 494 2470 Dei
526 2424 631 2470 tum
656 2415 985 2470 carniﬁcinae
1006 2414 1360 2470 succumbere
1380 2414 1625 2485 potuisse

31 2509 255 2565 crudelis
307 2519 475 2582 atque
506 2511 769 2582 sacrilega
825 2525 982 2566 mens
1038 2519 1125 2565 tua
1178 2511 1622 2582 suggestionibus

33 2603 215 2660 favens
242 2604 702 2661 cohaereticorum
748 2613 966 2659 tuorum
1020 2611 1470 2673 prmsumpserat,
1526 2618 1624 2658 nos

32 2713 161 2769 quos
191 2698 395 2768 templa
425 2712 523 2753 sua
546 2697 679 2751 dicit
700 2711 826 2752 esse
853 2696 996 2751 Deus
1021 2696 1100 2751 sic
1130 2713 1145 2753 :
1184 2696 1443 2765 Quoniam
1474 2694 1625 2750 inha-

33 2793 190 2849 bitabo
223 2795 276 2848 in
306 2793 434 2859 illis,
464 2802 513 2847 et
560 2793 694 2847 inter
736 2808 822 2847 eos
860 2791 1154 2859 ambulabo,
1187 2802 1237 2847 et
1284 2809 1371 2848 ero
1412 2793 1622 2847 illorum

34 2887 183 2955 Deus,
205 2899 251 2943 et
271 2889 374 2960 ipsi
399 2896 547 2943 erunt
570 2888 694 2941 mihi
725 2885 986 2959 populus(
1017 2885 1038 2939 I
1066 2886 1187 2940 Cor.
1232 2902 1327 2953 vit,
1360 2885 1473 2957 16).
1510 2888 1620 2943 llos

32 2991 82 3037 te
107 2983 316 3038 vincere
342 2983 589 3053 potuisse
611 2981 983 3053 judicaveras,
1019 2994 1157 3051 quos
1189 2982 1474 3051 apostolus
1495 2982 1622 3035 hor-

35 3085 167 3133 tatur
190 3077 381 3133 tollere
415 3077 604 3142 Deum,
657 3084 713 3131 et
737 3084 960 3148 portare
1002 3074 1055 3130 in
1096 3075 1416 3144 corporibus
1467 3075 1619 3142 suis;

37 3169 126 3223 hos
170 3177 221 3225 te
250 3169 420 3225 armis
463 3167 709 3223 futilibus
760 3166 914 3238 regni
949 3166 1023 3221 tui
1073 3168 1328 3238 subigere
1377 3168 1622 3239 potuisse

1728 1959 2052 2015 amatorem,
2096 1964 2256 2019 quam
2303 1959 2356 2006 te
2381 1965 2507 2005 cum
2559 1948 2699 2005 .Inda
2731 1948 2983 2004 Scarioth
3016 1947 3334 2005 Judaeorum

1726 2044 2056 2100 imitatorem
2090 2045 2288 2115 puniri.
2314 2044 2450 2099 liinc
2473 2054 2557 2101 est
2578 2044 2831 2115 denique,
2857 2043 3164 2111 Constanti,
3192 2042 3336 2112 quod

1726 2138 2019 2196 frendores
2044 2139 2261 2194 colubri
2294 2155 2389 2209 per
2422 2148 2475 2193 te.
2504 2139 2685 2194 illatos
2723 2154 2832 2193 nun
2868 2137 3123 2193 timentes
3148 2136 3335 2191 subire

1727 2233 1899 2305 parati
1928 2249 2117 2289 sumus
2144 2248 2307 2289 omne
2330 2232 2576 2288 exitium.
2610 2231 2895 2303 Nunquam
2943 2245 3043 2286 nos
3070 2230 3334 2286 consilio~

1728 2342 1847 2381 rum
1879 2336 2190 2381 nostrorum
2224 2326 2491 2397 paenitere
2522 2334 2741 2396 potest,
2768 2323 2815 2378 si
2861 2338 2959 2394 per
2997 2332 3048 2378 te
3086 2322 3335 2387 mactati,

1727 2422 1820 2493 qui
1850 2421 2028 2478 adhuc
2053 2422 2159 2476 tuis
2188 2420 2507 2476 crudelibus
2539 2418 2819 2475 restitisse
2872 2415 3124 2472 videmur
3161 2414 3341 2470 mani-

1730 2514 1852 2578 bus,
1884 2513 2171 2570 fuerimus.
2205 2515 2352 2569 Mors
2383 2513 2608 2575 etenim,
2632 2525 2796 2583 quam
2830 2510 2989 2565 nobis
3025 2520 3081 2565 tu
3109 2510 3333 2565 minitao

1729 2607 1803 2662 ris
1835 2595 2058 2675 inferre,
2093 2607 2353 2663 omnibus
2380 2616 2462 2662 est
2494 2613 2687 2677 parata
2719 2622 2731 2659 :
2768 2611 2974 2658 tantam
3006 2618 3138 2659 vero
3194 2602 3333 2658 beao

1730 2699 2037 2767 titudinem,
2095 2711 2353 2771 quantam
2401 2702 2576 2755 sancti
2628 2705 2757 2754 sunt
2806 2708 3078 2769 martyres
3122 2695 3328 2767 adepti,

1730 2809 1891 2848 nemo
1921 2804 1977 2848 ut
2007 2793 2256 2849 videmus
2302 2800 2388 2850 est
2439 2801 2793 2859 consecutus,
2825 2790 2927 2847 nisi
2961 2790 3016 2846 hi
3052 2789 3145 2862 qui
3194 2805 3333 2845 mor-

1731 2894 1837 2942 tem
1866 2896 2085 2958 propter
2111 2888 2329 2942 unicum
2373 2887 2471 2942 Dei
2497 2885 2696 2942 Filium
2736 2883 3022 2941 moriendo
3055 2884 3332 2939 vicerunt.

1733 2980 1947 3035 Dicatos
1974 2981 2084 3035 Deo
2106 2979 2357 3035 homines
2387 2990 2633 3051 torques,
2662 2978 2947 3041 interficis,
2973 2976 3329 3040 exterminas;

1731 3084 1787 3131 et
1816 3090 1914 3130 cur
1936 3074 2053 3129 inec
2078 3091 2261 3145 geras,
2316 3090 2510 3130 causas
2541 3073 2794 3129 odiorum
2826 3072 3060 3127 reddere
3099 3086 3205 3125 non
3239 3084 3335 3123 va-

1730 3170 1836 3236 les,
1868 3171 1996 3241 quia
2031 3179 2087 3225 tu
2110 3184 2282 3225 erras.
2316 3168 2493 3224 Etiam
2544 3167 2699 3223 nobis
2730 3167 2987 3221 irasceris
3017 3179 3115 3219 cur
3143 3178 3329 3218 veram

37 3265 207 3320 fueras
264 3262 485 3334 quidem
532 3262 830 3318 arbitratus
862 3278 875 3315 :
914 3260 1010 3316 sed
1050 3263 1311 3331 perspicis
1344 3272 1389 3329 θ,
1425 3263 1477 3317 in
1533 3274 1627 3319 tuo
1655 3277 1701 3340 ρ
1735 3273 2020 3319 teneamus
2050 3264 2213 3331 viam,
2250 3273 2452 3319 etcum
2488 3270 2672 3317 nostra
2714 3260 2918 3316 salubri
2950 3257 3331 3313 admonitione

36 3360 227 3431 palatio
254 3360 398 3416 intra
451 3357 633 3413 velum
662 3354 680 3394 τ
712 3356 842 3413 licet
888 3364 1039 3412 stans
1073 3355 1244 3411 tulisti
1295 3371 1618 3427 responsum

38 3548 158 3605 dere
179 3555 477 3604 noscuntur
505 3546 619 3600 sive
642 3543 813 3600 libelli
844 3550 1249 3615 argumentum,
1295 3542 1630 3599 Moriendum

38 3637 138 3694 esse
153 3638 241 3694 pro
269 3619 411 3675 Filio
436 3617 557 3686 Dei,
584 3616 700 3674 sive
729 3616 896 3672 totius
924 3616 1123 3686 opellae
1153 3625 1469 3671 contextus.
1503 3615 1631 3671 Gal-

42 3693 176 3747 land.

108 3774 134 3802 ⁸
171 3763 297 3819 Cum
324 3779 415 3819 vos
445 3762 777 3828 maledicent,
806 3772 851 3816 et
880 3769 1242 3831 persequentur
1255 3769 1300 3813 et
1332 3760 1622 3816 dieent.....

42 3847 239 3909 prapter
274 3836 557 3909 justitiam.
617 3833 778 3889 Vcrs.
811 3835 937 3909 A_nt.
962 3833 1069 3909 Ms.
1102 3833 1359 3888 German.
1386 3848 1507 3909 cum
1538 3850 1626 3887 vos

42 3904 153 3964 adio
206 3904 478 3963 habuerint
528 3908 779 3961 homines.
826 3905 1059 3961 Floriac.
1116 3914 1161 3958 et
1216 3904 1623 3975 exprobrabant,

41 3997 155 4035 cum
186 3980 361 4037 Lucif.
397 3980 450 4034 in
478 3995 587 4051 quo
609 3979 793 4033 Sabat.
824 3978 990 4049 legit:
1027 3976 1298 4031 Persecuti
1329 3979 1545 4049 fuerint,
1579 3987 1626 4031 et

42 4052 478 4163 exprobraverint,
502 4050 550 4107 et
577 4050 827 4106 dixerint.

177 4126 308 4163 nm'n
358 4140 550 4163 “anno:
601 4131 765 4163 πνοιὴ-η
818 4142 827 4163 Α

177 4126 310 4191 Quia
358 4140 550 4178 merces
601 4131 765 4177 vestra
818 4121 1030 4192 copiosa
1074 4129 1148 4174 est
1186 4120 1242 4175 in
1273 4120 1435 4176 cwIis.
1471 4120 1624 4175 Vers.

50 4198 167 4253 Ant.
199 4196 378 4253 Graec.
412 4194 586 4250 Vatic.
620 4194 805 4248 multa.

113 4281 133 4308 ο
168 4269 307 4341 Lege
327 4278 712 4341 superaturum.

112 4343 139 4384 ά
179 4335 269 4396 1ιᾶ
290 4335 404 4395 cunt
438 4342 558 4395 :sie
596 4337 823 4408 legimus
856 4345 914 4391 ut
958 4335 1297 4408 comparatio
1342 4336 1442 4408 rite
1472 4336 1631 4391 insti-

48 4422 241 4468 tuatur.
274 4413 418 4468 Etliti
450 4406 946 4481 itaquefScriptum
982 4407 1121 4462 forte
1152 4406 1322 4481 fuerit
1363 4407 1415 4481 in
1445 4423 1634 4481 exem-

48 4484 173 4553 plari
230 4478 572 4541 Luciferiano
628 4484 702 4538 ita
750 4496 932 4553 quum,
972 4489 1042 4553 et
1088 4480 1264 4533 scriba
1300 4478 1634 4553 fugientibus

46 4550 212 4628 oculis
238 4559 429 4628 legerit
450 4557 643 4625 itaque.
693 4550 941 4628 Galland.
967 4550 1078 4628 Nos
1099 4566 1170 4605 ex
1199 4551 1633 4607 correctionibus

46 4626 266 4682 Tiliaua‘
293 4624 548 4684 editionis
574 4628 825 4697 legimus,
852 4626 924 4678 ita
946 4624 1056 4693 qui.

1730 3358 2009 3429 corrigere
2041 3368 2092 3413 te
2122 3357 2322 3442 possis,
2362 3371 2582 3413 errores
2613 3364 2735 3412 tuos
2767 3356 2994 3425 insuper
3015 3351 3335 3408 crudelibus

1738 3554 1948 3601 stantes
1971 3545 2136 3601 veluti
2156 3561 2221 3601 ex
2246 3560 2404 3600 sacro
2434 3560 2653 3601 recessu
2676 3544 2880 3599 dabant
2905 3558 3188 3613 responsa,
3217 3545 3332 3600 sive

1738 3628 1797 3671 ut
1823 3619 2020 3673 occulti
2051 3617 2328 3682 audirent,
2348 3634 2468 3687 qua:
2488 3619 2539 3671 in
2556 3618 2868 3681 censilium,
2893 3628 2981 3671 aut
3004 3614 3327 3685 injudicium

1733 3688 2077 3744 decernenda
2141 3691 2602 3758 proponebantur.
2654 3688 2954 3753 Utrumque
3006 3687 3334 3743 confirmant

1734 3772 1846 3816 tum
1879 3762 1967 3818 hic
1996 3760 2229 3819 Luciferi
2259 3763 2433 3823 locus,
2457 3761 2543 3815 tibi
2572 3763 2648 3816 ait
2671 3762 3052 3816 Consmntium
3078 3760 3219 3814 intra
3241 3776 3330 3813 ve-

1730 3833 1839 3888 lum
1869 3844 2085 3888 stantem
2139 3835 2367 3889 tulissea
2413 3851 2466 3888 se
2492 3850 2817 3899 responsum,
2872 3842 3005 3897 elc.,
3047 3841 3159 3886 tutu
3192 3831 3331 3887 alitis

1731 3907 1894 3976 paulo
1925 3907 2149 3961 inferior
2174 3951 2188 3973 ,
2223 3922 2344 3961 cum
2371 3906 2559 3960 scribit
2578 3923 2632 3961 se
2653 3905 2845 3978 dixisse
2862 3903 3131 3978 judiribus
3149 3900 3328 3978 ,βοη-

1728 3980 1918 4032 stantia
1938 3979 2048 4033 velo
2064 3980 2222 4033 misso
2248 3979 2508 4040 audiente,
2538 3985 2646 4033 etc.
2669 3976 2776 4033 Sed
2802 3976 3078 4043 sagittarii
3102 3976 3334 4044 diligen-

1732 4049 1861 4104 tiam
1897 4061 2127 4117 uterque
2157 4050 2310 4105 locus
2354 4049 2561 4119 effugit.
2615 4050 2977 4120 Hieranymus
3024 4047 3226 4120 Magius
3275 4049 3328 4101 in

1731 4121 1957 4177 Miscell.
1989 4123 2082 4176 lib.
2130 4122 2189 4183 2,
2217 4137 2337 4191 cap.
2384 4118 2486 4185 i3,
2526 4121 2686 4177 docet
2718 4118 2894 4174 velum
2926 4132 3035 4174 tum
3064 4118 3229 4173 inisse
3276 4121 3330 4175 in

1729 4194 1949 4263 judiciis
1992 4196 2215 4262 egelidis
2250 4195 2597 4263 interjectnm
2620 4235 2635 4257 ,
2673 4207 2795 4247 cum
2846 4193 3122 4260 graviores
3153 4205 3333 4263 causae

1736 4262 1789 4319 in
1814 4267 2173 4336 qumstinnem
2201 4262 2637 4336 proponerentur
2669 4281 2683 4327 ;
2712 4263 3015 4336 cuiusmodi
3059 4271 3209 4336 Certe
3238 4262 3337 4336 fuit

1738 4332 1975 4392 Luciferi
2003 4352 2163 4391 causa
2196 4332 2305 4402 ,de
2334 4335 2469 4391 Fide
2493 4337 2745 4391 nimirum
2778 4334 3055 4390 Catholica
3084 4342 3140 4389 et
3166 4332 3337 4389 Atha-

1736 4410 1871 4464 nasii
1919 4407 2227 4462 innocvntia
2272 4406 2495 4462 tuenda.

1809 4480 1987 4534 sCum
2020 4480 2165 4534 cives
2190 4478 3005 4535 Alexandriniconstantissime
3035 4477 3336 4533 Athanasio

1737 4552 2007 4622 Episc0po
2051 4551 2421 4616 adba-rerent,
2472 4566 2650 4621 neque
2699 4553 2751 4606 in
2794 4551 2912 4620 ejus
2953 4552 3128 4605 locum
3161 4548 3340 4604 suffici

1735 4640 2061 4693 quemquam
2097 4622 2327 4688 ferrent,
2356 4626 2657 4689 pra‘sertim
2686 4622 2943 4680 Arianum
2975 4624 3302 4694 Epist-orum
3323 4664 3338 4687 ,

118 4710 139 4737 ε
179 4699 345 4756 Forte
396 4687 821 4769 subjiciendum,
873 4687 992 4750 cum
1019 4697 1074 4769 in
1103 4703 1191 4748 tuo
1221 4694 1419 4766 palatio
1447 4735 1473 4769 ,_
1518 4702 1624 4749 etc.
1660 4687 1708 4746 D
1737 4687 1939 4751 idcirco
1960 4695 2013 4749 in
2051 4711 2146 4750 eos
2192 4687 2494 4769 ConStautii
2546 4694 2697 4769 furor
2736 4697 2930 4769 sa-pins
2954 4687 3186 4769 exarsit,
3226 4705 3339 4769 tum

49 4769 359 4828 Gallandius
387 4767 654 4843 perspicue
710 4785 805 4841 pro
853 4767 1123 4839 perspicis,
1165 4775 1261 4822 aut
1302 4767 1634 4840 perspicuum

48 4859 348 4912 responsum
374 4844 524 4914 legit.

121 4910 139 4952 ἲ
180 4915 385 4971 Iudicat
419 4910 509 4970 hic
536 4912 755 4971 Lucifer
794 4929 896 4983 qua
954 4911 1262 4967 constantia
1298 4910 1350 4965 in
1400 4910 1635 4983 concilio

53 4985 432 5042 Mediolanensi
466 4986 728 5043 restiterit
758 4982 1102 5048 Constantio,
1132 4998 1256 5038 cum
1292 4986 1344 5037 iu
1374 4982 1634 5049 palatium

50 5057 318 5114 admissus
338 5059 404 5115 ad
435 5060 661 5115 interius
693 5056 1273 5128 principiscubiculum
1300 5055 1415 5128 ipse
1435 5054 1638 5109 Catho-

50 5128 273 5184 licorutn
297 5132 614 5185 Antistitum
664 5127 885 5184 nomine
916 5129 1087 5182 veluti
1119 5127 1321 5182 Liberii
1354 5127 1638 5181 Pontificis

52 5200 277 5271 legatus,
323 5212 378 5259 et
423 5202 638 5257 concilii
668 5215 899 5272 prieses,
937 5200 1155 5269 negavit
1184 5213 1340 5272 posse
1367 5213 1447 5261 se,
1474 5209 1640 5272 caete-

53 5270 246 5343 rosque
279 5275 331 5328 in
377 5275 521 5330 illius
546 5284 603 5329 et
629 5270 953 5327 Arianorum
983 5271 1308 5326 sententiam
1344 5284 1420 5343 _ac
1452 5270 1644 5324 volun-

54 5339 217 5400 tatem
240 5346 569 5411 concedere,
604 5354 752 5400 tanta
786 5345 936 5398 vocis
961 5343 1227 5405 libertate,
1260 5349 1321 5395 ut
1344 5339 1647 5412 Imperator

53 5416 139 5540 gui
169 5426 290 5489 post
317 5419 498 5474 velum
525 5416 725 5480 stabat,
754 5431 862 5481 quo
892 5415 1120 5468 interius
1136 5414 1443 5467 cubiculum
1468 5414 1650 5468 occlu-

89 5488 301 5540 ehatur.
331 5488 569 5540 uoluerit
597 5488 746 5540 illum
776 5486 990 5540 Arianis
1012 5485 1298 5540 Eoisconis
1319 5500 1382 5538 ac
1413 5486 1649 5540 Impera-

89 5485 301 5552 ebatur,
331 5488 569 5558 potuerit
597 5488 746 5543 illum
776 5486 990 5541 Arianis
1012 5485 1298 5558 Episcopis
1319 5500 1382 5538 ac
1413 5486 1649 5554 Impera-

56 5560 189 5615 toris
212 5556 477 5617 ministris
500 5558 923 5629 respondentem
946 5556 1154 5611 audire.
1184 5557 1257 5611 De
1284 5558 1422 5629 velis
1446 5567 1651 5625 autem,

58 5630 250 5699 quibus
280 5633 564 5687 interiores
597 5627 903 5700 principum
949 5632 1189 5700 virorum
1226 5627 1371 5681 ardes
1415 5646 1522 5694 pra»
1574 5629 1655 5682 fn-

60 5697 209 5756 ribns
237 5697 661 5758 occludebantur
688 5702 837 5769 plura
863 5700 1077 5755 diSScrit
1101 5697 1308 5767 Caspar
1331 5700 1656 5767 Sagittarius

62 5774 116 5827 in
145 5774 239 5829 lib.
262 5774 331 5829 de
356 5774 545 5829 Jauuis
574 5784 844 5834 veterum,
869 5786 988 5841 cap.
1011 5769 1104 5824 24.
1136 5769 1212 5824 Iis
1238 5769 1526 5824 utebantur
1553 5786 1649 5838 po-

67 5846 335 5899 tissimum
364 5845 749 5914 Imperatores,
781 5844 895 5899 sive
939 5853 997 5897 ut
1046 5841 1308 5911 majorem
1363 5843 1653 5914 quamdam

69 5916 370 5985 maiestatis
394 5913 629 5987 speciem
674 5929 847 5986 prirse
886 5914 1112 5977 ferrent,
1144 5926 1267 5966 cum
1301 5924 1420 5983 post
1475 5913 1651 5966 t'elutn

1744 4770 1978 4823 maxime
2021 4782 2146 4823 cum
2185 4767 2483 4839 Gregorius
2524 4767 2778 4839 primum,
2822 4768 3018 4823 deinde
3070 4767 3340 4837 Georgius

1744 4840 1852 4894 duo
1886 4840 2211 4894 Arianorum
2256 4852 2496 4893 nmustra
2528 4838 2826 4894 Athanasio
2866 4842 2916 4894 in
2939 4839 3186 4894 exsilium
3220 4848 3344 4892 acto

1747 4912 1956 4967 suffecti
1979 4922 2125 4975 sunt,
2151 4913 2473 4982 quibuscum
2500 4912 2701 4982 nullam
2737 4914 2938 4966 habere
2974 4926 3033 4965 se
3063 4909 3345 4982 religionis

1746 4980 2186 5038 communionem
2217 4986 2360 5054 passi
2398 4994 2524 5037 sunt
2564 4981 2837 5038 Catholici
2879 4980 3231 5054 Alexandrini
3276 4980 3344 5054 ad

1747 5056 2007 5125 quaelibet
2035 5051 2528 5125 potitts'toleranda
2554 5056 2748 5118 parati,
2787 5068 3102 5125 quamcum
3128 5051 3346 5107 Arianis

1746 5124 2102 5183 convenirent
2127 5144 2141 5180 :
2166 5126 2292 5182 hinc
2306 5137 2458 5181 atrox
2485 5126 2676 5181 inillns
2706 5124 3010 5196 persecutio
3033 5133 3200 5187 mota,
3227 5138 3350 5193 qua:

1745 5209 1911 5253 tutam
1937 5199 2211 5254 crudelius
2241 5201 2477 5269 pervasit
2506 5197 2800 5268 [Egyptum
2820 5197 2900 5269 ad
2932 5196 3352 5269 obitnmgusque

1746 5270 2074 5335 Constantii,
2096 5271 2222 5325 licet
2239 5265 2527 5341 aliquando
2549 5265 2881 5341 constiterit,
2900 5267 2995 5323 sed
3014 5265 3190 5321 brevi.
3210 5265 3351 5341 Vide

1752 5343 1948 5398 Athan.
1982 5342 2297 5414 Apologias,
2322 5339 2377 5397 et
2402 5339 2950 5414 epistolamadSolit.
2979 5339 3355 5414 "immutatio-

1754 5431 1873 5479 nes,
1902 5409 2386 5486 quassubj'erimus
2403 5409 2533 5483 ipsis
2550 5412 2784 5486 Luciferi
2801 5412 2953 5486 libris
2969 5426 3063 5481 pro
3082 5409 3350 5486 $.Atbatt.

1755 5481 1953 5543 Totum
1988 5501 2121 5542 vero
2144 5486 2257 5541 fere
2289 5502 2386 5556 per
2408 5481 2621 5549 orbem,
2650 5486 2732 5539 vel
2760 5483 3008 5556 jubeute,
3039 5481 3355 5556 vel_conn_i-

1756 5569 1915 5613 vente
1961 5553 2316 5623 Constantio,
2367 5558 2690 5613 Arianorum
2745 5554 3045 5609 crudelitas
3088 5553 3226 5619 adeo
3300 5554 3358 5606 in

1761 5629 2076 5685 Catholicos
2108 5630 2377 5695 desaeviit,
2427 5639 2483 5681 ut
2534 5626 2754 5696 plurimi
2803 5631 3079 5696 praecipue
3118 5624 3359 5696 episc0pi

1760 5703 2058 5771 gloriuSnm
2106 5703 2342 5757 obierint
2373 5694 2687 5771 martyrium
2716 5717 2730 5754 :
2761 5694 2987 5771 quodet
3015 5695 3104 5771 hic
3135 5694 3360 5771 et_a|iis

1764 5766 1815 5827 in
1873 5775 2008 5828 locis
2041 5774 2201 5843 hujus
2254 5771 2376 5843 libri
2410 5766 2629 5825 Lucifer
2679 5766 2857 5825 innuit
2882 5766 3358 5842 ejusdetnl’glorieh

1762 5846 2074 5901 obtinenda:
2112 5842 2515 5912 Cupidissimus.

1834 5915 1863 5951 ³³
1894 5924 1973 5971 .-\n
2012 5912 2450 5987 quinIGalland.
