  <div class='ocr_page' id='page_1' title='image "/cluster/home/n/w/nwhite01/storage/ocr_20150623/13/hvd.32044015471295/513.png"; bbox 0 0 4042 6338; ppageno 0'>
   <div class='ocr_carea' id='block_1_1' title="bbox 496 228 3701 304">
    <p class='ocr_par' dir='ltr' id='par_1_1' title="bbox 496 228 3701 304">
     <span class='ocr_line' id='line_1_1' title="bbox 496 228 3701 304; baseline -0.001 -10"><span class='ocrx_word' id='word_1_1' title='bbox 496 234 638 294; x_wconf 79' lang='grc'><strong>1015</strong></span> <span class='ocrx_word' id='word_1_2' title='bbox 1565 229 1895 292; x_wconf 79' lang='lat' dir='ltr'><strong>LUCIFEBI</strong></span> <span class='ocrx_word' id='word_1_3' title='bbox 1934 229 2250 288; x_wconf 82' lang='lat' dir='ltr'><strong>EPISCOPI</strong></span> <span class='ocrx_word' id='word_1_4' title='bbox 2287 228 2714 290; x_wconf 76' lang='lat' dir='ltr'><strong>CALARITANI</strong></span> <span class='ocrx_word' id='word_1_5' title='bbox 3598 244 3701 304; x_wconf 70' lang='lat' dir='ltr'><strong>toto</strong></span> 
     </span>
    </p>
   </div>
   <div class='ocr_carea' id='block_1_2' title="bbox 493 349 3698 423">
    <p class='ocr_par' dir='ltr' id='par_1_2' title="bbox 493 349 3698 423">
     <span class='ocr_line' id='line_1_2' title="bbox 493 349 3698 423; baseline 0 -10"><span class='ocrx_word' id='word_1_6' title='bbox 493 354 624 413; x_wconf 89' lang='lat' dir='ltr'><strong>licet</strong></span> <span class='ocrx_word' id='word_1_7' title='bbox 669 362 840 410; x_wconf 93' lang='lat' dir='ltr'><strong>totum</strong></span> <span class='ocrx_word' id='word_1_8' title='bbox 869 351 1096 408; x_wconf 79' lang='lat' dir='ltr'><strong>militem</strong></span> <span class='ocrx_word' id='word_1_9' title='bbox 1128 360 1277 406; x_wconf 93' lang='lat' dir='ltr'><strong>tuum</strong></span> <span class='ocrx_word' id='word_1_10' title='bbox 1307 349 1362 406; x_wconf 92' lang='lat' dir='ltr'><strong>in</strong></span> <span class='ocrx_word' id='word_1_11' title='bbox 1394 363 1496 406; x_wconf 88' lang='lat' dir='ltr'><strong>nos</strong></span> <span class='ocrx_word' id='word_1_12' title='bbox 1541 349 1883 407; x_wconf 86' lang='lat' dir='ltr'><strong>decrevisses</strong></span> <span class='ocrx_word' id='word_1_13' title='bbox 1903 350 2092 422; x_wconf 81' lang='lat' dir='ltr'><strong>jacere</strong></span> <span class='ocrx_word' id='word_1_14' title='bbox 2118 357 2174 422; x_wconf 73' lang='grc' dir='ltr'><strong>Α</strong></span> <span class='ocrx_word' id='word_1_15' title='bbox 2197 365 2306 406; x_wconf 87' lang='lat' dir='ltr'><strong>non</strong></span> <span class='ocrx_word' id='word_1_16' title='bbox 2332 349 2526 418; x_wconf 88' lang='lat' dir='ltr'><strong>valuit,</strong></span> <span class='ocrx_word' id='word_1_17' title='bbox 2585 359 2642 407; x_wconf 87' lang='lat' dir='ltr'><strong>et</strong></span> <span class='ocrx_word' id='word_1_18' title='bbox 2687 350 2961 423; x_wconf 62' lang='lat' dir='ltr'><strong>utiqueJe</strong></span> <span class='ocrx_word' id='word_1_19' title='bbox 2987 349 3123 407; x_wconf 88' lang='lat' dir='ltr'><strong>satis</strong></span> <span class='ocrx_word' id='word_1_20' title='bbox 3151 361 3357 423; x_wconf 92' lang='lat' dir='ltr'><strong>agente,</strong></span> <span class='ocrx_word' id='word_1_21' title='bbox 3401 353 3505 423; x_wconf 86' lang='lat' dir='ltr'><strong>sed,</strong></span> <span class='ocrx_word' id='word_1_22' title='bbox 3529 366 3574 412; x_wconf 90' lang='lat' dir='ltr'><strong>et</strong></span> <span class='ocrx_word' id='word_1_23' title='bbox 3596 359 3698 415; x_wconf 87' lang='lat' dir='ltr'><strong>ubii</strong></span> 
     </span>
    </p>
   </div>
   <div class='ocr_carea' id='block_1_3' title="bbox 493 443 3710 522">
    <p class='ocr_par' dir='ltr' id='par_1_3' title="bbox 493 443 3710 522">
     <span class='ocr_line' id='line_1_3' title="bbox 493 443 3710 522; baseline 0.001 -16"><span class='ocrx_word' id='word_1_24' title='bbox 493 449 648 522; x_wconf 89' lang='lat' dir='ltr'><strong>regni</strong></span> <span class='ocrx_word' id='word_1_25' title='bbox 673 448 747 504; x_wconf 93' lang='lat' dir='ltr'><strong>tui</strong></span> <span class='ocrx_word' id='word_1_26' title='bbox 780 447 987 513; x_wconf 89' lang='lat' dir='ltr'><strong>tela,in</strong></span> <span class='ocrx_word' id='word_1_27' title='bbox 1024 462 1124 502; x_wconf 89' lang='lat' dir='ltr'><strong>nos</strong></span> <span class='ocrx_word' id='word_1_28' title='bbox 1149 455 1531 503; x_wconf 86' lang='lat' dir='ltr'><strong>exsecratores</strong></span> <span class='ocrx_word' id='word_1_29' title='bbox 1557 445 1921 517; x_wconf 70' lang='lat' dir='ltr'><strong>blaSphemiaa</strong></span> <span class='ocrx_word' id='word_1_30' title='bbox 1969 455 2095 514; x_wconf 70' lang='lat' dir='ltr'><strong>tum,</strong></span> <span class='ocrx_word' id='word_1_31' title='bbox 2203 443 2418 501; x_wconf 86' lang='lat' dir='ltr'><strong>radices</strong></span> <span class='ocrx_word' id='word_1_32' title='bbox 2495 443 2664 516; x_wconf 83' lang='lat' dir='ltr'><strong>figere</strong></span> <span class='ocrx_word' id='word_1_33' title='bbox 2734 453 3087 511; x_wconf 86' lang='lat' dir='ltr'><strong>tentaverat,</strong></span> <span class='ocrx_word' id='word_1_34' title='bbox 3161 445 3334 511; x_wconf 93' lang='lat' dir='ltr'><strong>aruit,</strong></span> <span class='ocrx_word' id='word_1_35' title='bbox 3401 448 3710 510; x_wconf 75' lang='lat' dir='ltr'><strong>recedentibus</strong></span> 
     </span>
    </p>
   </div>
   <div class='ocr_carea' id='block_1_4' title="bbox 496 536 3713 613">
    <p class='ocr_par' dir='ltr' id='par_1_4' title="bbox 496 536 3713 613">
     <span class='ocr_line' id='line_1_4' title="bbox 496 536 3713 613; baseline -0.001 -12"><span class='ocrx_word' id='word_1_36' title='bbox 496 551 558 601; x_wconf 88' lang='lat' dir='ltr'><strong>ut</strong></span> <span class='ocrx_word' id='word_1_37' title='bbox 585 544 638 598; x_wconf 92' lang='lat' dir='ltr'><strong>in</strong></span> <span class='ocrx_word' id='word_1_38' title='bbox 668 542 920 613; x_wconf 75' lang='lat' dir='ltr'><strong>sacrilegi</strong></span> <span class='ocrx_word' id='word_1_39' title='bbox 949 549 977 580; x_wconf 78' lang='grc' dir='ltr'>ι</span> <span class='ocrx_word' id='word_1_40' title='bbox 1009 542 1082 597; x_wconf 93' lang='lat' dir='ltr'><strong>tui</strong></span> <span class='ocrx_word' id='word_1_41' title='bbox 1111 540 1318 597; x_wconf 92' lang='lat' dir='ltr'><strong>decreti</strong></span> <span class='ocrx_word' id='word_1_42' title='bbox 1339 549 1769 611; x_wconf 76' lang='lat' dir='ltr'><strong>contemptores,</strong></span> <span class='ocrx_word' id='word_1_43' title='bbox 1793 542 1975 597; x_wconf 89' lang='lat' dir='ltr'><strong>omnia</strong></span> <span class='ocrx_word' id='word_1_44' title='bbox 2002 555 2099 596; x_wconf 89' lang='lat' dir='ltr'><strong>sua</strong></span> <span class='ocrx_word' id='word_1_45' title='bbox 2203 539 2416 594; x_wconf 89' lang='lat' dir='ltr'><strong>scilicet</strong></span> <span class='ocrx_word' id='word_1_46' title='bbox 2442 539 2699 594; x_wconf 88' lang='lat' dir='ltr'><strong>omnibus</strong></span> <span class='ocrx_word' id='word_1_47' title='bbox 2728 537 2825 594; x_wconf 88' lang='lat' dir='ltr'><strong>Dei</strong></span> <span class='ocrx_word' id='word_1_48' title='bbox 2856 536 3075 594; x_wconf 79' lang='lat' dir='ltr'><strong>famulis</strong></span> <span class='ocrx_word' id='word_1_49' title='bbox 3106 552 3137 592; x_wconf 91' lang='lat' dir='ltr'><strong>a</strong></span> <span class='ocrx_word' id='word_1_50' title='bbox 3172 548 3240 606; x_wconf 87' lang='lat' dir='ltr'><strong>te,</strong></span> <span class='ocrx_word' id='word_1_51' title='bbox 3270 546 3419 611; x_wconf 89' lang='lat' dir='ltr'><strong>atque</strong></span> <span class='ocrx_word' id='word_1_52' title='bbox 3440 542 3598 610; x_wconf 79' lang='lat' dir='ltr'><strong>paucis</strong></span> <span class='ocrx_word' id='word_1_53' title='bbox 3618 545 3713 610; x_wconf 88' lang='lat' dir='ltr'><strong>luis,</strong></span> 
     </span>
    </p>
   </div>
   <div class='ocr_carea' id='block_1_5' title="bbox 495 631 3716 707">
    <p class='ocr_par' dir='ltr' id='par_1_5' title="bbox 495 631 3716 707">
     <span class='ocr_line' id='line_1_5' title="bbox 495 631 3716 707; baseline -0 -14"><span class='ocrx_word' id='word_1_54' title='bbox 495 635 825 693; x_wconf 92' lang='lat' dir='ltr'><strong>colliderent</strong></span> <span class='ocrx_word' id='word_1_55' title='bbox 863 651 1035 704; x_wconf 88' lang='lat' dir='ltr'><strong>arma,</strong></span> <span class='ocrx_word' id='word_1_56' title='bbox 1084 650 1184 690; x_wconf 92' lang='lat' dir='ltr'><strong>nec</strong></span> <span class='ocrx_word' id='word_1_57' title='bbox 1227 635 1272 691; x_wconf 91' lang='lat' dir='ltr'><strong>si</strong></span> <span class='ocrx_word' id='word_1_58' title='bbox 1304 633 1333 673; x_wconf 68' lang='grc' dir='ltr'>δ</span> <span class='ocrx_word' id='word_1_59' title='bbox 1363 644 1541 690; x_wconf 90' lang='lat' dir='ltr'><strong>tamen</strong></span> <span class='ocrx_word' id='word_1_60' title='bbox 1585 635 1728 707; x_wconf 92' lang='lat' dir='ltr'><strong>quod</strong></span> <span class='ocrx_word' id='word_1_61' title='bbox 1757 649 2043 705; x_wconf 87' lang='lat' dir='ltr'><strong>possemus</strong></span> <span class='ocrx_word' id='word_1_62' title='bbox 2069 651 2099 691; x_wconf 90' lang='lat' dir='ltr'><strong>a</strong></span> <span class='ocrx_word' id='word_1_63' title='bbox 2202 647 2343 704; x_wconf 89' lang='lat' dir='ltr'><strong>quos</strong></span> <span class='ocrx_word' id='word_1_64' title='bbox 2374 632 2559 688; x_wconf 91' lang='lat' dir='ltr'><strong>lolium</strong></span> <span class='ocrx_word' id='word_1_65' title='bbox 2586 649 2709 689; x_wconf 91' lang='lat' dir='ltr'><strong>esse</strong></span> <span class='ocrx_word' id='word_1_66' title='bbox 2757 647 2925 703; x_wconf 85' lang='lat' dir='ltr'><strong>super</strong></span> <span class='ocrx_word' id='word_1_67' title='bbox 2967 631 3291 688; x_wconf 73' lang='lat' dir='ltr'><strong>frumentum</strong></span> <span class='ocrx_word' id='word_1_68' title='bbox 3340 634 3598 690; x_wconf 77' lang='lat' dir='ltr'><strong>seminatos</strong></span> <span class='ocrx_word' id='word_1_69' title='bbox 3635 637 3716 692; x_wconf 89' lang='lat' dir='ltr'><strong>Do-</strong></span> 
     </span>
    </p>
   </div>
   <div class='ocr_carea' id='block_1_6' title="bbox 495 726 3716 802">
    <p class='ocr_par' dir='ltr' id='par_1_6' title="bbox 495 726 3716 802">
     <span class='ocr_line' id='line_1_6' title="bbox 495 726 3716 802; baseline 0 -17"><span class='ocrx_word' id='word_1_70' title='bbox 495 730 782 802; x_wconf 89' lang='lat' dir='ltr'><strong>proposito</strong></span> <span class='ocrx_word' id='word_1_71' title='bbox 809 728 1104 786; x_wconf 85' lang='lat' dir='ltr'><strong>recedere?</strong></span> <span class='ocrx_word' id='word_1_72' title='bbox 1136 729 1244 786; x_wconf 90' lang='lat' dir='ltr'><strong>Sed</strong></span> <span class='ocrx_word' id='word_1_73' title='bbox 1274 737 1327 784; x_wconf 89' lang='lat' dir='ltr'><strong>lll</strong></span> <span class='ocrx_word' id='word_1_74' title='bbox 1370 744 1469 799; x_wconf 91' lang='lat' dir='ltr'><strong>pro</strong></span> <span class='ocrx_word' id='word_1_75' title='bbox 1501 738 1594 783; x_wconf 92' lang='lat' dir='ltr'><strong>tua</strong></span> <span class='ocrx_word' id='word_1_76' title='bbox 1616 729 1705 785; x_wconf 88' lang='lat' dir='ltr'><strong>illa</strong></span> <span class='ocrx_word' id='word_1_77' title='bbox 1733 729 2018 800; x_wconf 86' lang='lat' dir='ltr'><strong>prudentia</strong></span> <span class='ocrx_word' id='word_1_78' title='bbox 2047 731 2100 786; x_wconf 92' lang='lat' dir='ltr'><strong>in</strong></span> <span class='ocrx_word' id='word_1_79' title='bbox 2205 727 2388 782; x_wconf 92' lang='lat' dir='ltr'><strong>minus</strong></span> <span class='ocrx_word' id='word_1_80' title='bbox 2421 726 2756 798; x_wconf 71' lang='lat' dir='ltr'><strong>prmdixerit,</strong></span> <span class='ocrx_word' id='word_1_81' title='bbox 2793 736 2972 783; x_wconf 88' lang='lat' dir='ltr'><strong>tecum</strong></span> <span class='ocrx_word' id='word_1_82' title='bbox 3033 726 3402 781; x_wconf 89' lang='lat' dir='ltr'><strong>manentibus:</strong></span> <span class='ocrx_word' id='word_1_83' title='bbox 3429 743 3534 798; x_wconf 72' lang='lat' dir='ltr'><strong>qua:</strong></span> <span class='ocrx_word' id='word_1_84' title='bbox 3577 731 3716 787; x_wconf 84' lang='lat' dir='ltr'><strong>omnis</strong></span> 
     </span>
    </p>
   </div>
   <div class='ocr_carea' id='block_1_7' title="bbox 499 818 3719 895">
    <p class='ocr_par' dir='ltr' id='par_1_7' title="bbox 499 818 3719 895">
     <span class='ocr_line' id='line_1_7' title="bbox 499 818 3719 895; baseline 0 -15"><span class='ocrx_word' id='word_1_85' title='bbox 499 825 649 880; x_wconf 92' lang='lat' dir='ltr'><strong>omni</strong></span> <span class='ocrx_word' id='word_1_86' title='bbox 679 840 776 895; x_wconf 94' lang='lat' dir='ltr'><strong>pro</strong></span> <span class='ocrx_word' id='word_1_87' title='bbox 805 833 857 880; x_wconf 93' lang='lat' dir='ltr'><strong>te</strong></span> <span class='ocrx_word' id='word_1_88' title='bbox 885 823 1203 881; x_wconf 88' lang='lat' dir='ltr'><strong>moriundos</strong></span> <span class='ocrx_word' id='word_1_89' title='bbox 1232 824 1376 881; x_wconf 90' lang='lat' dir='ltr'><strong>bello</strong></span> <span class='ocrx_word' id='word_1_90' title='bbox 1425 823 1628 880; x_wconf 87' lang='lat' dir='ltr'><strong>milites</strong></span> <span class='ocrx_word' id='word_1_91' title='bbox 1658 833 1780 880; x_wconf 92' lang='lat' dir='ltr'><strong>tuos</strong></span> <span class='ocrx_word' id='word_1_92' title='bbox 1816 825 2100 892; x_wconf 90' lang='lat' dir='ltr'><strong>censuisti,</strong></span> <span class='ocrx_word' id='word_1_93' title='bbox 2207 819 2300 876; x_wconf 84' lang='lat' dir='ltr'><strong>tibi</strong></span> <span class='ocrx_word' id='word_1_94' title='bbox 2326 820 2576 891; x_wconf 66' lang='lat' dir='ltr'><strong>praestitit</strong></span> <span class='ocrx_word' id='word_1_95' title='bbox 2622 829 2784 892; x_wconf 87' lang='lat' dir='ltr'><strong>atque</strong></span> <span class='ocrx_word' id='word_1_96' title='bbox 2828 827 2914 876; x_wconf 89' lang='lat' dir='ltr'><strong>est</strong></span> <span class='ocrx_word' id='word_1_97' title='bbox 2964 831 3228 889; x_wconf 70' lang='lat' dir='ltr'><strong>prmsums</strong></span> <span class='ocrx_word' id='word_1_98' title='bbox 3255 818 3442 874; x_wconf 79' lang='lat' dir='ltr'><strong>artifex</strong></span> <span class='ocrx_word' id='word_1_99' title='bbox 3486 819 3652 877; x_wconf 86' lang='lat' dir='ltr'><strong>fraudis</strong></span> <span class='ocrx_word' id='word_1_100' title='bbox 3672 838 3719 880; x_wconf 79' lang='lat' dir='ltr'><strong>ac</strong></span> 
     </span>
    </p>
   </div>
   <div class='ocr_carea' id='block_1_8' title="bbox 495 915 3721 988">
    <p class='ocr_par' dir='ltr' id='par_1_8' title="bbox 495 915 3721 988">
     <span class='ocr_line' id='line_1_8' title="bbox 495 915 3721 988; baseline 0 -15"><span class='ocrx_word' id='word_1_101' title='bbox 495 915 839 973; x_wconf 85' lang='lat' dir='ltr'><strong>Christianos</strong></span> <span class='ocrx_word' id='word_1_102' title='bbox 861 932 993 973; x_wconf 92' lang='lat' dir='ltr'><strong>vero</strong></span> <span class='ocrx_word' id='word_1_103' title='bbox 1042 916 1273 974; x_wconf 78' lang='lat' dir='ltr'><strong>sanxisti</strong></span> <span class='ocrx_word' id='word_1_104' title='bbox 1325 917 1422 973; x_wconf 90' lang='lat' dir='ltr'><strong>Dei</strong></span> <span class='ocrx_word' id='word_1_105' title='bbox 1476 918 1787 988; x_wconf 87' lang='lat' dir='ltr'><strong>oportuisse</strong></span> <span class='ocrx_word' id='word_1_106' title='bbox 1835 919 2104 973; x_wconf 81' lang='lat' dir='ltr'><strong>exsistere</strong></span> <span class='ocrx_word' id='word_1_107' title='bbox 2206 915 2418 984; x_wconf 90' lang='lat' dir='ltr'><strong>mortis,</strong></span> <span class='ocrx_word' id='word_1_108' title='bbox 2451 916 2543 988; x_wconf 92' lang='lat' dir='ltr'><strong>qui</strong></span> <span class='ocrx_word' id='word_1_109' title='bbox 2573 931 2666 987; x_wconf 90' lang='lat' dir='ltr'><strong>per</strong></span> <span class='ocrx_word' id='word_1_110' title='bbox 2691 926 2744 971; x_wconf 91' lang='lat' dir='ltr'><strong>te</strong></span> <span class='ocrx_word' id='word_1_111' title='bbox 2767 917 3028 987; x_wconf 90' lang='lat' dir='ltr'><strong>plurimos</strong></span> <span class='ocrx_word' id='word_1_112' title='bbox 3056 915 3326 970; x_wconf 86' lang='lat' dir='ltr'><strong>blanditiis</strong></span> <span class='ocrx_word' id='word_1_113' title='bbox 3355 915 3562 988; x_wconf 83' lang='lat' dir='ltr'><strong>obliquis</strong></span> <span class='ocrx_word' id='word_1_114' title='bbox 3597 917 3721 974; x_wconf 84' lang='lat' dir='ltr'><strong>illicit</strong></span> 
     </span>
    </p>
   </div>
   <div class='ocr_carea' id='block_1_9' title="bbox 501 1007 3724 1083">
    <p class='ocr_par' dir='ltr' id='par_1_9' title="bbox 501 1007 3724 1083">
     <span class='ocr_line' id='line_1_9' title="bbox 501 1007 3724 1083; baseline -0.001 -15"><span class='ocrx_word' id='word_1_115' title='bbox 501 1021 812 1083; x_wconf 77' lang='lat' dir='ltr'><strong>negatores.</strong></span> <span class='ocrx_word' id='word_1_116' title='bbox 848 1011 915 1067; x_wconf 85' lang='lat' dir='ltr'><strong>Et</strong></span> <span class='ocrx_word' id='word_1_117' title='bbox 940 1011 1126 1083; x_wconf 87' lang='lat' dir='ltr'><strong>utique</strong></span> <span class='ocrx_word' id='word_1_118' title='bbox 1143 1013 1218 1067; x_wconf 90' lang='lat' dir='ltr'><strong>tui</strong></span> <span class='ocrx_word' id='word_1_119' title='bbox 1246 1013 1490 1067; x_wconf 88' lang='lat' dir='ltr'><strong>sentiunt</strong></span> <span class='ocrx_word' id='word_1_120' title='bbox 1517 1011 1762 1067; x_wconf 79' lang='lat' dir='ltr'><strong>dolorem</strong></span> <span class='ocrx_word' id='word_1_121' title='bbox 1795 1012 2101 1078; x_wconf 87' lang='lat' dir='ltr'><strong>vulnerum,</strong></span> <span class='ocrx_word' id='word_1_122' title='bbox 2207 1023 2269 1065; x_wconf 87' lang='lat' dir='ltr'><strong>ac</strong></span> <span class='ocrx_word' id='word_1_123' title='bbox 2290 1009 2515 1080; x_wconf 87' lang='lat' dir='ltr'><strong>decipit,</strong></span> <span class='ocrx_word' id='word_1_124' title='bbox 2544 1009 2656 1080; x_wconf 87' lang='lat' dir='ltr'><strong>qui,</strong></span> <span class='ocrx_word' id='word_1_125' title='bbox 2681 1025 2804 1064; x_wconf 87' lang='lat' dir='ltr'><strong>cum</strong></span> <span class='ocrx_word' id='word_1_126' title='bbox 2839 1009 2907 1065; x_wconf 87' lang='lat' dir='ltr'><strong>sit</strong></span> <span class='ocrx_word' id='word_1_127' title='bbox 2933 1007 3062 1064; x_wconf 83' lang='lat' dir='ltr'><strong>reus</strong></span> <span class='ocrx_word' id='word_1_128' title='bbox 3089 1008 3251 1063; x_wconf 88' lang='lat' dir='ltr'><strong>t0tius</strong></span> <span class='ocrx_word' id='word_1_129' title='bbox 3278 1008 3508 1075; x_wconf 86' lang='lat' dir='ltr'><strong>sceleris,</strong></span> <span class='ocrx_word' id='word_1_130' title='bbox 3539 1009 3724 1081; x_wconf 72' lang='lat' dir='ltr'><strong>suggerit</strong></span> 
     </span>
    </p>
   </div>
   <div class='ocr_carea' id='block_1_10' title="bbox 499 1103 3728 1177">
    <p class='ocr_par' dir='ltr' id='par_1_10' title="bbox 499 1103 3728 1177">
     <span class='ocr_line' id='line_1_10' title="bbox 499 1103 3728 1177; baseline -0.001 -15"><span class='ocrx_word' id='word_1_131' title='bbox 499 1107 693 1164; x_wconf 91' lang='lat' dir='ltr'><strong>dolent</strong></span> <span class='ocrx_word' id='word_1_132' title='bbox 719 1121 778 1164; x_wconf 88' lang='lat' dir='ltr'><strong>se</strong></span> <span class='ocrx_word' id='word_1_133' title='bbox 809 1105 1057 1177; x_wconf 90' lang='lat' dir='ltr'><strong>periisse,</strong></span> <span class='ocrx_word' id='word_1_134' title='bbox 1085 1105 1274 1162; x_wconf 90' lang='lat' dir='ltr'><strong>dolent</strong></span> <span class='ocrx_word' id='word_1_135' title='bbox 1314 1104 1453 1164; x_wconf 88' lang='lat' dir='ltr'><strong>hanc</strong></span> <span class='ocrx_word' id='word_1_136' title='bbox 1489 1104 1737 1161; x_wconf 87' lang='lat' dir='ltr'><strong>amittere</strong></span> <span class='ocrx_word' id='word_1_137' title='bbox 1766 1105 1974 1173; x_wconf 77' lang='lat' dir='ltr'><strong>lucem;</strong></span> <span class='ocrx_word' id='word_1_138' title='bbox 2004 1121 2104 1162; x_wconf 87' lang='lat' dir='ltr'><strong>nos</strong></span> <span class='ocrx_word' id='word_1_139' title='bbox 2206 1104 2358 1161; x_wconf 90' lang='lat' dir='ltr'><strong>cordi</strong></span> <span class='ocrx_word' id='word_1_140' title='bbox 2391 1103 2475 1160; x_wconf 89' lang='lat' dir='ltr'><strong>illi</strong></span> <span class='ocrx_word' id='word_1_141' title='bbox 2506 1115 2598 1161; x_wconf 91' lang='lat' dir='ltr'><strong>tuo</strong></span> <span class='ocrx_word' id='word_1_142' title='bbox 2623 1106 2997 1172; x_wconf 87' lang='lat' dir='ltr'><strong>amarissimo,</strong></span> <span class='ocrx_word' id='word_1_143' title='bbox 3034 1113 3091 1159; x_wconf 96' lang='lat' dir='ltr'><strong>ut</strong></span> <span class='ocrx_word' id='word_1_144' title='bbox 3118 1118 3218 1164; x_wconf 83' lang='lat' dir='ltr'><strong>nos</strong></span> <span class='ocrx_word' id='word_1_145' title='bbox 3245 1113 3498 1174; x_wconf 88' lang='lat' dir='ltr'><strong>tamquam</strong></span> <span class='ocrx_word' id='word_1_146' title='bbox 3531 1118 3633 1159; x_wconf 85' lang='lat' dir='ltr'><strong>reos</strong></span> <span class='ocrx_word' id='word_1_147' title='bbox 3655 1105 3728 1160; x_wconf 84' lang='lat' dir='ltr'><strong>ali-</strong></span> 
     </span>
    </p>
   </div>
   <div class='ocr_carea' id='block_1_11' title="bbox 502 1197 3730 1273">
    <p class='ocr_par' dir='ltr' id='par_1_11' title="bbox 502 1197 3730 1273">
     <span class='ocr_line' id='line_1_11' title="bbox 502 1197 3730 1273; baseline -0.001 -15"><span class='ocrx_word' id='word_1_148' title='bbox 502 1218 633 1259; x_wconf 91' lang='lat' dir='ltr'><strong>vero</strong></span> <span class='ocrx_word' id='word_1_149' title='bbox 647 1202 822 1272; x_wconf 92' lang='lat' dir='ltr'><strong>primo</strong></span> <span class='ocrx_word' id='word_1_150' title='bbox 840 1203 1043 1257; x_wconf 91' lang='lat' dir='ltr'><strong>sentire</strong></span> <span class='ocrx_word' id='word_1_151' title='bbox 1060 1217 1346 1273; x_wconf 63' lang='lat' dir='ltr'><strong>poenarum</strong></span> <span class='ocrx_word' id='word_1_152' title='bbox 1363 1203 1641 1256; x_wconf 77' lang='lat' dir='ltr'><strong>cruciatus</strong></span> <span class='ocrx_word' id='word_1_153' title='bbox 1662 1217 1768 1255; x_wconf 90' lang='lat' dir='ltr'><strong>non</strong></span> <span class='ocrx_word' id='word_1_154' title='bbox 1791 1216 2103 1270; x_wconf 75' lang='lat' dir='ltr'><strong>possumus,</strong></span> <span class='ocrx_word' id='word_1_155' title='bbox 2207 1200 2362 1272; x_wconf 86' lang='lat' dir='ltr'><strong>cujus</strong></span> <span class='ocrx_word' id='word_1_156' title='bbox 2383 1199 2628 1255; x_wconf 90' lang='lat' dir='ltr'><strong>criminis</strong></span> <span class='ocrx_word' id='word_1_157' title='bbox 2676 1200 2890 1270; x_wconf 88' lang='lat' dir='ltr'><strong>punias.</strong></span> <span class='ocrx_word' id='word_1_158' title='bbox 2923 1199 3031 1256; x_wconf 90' lang='lat' dir='ltr'><strong>Sed</strong></span> <span class='ocrx_word' id='word_1_159' title='bbox 3080 1198 3328 1270; x_wconf 81' lang='lat' dir='ltr'><strong>prospice</strong></span> <span class='ocrx_word' id='word_1_160' title='bbox 3357 1197 3573 1265; x_wconf 86' lang='lat' dir='ltr'><strong>tandem,</strong></span> <span class='ocrx_word' id='word_1_161' title='bbox 3616 1199 3730 1268; x_wconf 85' lang='lat' dir='ltr'><strong>aperi</strong></span> 
     </span>
    </p>
   </div>
   <div class='ocr_carea' id='block_1_12' title="bbox 505 1290 3729 1368">
    <p class='ocr_par' dir='ltr' id='par_1_12' title="bbox 505 1290 3729 1368">
     <span class='ocr_line' id='line_1_12' title="bbox 505 1290 3729 1368; baseline -0.002 -16"><span class='ocrx_word' id='word_1_162' title='bbox 505 1297 558 1352; x_wconf 89' lang='lat' dir='ltr'><strong>in</strong></span> <span class='ocrx_word' id='word_1_163' title='bbox 575 1296 771 1368; x_wconf 84' lang='lat' dir='ltr'><strong>quibus</strong></span> <span class='ocrx_word' id='word_1_164' title='bbox 791 1294 1040 1351; x_wconf 85' lang='lat' dir='ltr'><strong>Christus</strong></span> <span class='ocrx_word' id='word_1_165' title='bbox 1055 1295 1346 1366; x_wconf 90' lang='lat' dir='ltr'><strong>patitur,in</strong></span> <span class='ocrx_word' id='word_1_166' title='bbox 1364 1295 1563 1366; x_wconf 92' lang='lat' dir='ltr'><strong>quibus</strong></span> <span class='ocrx_word' id='word_1_167' title='bbox 1579 1293 2103 1350; x_wconf 71' lang='lat' dir='ltr'><strong>Cbristuszeternam</strong></span> <span class='ocrx_word' id='word_1_168' title='bbox 2207 1295 2394 1352; x_wconf 90' lang='lat' dir='ltr'><strong>cordis</strong></span> <span class='ocrx_word' id='word_1_169' title='bbox 2423 1295 2633 1359; x_wconf 89' lang='lat' dir='ltr'><strong>oculos,</strong></span> <span class='ocrx_word' id='word_1_170' title='bbox 2663 1295 2714 1350; x_wconf 90' lang='lat' dir='ltr'><strong>iu</strong></span> <span class='ocrx_word' id='word_1_171' title='bbox 2743 1295 2943 1365; x_wconf 87' lang='lat' dir='ltr'><strong>quibus</strong></span> <span class='ocrx_word' id='word_1_172' title='bbox 2973 1292 3070 1349; x_wconf 89' lang='lat' dir='ltr'><strong>tibi</strong></span> <span class='ocrx_word' id='word_1_173' title='bbox 3119 1291 3253 1348; x_wconf 86' lang='lat' dir='ltr'><strong>nihil</strong></span> <span class='ocrx_word' id='word_1_174' title='bbox 3281 1290 3489 1348; x_wconf 89' lang='lat' dir='ltr'><strong>luminis</strong></span> <span class='ocrx_word' id='word_1_175' title='bbox 3529 1300 3620 1358; x_wconf 88' lang='lat' dir='ltr'><strong>est,</strong></span> <span class='ocrx_word' id='word_1_176' title='bbox 3659 1291 3729 1346; x_wconf 83' lang='lat' dir='ltr'><strong>sed</strong></span> 
     </span>
    </p>
   </div>
   <div class='ocr_carea' id='block_1_13' title="bbox 504 1385 3736 1459">
    <p class='ocr_par' dir='ltr' id='par_1_13' title="bbox 504 1385 3736 1459">
     <span class='ocr_line' id='line_1_13' title="bbox 504 1385 3736 1459; baseline -0.002 -14"><span class='ocrx_word' id='word_1_177' title='bbox 504 1389 737 1446; x_wconf 88' lang='lat' dir='ltr'><strong>salutem</strong></span> <span class='ocrx_word' id='word_1_178' title='bbox 789 1397 1089 1455; x_wconf 88' lang='lat' dir='ltr'><strong>operatur:</strong></span> <span class='ocrx_word' id='word_1_179' title='bbox 1123 1386 1322 1442; x_wconf 86' lang='lat' dir='ltr'><strong>deinde</strong></span> <span class='ocrx_word' id='word_1_180' title='bbox 1345 1429 1358 1453; x_wconf 89' lang='lat'><strong>,</strong></span> <span class='ocrx_word' id='word_1_181' title='bbox 1388 1388 1514 1458; x_wconf 88' lang='lat' dir='ltr'><strong>quia</strong></span> <span class='ocrx_word' id='word_1_182' title='bbox 1559 1387 1846 1457; x_wconf 69' lang='lat' dir='ltr'><strong>praesentia</strong></span> <span class='ocrx_word' id='word_1_183' title='bbox 1880 1402 1977 1457; x_wconf 90' lang='lat' dir='ltr'><strong>pro</strong></span> <span class='ocrx_word' id='word_1_184' title='bbox 2025 1387 2108 1442; x_wconf 88' lang='lat' dir='ltr'><strong>ni-</strong></span> <span class='ocrx_word' id='word_1_185' title='bbox 2211 1388 2390 1443; x_wconf 91' lang='lat' dir='ltr'><strong>omnis</strong></span> <span class='ocrx_word' id='word_1_186' title='bbox 2431 1388 2614 1458; x_wconf 88' lang='lat' dir='ltr'><strong>caligo</strong></span> <span class='ocrx_word' id='word_1_187' title='bbox 2642 1397 2694 1443; x_wconf 93' lang='lat' dir='ltr'><strong>et</strong></span> <span class='ocrx_word' id='word_1_188' title='bbox 2741 1389 2988 1459; x_wconf 82' lang='lat' dir='ltr'><strong>ingentes</strong></span> <span class='ocrx_word' id='word_1_189' title='bbox 3035 1386 3276 1442; x_wconf 67' lang='lat' dir='ltr'><strong>tenebrae</strong></span> <span class='ocrx_word' id='word_1_190' title='bbox 3304 1396 3587 1454; x_wconf 82' lang='lat' dir='ltr'><strong>versantur,</strong></span> <span class='ocrx_word' id='word_1_191' title='bbox 3611 1394 3656 1441; x_wconf 88' lang='lat' dir='ltr'><strong>et</strong></span> <span class='ocrx_word' id='word_1_192' title='bbox 3676 1385 3736 1440; x_wconf 86' lang='lat' dir='ltr'><strong>iu-</strong></span> 
     </span>
    </p>
   </div>
   <div class='ocr_carea' id='block_1_14' title="bbox 498 1480 3738 1552">
    <p class='ocr_par' dir='ltr' id='par_1_14' title="bbox 498 1480 3738 1552">
     <span class='ocr_line' id='line_1_14' title="bbox 498 1480 3738 1552; baseline -0.001 -14"><span class='ocrx_word' id='word_1_193' title='bbox 498 1482 611 1538; x_wconf 93' lang='lat' dir='ltr'><strong>hilo</strong></span> <span class='ocrx_word' id='word_1_194' title='bbox 638 1482 926 1549; x_wconf 82' lang='lat' dir='ltr'><strong>ducamus,</strong></span> <span class='ocrx_word' id='word_1_195' title='bbox 953 1489 1008 1537; x_wconf 91' lang='lat' dir='ltr'><strong>et</strong></span> <span class='ocrx_word' id='word_1_196' title='bbox 1039 1481 1242 1537; x_wconf 89' lang='lat' dir='ltr'><strong>lumine</strong></span> <span class='ocrx_word' id='word_1_197' title='bbox 1275 1482 1328 1536; x_wconf 94' lang='lat' dir='ltr'><strong>in</strong></span> <span class='ocrx_word' id='word_1_198' title='bbox 1361 1481 1454 1536; x_wconf 91' lang='lat' dir='ltr'><strong>illo</strong></span> <span class='ocrx_word' id='word_1_199' title='bbox 1502 1482 1730 1552; x_wconf 90' lang='lat' dir='ltr'><strong>perenni</strong></span> <span class='ocrx_word' id='word_1_200' title='bbox 1783 1481 2108 1550; x_wconf 88' lang='lat' dir='ltr'><strong>semperfu-</strong></span> <span class='ocrx_word' id='word_1_201' title='bbox 2210 1480 2400 1537; x_wconf 80' lang='lat' dir='ltr'><strong>venies</strong></span> <span class='ocrx_word' id='word_1_202' title='bbox 2448 1480 2595 1552; x_wconf 87' lang='lat' dir='ltr'><strong>quod</strong></span> <span class='ocrx_word' id='word_1_203' title='bbox 2629 1495 2776 1536; x_wconf 89' lang='lat' dir='ltr'><strong>mors</strong></span> <span class='ocrx_word' id='word_1_204' title='bbox 2831 1489 2925 1536; x_wconf 89' lang='lat' dir='ltr'><strong>tua</strong></span> <span class='ocrx_word' id='word_1_205' title='bbox 2971 1480 3150 1552; x_wconf 90' lang='lat' dir='ltr'><strong>fragili</strong></span> <span class='ocrx_word' id='word_1_206' title='bbox 3185 1480 3338 1534; x_wconf 89' lang='lat' dir='ltr'><strong>illata</strong></span> <span class='ocrx_word' id='word_1_207' title='bbox 3383 1490 3617 1551; x_wconf 86' lang='lat' dir='ltr'><strong>potestate</strong></span> <span class='ocrx_word' id='word_1_208' title='bbox 3639 1480 3738 1536; x_wconf 80' lang='lat' dir='ltr'><strong>inte-</strong></span> 
     </span>
    </p>
   </div>
   <div class='ocr_carea' id='block_1_15' title="bbox 503 1572 3736 1647">
    <p class='ocr_par' dir='ltr' id='par_1_15' title="bbox 503 1572 3736 1647">
     <span class='ocr_line' id='line_1_15' title="bbox 503 1572 3736 1647; baseline -0.001 -15"><span class='ocrx_word' id='word_1_209' title='bbox 503 1576 612 1632; x_wconf 92' lang='lat' dir='ltr'><strong>turi</strong></span> <span class='ocrx_word' id='word_1_210' title='bbox 639 1589 850 1644; x_wconf 91' lang='lat' dir='ltr'><strong>sumus,</strong></span> <span class='ocrx_word' id='word_1_211' title='bbox 900 1575 990 1647; x_wconf 93' lang='lat' dir='ltr'><strong>qui</strong></span> <span class='ocrx_word' id='word_1_212' title='bbox 1018 1585 1039 1613; x_wconf 77' lang='grc' dir='ltr'><strong>ο</strong></span> <span class='ocrx_word' id='word_1_213' title='bbox 1071 1574 1191 1631; x_wconf 83' lang='lat' dir='ltr'><strong>ﬁeri</strong></span> <span class='ocrx_word' id='word_1_214' title='bbox 1244 1585 1444 1646; x_wconf 84' lang='lat' dir='ltr'><strong>potest,</strong></span> <span class='ocrx_word' id='word_1_215' title='bbox 1476 1584 1534 1630; x_wconf 86' lang='lat' dir='ltr'><strong>ut</strong></span> <span class='ocrx_word' id='word_1_216' title='bbox 1590 1592 1696 1631; x_wconf 93' lang='lat' dir='ltr'><strong>non</strong></span> <span class='ocrx_word' id='word_1_217' title='bbox 1751 1591 1848 1646; x_wconf 92' lang='lat' dir='ltr'><strong>pro</strong></span> <span class='ocrx_word' id='word_1_218' title='bbox 1887 1573 2108 1631; x_wconf 87' lang='lat' dir='ltr'><strong>Christo</strong></span> <span class='ocrx_word' id='word_1_219' title='bbox 2211 1574 2447 1646; x_wconf 90' lang='lat' dir='ltr'><strong>griorem</strong></span> <span class='ocrx_word' id='word_1_220' title='bbox 2476 1582 2694 1644; x_wconf 89' lang='lat' dir='ltr'><strong>reparet</strong></span> <span class='ocrx_word' id='word_1_221' title='bbox 2721 1574 2911 1641; x_wconf 88' lang='lat' dir='ltr'><strong>vitam,</strong></span> <span class='ocrx_word' id='word_1_222' title='bbox 2943 1575 3091 1645; x_wconf 92' lang='lat' dir='ltr'><strong>quod</strong></span> <span class='ocrx_word' id='word_1_223' title='bbox 3124 1573 3240 1629; x_wconf 64' lang='lat' dir='ltr'><strong>haec</strong></span> <span class='ocrx_word' id='word_1_224' title='bbox 3268 1573 3430 1644; x_wconf 89' lang='lat' dir='ltr'><strong>magis</strong></span> <span class='ocrx_word' id='word_1_225' title='bbox 3478 1589 3566 1629; x_wconf 87' lang='lat' dir='ltr'><strong>nos</strong></span> <span class='ocrx_word' id='word_1_226' title='bbox 3601 1572 3736 1629; x_wconf 85' lang='lat' dir='ltr'><strong>dedu-</strong></span> 
     </span>
    </p>
   </div>
   <div class='ocr_carea' id='block_1_16' title="bbox 505 1655 3739 1742">
    <p class='ocr_par' dir='ltr' id='par_1_16' title="bbox 505 1655 3739 1742">
     <span class='ocr_line' id='line_1_16' title="bbox 505 1655 3739 1742; baseline -0.001 -15"><span class='ocrx_word' id='word_1_227' title='bbox 505 1672 599 1727; x_wconf 90' lang='lat' dir='ltr'><strong>Dei</strong></span> <span class='ocrx_word' id='word_1_228' title='bbox 629 1671 769 1728; x_wconf 86' lang='lat' dir='ltr'><strong>Filio</strong></span> <span class='ocrx_word' id='word_1_229' title='bbox 791 1672 911 1728; x_wconf 69' lang='lat' dir='ltr'><strong>vita)</strong></span> <span class='ocrx_word' id='word_1_230' title='bbox 943 1679 1162 1727; x_wconf 73' lang='lat' dir='ltr'><strong>aeternae</strong></span> <span class='ocrx_word' id='word_1_231' title='bbox 1189 1655 1454 1726; x_wconf 80' lang='lat' dir='ltr'><strong>tributore</strong></span> <span class='ocrx_word' id='word_1_232' title='bbox 1483 1671 1776 1742; x_wconf 85' lang='lat' dir='ltr'><strong>sacrilegio</strong></span> <span class='ocrx_word' id='word_1_233' title='bbox 1822 1670 2110 1726; x_wconf 90' lang='lat' dir='ltr'><strong>funestatis</strong></span> <span class='ocrx_word' id='word_1_234' title='bbox 2212 1677 2300 1724; x_wconf 87' lang='lat' dir='ltr'><strong>cat</strong></span> <span class='ocrx_word' id='word_1_235' title='bbox 2328 1667 2394 1722; x_wconf 91' lang='lat' dir='ltr'><strong>ad</strong></span> <span class='ocrx_word' id='word_1_236' title='bbox 2425 1667 2653 1739; x_wconf 86' lang='lat' dir='ltr'><strong>gloriam</strong></span> <span class='ocrx_word' id='word_1_237' title='bbox 2677 1682 2774 1738; x_wconf 92' lang='lat' dir='ltr'><strong>per</strong></span> <span class='ocrx_word' id='word_1_238' title='bbox 2821 1667 2992 1738; x_wconf 83' lang='lat' dir='ltr'><strong>ignes,</strong></span> <span class='ocrx_word' id='word_1_239' title='bbox 3024 1682 3121 1739; x_wconf 87' lang='lat' dir='ltr'><strong>per</strong></span> <span class='ocrx_word' id='word_1_240' title='bbox 3159 1666 3400 1737; x_wconf 82' lang='lat' dir='ltr'><strong>gladios,</strong></span> <span class='ocrx_word' id='word_1_241' title='bbox 3433 1683 3523 1738; x_wconf 91' lang='lat' dir='ltr'><strong>per</strong></span> <span class='ocrx_word' id='word_1_242' title='bbox 3565 1675 3739 1723; x_wconf 78' lang='lat' dir='ltr'><strong>catenas</strong></span> 
     </span>
    </p>
   </div>
   <div class='ocr_carea' id='block_1_17' title="bbox 507 1757 3738 1835">
    <p class='ocr_par' dir='ltr' id='par_1_17' title="bbox 507 1757 3738 1835">
     <span class='ocr_line' id='line_1_17' title="bbox 507 1757 3738 1835; baseline -0.002 -15"><span class='ocrx_word' id='word_1_243' title='bbox 507 1764 760 1820; x_wconf 91' lang='lat' dir='ltr'><strong>manibus</strong></span> <span class='ocrx_word' id='word_1_244' title='bbox 802 1762 908 1819; x_wconf 89' lang='lat' dir='ltr'><strong>tuis</strong></span> <span class='ocrx_word' id='word_1_245' title='bbox 937 1763 1227 1819; x_wconf 91' lang='lat' dir='ltr'><strong>maluimus</strong></span> <span class='ocrx_word' id='word_1_246' title='bbox 1255 1760 1282 1799; x_wconf 71' lang='grc' dir='ltr'><em>ά</em></span> <span class='ocrx_word' id='word_1_247' title='bbox 1314 1763 1590 1819; x_wconf 84' lang='lat' dir='ltr'><strong>interfici?</strong></span> <span class='ocrx_word' id='word_1_248' title='bbox 1642 1764 1732 1835; x_wconf 90' lang='lat' dir='ltr'><strong>qui</strong></span> <span class='ocrx_word' id='word_1_249' title='bbox 1789 1763 1951 1820; x_wconf 85' lang='lat' dir='ltr'><strong>aliter</strong></span> <span class='ocrx_word' id='word_1_250' title='bbox 2007 1778 2106 1818; x_wconf 89' lang='lat' dir='ltr'><strong>nos</strong></span> <span class='ocrx_word' id='word_1_251' title='bbox 2138 1771 2186 1834; x_wconf 79' lang='grc' dir='ltr'><strong>Β</strong></span> <span class='ocrx_word' id='word_1_252' title='bbox 2213 1776 2276 1816; x_wconf 91' lang='lat' dir='ltr'><strong>ac</strong></span> <span class='ocrx_word' id='word_1_253' title='bbox 2307 1759 2474 1826; x_wconf 88' lang='lat' dir='ltr'><strong>feras,</strong></span> <span class='ocrx_word' id='word_1_254' title='bbox 2509 1776 2606 1832; x_wconf 93' lang='lat' dir='ltr'><strong>per</strong></span> <span class='ocrx_word' id='word_1_255' title='bbox 2635 1759 2892 1831; x_wconf 89' lang='lat' dir='ltr'><strong>quicquid</strong></span> <span class='ocrx_word' id='word_1_256' title='bbox 2923 1760 3165 1830; x_wconf 89' lang='lat' dir='ltr'><strong>denique</strong></span> <span class='ocrx_word' id='word_1_257' title='bbox 3196 1759 3377 1815; x_wconf 86' lang='lat' dir='ltr'><strong>rabies</strong></span> <span class='ocrx_word' id='word_1_258' title='bbox 3404 1770 3485 1813; x_wconf 92' lang='lat' dir='ltr'><strong>tua</strong></span> <span class='ocrx_word' id='word_1_259' title='bbox 3513 1757 3738 1830; x_wconf 61' lang='lat' dir='ltr'><strong>piissimik</strong></span> 
     </span>
    </p>
   </div>
   <div class='ocr_carea' id='block_1_18' title="bbox 509 1855 3738 1933">
    <p class='ocr_par' dir='ltr' id='par_1_18' title="bbox 509 1855 3738 1933">
     <span class='ocr_line' id='line_1_18' title="bbox 509 1855 3738 1933; baseline -0.001 -21"><span class='ocrx_word' id='word_1_260' title='bbox 509 1857 621 1912; x_wconf 91' lang='lat' dir='ltr'><strong>Deo</strong></span> <span class='ocrx_word' id='word_1_261' title='bbox 647 1856 798 1912; x_wconf 85' lang='lat' dir='ltr'><strong>Patri</strong></span> <span class='ocrx_word' id='word_1_262' title='bbox 830 1857 1045 1926; x_wconf 89' lang='lat' dir='ltr'><strong>placere</strong></span> <span class='ocrx_word' id='word_1_263' title='bbox 1073 1871 1181 1911; x_wconf 92' lang='lat' dir='ltr'><strong>non</strong></span> <span class='ocrx_word' id='word_1_264' title='bbox 1207 1870 1365 1927; x_wconf 88' lang='lat' dir='ltr'><strong>posse</strong></span> <span class='ocrx_word' id='word_1_265' title='bbox 1392 1870 1700 1921; x_wconf 91' lang='lat' dir='ltr'><strong>cernamus,</strong></span> <span class='ocrx_word' id='word_1_266' title='bbox 1731 1856 1831 1911; x_wconf 90' lang='lat' dir='ltr'><strong>nisi</strong></span> <span class='ocrx_word' id='word_1_267' title='bbox 1856 1855 2111 1911; x_wconf 84' lang='lat' dir='ltr'><strong>conventi</strong></span> <span class='ocrx_word' id='word_1_268' title='bbox 2178 1891 2183 1896; x_wconf 79' lang='lat'>~</span> <span class='ocrx_word' id='word_1_269' title='bbox 2215 1859 2562 1933; x_wconf 88' lang='lat' dir='ltr'><strong>imperatoris</strong></span> <span class='ocrx_word' id='word_1_270' title='bbox 2600 1859 2654 1914; x_wconf 93' lang='lat' dir='ltr'><strong>in</strong></span> <span class='ocrx_word' id='word_1_271' title='bbox 2701 1867 2942 1914; x_wconf 90' lang='lat' dir='ltr'><strong>nostram</strong></span> <span class='ocrx_word' id='word_1_272' title='bbox 2984 1858 3269 1914; x_wconf 89' lang='lat' dir='ltr'><strong>censuerit</strong></span> <span class='ocrx_word' id='word_1_273' title='bbox 3307 1857 3539 1927; x_wconf 85' lang='lat' dir='ltr'><strong>ingerere</strong></span> <span class='ocrx_word' id='word_1_274' title='bbox 3576 1871 3738 1911; x_wconf 88' lang='lat' dir='ltr'><strong>necem.</strong></span> 
     </span>
    </p>
   </div>
   <div class='ocr_carea' id='block_1_19' title="bbox 511 1947 3744 2021">
    <p class='ocr_par' dir='ltr' id='par_1_19' title="bbox 511 1947 3744 2021">
     <span class='ocr_line' id='line_1_19' title="bbox 511 1947 3744 2021; baseline -0 -17"><span class='ocrx_word' id='word_1_275' title='bbox 511 1958 611 2005; x_wconf 89' lang='lat' dir='ltr'><strong>ate</strong></span> <span class='ocrx_word' id='word_1_276' title='bbox 628 1948 697 2005; x_wconf 91' lang='lat' dir='ltr'><strong>ad</strong></span> <span class='ocrx_word' id='word_1_277' title='bbox 720 1948 1026 2021; x_wconf 86' lang='lat' dir='ltr'><strong>negandum</strong></span> <span class='ocrx_word' id='word_1_278' title='bbox 1045 1950 1264 2006; x_wconf 91' lang='lat' dir='ltr'><strong>unicum</strong></span> <span class='ocrx_word' id='word_1_279' title='bbox 1289 1950 1381 2006; x_wconf 91' lang='lat' dir='ltr'><strong>Dei</strong></span> <span class='ocrx_word' id='word_1_280' title='bbox 1397 1949 1594 2005; x_wconf 84' lang='lat' dir='ltr'><strong>Filium</strong></span> <span class='ocrx_word' id='word_1_281' title='bbox 1612 1949 1734 2020; x_wconf 87' lang='lat' dir='ltr'><strong>ejus</strong></span> <span class='ocrx_word' id='word_1_282' title='bbox 1754 1965 1850 2021; x_wconf 93' lang='lat' dir='ltr'><strong>per</strong></span> <span class='ocrx_word' id='word_1_283' title='bbox 1869 1957 2106 2005; x_wconf 90' lang='lat' dir='ltr'><strong>mortem</strong></span> <span class='ocrx_word' id='word_1_284' title='bbox 2213 1951 2450 2008; x_wconf 89' lang='lat' dir='ltr'><strong>Tutante</strong></span> <span class='ocrx_word' id='word_1_285' title='bbox 2481 1952 2592 2007; x_wconf 92' lang='lat' dir='ltr'><strong>Deo</strong></span> <span class='ocrx_word' id='word_1_286' title='bbox 2627 1967 2735 2006; x_wconf 88' lang='lat' dir='ltr'><strong>non</strong></span> <span class='ocrx_word' id='word_1_287' title='bbox 2770 1950 2932 2006; x_wconf 93' lang='lat' dir='ltr'><strong>modo</strong></span> <span class='ocrx_word' id='word_1_288' title='bbox 2961 1966 3070 2006; x_wconf 92' lang='lat' dir='ltr'><strong>non</strong></span> <span class='ocrx_word' id='word_1_289' title='bbox 3113 1949 3526 2021; x_wconf 79' lang='lat' dir='ltr'><strong>exstinguimur,</strong></span> <span class='ocrx_word' id='word_1_290' title='bbox 3551 1947 3632 2005; x_wconf 87' lang='lat' dir='ltr'><strong>sed</strong></span> <span class='ocrx_word' id='word_1_291' title='bbox 3657 1964 3744 2003; x_wconf 82' lang='lat' dir='ltr'><strong>nta-</strong></span> 
     </span>
    </p>
   </div>
   <div class='ocr_carea' id='block_1_20' title="bbox 507 2043 3745 2118">
    <p class='ocr_par' dir='ltr' id='par_1_20' title="bbox 507 2043 3745 2118">
     <span class='ocr_line' id='line_1_20' title="bbox 507 2043 3745 2118; baseline -0.002 -16"><span class='ocrx_word' id='word_1_292' title='bbox 507 2046 862 2117; x_wconf 87' lang='lat' dir='ltr'><strong>etiamlpsam</strong></span> <span class='ocrx_word' id='word_1_293' title='bbox 879 2061 1067 2102; x_wconf 91' lang='lat' dir='ltr'><strong>verum</strong></span> <span class='ocrx_word' id='word_1_294' title='bbox 1084 2047 1378 2102; x_wconf 92' lang='lat' dir='ltr'><strong>esseillum</strong></span> <span class='ocrx_word' id='word_1_295' title='bbox 1392 2044 1594 2100; x_wconf 86' lang='lat' dir='ltr'><strong>Filium</strong></span> <span class='ocrx_word' id='word_1_296' title='bbox 1615 2044 1966 2101; x_wconf 84' lang='lat' dir='ltr'><strong>Deiconfessi</strong></span> <span class='ocrx_word' id='word_1_297' title='bbox 1991 2043 2114 2100; x_wconf 90' lang='lat' dir='ltr'><strong>fue-</strong></span> <span class='ocrx_word' id='word_1_298' title='bbox 2211 2046 2295 2118; x_wconf 85' lang='lat' dir='ltr'><strong>gis</strong></span> <span class='ocrx_word' id='word_1_299' title='bbox 2315 2056 2480 2117; x_wconf 87' lang='lat' dir='ltr'><strong>atque</strong></span> <span class='ocrx_word' id='word_1_300' title='bbox 2513 2047 2684 2116; x_wconf 86' lang='lat' dir='ltr'><strong>magis</strong></span> <span class='ocrx_word' id='word_1_301' title='bbox 2732 2044 3073 2100; x_wconf 84' lang='lat' dir='ltr'><strong>vivificamur</strong></span> <span class='ocrx_word' id='word_1_302' title='bbox 3094 2086 3108 2110; x_wconf 94' lang='lat'><strong>,</strong></span> <span class='ocrx_word' id='word_1_303' title='bbox 3139 2045 3230 2116; x_wconf 90' lang='lat' dir='ltr'><strong>qui</strong></span> <span class='ocrx_word' id='word_1_304' title='bbox 3283 2043 3654 2100; x_wconf 86' lang='lat' dir='ltr'><strong>meminerimus</strong></span> <span class='ocrx_word' id='word_1_305' title='bbox 3691 2044 3745 2098; x_wconf 90' lang='lat' dir='ltr'><strong>nil</strong></span> 
     </span>
    </p>
   </div>
   <div class='ocr_carea' id='block_1_21' title="bbox 509 2137 3750 2213">
    <p class='ocr_par' dir='ltr' id='par_1_21' title="bbox 509 2137 3750 2213">
     <span class='ocr_line' id='line_1_21' title="bbox 509 2137 3750 2213; baseline -0.002 -14"><span class='ocrx_word' id='word_1_306' title='bbox 509 2141 722 2199; x_wconf 87' lang='lat' dir='ltr'><strong>rimus?</strong></span> <span class='ocrx_word' id='word_1_307' title='bbox 749 2141 1100 2199; x_wconf 89' lang='lat' dir='ltr'><strong>Detestabilis</strong></span> <span class='ocrx_word' id='word_1_308' title='bbox 1131 2157 1289 2199; x_wconf 91' lang='lat' dir='ltr'><strong>mens</strong></span> <span class='ocrx_word' id='word_1_309' title='bbox 1307 2152 1393 2198; x_wconf 91' lang='lat' dir='ltr'><strong>tua</strong></span> <span class='ocrx_word' id='word_1_310' title='bbox 1420 2141 1640 2213; x_wconf 91' lang='lat' dir='ltr'><strong>indigne</strong></span> <span class='ocrx_word' id='word_1_311' title='bbox 1672 2141 1932 2212; x_wconf 85' lang='lat' dir='ltr'><strong>fert,quia</strong></span> <span class='ocrx_word' id='word_1_312' title='bbox 1965 2139 2113 2196; x_wconf 89' lang='lat' dir='ltr'><strong>diea-</strong></span> <span class='ocrx_word' id='word_1_313' title='bbox 2214 2154 2336 2196; x_wconf 92' lang='lat' dir='ltr'><strong>esse</strong></span> <span class='ocrx_word' id='word_1_314' title='bbox 2368 2153 2531 2210; x_wconf 91' lang='lat' dir='ltr'><strong>super</strong></span> <span class='ocrx_word' id='word_1_315' title='bbox 2557 2153 2658 2196; x_wconf 91' lang='lat' dir='ltr'><strong>nos</strong></span> <span class='ocrx_word' id='word_1_316' title='bbox 2689 2147 2884 2210; x_wconf 74' lang='lat' dir='ltr'><strong>praeter</strong></span> <span class='ocrx_word' id='word_1_317' title='bbox 2910 2139 3122 2205; x_wconf 92' lang='lat' dir='ltr'><strong>Deum;</strong></span> <span class='ocrx_word' id='word_1_318' title='bbox 3177 2137 3329 2194; x_wconf 92' lang='lat' dir='ltr'><strong>unde</strong></span> <span class='ocrx_word' id='word_1_319' title='bbox 3377 2137 3621 2195; x_wconf 87' lang='lat' dir='ltr'><strong>erubescit</strong></span> <span class='ocrx_word' id='word_1_320' title='bbox 3663 2139 3750 2193; x_wconf 80' lang='lat' dir='ltr'><strong>aui-</strong></span> 
     </span>
    </p>
   </div>
   <div class='ocr_carea' id='block_1_22' title="bbox 512 2231 3750 2306">
    <p class='ocr_par' dir='ltr' id='par_1_22' title="bbox 512 2231 3750 2306">
     <span class='ocr_line' id='line_1_22' title="bbox 512 2231 3750 2306; baseline -0.001 -16"><span class='ocrx_word' id='word_1_321' title='bbox 512 2232 925 2291; x_wconf 87' lang='lat' dir='ltr'><strong>musChristum</strong></span> <span class='ocrx_word' id='word_1_322' title='bbox 945 2234 1253 2292; x_wconf 86' lang='lat' dir='ltr'><strong>DeiFilium</strong></span> <span class='ocrx_word' id='word_1_323' title='bbox 1270 2234 1366 2291; x_wconf 91' lang='lat' dir='ltr'><strong>Dei</strong></span> <span class='ocrx_word' id='word_1_324' title='bbox 1384 2248 1507 2290; x_wconf 89' lang='lat' dir='ltr'><strong>esse</strong></span> <span class='ocrx_word' id='word_1_325' title='bbox 1525 2231 2111 2302; x_wconf 78' lang='lat' dir='ltr'><strong>verbum,Deisapien-</strong></span> <span class='ocrx_word' id='word_1_326' title='bbox 2217 2251 2339 2291; x_wconf 89' lang='lat' dir='ltr'><strong>mus</strong></span> <span class='ocrx_word' id='word_1_327' title='bbox 2369 2235 2599 2292; x_wconf 83' lang='lat' dir='ltr'><strong>devotus</strong></span> <span class='ocrx_word' id='word_1_328' title='bbox 2625 2245 2785 2306; x_wconf 91' lang='lat' dir='ltr'><strong>atque</strong></span> <span class='ocrx_word' id='word_1_329' title='bbox 2829 2236 3176 2305; x_wconf 89' lang='lat' dir='ltr'><strong>mancipatus</strong></span> <span class='ocrx_word' id='word_1_330' title='bbox 3226 2235 3342 2292; x_wconf 89' lang='lat' dir='ltr'><strong>Deo</strong></span> <span class='ocrx_word' id='word_1_331' title='bbox 3390 2235 3479 2290; x_wconf 88' lang='lat' dir='ltr'><strong>tibi</strong></span> <span class='ocrx_word' id='word_1_332' title='bbox 3517 2251 3598 2306; x_wconf 92' lang='lat' dir='ltr'><strong>per</strong></span> <span class='ocrx_word' id='word_1_333' title='bbox 3642 2245 3750 2289; x_wconf 86' lang='lat' dir='ltr'><strong>tuam</strong></span> 
     </span>
    </p>
   </div>
   <div class='ocr_carea' id='block_1_23' title="bbox 515 2327 3750 2401">
    <p class='ocr_par' dir='ltr' id='par_1_23' title="bbox 515 2327 3750 2401">
     <span class='ocr_line' id='line_1_23' title="bbox 515 2327 3750 2401; baseline -0.001 -15"><span class='ocrx_word' id='word_1_334' title='bbox 515 2331 669 2393; x_wconf 90' lang='lat' dir='ltr'><strong>tiam,</strong></span> <span class='ocrx_word' id='word_1_335' title='bbox 694 2330 1080 2394; x_wconf 86' lang='lat' dir='ltr'><strong>Deivirtutem,</strong></span> <span class='ocrx_word' id='word_1_336' title='bbox 1101 2327 1272 2384; x_wconf 89' lang='lat' dir='ltr'><strong>Deum</strong></span> <span class='ocrx_word' id='word_1_337' title='bbox 1293 2339 1315 2368; x_wconf 76' lang='grc' dir='ltr'><em>ε</em></span> <span class='ocrx_word' id='word_1_338' title='bbox 1342 2345 1514 2384; x_wconf 82' lang='lat' dir='ltr'><strong>verum</strong></span> <span class='ocrx_word' id='word_1_339' title='bbox 1537 2327 1601 2382; x_wconf 91' lang='lat' dir='ltr'><strong>de</strong></span> <span class='ocrx_word' id='word_1_340' title='bbox 1614 2327 1726 2381; x_wconf 87' lang='lat' dir='ltr'><strong>Deo</strong></span> <span class='ocrx_word' id='word_1_341' title='bbox 1755 2343 1896 2394; x_wconf 79' lang='lat' dir='ltr'><strong>vero,</strong></span> <span class='ocrx_word' id='word_1_342' title='bbox 1931 2335 2114 2381; x_wconf 91' lang='lat' dir='ltr'><strong>natum</strong></span> <span class='ocrx_word' id='word_1_343' title='bbox 2218 2341 2435 2385; x_wconf 86' lang='lat' dir='ltr'><strong>mortuo</strong></span> <span class='ocrx_word' id='word_1_344' title='bbox 2461 2329 2876 2401; x_wconf 84' lang='lat' dir='ltr'><strong>blasphemiam,</strong></span> <span class='ocrx_word' id='word_1_345' title='bbox 2899 2329 3023 2386; x_wconf 90' lang='lat' dir='ltr'><strong>cani</strong></span> <span class='ocrx_word' id='word_1_346' title='bbox 3045 2330 3266 2386; x_wconf 89' lang='lat' dir='ltr'><strong>latranti</strong></span> <span class='ocrx_word' id='word_1_347' title='bbox 3294 2339 3476 2386; x_wconf 92' lang='lat' dir='ltr'><strong>contra</strong></span> <span class='ocrx_word' id='word_1_348' title='bbox 3504 2329 3750 2394; x_wconf 84' lang='lat' dir='ltr'><strong>veritatem,</strong></span> 
     </span>
    </p>
   </div>
   <div class='ocr_carea' id='block_1_24' title="bbox 512 2419 2108 2492">
    <p class='ocr_par' dir='ltr' id='par_1_24' title="bbox 512 2419 2108 2492">
     <span class='ocr_line' id='line_1_24' title="bbox 512 2419 2108 2492; baseline -0.003 -14"><span class='ocrx_word' id='word_1_349' title='bbox 512 2425 578 2480; x_wconf 86' lang='lat' dir='ltr'><strong>de</strong></span> <span class='ocrx_word' id='word_1_350' title='bbox 603 2423 787 2492; x_wconf 86' lang='lat' dir='ltr'><strong>Patre,</strong></span> <span class='ocrx_word' id='word_1_351' title='bbox 815 2423 871 2478; x_wconf 98' lang='lat' dir='ltr'><strong>id</strong></span> <span class='ocrx_word' id='word_1_352' title='bbox 895 2434 969 2479; x_wconf 76' lang='lat' dir='ltr'><strong>est</strong></span> <span class='ocrx_word' id='word_1_353' title='bbox 987 2423 1050 2478; x_wconf 83' lang='lat' dir='ltr'><strong>de</strong></span> <span class='ocrx_word' id='word_1_354' title='bbox 1075 2423 1364 2477; x_wconf 81' lang='lat' dir='ltr'><strong>substantia</strong></span> <span class='ocrx_word' id='word_1_355' title='bbox 1395 2421 1590 2487; x_wconf 83' lang='lat' dir='ltr'><strong>Patris,</strong></span> <span class='ocrx_word' id='word_1_356' title='bbox 1615 2420 1787 2475; x_wconf 87' lang='lat' dir='ltr'><strong>lumen</strong></span> <span class='ocrx_word' id='word_1_357' title='bbox 1813 2421 1877 2476; x_wconf 89' lang='lat' dir='ltr'><strong>de</strong></span> <span class='ocrx_word' id='word_1_358' title='bbox 1899 2419 2108 2486; x_wconf 85' lang='lat' dir='ltr'><strong>lumine,</strong></span> 
     </span>
    </p>
   </div>
   <div class='ocr_carea' id='block_1_25' title="bbox 2155 2419 3751 2492">
    <p class='ocr_par' dir='ltr' id='par_1_25' title="bbox 2217 2424 3751 2485">
     <span class='ocr_line' id='line_1_25' title="bbox 2217 2424 3751 2485; baseline -0.002 -3"><span class='ocrx_word' id='word_1_359' title='bbox 2217 2428 2494 2483; x_wconf 86' lang='lat' dir='ltr'><strong>vermibus</strong></span> <span class='ocrx_word' id='word_1_360' title='bbox 2509 2425 2627 2483; x_wconf 80' lang='lat' dir='ltr'><strong>Arii</strong></span> <span class='ocrx_word' id='word_1_361' title='bbox 2654 2429 2884 2484; x_wconf 90' lang='lat' dir='ltr'><strong>scatenti</strong></span> <span class='ocrx_word' id='word_1_362' title='bbox 2910 2427 3294 2484; x_wconf 90' lang='lat' dir='ltr'><strong>succumbere.</strong></span> <span class='ocrx_word' id='word_1_363' title='bbox 3312 2427 3587 2485; x_wconf 72' lang='lat' dir='ltr'><strong>Serrorum</strong></span> <span class='ocrx_word' id='word_1_364' title='bbox 3600 2424 3751 2481; x_wconf 87' lang='lat' dir='ltr'><strong>Christi</strong></span> 
     </span>
    </p>
   </div>
   <div class='ocr_carea' id='block_1_26' title="bbox 508 2515 3757 2592">
    <p class='ocr_par' dir='ltr' id='par_1_26' title="bbox 508 2515 3757 2592">
     <span class='ocr_line' id='line_1_26' title="bbox 508 2515 3757 2592; baseline -0.001 -17"><span class='ocrx_word' id='word_1_365' title='bbox 508 2529 692 2575; x_wconf 90' lang='lat' dir='ltr'><strong>natum</strong></span> <span class='ocrx_word' id='word_1_366' title='bbox 718 2536 822 2575; x_wconf 91' lang='lat' dir='ltr'><strong>non</strong></span> <span class='ocrx_word' id='word_1_367' title='bbox 850 2521 1069 2591; x_wconf 78' lang='lat' dir='ltr'><strong>factum,</strong></span> <span class='ocrx_word' id='word_1_368' title='bbox 1098 2519 1255 2572; x_wconf 86' lang='lat' dir='ltr'><strong>unius</strong></span> <span class='ocrx_word' id='word_1_369' title='bbox 1300 2516 1600 2572; x_wconf 77' lang='lat' dir='ltr'><strong>substantia:</strong></span> <span class='ocrx_word' id='word_1_370' title='bbox 1652 2515 1805 2570; x_wconf 87' lang='lat' dir='ltr'><strong>illum</strong></span> <span class='ocrx_word' id='word_1_371' title='bbox 1837 2530 1960 2571; x_wconf 84' lang='lat' dir='ltr'><strong>esse</strong></span> <span class='ocrx_word' id='word_1_372' title='bbox 1998 2532 2117 2569; x_wconf 85' lang='lat' dir='ltr'><strong>cum</strong></span> <span class='ocrx_word' id='word_1_373' title='bbox 2219 2521 2418 2577; x_wconf 57' lang='lat' dir='ltr'><strong>animae</strong></span> <span class='ocrx_word' id='word_1_374' title='bbox 2437 2522 2652 2592; x_wconf 89' lang='lat' dir='ltr'><strong>quoties</strong></span> <span class='ocrx_word' id='word_1_375' title='bbox 2668 2521 2777 2576; x_wconf 88' lang='lat' dir='ltr'><strong>vim</strong></span> <span class='ocrx_word' id='word_1_376' title='bbox 2815 2519 3112 2592; x_wconf 89' lang='lat' dir='ltr'><strong>diligenter</strong></span> <span class='ocrx_word' id='word_1_377' title='bbox 3145 2536 3338 2577; x_wconf 90' lang='lat' dir='ltr'><strong>veram</strong></span> <span class='ocrx_word' id='word_1_378' title='bbox 3368 2520 3655 2577; x_wconf 80' lang='lat' dir='ltr'><strong>examinant</strong></span> <span class='ocrx_word' id='word_1_379' title='bbox 3676 2529 3757 2574; x_wconf 84' lang='lat' dir='ltr'><strong>tor-</strong></span> 
     </span>
    </p>
   </div>
   <div class='ocr_carea' id='block_1_27' title="bbox 523 2612 3756 2689">
    <p class='ocr_par' dir='ltr' id='par_1_27' title="bbox 523 2612 3756 2689">
     <span class='ocr_line' id='line_1_27' title="bbox 523 2612 3756 2689; baseline -0.002 -15"><span class='ocrx_word' id='word_1_380' title='bbox 523 2615 678 2674; x_wconf 84' lang='lat' dir='ltr'><strong>Patre</strong></span> <span class='ocrx_word' id='word_1_381' title='bbox 706 2657 723 2683; x_wconf 95' lang='lat'><strong>,</strong></span> <span class='ocrx_word' id='word_1_382' title='bbox 785 2615 924 2688; x_wconf 88' lang='lat' dir='ltr'><strong>quod</strong></span> <span class='ocrx_word' id='word_1_383' title='bbox 991 2613 1160 2670; x_wconf 61' lang='lat' dir='ltr'><strong>Graeci</strong></span> <span class='ocrx_word' id='word_1_384' title='bbox 1223 2612 1402 2668; x_wconf 87' lang='lat' dir='ltr'><strong>dicunt</strong></span> <span class='ocrx_word' id='word_1_385' title='bbox 1461 2612 1763 2685; x_wconf 80' lang='grc' dir='ltr'><strong>ὁμοούσιον,</strong></span> <span class='ocrx_word' id='word_1_386' title='bbox 1832 2627 1921 2681; x_wconf 83' lang='lat' dir='ltr'><strong>per</strong></span> <span class='ocrx_word' id='word_1_387' title='bbox 1968 2627 2120 2682; x_wconf 82' lang='lat' dir='ltr'><strong>quem</strong></span> <span class='ocrx_word' id='word_1_388' title='bbox 2220 2616 2907 2684; x_wconf 87' lang='lat' dir='ltr'><strong>meutorum,consitlerant</strong></span> <span class='ocrx_word' id='word_1_389' title='bbox 2924 2617 3134 2672; x_wconf 91' lang='lat' dir='ltr'><strong>nullum</strong></span> <span class='ocrx_word' id='word_1_390' title='bbox 3151 2617 3467 2689; x_wconf 84' lang='lat' dir='ltr'><strong>majusesse</strong></span> <span class='ocrx_word' id='word_1_391' title='bbox 3491 2624 3756 2672; x_wconf 88' lang='lat' dir='ltr'><strong>tormentum</strong></span> 
     </span>
    </p>
   </div>
   <div class='ocr_carea' id='block_1_28' title="bbox 512 2704 3761 2781">
    <p class='ocr_par' dir='ltr' id='par_1_28' title="bbox 512 2704 3761 2781">
     <span class='ocr_line' id='line_1_28' title="bbox 512 2704 3761 2781; baseline 0 -17"><span class='ocrx_word' id='word_1_392' title='bbox 512 2709 687 2764; x_wconf 85' lang='lat' dir='ltr'><strong>omnia</strong></span> <span class='ocrx_word' id='word_1_393' title='bbox 712 2719 832 2762; x_wconf 88' lang='lat' dir='ltr'><strong>sunt</strong></span> <span class='ocrx_word' id='word_1_394' title='bbox 875 2712 1040 2779; x_wconf 78' lang='lat' dir='ltr'><strong>facta,</strong></span> <span class='ocrx_word' id='word_1_395' title='bbox 1083 2708 1195 2763; x_wconf 85' lang='lat' dir='ltr'><strong>sine</strong></span> <span class='ocrx_word' id='word_1_396' title='bbox 1239 2723 1341 2779; x_wconf 89' lang='lat' dir='ltr'><strong>quo</strong></span> <span class='ocrx_word' id='word_1_397' title='bbox 1395 2722 1675 2776; x_wconf 83' lang='lat' dir='ltr'><strong>numquam</strong></span> <span class='ocrx_word' id='word_1_398' title='bbox 1728 2707 1883 2776; x_wconf 78' lang='lat' dir='ltr'><strong>fuerit</strong></span> <span class='ocrx_word' id='word_1_399' title='bbox 1934 2704 2114 2760; x_wconf 86' lang='lat' dir='ltr'><strong>Pater.</strong></span> <span class='ocrx_word' id='word_1_400' title='bbox 2220 2725 2383 2781; x_wconf 91' lang='lat' dir='ltr'><strong>quam</strong></span> <span class='ocrx_word' id='word_1_401' title='bbox 2429 2725 2460 2766; x_wconf 94' lang='lat' dir='ltr'><strong>a</strong></span> <span class='ocrx_word' id='word_1_402' title='bbox 2517 2719 2570 2765; x_wconf 92' lang='lat' dir='ltr'><strong>te</strong></span> <span class='ocrx_word' id='word_1_403' title='bbox 2616 2709 2916 2766; x_wconf 78' lang='lat' dir='ltr'><strong>adversarii</strong></span> <span class='ocrx_word' id='word_1_404' title='bbox 2981 2712 3156 2767; x_wconf 90' lang='lat' dir='ltr'><strong>nostri</strong></span> <span class='ocrx_word' id='word_1_405' title='bbox 3208 2726 3376 2768; x_wconf 87' lang='lat' dir='ltr'><strong>servo</strong></span> <span class='ocrx_word' id='word_1_406' title='bbox 3419 2726 3615 2767; x_wconf 87' lang='lat' dir='ltr'><strong>servum</strong></span> <span class='ocrx_word' id='word_1_407' title='bbox 3653 2709 3761 2765; x_wconf 79' lang='lat' dir='ltr'><strong>vinei</strong></span> 
     </span>
    </p>
   </div>
   <div class='ocr_carea' id='block_1_29' title="bbox 517 2797 3763 2874">
    <p class='ocr_par' dir='ltr' id='par_1_29' title="bbox 517 2797 3763 2874">
     <span class='ocr_line' id='line_1_29' title="bbox 517 2797 3763 2874; baseline 0 -18"><span class='ocrx_word' id='word_1_408' title='bbox 517 2800 748 2872; x_wconf 88' lang='lat' dir='ltr'><strong>Indigne</strong></span> <span class='ocrx_word' id='word_1_409' title='bbox 777 2799 914 2867; x_wconf 82' lang='lat' dir='ltr'><strong>fers,</strong></span> <span class='ocrx_word' id='word_1_410' title='bbox 963 2800 1082 2856; x_wconf 79' lang='lat' dir='ltr'><strong>Arii</strong></span> <span class='ocrx_word' id='word_1_411' title='bbox 1129 2799 1355 2866; x_wconf 81' lang='lat' dir='ltr'><strong>vermis,</strong></span> <span class='ocrx_word' id='word_1_412' title='bbox 1387 2814 1486 2855; x_wconf 91' lang='lat' dir='ltr'><strong>cur</strong></span> <span class='ocrx_word' id='word_1_413' title='bbox 1541 2798 1921 2864; x_wconf 87' lang='lat' dir='ltr'><strong>defendamus,</strong></span> <span class='ocrx_word' id='word_1_414' title='bbox 1973 2797 2120 2870; x_wconf 91' lang='lat' dir='ltr'><strong>quod</strong></span> <span class='ocrx_word' id='word_1_415' title='bbox 2220 2801 2441 2858; x_wconf 90' lang='lat' dir='ltr'><strong>Christi.</strong></span> <span class='ocrx_word' id='word_1_416' title='bbox 2473 2802 2849 2858; x_wconf 80' lang='lat' dir='ltr'><strong>Recordamur</strong></span> <span class='ocrx_word' id='word_1_417' title='bbox 2874 2803 3163 2860; x_wconf 88' lang='lat' dir='ltr'><strong>Dominum</strong></span> <span class='ocrx_word' id='word_1_418' title='bbox 3204 2803 3416 2860; x_wconf 80' lang='lat' dir='ltr'><strong>dixisse</strong></span> <span class='ocrx_word' id='word_1_419' title='bbox 3449 2804 3542 2860; x_wconf 88' lang='lat' dir='ltr'><strong>:Si</strong></span> <span class='ocrx_word' id='word_1_420' title='bbox 3575 2803 3763 2874; x_wconf 70' lang='lat' dir='ltr'><strong>quisvslt</strong></span> 
     </span>
    </p>
   </div>
   <div class='ocr_carea' id='block_1_30' title="bbox 515 2889 3762 2970">
    <p class='ocr_par' dir='ltr' id='par_1_30' title="bbox 515 2889 3762 2970">
     <span class='ocr_line' id='line_1_30' title="bbox 515 2889 3762 2970; baseline 0.001 -23"><span class='ocrx_word' id='word_1_421' title='bbox 515 2891 765 2960; x_wconf 89' lang='lat' dir='ltr'><strong>claritas,</strong></span> <span class='ocrx_word' id='word_1_422' title='bbox 795 2900 1061 2963; x_wconf 80' lang='lat' dir='ltr'><strong>potestas,</strong></span> <span class='ocrx_word' id='word_1_423' title='bbox 1095 2890 1440 2963; x_wconf 84' lang='lat' dir='ltr'><strong>magnitudo,</strong></span> <span class='ocrx_word' id='word_1_424' title='bbox 1483 2892 1790 2958; x_wconf 71' lang='lat' dir='ltr'><strong>aeternitas,</strong></span> <span class='ocrx_word' id='word_1_425' title='bbox 1839 2889 2116 2959; x_wconf 83' lang='lat' dir='ltr'><strong>divinitas,</strong></span> <span class='ocrx_word' id='word_1_426' title='bbox 2224 2905 2338 2967; x_wconf 85' lang='lat' dir='ltr'><strong>post</strong></span> <span class='ocrx_word' id='word_1_427' title='bbox 2364 2912 2443 2951; x_wconf 86' lang='lat' dir='ltr'><strong>me</strong></span> <span class='ocrx_word' id='word_1_428' title='bbox 2463 2897 2651 2962; x_wconf 83' lang='lat' dir='ltr'><strong>venire,</strong></span> <span class='ocrx_word' id='word_1_429' title='bbox 2685 2896 2900 2970; x_wconf 82' lang='lat' dir='ltr'><strong>abneget</strong></span> <span class='ocrx_word' id='word_1_430' title='bbox 2922 2913 2974 2952; x_wconf 88' lang='lat' dir='ltr'><strong>se</strong></span> <span class='ocrx_word' id='word_1_431' title='bbox 2999 2897 3122 2965; x_wconf 84' lang='lat' dir='ltr'><strong>sibi,</strong></span> <span class='ocrx_word' id='word_1_432' title='bbox 3150 2909 3198 2952; x_wconf 92' lang='lat' dir='ltr'><strong>et</strong></span> <span class='ocrx_word' id='word_1_433' title='bbox 3227 2899 3384 2954; x_wconf 86' lang='lat' dir='ltr'><strong>tollat</strong></span> <span class='ocrx_word' id='word_1_434' title='bbox 3403 2899 3611 2970; x_wconf 76' lang='lat' dir='ltr'><strong>(crucem</strong></span> <span class='ocrx_word' id='word_1_435' title='bbox 3632 2914 3762 2963; x_wconf 82' lang='lat' dir='ltr'><strong>suam,</strong></span> 
     </span>
    </p>
   </div>
   <div class='ocr_carea' id='block_1_31' title="bbox 515 2983 3768 3062">
    <p class='ocr_par' dir='ltr' id='par_1_31' title="bbox 515 2983 3768 3062">
     <span class='ocr_line' id='line_1_31' title="bbox 515 2983 3768 3062; baseline 0.002 -22"><span class='ocrx_word' id='word_1_436' title='bbox 515 3000 642 3057; x_wconf 68' lang='lat' dir='ltr'><strong>qua:</strong></span> <span class='ocrx_word' id='word_1_437' title='bbox 673 2983 693 3022; x_wconf 70' lang='grc' dir='ltr'>ί</span> <span class='ocrx_word' id='word_1_438' title='bbox 728 3000 834 3040; x_wconf 91' lang='lat' dir='ltr'><strong>una</strong></span> <span class='ocrx_word' id='word_1_439' title='bbox 856 2988 928 3042; x_wconf 91' lang='lat' dir='ltr'><strong>sit</strong></span> <span class='ocrx_word' id='word_1_440' title='bbox 982 2984 1158 3041; x_wconf 89' lang='lat' dir='ltr'><strong>Patris</strong></span> <span class='ocrx_word' id='word_1_441' title='bbox 1189 2993 1245 3042; x_wconf 91' lang='lat' dir='ltr'><strong>et</strong></span> <span class='ocrx_word' id='word_1_442' title='bbox 1295 2984 1442 3042; x_wconf 86' lang='lat' dir='ltr'><strong>unici</strong></span> <span class='ocrx_word' id='word_1_443' title='bbox 1491 2985 1610 3056; x_wconf 88' lang='lat' dir='ltr'><strong>ejus</strong></span> <span class='ocrx_word' id='word_1_444' title='bbox 1635 2983 1783 3041; x_wconf 87' lang='lat' dir='ltr'><strong>Filii.</strong></span> <span class='ocrx_word' id='word_1_445' title='bbox 1832 2983 1948 3041; x_wconf 85' lang='lat' dir='ltr'><strong>Non</strong></span> <span class='ocrx_word' id='word_1_446' title='bbox 1995 2999 2120 3041; x_wconf 74' lang='lat' dir='ltr'><strong>esse</strong></span> <span class='ocrx_word' id='word_1_447' title='bbox 2223 3000 2270 3043; x_wconf 88' lang='lat' dir='ltr'><strong>et</strong></span> <span class='ocrx_word' id='word_1_448' title='bbox 2298 3000 2542 3062; x_wconf 70' lang='lat' dir='ltr'><strong>sequatur</strong></span> <span class='ocrx_word' id='word_1_449' title='bbox 2563 3007 2662 3045; x_wconf 89' lang='lat' dir='ltr'><strong>me.</strong></span> <span class='ocrx_word' id='word_1_450' title='bbox 2696 2991 2800 3060; x_wconf 83' lang='lat' dir='ltr'><strong>Qui</strong></span> <span class='ocrx_word' id='word_1_451' title='bbox 2827 2993 2965 3047; x_wconf 88' lang='lat' dir='ltr'><strong>enim</strong></span> <span class='ocrx_word' id='word_1_452' title='bbox 3002 2993 3222 3048; x_wconf 79' lang='lat' dir='ltr'><strong>voluerit</strong></span> <span class='ocrx_word' id='word_1_453' title='bbox 3280 2995 3504 3049; x_wconf 79' lang='lat' dir='ltr'><strong>animant</strong></span> <span class='ocrx_word' id='word_1_454' title='bbox 3542 3009 3670 3048; x_wconf 82' lang='lat' dir='ltr'><strong>suain</strong></span> <span class='ocrx_word' id='word_1_455' title='bbox 3687 2995 3768 3046; x_wconf 84' lang='lat' dir='ltr'><strong>sal-</strong></span> 
     </span>
    </p>
   </div>
   <div class='ocr_carea' id='block_1_32' title="bbox 517 3080 3768 3161">
    <p class='ocr_par' dir='ltr' id='par_1_32' title="bbox 517 3080 3768 3161">
     <span class='ocr_line' id='line_1_32' title="bbox 517 3080 3768 3161; baseline 0.002 -25"><span class='ocrx_word' id='word_1_456' title='bbox 517 3095 720 3136; x_wconf 89' lang='lat' dir='ltr'><strong>novum</strong></span> <span class='ocrx_word' id='word_1_457' title='bbox 749 3080 898 3152; x_wconf 91' lang='lat' dir='ltr'><strong>quod</strong></span> <span class='ocrx_word' id='word_1_458' title='bbox 923 3096 1024 3137; x_wconf 91' lang='lat' dir='ltr'><strong>nos</strong></span> <span class='ocrx_word' id='word_1_459' title='bbox 1051 3081 1214 3152; x_wconf 89' lang='lat' dir='ltr'><strong>legati</strong></span> <span class='ocrx_word' id='word_1_460' title='bbox 1239 3081 1694 3137; x_wconf 87' lang='lat' dir='ltr'><strong>asseverabamus</strong></span> <span class='ocrx_word' id='word_1_461' title='bbox 1718 3081 1770 3136; x_wconf 93' lang='lat' dir='ltr'><strong>in</strong></span> <span class='ocrx_word' id='word_1_462' title='bbox 1805 3091 1829 3128; x_wconf 77' lang='lat'><strong>8</strong></span> <span class='ocrx_word' id='word_1_463' title='bbox 1856 3091 1948 3136; x_wconf 93' lang='lat' dir='ltr'><strong>tuo</strong></span> <span class='ocrx_word' id='word_1_464' title='bbox 1972 3081 2122 3152; x_wconf 89' lang='lat' dir='ltr'><strong>pala-</strong></span> <span class='ocrx_word' id='word_1_465' title='bbox 2224 3102 2339 3140; x_wconf 78' lang='lat' dir='ltr'><strong>vam</strong></span> <span class='ocrx_word' id='word_1_466' title='bbox 2365 3087 2559 3156; x_wconf 73' lang='lat' dir='ltr'><strong>facere,</strong></span> <span class='ocrx_word' id='word_1_467' title='bbox 2587 3085 2764 3158; x_wconf 83' lang='lat' dir='ltr'><strong>perdet</strong></span> <span class='ocrx_word' id='word_1_468' title='bbox 2798 3087 2968 3143; x_wconf 81' lang='lat' dir='ltr'><strong>illam.</strong></span> <span class='ocrx_word' id='word_1_469' title='bbox 2996 3086 3100 3156; x_wconf 84' lang='lat' dir='ltr'><strong>Qui</strong></span> <span class='ocrx_word' id='word_1_470' title='bbox 3131 3085 3148 3125; x_wconf 81' lang='grc' dir='ltr'>ι</span> <span class='ocrx_word' id='word_1_471' title='bbox 3180 3098 3359 3144; x_wconf 87' lang='lat' dir='ltr'><strong>autem</strong></span> <span class='ocrx_word' id='word_1_472' title='bbox 3402 3086 3662 3161; x_wconf 81' lang='lat' dir='ltr'><strong>perdiderit</strong></span> <span class='ocrx_word' id='word_1_473' title='bbox 3682 3087 3768 3142; x_wconf 86' lang='lat' dir='ltr'><strong>ani-</strong></span> 
     </span>
    </p>
   </div>
   <div class='ocr_carea' id='block_1_33' title="bbox 519 3170 3768 3251">
    <p class='ocr_par' dir='ltr' id='par_1_33' title="bbox 519 3170 3768 3251">
     <span class='ocr_line' id='line_1_33' title="bbox 519 3170 3768 3251; baseline 0.001 -20"><span class='ocrx_word' id='word_1_474' title='bbox 519 3174 975 3243; x_wconf 88' lang='lat' dir='ltr'><strong>tio,etfirmando</strong></span> <span class='ocrx_word' id='word_1_475' title='bbox 990 3192 1098 3232; x_wconf 93' lang='lat' dir='ltr'><strong>non</strong></span> <span class='ocrx_word' id='word_1_476' title='bbox 1118 3179 1377 3232; x_wconf 87' lang='lat' dir='ltr'><strong>desumus</strong></span> <span class='ocrx_word' id='word_1_477' title='bbox 1395 3176 1708 3248; x_wconf 89' lang='lat' dir='ltr'><strong>sempersic</strong></span> <span class='ocrx_word' id='word_1_478' title='bbox 1730 3175 1901 3232; x_wconf 91' lang='lat' dir='ltr'><strong>fuisse</strong></span> <span class='ocrx_word' id='word_1_479' title='bbox 1919 3185 2114 3234; x_wconf 88' lang='lat' dir='ltr'><strong>etesse</strong></span> <span class='ocrx_word' id='word_1_480' title='bbox 2143 3170 2188 3236; x_wconf 73' lang='grc' dir='ltr'>ί)</span> <span class='ocrx_word' id='word_1_481' title='bbox 2221 3197 2356 3236; x_wconf 88' lang='lat' dir='ltr'><strong>mam</strong></span> <span class='ocrx_word' id='word_1_482' title='bbox 2385 3197 2532 3235; x_wconf 85' lang='lat' dir='ltr'><strong>suam</strong></span> <span class='ocrx_word' id='word_1_483' title='bbox 2551 3190 2762 3251; x_wconf 84' lang='lat' dir='ltr'><strong>propter</strong></span> <span class='ocrx_word' id='word_1_484' title='bbox 2790 3198 2890 3249; x_wconf 87' lang='lat' dir='ltr'><strong>me,</strong></span> <span class='ocrx_word' id='word_1_485' title='bbox 2921 3181 3142 3238; x_wconf 82' lang='lat' dir='ltr'><strong>inveniet</strong></span> <span class='ocrx_word' id='word_1_486' title='bbox 3175 3199 3315 3237; x_wconf 89' lang='lat' dir='ltr'><strong>eam.</strong></span> <span class='ocrx_word' id='word_1_487' title='bbox 3354 3183 3490 3251; x_wconf 82' lang='lat' dir='ltr'><strong>Quid</strong></span> <span class='ocrx_word' id='word_1_488' title='bbox 3533 3183 3652 3238; x_wconf 85' lang='lat' dir='ltr'><strong>enim</strong></span> <span class='ocrx_word' id='word_1_489' title='bbox 3675 3196 3768 3251; x_wconf 80' lang='lat' dir='ltr'><strong>pro-</strong></span> 
     </span>
    </p>
   </div>
   <div class='ocr_carea' id='block_1_34' title="bbox 515 3269 3772 3343">
    <p class='ocr_par' dir='ltr' id='par_1_34' title="bbox 515 3269 3772 3343">
     <span class='ocr_line' id='line_1_34' title="bbox 515 3269 3772 3343; baseline 0.002 -17"><span class='ocrx_word' id='word_1_490' title='bbox 515 3269 782 3326; x_wconf 90' lang='lat' dir='ltr'><strong>creditum</strong></span> <span class='ocrx_word' id='word_1_491' title='bbox 814 3286 846 3326; x_wconf 84' lang='lat' dir='ltr'><strong>a</strong></span> <span class='ocrx_word' id='word_1_492' title='bbox 883 3270 1232 3338; x_wconf 88' lang='lat' dir='ltr'><strong>Christianis,</strong></span> <span class='ocrx_word' id='word_1_493' title='bbox 1267 3269 1430 3326; x_wconf 91' lang='lat' dir='ltr'><strong>sicuti</strong></span> <span class='ocrx_word' id='word_1_494' title='bbox 1474 3271 1616 3342; x_wconf 88' lang='lat' dir='ltr'><strong>apud</strong></span> <span class='ocrx_word' id='word_1_495' title='bbox 1645 3270 1882 3327; x_wconf 75' lang='lat' dir='ltr'><strong>Nicaeam</strong></span> <span class='ocrx_word' id='word_1_496' title='bbox 1929 3281 2122 3329; x_wconf 89' lang='lat' dir='ltr'><strong>contra</strong></span> <span class='ocrx_word' id='word_1_497' title='bbox 2227 3275 2339 3330; x_wconf 86' lang='lat' dir='ltr'><strong>dest</strong></span> <span class='ocrx_word' id='word_1_498' title='bbox 2360 3274 2578 3342; x_wconf 79' lang='lat' dir='ltr'><strong>homini,</strong></span> <span class='ocrx_word' id='word_1_499' title='bbox 2606 3277 2841 3330; x_wconf 83' lang='lat' dir='ltr'><strong>si&#39;totttm</strong></span> <span class='ocrx_word' id='word_1_500' title='bbox 2871 3285 2910 3313; x_wconf 82' lang='grc' dir='ltr'>ω</span> <span class='ocrx_word' id='word_1_501' title='bbox 2933 3277 3183 3332; x_wconf 87' lang='lat' dir='ltr'><strong>mundum</strong></span> <span class='ocrx_word' id='word_1_502' title='bbox 3213 3279 3472 3343; x_wconf 83' lang='lat' dir='ltr'><strong>lucretur.</strong></span> <span class='ocrx_word' id='word_1_503' title='bbox 3497 3280 3665 3334; x_wconf 70' lang='lat' dir='ltr'><strong>anime</strong></span> <span class='ocrx_word' id='word_1_504' title='bbox 3684 3291 3772 3332; x_wconf 73' lang='lat' dir='ltr'><strong>vero</strong></span> 
     </span>
    </p>
   </div>
   <div class='ocr_carea' id='block_1_35' title="bbox 518 3361 3774 3443">
    <p class='ocr_par' dir='ltr' id='par_1_35' title="bbox 518 3361 3774 3443">
     <span class='ocr_line' id='line_1_35' title="bbox 518 3361 3774 3443; baseline 0.002 -25"><span class='ocrx_word' id='word_1_505' title='bbox 518 3362 775 3420; x_wconf 72' lang='lat' dir='ltr'><strong>haeresim</strong></span> <span class='ocrx_word' id='word_1_506' title='bbox 817 3375 964 3420; x_wconf 90' lang='lat' dir='ltr'><strong>tuam</strong></span> <span class='ocrx_word' id='word_1_507' title='bbox 993 3364 1250 3420; x_wconf 80' lang='lat' dir='ltr'><strong>Arianam</strong></span> <span class='ocrx_word' id='word_1_508' title='bbox 1283 3377 1338 3421; x_wconf 90' lang='lat' dir='ltr'><strong>et</strong></span> <span class='ocrx_word' id='word_1_509' title='bbox 1358 3361 1386 3400; x_wconf 62' lang='grc' dir='ltr'><strong>ιι</strong></span> <span class='ocrx_word' id='word_1_510' title='bbox 1412 3379 1606 3421; x_wconf 90' lang='lat' dir='ltr'><strong>omnes</strong></span> <span class='ocrx_word' id='word_1_511' title='bbox 1651 3380 1871 3422; x_wconf 90' lang='lat' dir='ltr'><strong>errores</strong></span> <span class='ocrx_word' id='word_1_512' title='bbox 1903 3365 2120 3422; x_wconf 92' lang='lat' dir='ltr'><strong>videtur</strong></span> <span class='ocrx_word' id='word_1_513' title='bbox 2226 3385 2334 3424; x_wconf 72' lang='lat' dir='ltr'><strong>sua</strong></span> <span class='ocrx_word' id='word_1_514' title='bbox 2359 3369 2720 3424; x_wconf 84' lang='lat' dir='ltr'><strong>detrimentum</strong></span> <span class='ocrx_word' id='word_1_515' title='bbox 2747 3370 2973 3443; x_wconf 85' lang='lat' dir='ltr'><strong>patiatur</strong></span> <span class='ocrx_word' id='word_1_516' title='bbox 2994 3372 3020 3425; x_wconf 85' lang='lat'><strong><em>?</em></strong></span> <span class='ocrx_word' id='word_1_517' title='bbox 3044 3382 3134 3425; x_wconf 86' lang='lat' dir='ltr'><strong>aut</strong></span> <span class='ocrx_word' id='word_1_518' title='bbox 3157 3388 3322 3442; x_wconf 84' lang='lat' dir='ltr'><strong>quam</strong></span> <span class='ocrx_word' id='word_1_519' title='bbox 3351 3372 3492 3428; x_wconf 86' lang='lat' dir='ltr'><strong>dabit</strong></span> <span class='ocrx_word' id='word_1_520' title='bbox 3515 3372 3650 3426; x_wconf 79' lang='lat' dir='ltr'><strong>homo</strong></span> <span class='ocrx_word' id='word_1_521' title='bbox 3667 3386 3774 3426; x_wconf 80' lang='lat' dir='ltr'><strong>cost-</strong></span> 
     </span>
    </p>
   </div>
   <div class='ocr_carea' id='block_1_36' title="bbox 516 3457 3775 3538">
    <p class='ocr_par' dir='ltr' id='par_1_36' title="bbox 516 3457 3775 3538">
     <span class='ocr_line' id='line_1_36' title="bbox 516 3457 3775 3538; baseline 0.001 -24"><span class='ocrx_word' id='word_1_522' title='bbox 516 3472 644 3514; x_wconf 87' lang='lat' dir='ltr'><strong>esse</strong></span> <span class='ocrx_word' id='word_1_523' title='bbox 682 3473 839 3515; x_wconf 86' lang='lat' dir='ltr'><strong>sacra</strong></span> <span class='ocrx_word' id='word_1_524' title='bbox 886 3459 1024 3516; x_wconf 85' lang='lat' dir='ltr'><strong>lldes</strong></span> <span class='ocrx_word' id='word_1_525' title='bbox 1054 3461 1388 3532; x_wconf 90' lang='lat' dir='ltr'><strong>conscripta,</strong></span> <span class='ocrx_word' id='word_1_526' title='bbox 1431 3461 1476 3515; x_wconf 91' lang='lat' dir='ltr'><strong>si</strong></span> <span class='ocrx_word' id='word_1_527' title='bbox 1522 3457 1739 3516; x_wconf 91' lang='lat' dir='ltr'><strong>tandem</strong></span> <span class='ocrx_word' id='word_1_528' title='bbox 1788 3461 1982 3517; x_wconf 93' lang='lat' dir='ltr'><strong>oculos</strong></span> <span class='ocrx_word' id='word_1_529' title='bbox 2008 3477 2125 3518; x_wconf 83' lang='lat' dir='ltr'><strong>ser-</strong></span> <span class='ocrx_word' id='word_1_530' title='bbox 2228 3462 2562 3517; x_wconf 86' lang='lat' dir='ltr'><strong>mutationem</strong></span> <span class='ocrx_word' id='word_1_531' title='bbox 2591 3462 2778 3517; x_wconf 74' lang='lat' dir='ltr'><strong>animo:</strong></span> <span class='ocrx_word' id='word_1_532' title='bbox 2826 3479 2935 3519; x_wconf 71' lang='lat' dir='ltr'><strong>sua</strong></span> <span class='ocrx_word' id='word_1_533' title='bbox 2981 3462 3197 3536; x_wconf 75' lang='lat' dir='ltr'><strong>(Matth.</strong></span> <span class='ocrx_word' id='word_1_534' title='bbox 3230 3481 3348 3532; x_wconf 77' lang='lat' dir='ltr'><strong>xvi,</strong></span> <span class='ocrx_word' id='word_1_535' title='bbox 3393 3464 3527 3538; x_wconf 59' lang='grc' dir='ltr'><strong>ειη</strong></span> <span class='ocrx_word' id='word_1_536' title='bbox 3580 3461 3775 3536; x_wconf 70' lang='lat' dir='ltr'><strong>Martyrii</strong></span> 
     </span>
    </p>
   </div>
   <div class='ocr_carea' id='block_1_37' title="bbox 521 3553 3776 3628">
    <p class='ocr_par' dir='ltr' id='par_1_37' title="bbox 521 3553 3776 3628">
     <span class='ocr_line' id='line_1_37' title="bbox 521 3553 3776 3628; baseline -0 -18"><span class='ocrx_word' id='word_1_537' title='bbox 521 3554 704 3626; x_wconf 89' lang='lat' dir='ltr'><strong>pentis</strong></span> <span class='ocrx_word' id='word_1_538' title='bbox 734 3555 1012 3612; x_wconf 88' lang='lat' dir='ltr'><strong>morsibus</strong></span> <span class='ocrx_word' id='word_1_539' title='bbox 1042 3556 1330 3614; x_wconf 88' lang='lat' dir='ltr'><strong>confossos</strong></span> <span class='ocrx_word' id='word_1_540' title='bbox 1374 3557 1557 3613; x_wconf 87' lang='lat' dir='ltr'><strong>cordis</strong></span> <span class='ocrx_word' id='word_1_541' title='bbox 1581 3558 1658 3612; x_wconf 92' lang='lat' dir='ltr'><strong>tui</strong></span> <span class='ocrx_word' id='word_1_542' title='bbox 1701 3558 1936 3628; x_wconf 87' lang='lat' dir='ltr'><strong>aperias,</strong></span> <span class='ocrx_word' id='word_1_543' title='bbox 1967 3559 2122 3613; x_wconf 82' lang='lat' dir='ltr'><strong>inve-</strong></span> <span class='ocrx_word' id='word_1_544' title='bbox 2227 3554 2370 3624; x_wconf 90' lang='lat' dir='ltr'><strong>cogit</strong></span> <span class='ocrx_word' id='word_1_545' title='bbox 2399 3553 2632 3625; x_wconf 89' lang='lat' dir='ltr'><strong>dignitas</strong></span> <span class='ocrx_word' id='word_1_546' title='bbox 2684 3564 2742 3610; x_wconf 92' lang='lat' dir='ltr'><strong>ut</strong></span> <span class='ocrx_word' id='word_1_547' title='bbox 2781 3555 2944 3610; x_wconf 88' lang='lat' dir='ltr'><strong>vitam</strong></span> <span class='ocrx_word' id='word_1_548' title='bbox 2988 3553 3284 3612; x_wconf 88' lang='lat' dir='ltr'><strong>Christiani</strong></span> <span class='ocrx_word' id='word_1_549' title='bbox 3339 3567 3512 3615; x_wconf 91' lang='lat' dir='ltr'><strong>morte</strong></span> <span class='ocrx_word' id='word_1_550' title='bbox 3536 3567 3560 3594; x_wconf 74' lang='grc' dir='ltr'><strong>ιι</strong></span> <span class='ocrx_word' id='word_1_551' title='bbox 3586 3566 3776 3614; x_wconf 84' lang='lat' dir='ltr'><strong>contem-</strong></span> 
     </span>
    </p>
   </div>
   <div class='ocr_carea' id='block_1_38' title="bbox 519 3647 3777 3723">
    <p class='ocr_par' dir='ltr' id='par_1_38' title="bbox 519 3647 3777 3723">
     <span class='ocr_line' id='line_1_38' title="bbox 519 3647 3777 3723; baseline 0 -20"><span class='ocrx_word' id='word_1_552' title='bbox 519 3647 660 3716; x_wconf 90' lang='lat' dir='ltr'><strong>nies,</strong></span> <span class='ocrx_word' id='word_1_553' title='bbox 693 3650 839 3720; x_wconf 90' lang='lat' dir='ltr'><strong>quod</strong></span> <span class='ocrx_word' id='word_1_554' title='bbox 872 3650 1014 3706; x_wconf 88' lang='lat' dir='ltr'><strong>hanc</strong></span> <span class='ocrx_word' id='word_1_555' title='bbox 1037 3649 1220 3717; x_wconf 88' lang='lat' dir='ltr'><strong>habet,</strong></span> <span class='ocrx_word' id='word_1_556' title='bbox 1246 3650 1383 3706; x_wconf 88' lang='lat' dir='ltr'><strong>hanc</strong></span> <span class='ocrx_word' id='word_1_557' title='bbox 1410 3649 1653 3706; x_wconf 85' lang='lat' dir='ltr'><strong>defendit</strong></span> <span class='ocrx_word' id='word_1_558' title='bbox 1680 3651 1910 3707; x_wconf 90' lang='lat' dir='ltr'><strong>ecclesia</strong></span> <span class='ocrx_word' id='word_1_559' title='bbox 1930 3650 2119 3720; x_wconf 83' lang='lat' dir='ltr'><strong>fidem,</strong></span> <span class='ocrx_word' id='word_1_560' title='bbox 2230 3662 2453 3715; x_wconf 87' lang='lat' dir='ltr'><strong>namus,</strong></span> <span class='ocrx_word' id='word_1_561' title='bbox 2511 3647 2782 3719; x_wconf 91' lang='lat' dir='ltr'><strong>siquidem</strong></span> <span class='ocrx_word' id='word_1_562' title='bbox 2815 3664 3010 3703; x_wconf 91' lang='lat' dir='ltr'><strong>novum</strong></span> <span class='ocrx_word' id='word_1_563' title='bbox 3059 3650 3251 3706; x_wconf 91' lang='lat' dir='ltr'><strong>salutis</strong></span> <span class='ocrx_word' id='word_1_564' title='bbox 3280 3667 3454 3723; x_wconf 81' lang='lat' dir='ltr'><strong>genus</strong></span> <span class='ocrx_word' id='word_1_565' title='bbox 3501 3665 3590 3723; x_wconf 89' lang='lat' dir='ltr'><strong>per</strong></span> <span class='ocrx_word' id='word_1_566' title='bbox 3612 3649 3695 3706; x_wconf 87' lang='lat' dir='ltr'><strong>Dei</strong></span> <span class='ocrx_word' id='word_1_567' title='bbox 3714 3647 3777 3704; x_wconf 77' lang='lat' dir='ltr'><strong>Fi-</strong></span> 
     </span>
    </p>
   </div>
   <div class='ocr_carea' id='block_1_39' title="bbox 519 3739 3776 3815">
    <p class='ocr_par' dir='ltr' id='par_1_39' title="bbox 519 3739 3776 3815">
     <span class='ocr_line' id='line_1_39' title="bbox 519 3739 3776 3815; baseline 0.001 -21"><span class='ocrx_word' id='word_1_568' title='bbox 519 3755 683 3811; x_wconf 91' lang='lat' dir='ltr'><strong>quam</strong></span> <span class='ocrx_word' id='word_1_569' title='bbox 706 3739 813 3796; x_wconf 90' lang='lat' dir='ltr'><strong>sibi</strong></span> <span class='ocrx_word' id='word_1_570' title='bbox 839 3741 1093 3797; x_wconf 89' lang='lat' dir='ltr'><strong>traditam</strong></span> <span class='ocrx_word' id='word_1_571' title='bbox 1139 3744 1425 3815; x_wconf 88' lang='lat' dir='ltr'><strong>cognoscit</strong></span> <span class='ocrx_word' id='word_1_572' title='bbox 1466 3760 1562 3815; x_wconf 88' lang='lat' dir='ltr'><strong>per</strong></span> <span class='ocrx_word' id='word_1_573' title='bbox 1590 3745 1779 3800; x_wconf 91' lang='lat' dir='ltr'><strong>beatos</strong></span> <span class='ocrx_word' id='word_1_574' title='bbox 1822 3746 2122 3815; x_wconf 88' lang='lat' dir='ltr'><strong>apostolos.</strong></span> <span class='ocrx_word' id='word_1_575' title='bbox 2227 3741 2361 3798; x_wconf 91' lang='lat' dir='ltr'><strong>lium</strong></span> <span class='ocrx_word' id='word_1_576' title='bbox 2399 3740 2562 3796; x_wconf 87' lang='lat' dir='ltr'><strong>fuerit</strong></span> <span class='ocrx_word' id='word_1_577' title='bbox 2613 3740 2895 3810; x_wconf 90' lang='lat' dir='ltr'><strong>tributum;</strong></span> <span class='ocrx_word' id='word_1_578' title='bbox 2930 3741 3142 3798; x_wconf 85' lang='lat' dir='ltr'><strong>interire</strong></span> <span class='ocrx_word' id='word_1_579' title='bbox 3169 3747 3194 3772; x_wconf 87' lang='grc'>⁰</span> <span class='ocrx_word' id='word_1_580' title='bbox 3224 3761 3290 3800; x_wconf 84' lang='lat' dir='ltr'><strong>ne</strong></span> <span class='ocrx_word' id='word_1_581' title='bbox 3320 3760 3544 3815; x_wconf 83' lang='lat' dir='ltr'><strong>peream.</strong></span> <span class='ocrx_word' id='word_1_582' title='bbox 3570 3741 3776 3798; x_wconf 77' lang='lat' dir='ltr'><strong>Nurimus</strong></span> 
     </span>
    </p>
   </div>
   <div class='ocr_carea' id='block_1_40' title="bbox 515 3829 3780 3909">
    <p class='ocr_par' dir='ltr' id='par_1_40' title="bbox 515 3829 3780 3909">
     <span class='ocr_line' id='line_1_40' title="bbox 515 3829 3780 3909; baseline -0.002 -17"><span class='ocrx_word' id='word_1_583' title='bbox 515 3829 719 3888; x_wconf 85' lang='lat' dir='ltr'><strong>Omnes</strong></span> <span class='ocrx_word' id='word_1_584' title='bbox 751 3843 1032 3890; x_wconf 85' lang='lat' dir='ltr'><strong>momento</strong></span> <span class='ocrx_word' id='word_1_585' title='bbox 1073 3851 1368 3907; x_wconf 89' lang='lat' dir='ltr'><strong>peragrare</strong></span> <span class='ocrx_word' id='word_1_586' title='bbox 1404 3837 1451 3892; x_wconf 91' lang='lat' dir='ltr'><strong>si</strong></span> <span class='ocrx_word' id='word_1_587' title='bbox 1505 3852 1694 3908; x_wconf 89' lang='lat' dir='ltr'><strong>posses</strong></span> <span class='ocrx_word' id='word_1_588' title='bbox 1724 3848 1939 3909; x_wconf 86' lang='lat' dir='ltr'><strong>gentes,</strong></span> <span class='ocrx_word' id='word_1_589' title='bbox 1968 3840 2122 3896; x_wconf 77' lang='lat' dir='ltr'><strong>inve-</strong></span> <span class='ocrx_word' id='word_1_590' title='bbox 2228 3833 2369 3890; x_wconf 90' lang='lat' dir='ltr'><strong>hanc</strong></span> <span class='ocrx_word' id='word_1_591' title='bbox 2397 3849 2520 3890; x_wconf 91' lang='lat' dir='ltr'><strong>esse</strong></span> <span class='ocrx_word' id='word_1_592' title='bbox 2564 3833 2721 3890; x_wconf 90' lang='lat' dir='ltr'><strong>nobis</strong></span> <span class='ocrx_word' id='word_1_593' title='bbox 2748 3835 3000 3890; x_wconf 92' lang='lat' dir='ltr'><strong>traditam</strong></span> <span class='ocrx_word' id='word_1_594' title='bbox 3049 3836 3316 3893; x_wconf 89' lang='lat' dir='ltr'><strong>divinitus</strong></span> <span class='ocrx_word' id='word_1_595' title='bbox 3371 3836 3780 3907; x_wconf 80' lang='lat' dir='ltr'><strong>disciplinam,ut</strong></span> 
     </span>
    </p>
   </div>
   <div class='ocr_carea' id='block_1_41' title="bbox 520 3925 3776 4002">
    <p class='ocr_par' dir='ltr' id='par_1_41' title="bbox 520 3925 3776 4002">
     <span class='ocr_line' id='line_1_41' title="bbox 520 3925 3776 4002; baseline 0.001 -21"><span class='ocrx_word' id='word_1_596' title='bbox 520 3925 721 3992; x_wconf 83' lang='lat' dir='ltr'><strong>nisses,</strong></span> <span class='ocrx_word' id='word_1_597' title='bbox 751 3927 1101 3985; x_wconf 89' lang='lat' dir='ltr'><strong>stolidissime</strong></span> <span class='ocrx_word' id='word_1_598' title='bbox 1157 3931 1477 4002; x_wconf 71' lang='lat' dir='ltr'><strong>imperator,</strong></span> <span class='ocrx_word' id='word_1_599' title='bbox 1532 3931 1732 4002; x_wconf 90' lang='lat' dir='ltr'><strong>ubique</strong></span> <span class='ocrx_word' id='word_1_600' title='bbox 1782 3930 2124 3988; x_wconf 89' lang='lat' dir='ltr'><strong>Christianos</strong></span> <span class='ocrx_word' id='word_1_601' title='bbox 2227 3930 2348 3986; x_wconf 88' lang='lat' dir='ltr'><strong>sine</strong></span> <span class='ocrx_word' id='word_1_602' title='bbox 2381 3929 2491 3985; x_wconf 91' lang='lat' dir='ltr'><strong>ullo</strong></span> <span class='ocrx_word' id='word_1_603' title='bbox 2514 3937 2726 3985; x_wconf 86' lang='lat' dir='ltr'><strong>terrore</strong></span> <span class='ocrx_word' id='word_1_604' title='bbox 2747 3929 2954 3985; x_wconf 64' lang='lat' dir='ltr'><strong>militiai</strong></span> <span class='ocrx_word' id='word_1_605' title='bbox 2983 3930 3086 3985; x_wconf 87' lang='lat' dir='ltr'><strong>vim</strong></span> <span class='ocrx_word' id='word_1_606' title='bbox 3121 3941 3377 3988; x_wconf 90' lang='lat' dir='ltr'><strong>tueamur</strong></span> <span class='ocrx_word' id='word_1_607' title='bbox 3406 3933 3538 3987; x_wconf 87' lang='lat' dir='ltr'><strong>tanti</strong></span> <span class='ocrx_word' id='word_1_608' title='bbox 3567 3929 3776 3992; x_wconf 82' lang='lat' dir='ltr'><strong>nominis,</strong></span> 
     </span>
    </p>
   </div>
   <div class='ocr_carea' id='block_1_42' title="bbox 519 4019 3780 4096">
    <p class='ocr_par' dir='ltr' id='par_1_42' title="bbox 519 4019 3780 4096">
     <span class='ocr_line' id='line_1_42' title="bbox 519 4019 3780 4096; baseline -0.001 -18"><span class='ocrx_word' id='word_1_609' title='bbox 519 4020 683 4078; x_wconf 89' lang='lat' dir='ltr'><strong>sicuti</strong></span> <span class='ocrx_word' id='word_1_610' title='bbox 711 4038 810 4079; x_wconf 91' lang='lat' dir='ltr'><strong>nos</strong></span> <span class='ocrx_word' id='word_1_611' title='bbox 853 4023 1104 4090; x_wconf 91' lang='lat' dir='ltr'><strong>credere,</strong></span> <span class='ocrx_word' id='word_1_612' title='bbox 1157 4024 1211 4079; x_wconf 94' lang='lat' dir='ltr'><strong>in</strong></span> <span class='ocrx_word' id='word_1_613' title='bbox 1255 4023 1356 4079; x_wconf 88' lang='lat' dir='ltr'><strong>hac</strong></span> <span class='ocrx_word' id='word_1_614' title='bbox 1401 4023 1725 4080; x_wconf 91' lang='lat' dir='ltr'><strong>defensione</strong></span> <span class='ocrx_word' id='word_1_615' title='bbox 1777 4035 1966 4080; x_wconf 91' lang='lat' dir='ltr'><strong>nostra</strong></span> <span class='ocrx_word' id='word_1_616' title='bbox 1998 4040 2123 4096; x_wconf 86' lang='lat' dir='ltr'><strong>per-</strong></span> <span class='ocrx_word' id='word_1_617' title='bbox 2226 4023 2428 4095; x_wconf 92' lang='lat' dir='ltr'><strong>quippe</strong></span> <span class='ocrx_word' id='word_1_618' title='bbox 2455 4037 2592 4094; x_wconf 89' lang='lat' dir='ltr'><strong>quos</strong></span> <span class='ocrx_word' id='word_1_619' title='bbox 2614 4021 2725 4092; x_wconf 87' lang='lat' dir='ltr'><strong>jam</strong></span> <span class='ocrx_word' id='word_1_620' title='bbox 2757 4020 2966 4093; x_wconf 90' lang='lat' dir='ltr'><strong>pridem</strong></span> <span class='ocrx_word' id='word_1_621' title='bbox 2995 4031 3213 4079; x_wconf 67' lang='lat' dir='ltr'><strong>acterna:</strong></span> <span class='ocrx_word' id='word_1_622' title='bbox 3242 4025 3526 4082; x_wconf 77' lang='lat' dir='ltr'><strong>memoria:</strong></span> <span class='ocrx_word' id='word_1_623' title='bbox 3561 4019 3780 4094; x_wconf 81' lang='lat' dir='ltr'><strong>cupiditas</strong></span> 
     </span>
    </p>
   </div>
   <div class='ocr_carea' id='block_1_43' title="bbox 519 4115 3782 4196">
    <p class='ocr_par' dir='ltr' id='par_1_43' title="bbox 519 4115 3782 4196">
     <span class='ocr_line' id='line_1_43' title="bbox 519 4115 3782 4196; baseline -0.001 -24"><span class='ocrx_word' id='word_1_624' title='bbox 519 4125 730 4196; x_wconf 76' lang='lat' dir='ltr'><strong>stantes</strong></span> <span class='ocrx_word' id='word_1_625' title='bbox 753 4133 850 4188; x_wconf 91' lang='lat' dir='ltr'><strong>pro</strong></span> <span class='ocrx_word' id='word_1_626' title='bbox 878 4118 971 4174; x_wconf 88' lang='lat' dir='ltr'><strong>Dei</strong></span> <span class='ocrx_word' id='word_1_627' title='bbox 1003 4115 1143 4172; x_wconf 84' lang='lat' dir='ltr'><strong>Filio</strong></span> <span class='ocrx_word' id='word_1_628' title='bbox 1164 4127 1223 4173; x_wconf 93' lang='lat' dir='ltr'><strong>ut</strong></span> <span class='ocrx_word' id='word_1_629' title='bbox 1251 4132 1350 4173; x_wconf 91' lang='lat' dir='ltr'><strong>nos</strong></span> <span class='ocrx_word' id='word_1_630' title='bbox 1381 4118 1518 4174; x_wconf 90' lang='lat' dir='ltr'><strong>mori</strong></span> <span class='ocrx_word' id='word_1_631' title='bbox 1541 4132 1764 4186; x_wconf 90' lang='lat' dir='ltr'><strong>cupere.</strong></span> <span class='ocrx_word' id='word_1_632' title='bbox 1799 4117 1872 4172; x_wconf 83' lang='lat' dir='ltr'><strong>At</strong></span> <span class='ocrx_word' id='word_1_633' title='bbox 1905 4127 1994 4173; x_wconf 90' lang='lat' dir='ltr'><strong>tua</strong></span> <span class='ocrx_word' id='word_1_634' title='bbox 2026 4134 2124 4172; x_wconf 88' lang='lat' dir='ltr'><strong>no-</strong></span> <span class='ocrx_word' id='word_1_635' title='bbox 2228 4116 2565 4172; x_wconf 79' lang='lat' dir='ltr'><strong>abstraxerit</strong></span> <span class='ocrx_word' id='word_1_636' title='bbox 2593 4130 2624 4170; x_wconf 89' lang='lat' dir='ltr'><strong>a</strong></span> <span class='ocrx_word' id='word_1_637' title='bbox 2651 4115 2931 4172; x_wconf 87' lang='lat' dir='ltr'><strong>desiderio</strong></span> <span class='ocrx_word' id='word_1_638' title='bbox 2951 4115 3108 4172; x_wconf 85' lang='lat' dir='ltr'><strong>iSIius</strong></span> <span class='ocrx_word' id='word_1_639' title='bbox 3161 4117 3334 4186; x_wconf 90' lang='lat' dir='ltr'><strong>lucis,</strong></span> <span class='ocrx_word' id='word_1_640' title='bbox 3369 4133 3604 4190; x_wconf 88' lang='lat' dir='ltr'><strong>quosque</strong></span> <span class='ocrx_word' id='word_1_641' title='bbox 3620 4116 3677 4171; x_wconf 87' lang='lat' dir='ltr'><strong>sd</strong></span> <span class='ocrx_word' id='word_1_642' title='bbox 3700 4115 3782 4169; x_wconf 86' lang='lat' dir='ltr'><strong>cal-</strong></span> 
     </span>
    </p>
   </div>
   <div class='ocr_carea' id='block_1_44' title="bbox 518 4209 3781 4285">
    <p class='ocr_par' dir='ltr' id='par_1_44' title="bbox 518 4209 3781 4285">
     <span class='ocr_line' id='line_1_44' title="bbox 518 4209 3781 4285; baseline -0.001 -21"><span class='ocrx_word' id='word_1_643' title='bbox 518 4209 659 4265; x_wconf 89' lang='lat' dir='ltr'><strong>vella</strong></span> <span class='ocrx_word' id='word_1_644' title='bbox 686 4211 997 4281; x_wconf 75' lang='lat' dir='ltr'><strong>praedicatio</strong></span> <span class='ocrx_word' id='word_1_645' title='bbox 1023 4219 1078 4266; x_wconf 93' lang='lat' dir='ltr'><strong>et</strong></span> <span class='ocrx_word' id='word_1_646' title='bbox 1100 4225 1294 4268; x_wconf 89' lang='lat' dir='ltr'><strong>recens</strong></span> <span class='ocrx_word' id='word_1_647' title='bbox 1339 4210 1552 4283; x_wconf 85' lang='lat' dir='ltr'><strong>religio,</strong></span> <span class='ocrx_word' id='word_1_648' title='bbox 1612 4209 1715 4266; x_wconf 90' lang='lat' dir='ltr'><strong>sub</strong></span> <span class='ocrx_word' id='word_1_649' title='bbox 1762 4219 2030 4282; x_wconf 84' lang='lat' dir='ltr'><strong>praetextu</strong></span> <span class='ocrx_word' id='word_1_650' title='bbox 2064 4210 2126 4265; x_wconf 86' lang='lat' dir='ltr'><strong>fi-</strong></span> <span class='ocrx_word' id='word_1_651' title='bbox 2235 4210 2407 4266; x_wconf 89' lang='lat' dir='ltr'><strong>canda</strong></span> <span class='ocrx_word' id='word_1_652' title='bbox 2451 4209 2635 4266; x_wconf 92' lang='lat' dir='ltr'><strong>omnia</strong></span> <span class='ocrx_word' id='word_1_653' title='bbox 2698 4220 2914 4268; x_wconf 88' lang='lat' dir='ltr'><strong>terrena</strong></span> <span class='ocrx_word' id='word_1_654' title='bbox 2965 4210 3168 4268; x_wconf 89' lang='lat' dir='ltr'><strong>Christi</strong></span> <span class='ocrx_word' id='word_1_655' title='bbox 3216 4215 3462 4270; x_wconf 85' lang='lat' dir='ltr'><strong>societas</strong></span> <span class='ocrx_word' id='word_1_656' title='bbox 3514 4209 3781 4285; x_wconf 83' lang='lat' dir='ltr'><strong>segregarit.</strong></span> 
     </span>
    </p>
   </div>
   <div class='ocr_carea' id='block_1_45' title="bbox 517 4302 3783 4381">
    <p class='ocr_par' dir='ltr' id='par_1_45' title="bbox 517 4302 3783 4381">
     <span class='ocr_line' id='line_1_45' title="bbox 517 4302 3783 4381; baseline -0.001 -21"><span class='ocrx_word' id='word_1_657' title='bbox 517 4302 604 4360; x_wconf 88' lang='lat' dir='ltr'><strong>dei</strong></span> <span class='ocrx_word' id='word_1_658' title='bbox 636 4305 973 4378; x_wconf 89' lang='lat' dir='ltr'><strong>blasphemia</strong></span> <span class='ocrx_word' id='word_1_659' title='bbox 1008 4306 1022 4343; x_wconf 78' lang='grc' dir='ltr'><strong>ί</strong></span> <span class='ocrx_word' id='word_1_660' title='bbox 1051 4306 1104 4362; x_wconf 90' lang='lat' dir='ltr'><strong>in</strong></span> <span class='ocrx_word' id='word_1_661' title='bbox 1129 4305 1426 4376; x_wconf 92' lang='lat' dir='ltr'><strong>perniciem</strong></span> <span class='ocrx_word' id='word_1_662' title='bbox 1447 4307 1636 4362; x_wconf 88' lang='lat' dir='ltr'><strong>salutis</strong></span> <span class='ocrx_word' id='word_1_663' title='bbox 1659 4315 1764 4360; x_wconf 61' lang='lat' dir='ltr'><strong>tute</strong></span> <span class='ocrx_word' id='word_1_664' title='bbox 1796 4315 1970 4375; x_wconf 89' lang='lat' dir='ltr'><strong>perte</strong></span> <span class='ocrx_word' id='word_1_665' title='bbox 1997 4317 2126 4377; x_wconf 86' lang='lat' dir='ltr'><strong>pro-</strong></span> <span class='ocrx_word' id='word_1_666' title='bbox 2236 4305 2442 4362; x_wconf 91' lang='lat' dir='ltr'><strong>Crescit</strong></span> <span class='ocrx_word' id='word_1_667' title='bbox 2462 4306 2512 4374; x_wconf 76' lang='grc' dir='ltr'>Ρ,</span> <span class='ocrx_word' id='word_1_668' title='bbox 2565 4306 2874 4373; x_wconf 88' lang='lat' dir='ltr'><strong>Constanti,</strong></span> <span class='ocrx_word' id='word_1_669' title='bbox 2928 4308 3272 4364; x_wconf 88' lang='lat' dir='ltr'><strong>crudelitatis</strong></span> <span class='ocrx_word' id='word_1_670' title='bbox 3327 4320 3436 4366; x_wconf 70' lang='lat' dir='ltr'><strong>tua:</strong></span> <span class='ocrx_word' id='word_1_671' title='bbox 3483 4323 3646 4381; x_wconf 76' lang='lat' dir='ltr'><strong>pugna</strong></span> <span class='ocrx_word' id='word_1_672' title='bbox 3679 4303 3783 4360; x_wconf 87' lang='lat' dir='ltr'><strong>:scd</strong></span> 
     </span>
    </p>
   </div>
   <div class='ocr_carea' id='block_1_46' title="bbox 520 4396 3786 4476">
    <p class='ocr_par' dir='ltr' id='par_1_46' title="bbox 520 4396 3786 4476">
     <span class='ocr_line' id='line_1_46' title="bbox 520 4396 3786 4476; baseline 0.001 -25"><span class='ocrx_word' id='word_1_673' title='bbox 520 4396 652 4465; x_wconf 88' lang='lat' dir='ltr'><strong>lata,</strong></span> <span class='ocrx_word' id='word_1_674' title='bbox 687 4416 794 4455; x_wconf 92' lang='lat' dir='ltr'><strong>non</strong></span> <span class='ocrx_word' id='word_1_675' title='bbox 822 4400 1001 4456; x_wconf 92' lang='lat' dir='ltr'><strong>solum</strong></span> <span class='ocrx_word' id='word_1_676' title='bbox 1025 4400 1200 4456; x_wconf 90' lang='lat' dir='ltr'><strong>adhuc</strong></span> <span class='ocrx_word' id='word_1_677' title='bbox 1229 4399 1452 4456; x_wconf 91' lang='lat' dir='ltr'><strong>limitem</strong></span> <span class='ocrx_word' id='word_1_678' title='bbox 1479 4399 1785 4456; x_wconf 85' lang='lat' dir='ltr'><strong>Romanum</strong></span> <span class='ocrx_word' id='word_1_679' title='bbox 1834 4414 2128 4472; x_wconf 88' lang='lat' dir='ltr'><strong>peragrare</strong></span> <span class='ocrx_word' id='word_1_680' title='bbox 2237 4416 2484 4458; x_wconf 90' lang='lat' dir='ltr'><strong>crescere</strong></span> <span class='ocrx_word' id='word_1_681' title='bbox 2515 4400 2740 4458; x_wconf 85' lang='lat' dir='ltr'><strong>adverte</strong></span> <span class='ocrx_word' id='word_1_682' title='bbox 2783 4411 2837 4457; x_wconf 82' lang='lat' dir='ltr'><strong>et</strong></span> <span class='ocrx_word' id='word_1_683' title='bbox 2865 4401 3067 4458; x_wconf 86' lang='lat' dir='ltr'><strong>Christi</strong></span> <span class='ocrx_word' id='word_1_684' title='bbox 3105 4403 3371 4460; x_wconf 90' lang='lat' dir='ltr'><strong>militibus</strong></span> <span class='ocrx_word' id='word_1_685' title='bbox 3423 4404 3664 4476; x_wconf 88' lang='lat' dir='ltr'><strong>gloriam,</strong></span> <span class='ocrx_word' id='word_1_686' title='bbox 3711 4412 3786 4455; x_wconf 84' lang='lat' dir='ltr'><strong>nec</strong></span> 
     </span>
    </p>
   </div>
   <div class='ocr_carea' id='block_1_47' title="bbox 525 4514 3786 4590">
    <p class='ocr_par' dir='ltr' id='par_1_47' title="bbox 525 4514 3786 4590">
     <span class='ocr_line' id='line_1_47' title="bbox 525 4514 3786 4590; baseline -0.001 -20"><span class='ocrx_word' id='word_1_687' title='bbox 525 4515 745 4590; x_wconf 83' lang='lat' dir='ltr'><strong>solitum</strong></span> <span class='ocrx_word' id='word_1_688' title='bbox 772 4517 1009 4588; x_wconf 91' lang='lat' dir='ltr'><strong>antiquis</strong></span> <span class='ocrx_word' id='word_1_689' title='bbox 1032 4517 1220 4574; x_wconf 89' lang='lat' dir='ltr'><strong>fuisse.</strong></span> <span class='ocrx_word' id='word_1_690' title='bbox 1287 4589 1297 4590; x_wconf 16' lang='grc' dir='ltr'>ί</span> <span class='ocrx_word' id='word_1_691' title='bbox 1449 4589 1455 4590; x_wconf 14' lang='grc' dir='ltr'><em>γ</em></span> <span class='ocrx_word' id='word_1_692' title='bbox 1907 4587 1917 4590; x_wconf 82' lang='lat'><em>_</em></span> <span class='ocrx_word' id='word_1_693' title='bbox 2147 4517 2301 4590; x_wconf 84' lang='lat' dir='ltr'><strong>Dait</strong></span> <span class='ocrx_word' id='word_1_694' title='bbox 2349 4517 2617 4590; x_wconf 88' lang='lat' dir='ltr'><strong>Baronius</strong></span> <span class='ocrx_word' id='word_1_695' title='bbox 2664 4517 2730 4590; x_wconf 71' lang='lat' dir='ltr'><strong>ad</strong></span> <span class='ocrx_word' id='word_1_696' title='bbox 2780 4532 2870 4572; x_wconf 88' lang='lat' dir='ltr'><strong>an.</strong></span> <span class='ocrx_word' id='word_1_697' title='bbox 2924 4518 3052 4588; x_wconf 82' lang='grc'><strong>556,</strong></span> <span class='ocrx_word' id='word_1_698' title='bbox 3105 4535 3256 4574; x_wconf 91' lang='lat' dir='ltr'><strong>num.</strong></span> <span class='ocrx_word' id='word_1_699' title='bbox 3311 4519 3406 4586; x_wconf 76' lang='lat' dir='ltr'><strong>7i,</strong></span> <span class='ocrx_word' id='word_1_700' title='bbox 3461 4514 3786 4590; x_wconf 70' lang='lat' dir='ltr'><strong>quantumlibet</strong></span> 
     </span>
    </p>
   </div>
   <div class='ocr_carea' id='block_1_48' title="bbox 598 4585 3788 4660">
    <p class='ocr_par' dir='ltr' id='par_1_48' title="bbox 598 4585 3788 4660">
     <span class='ocr_line' id='line_1_48' title="bbox 598 4585 3788 4660; baseline 0 -18"><span class='ocrx_word' id='word_1_701' title='bbox 598 4594 626 4624; x_wconf 80' lang='grc' dir='ltr'>ἰ</span> <span class='ocrx_word' id='word_1_702' title='bbox 659 4587 730 4660; x_wconf 85' lang='lat' dir='ltr'><strong>Ita</strong></span> <span class='ocrx_word' id='word_1_703' title='bbox 757 4585 1097 4644; x_wconf 82' lang='lat' dir='ltr'><strong>correximus</strong></span> <span class='ocrx_word' id='word_1_704' title='bbox 1125 4606 1251 4646; x_wconf 91' lang='lat' dir='ltr'><strong>cum</strong></span> <span class='ocrx_word' id='word_1_705' title='bbox 1283 4589 1520 4656; x_wconf 85' lang='lat' dir='ltr'><strong>Latinio,</strong></span> <span class='ocrx_word' id='word_1_706' title='bbox 1549 4603 1672 4645; x_wconf 90' lang='lat' dir='ltr'><strong>cum</strong></span> <span class='ocrx_word' id='word_1_707' title='bbox 1716 4597 1873 4644; x_wconf 86' lang='lat' dir='ltr'><strong>antea</strong></span> <span class='ocrx_word' id='word_1_708' title='bbox 1906 4587 2120 4660; x_wconf 86' lang='lat' dir='ltr'><strong>legcrc-</strong></span> <span class='ocrx_word' id='word_1_709' title='bbox 2147 4585 2186 4590; x_wconf 54' lang='grc'>⁷</span> <span class='ocrx_word' id='word_1_710' title='bbox 2231 4590 2414 4644; x_wconf 84' lang='lat' dir='ltr'><strong>Ariani</strong></span> <span class='ocrx_word' id='word_1_711' title='bbox 2461 4589 2638 4660; x_wconf 80' lang='lat' dir='ltr'><strong>favore</strong></span> <span class='ocrx_word' id='word_1_712' title='bbox 2679 4587 2989 4655; x_wconf 84' lang='lat' dir='ltr'><strong>Constantii,</strong></span> <span class='ocrx_word' id='word_1_713' title='bbox 3036 4585 3084 4644; x_wconf 83' lang='lat' dir='ltr'><strong>et</strong></span> <span class='ocrx_word' id='word_1_714' title='bbox 3134 4591 3248 4658; x_wconf 86' lang='lat' dir='ltr'><strong>ipse</strong></span> <span class='ocrx_word' id='word_1_715' title='bbox 3296 4585 3631 4646; x_wconf 80' lang='lat' dir='ltr'><strong>Constantius</strong></span> <span class='ocrx_word' id='word_1_716' title='bbox 3679 4585 3788 4642; x_wconf 66' lang='lat' dir='ltr'><strong>omni</strong></span> 
     </span>
    </p>
   </div>
   <div class='ocr_carea' id='block_1_49' title="bbox 526 4659 3789 4728">
    <p class='ocr_par' dir='ltr' id='par_1_49' title="bbox 526 4659 3789 4728">
     <span class='ocr_line' id='line_1_49' title="bbox 526 4659 3789 4728; baseline -0 -16"><span class='ocrx_word' id='word_1_717' title='bbox 526 4669 634 4728; x_wconf 82' lang='lat' dir='ltr'><strong>tur,</strong></span> <span class='ocrx_word' id='word_1_718' title='bbox 660 4659 718 4713; x_wconf 86' lang='lat' dir='ltr'><strong>in</strong></span> <span class='ocrx_word' id='word_1_719' title='bbox 746 4660 998 4728; x_wconf 85' lang='lat' dir='ltr'><strong>sacrilego</strong></span> <span class='ocrx_word' id='word_1_720' title='bbox 1035 4671 1123 4715; x_wconf 89' lang='lat' dir='ltr'><strong>tuo</strong></span> <span class='ocrx_word' id='word_1_721' title='bbox 1152 4661 1375 4716; x_wconf 87' lang='lat' dir='ltr'><strong>decreto.</strong></span> <span class='ocrx_word' id='word_1_722' title='bbox 1973 4659 1982 4660; x_wconf 27' lang='grc' dir='ltr'>ί</span> <span class='ocrx_word' id='word_1_723' title='bbox 2229 4659 2539 4716; x_wconf 73' lang='lat' dir='ltr'><strong>Arianorum</strong></span> <span class='ocrx_word' id='word_1_724' title='bbox 2593 4671 2784 4716; x_wconf 87' lang='lat' dir='ltr'><strong>conatu</strong></span> <span class='ocrx_word' id='word_1_725' title='bbox 2832 4673 2996 4718; x_wconf 84' lang='lat' dir='ltr'><strong>totum</strong></span> <span class='ocrx_word' id='word_1_726' title='bbox 3027 4661 3383 4719; x_wconf 84' lang='lat' dir='ltr'><strong>Christianum</strong></span> <span class='ocrx_word' id='word_1_727' title='bbox 3415 4663 3584 4719; x_wconf 85' lang='lat' dir='ltr'><strong>orbem</strong></span> <span class='ocrx_word' id='word_1_728' title='bbox 3612 4662 3789 4715; x_wconf 76' lang='lat' dir='ltr'><strong>miscue-</strong></span> 
     </span>
    </p>
   </div>
   <div class='ocr_carea' id='block_1_50' title="bbox 599 4727 3787 4806">
    <p class='ocr_par' dir='ltr' id='par_1_50' title="bbox 599 4727 3787 4806">
     <span class='ocr_line' id='line_1_50' title="bbox 599 4727 3787 4806; baseline 0.001 -21"><span class='ocrx_word' id='word_1_729' title='bbox 599 4727 627 4767; x_wconf 75' lang='grc' dir='ltr'>δ</span> <span class='ocrx_word' id='word_1_730' title='bbox 661 4729 774 4806; x_wconf 50' lang='lat' dir='ltr'><strong>ﬂet:</strong></span> <span class='ocrx_word' id='word_1_731' title='bbox 801 4731 897 4806; x_wconf 54' lang='lat' dir='ltr'><strong>sic:</strong></span> <span class='ocrx_word' id='word_1_732' title='bbox 923 4727 1097 4806; x_wconf 77' lang='lat' dir='ltr'><strong>Latin.</strong></span> <span class='ocrx_word' id='word_1_733' title='bbox 1127 4743 1180 4806; x_wconf 85' lang='lat' dir='ltr'><strong>et</strong></span> <span class='ocrx_word' id='word_1_734' title='bbox 1211 4731 1460 4789; x_wconf 85' lang='lat' dir='ltr'><strong>Galland.</strong></span> <span class='ocrx_word' id='word_1_735' title='bbox 2227 4734 2352 4806; x_wconf 82' lang='lat' dir='ltr'><strong>rint,</strong></span> <span class='ocrx_word' id='word_1_736' title='bbox 2377 4744 2432 4787; x_wconf 91' lang='lat' dir='ltr'><strong>ut</strong></span> <span class='ocrx_word' id='word_1_737' title='bbox 2470 4734 2716 4788; x_wconf 82' lang='lat' dir='ltr'><strong>Arianam</strong></span> <span class='ocrx_word' id='word_1_738' title='bbox 2757 4732 3014 4801; x_wconf 76' lang='lat' dir='ltr'><strong>hazresim,</strong></span> <span class='ocrx_word' id='word_1_739' title='bbox 3046 4734 3150 4806; x_wconf 78' lang='lat' dir='ltr'><strong>ﬁde</strong></span> <span class='ocrx_word' id='word_1_740' title='bbox 3189 4736 3408 4806; x_wconf 71' lang='lat' dir='ltr'><strong>explosa</strong></span> <span class='ocrx_word' id='word_1_741' title='bbox 3439 4733 3710 4796; x_wconf 78' lang='lat' dir='ltr'><strong>Catholica,</strong></span> <span class='ocrx_word' id='word_1_742' title='bbox 3747 4729 3787 4781; x_wconf 77' lang='lat' dir='ltr'><strong>in</strong></span> 
     </span>
    </p>
   </div>
   <div class='ocr_carea' id='block_1_51' title="bbox 605 4801 2792 4873">
    <p class='ocr_par' dir='ltr' id='par_1_51' title="bbox 605 4801 2792 4873">
     <span class='ocr_line' id='line_1_51' title="bbox 605 4801 2792 4873; baseline 0.002 -18"><span class='ocrx_word' id='word_1_743' title='bbox 605 4812 628 4873; x_wconf 61' lang='grc' dir='ltr'><strong>ε</strong></span> <span class='ocrx_word' id='word_1_744' title='bbox 664 4801 824 4870; x_wconf 84' lang='lat' dir='ltr'><strong>Quin.</strong></span> <span class='ocrx_word' id='word_1_745' title='bbox 850 4801 1022 4857; x_wconf 84' lang='lat' dir='ltr'><strong>Vatic.</strong></span> <span class='ocrx_word' id='word_1_746' title='bbox 1047 4803 1143 4859; x_wconf 88' lang='lat' dir='ltr'><strong>sed</strong></span> <span class='ocrx_word' id='word_1_747' title='bbox 1174 4815 1447 4873; x_wconf 88' lang='lat' dir='ltr'><strong>c0rrnpte.</strong></span> <span class='ocrx_word' id='word_1_748' title='bbox 2227 4805 2441 4860; x_wconf 84' lang='lat' dir='ltr'><strong>ecclesia</strong></span> <span class='ocrx_word' id='word_1_749' title='bbox 2463 4807 2792 4860; x_wconf 86' lang='lat' dir='ltr'><strong>seminarent.</strong></span> 
     </span>
    </p>
   </div>
   <div class='ocr_carea' id='block_1_52' title="bbox 597 4872 2193 4955">
    <p class='ocr_par' dir='ltr' id='par_1_52' title="bbox 597 4872 2000 4955">
     <span class='ocr_line' id='line_1_52' title="bbox 597 4872 2000 4955; baseline 0.002 -28"><span class='ocrx_word' id='word_1_750' title='bbox 597 4872 627 4955; x_wconf 55' lang='lat' dir='ltr'><strong>tl</strong></span> <span class='ocrx_word' id='word_1_751' title='bbox 659 4873 947 4955; x_wconf 46' lang='lat' dir='ltr'><strong>malimus;</strong></span> <span class='ocrx_word' id='word_1_752' title='bbox 965 4874 1153 4955; x_wconf 40' lang='lat' dir='ltr'><strong>Latin.</strong></span> <span class='ocrx_word' id='word_1_753' title='bbox 1178 4872 1482 4955; x_wconf 75' lang='lat' dir='ltr'><strong>et_Galand_.</strong></span> <span class='ocrx_word' id='word_1_754' title='bbox 1620 4945 1642 4955; x_wconf 83' lang='lat'>_</span> <span class='ocrx_word' id='word_1_755' title='bbox 1942 4946 1954 4955; x_wconf 87' lang='lat'><strong><em>_</em></strong></span> <span class='ocrx_word' id='word_1_756' title='bbox 1990 4947 2000 4955; x_wconf 88' lang='lat'><strong>_</strong></span> 
     </span>
    </p>
   </div>
   <div class='ocr_carea' id='block_1_53' title="bbox 1281 4872 2877 4955">
    <p class='ocr_par' dir='ltr' id='par_1_53' title="bbox 1281 4872 2877 4955">
     <span class='ocr_line' id='line_1_53' title="bbox 1281 4872 2877 4955; baseline 0.001 -26"><span class='ocrx_word' id='word_1_757' title='bbox 1281 4872 1482 4955; x_wconf 70' lang='lat' dir='ltr'><strong>laland.</strong></span> <span class='ocrx_word' id='word_1_758' title='bbox 1620 4945 1642 4955; x_wconf 78' lang='lat'>_</span> <span class='ocrx_word' id='word_1_759' title='bbox 1942 4946 1954 4955; x_wconf 81' lang='lat'><strong><em>_</em></strong></span> <span class='ocrx_word' id='word_1_760' title='bbox 1990 4947 2000 4955; x_wconf 81' lang='lat'>_</span> <span class='ocrx_word' id='word_1_761' title='bbox 2356 4880 2616 4955; x_wconf 64' lang='grc' dir='ltr'><strong>ῐξίρρνικῶς</strong></span> <span class='ocrx_word' id='word_1_762' title='bbox 2650 4877 2877 4955; x_wconf 80' lang='lat' dir='ltr'><strong>dictum.</strong></span> 
     </span>
    </p>
   </div>
   <div class='ocr_carea' id='block_1_54' title="bbox 605 4945 3788 5023">
    <p class='ocr_par' dir='ltr' id='par_1_54' title="bbox 605 4945 3788 5023">
     <span class='ocr_line' id='line_1_54' title="bbox 605 4945 3788 5023; baseline 0 -24"><span class='ocrx_word' id='word_1_763' title='bbox 605 4953 628 4981; x_wconf 80' lang='lat'><strong><em>°</em></strong></span> <span class='ocrx_word' id='word_1_764' title='bbox 661 4946 888 5023; x_wconf 87' lang='lat' dir='ltr'><strong>lni_tium_</strong></span> <span class='ocrx_word' id='word_1_765' title='bbox 915 4946 1386 5023; x_wconf 67' lang='lat' dir='ltr'><strong>SyntbtiliNicmni</strong></span> <span class='ocrx_word' id='word_1_766' title='bbox 1415 4948 1502 5003; x_wconf 87' lang='lat' dir='ltr'><strong>hic</strong></span> <span class='ocrx_word' id='word_1_767' title='bbox 1553 4945 1749 5023; x_wconf 61' lang='lat' dir='ltr'><strong>refert,</strong></span> <span class='ocrx_word' id='word_1_768' title='bbox 1812 4946 1955 5023; x_wconf 80' lang='lat' dir='ltr'><strong>quod</strong></span> <span class='ocrx_word' id='word_1_769' title='bbox 1977 4947 2123 5023; x_wconf 82' lang='lat' dir='ltr'><strong>_inte-</strong></span> <span class='ocrx_word' id='word_1_770' title='bbox 2237 4947 2319 5023; x_wconf 75' lang='lat'><strong>__1</strong></span> <span class='ocrx_word' id='word_1_771' title='bbox 2358 4945 2460 5017; x_wconf 77' lang='lat' dir='ltr'><strong>Qui</strong></span> <span class='ocrx_word' id='word_1_772' title='bbox 2513 4951 2651 5023; x_wconf 71' lang='lat' dir='ltr'><strong>enim</strong></span> <span class='ocrx_word' id='word_1_773' title='bbox 2693 4948 2910 5023; x_wconf 58' lang='lat' dir='ltr'><strong>uoluerit</strong></span> <span class='ocrx_word' id='word_1_774' title='bbox 2958 4951 3187 5005; x_wconf 80' lang='lat' dir='ltr'><strong>animant</strong></span> <span class='ocrx_word' id='word_1_775' title='bbox 3233 4968 3384 5023; x_wconf 76' lang='lat' dir='ltr'><strong>suam</strong></span> <span class='ocrx_word' id='word_1_776' title='bbox 3445 4950 3668 5023; x_wconf 75' lang='lat' dir='ltr'><strong>perdere,</strong></span> <span class='ocrx_word' id='word_1_777' title='bbox 3703 4953 3788 5023; x_wconf 67' lang='lat' dir='ltr'><strong>etc.</strong></span> 
     </span>
    </p>
   </div>
   <div class='ocr_carea' id='block_1_55' title="bbox 525 5015 3790 5146">
    <p class='ocr_par' dir='ltr' id='par_1_55' title="bbox 525 5015 3790 5146">
     <span class='ocr_line' id='line_1_55' title="bbox 525 5015 3790 5094; baseline 0 -24"><span class='ocrx_word' id='word_1_778' title='bbox 525 5031 682 5086; x_wconf 89' lang='lat' dir='ltr'><strong>grum</strong></span> <span class='ocrx_word' id='word_1_779' title='bbox 713 5015 1002 5088; x_wconf 87' lang='lat' dir='ltr'><strong>descripsit</strong></span> <span class='ocrx_word' id='word_1_780' title='bbox 1033 5020 1086 5073; x_wconf 92' lang='lat' dir='ltr'><strong>in</strong></span> <span class='ocrx_word' id='word_1_781' title='bbox 1117 5018 1212 5073; x_wconf 91' lang='lat' dir='ltr'><strong>lib.</strong></span> <span class='ocrx_word' id='word_1_782' title='bbox 1240 5019 1303 5072; x_wconf 85' lang='lat' dir='ltr'><strong>de</strong></span> <span class='ocrx_word' id='word_1_783' title='bbox 1330 5035 1431 5073; x_wconf 92' lang='lat' dir='ltr'><strong>non</strong></span> <span class='ocrx_word' id='word_1_784' title='bbox 1455 5034 1600 5090; x_wconf 85' lang='lat' dir='ltr'><strong>pare.</strong></span> <span class='ocrx_word' id='word_1_785' title='bbox 1628 5019 1680 5072; x_wconf 86' lang='lat' dir='ltr'><strong>in</strong></span> <span class='ocrx_word' id='word_1_786' title='bbox 1709 5015 1877 5074; x_wconf 76' lang='lat' dir='ltr'><strong>Dauni</strong></span> <span class='ocrx_word' id='word_1_787' title='bbox 1903 5019 2096 5090; x_wconf 83' lang='lat' dir='ltr'><strong>delinq.</strong></span> <span class='ocrx_word' id='word_1_788' title='bbox 2237 5015 2397 5076; x_wconf 46' lang='lat' dir='ltr'><strong>Vers&#39;.</strong></span> <span class='ocrx_word' id='word_1_789' title='bbox 2424 5023 2578 5086; x_wconf 87' lang='lat' dir='ltr'><strong>Ant.,</strong></span> <span class='ocrx_word' id='word_1_790' title='bbox 2605 5020 2703 5075; x_wconf 84' lang='lat' dir='ltr'><strong>Ms.</strong></span> <span class='ocrx_word' id='word_1_791' title='bbox 2728 5019 2786 5077; x_wconf 89' lang='lat' dir='ltr'><strong>S.</strong></span> <span class='ocrx_word' id='word_1_792' title='bbox 2817 5019 3001 5077; x_wconf 87' lang='lat' dir='ltr'><strong>Germ.</strong></span> <span class='ocrx_word' id='word_1_793' title='bbox 3053 5023 3196 5094; x_wconf 89' lang='lat' dir='ltr'><strong>apud</strong></span> <span class='ocrx_word' id='word_1_794' title='bbox 3226 5022 3419 5080; x_wconf 88' lang='lat' dir='ltr'><strong>Sabat.</strong></span> <span class='ocrx_word' id='word_1_795' title='bbox 3445 5015 3590 5079; x_wconf 60' lang='lat' dir='ltr'><strong>&#39;cum</strong></span> <span class='ocrx_word' id='word_1_796' title='bbox 3627 5015 3790 5081; x_wconf 61' lang='lat' dir='ltr'><strong>Lucii,</strong></span> 
     </span>
     <span class='ocr_line' id='line_1_56' title="bbox 606 5087 2932 5146; baseline 0.002 -4"><span class='ocrx_word' id='word_1_797' title='bbox 606 5087 626 5127; x_wconf 65' lang='grc' dir='ltr'><em>τ</em></span> <span class='ocrx_word' id='word_1_798' title='bbox 653 5087 1030 5146; x_wconf 81' lang='lat' dir='ltr'><strong>Divinitasaue.</strong></span> <span class='ocrx_word' id='word_1_799' title='bbox 1064 5089 1246 5146; x_wconf 85' lang='lat' dir='ltr'><strong>Latin.</strong></span> <span class='ocrx_word' id='word_1_800' title='bbox 1301 5100 1353 5145; x_wconf 90' lang='lat' dir='ltr'><strong>et</strong></span> <span class='ocrx_word' id='word_1_801' title='bbox 1383 5089 1633 5146; x_wconf 88' lang='lat' dir='ltr'><strong>Galland.</strong></span> <span class='ocrx_word' id='word_1_802' title='bbox 2236 5103 2434 5146; x_wconf 66' lang='lat' dir='ltr'><strong>praeter</strong></span> <span class='ocrx_word' id='word_1_803' title='bbox 2463 5109 2582 5146; x_wconf 90' lang='lat' dir='ltr'><strong>nam</strong></span> <span class='ocrx_word' id='word_1_804' title='bbox 2613 5108 2710 5146; x_wconf 85' lang='lat' dir='ltr'><strong>oro</strong></span> <span class='ocrx_word' id='word_1_805' title='bbox 2739 5103 2932 5146; x_wconf 86' lang='lat' dir='ltr'><strong>autem.</strong></span> 
     </span>
    </p>
   </div>
   <div class='ocr_carea' id='block_1_56' title="bbox 711 5106 2932 5149">
    <p class='ocr_par' dir='ltr' id='par_1_56' title="bbox 711 5106 2932 5149">
     <span class='ocr_line' id='line_1_57' title="bbox 711 5106 2932 5149; baseline 0.004 -8"><span class='ocrx_word' id='word_1_806' title='bbox 711 5106 1030 5149; x_wconf 77' lang='lat' dir='ltr'><strong>mutuasque.</strong></span> <span class='ocrx_word' id='word_1_807' title='bbox 1065 5106 1246 5146; x_wconf 68' lang='lat' dir='ltr'><strong>LIIII&quot;.</strong></span> <span class='ocrx_word' id='word_1_808' title='bbox 1301 5106 1353 5145; x_wconf 76' lang='grc' dir='ltr'><strong>ει</strong></span> <span class='ocrx_word' id='word_1_809' title='bbox 1383 5106 1633 5146; x_wconf 70' lang='lat' dir='ltr'><strong>haltana.</strong></span> <span class='ocrx_word' id='word_1_810' title='bbox 2236 5106 2434 5149; x_wconf 64' lang='lat' dir='ltr'><strong>master</strong></span> <span class='ocrx_word' id='word_1_811' title='bbox 2463 5109 2582 5146; x_wconf 90' lang='lat' dir='ltr'><strong>nam</strong></span> <span class='ocrx_word' id='word_1_812' title='bbox 2613 5108 2710 5149; x_wconf 83' lang='lat' dir='ltr'><strong>DI&#39;O</strong></span> <span class='ocrx_word' id='word_1_813' title='bbox 2739 5106 2932 5149; x_wconf 86' lang='lat' dir='ltr'><strong>autem.</strong></span> 
     </span>
    </p>
   </div>
   <div class='ocr_carea' id='block_1_57' title="bbox 602 5107 3706 5234">
    <p class='ocr_par' dir='ltr' id='par_1_57' title="bbox 602 5107 3706 5234">
     <span class='ocr_line' id='line_1_58' title="bbox 607 5107 2932 5164; baseline 0.003 -22"><span class='ocrx_word' id='word_1_814' title='bbox 607 5107 621 5127; x_wconf 85' lang='grc'><strong><em>³</em></strong></span> <span class='ocrx_word' id='word_1_815' title='bbox 653 5107 1030 5155; x_wconf 76' lang='grc' dir='ltr'><strong>υρυιηιιαδᾳιιε.</strong></span> <span class='ocrx_word' id='word_1_816' title='bbox 1065 5107 1246 5146; x_wconf 60' lang='grc' dir='ltr'><strong>ιλαιιη.</strong></span> <span class='ocrx_word' id='word_1_817' title='bbox 1301 5107 1353 5145; x_wconf 75' lang='grc' dir='ltr'><strong>ει</strong></span> <span class='ocrx_word' id='word_1_818' title='bbox 1383 5107 1633 5146; x_wconf 75' lang='lat' dir='ltr'><strong>uallana.</strong></span> <span class='ocrx_word' id='word_1_819' title='bbox 2236 5107 2434 5163; x_wconf 66' lang='lat' dir='ltr'><strong>praeter</strong></span> <span class='ocrx_word' id='word_1_820' title='bbox 2463 5109 2582 5146; x_wconf 89' lang='lat' dir='ltr'><strong>nam</strong></span> <span class='ocrx_word' id='word_1_821' title='bbox 2613 5108 2710 5164; x_wconf 90' lang='lat' dir='ltr'><strong>pro</strong></span> <span class='ocrx_word' id='word_1_822' title='bbox 2739 5107 2932 5149; x_wconf 88' lang='lat' dir='ltr'><strong>autem.</strong></span> 
     </span>
     <span class='ocr_line' id='line_1_59' title="bbox 602 5159 3706 5234; baseline 0.002 -20"><span class='ocrx_word' id='word_1_823' title='bbox 602 5169 630 5234; x_wconf 60' lang='grc' dir='ltr'><em>ᾳ</em></span> <span class='ocrx_word' id='word_1_824' title='bbox 663 5159 740 5215; x_wconf 87' lang='lat' dir='ltr'><strong>De</strong></span> <span class='ocrx_word' id='word_1_825' title='bbox 766 5160 998 5217; x_wconf 82' lang='lat' dir='ltr'><strong>Luciferi</strong></span> <span class='ocrx_word' id='word_1_826' title='bbox 1042 5162 1312 5234; x_wconf 77' lang='lat' dir='ltr'><strong>legatione</strong></span> <span class='ocrx_word' id='word_1_827' title='bbox 1365 5163 1417 5218; x_wconf 91' lang='lat' dir='ltr'><strong>in</strong></span> <span class='ocrx_word' id='word_1_828' title='bbox 1462 5162 1850 5219; x_wconf 83' lang='lat' dir='ltr'><strong>Mediolanensi</strong></span> <span class='ocrx_word' id='word_1_829' title='bbox 1892 5163 2128 5219; x_wconf 91' lang='lat' dir='ltr'><strong>concilio</strong></span> <span class='ocrx_word' id='word_1_830' title='bbox 2307 5173 2346 5196; x_wconf 78' lang='grc'>³³</span> <span class='ocrx_word' id='word_1_831' title='bbox 2383 5165 2460 5219; x_wconf 78' lang='lat' dir='ltr'><strong>Ex</strong></span> <span class='ocrx_word' id='word_1_832' title='bbox 2492 5163 2705 5225; x_wconf 69' lang='lat' dir='ltr'><strong>Graeco.</strong></span> <span class='ocrx_word' id='word_1_833' title='bbox 2732 5165 2820 5220; x_wconf 84' lang='grc' dir='ltr'><strong>τὸν</strong></span> <span class='ocrx_word' id='word_1_834' title='bbox 2848 5164 2959 5222; x_wconf 83' lang='grc' dir='ltr'><strong>ὅλον</strong></span> <span class='ocrx_word' id='word_1_835' title='bbox 2988 5165 3376 5234; x_wconf 67' lang='grc' dir='ltr'><strong>κόσμονΝοτε.</strong></span> <span class='ocrx_word' id='word_1_836' title='bbox 3411 5169 3538 5224; x_wconf 80' lang='lat' dir='ltr'><strong>Ant.</strong></span> <span class='ocrx_word' id='word_1_837' title='bbox 3567 5166 3706 5220; x_wconf 79' lang='lat' dir='ltr'><strong>hunc.</strong></span> 
     </span>
    </p>
   </div>
   <div class='ocr_carea' id='block_1_58' title="bbox 526 5232 3794 5303">
    <p class='ocr_par' dir='ltr' id='par_1_58' title="bbox 526 5232 3794 5303">
     <span class='ocr_line' id='line_1_60' title="bbox 526 5232 3794 5303; baseline -0 -17"><span class='ocrx_word' id='word_1_838' title='bbox 526 5232 802 5303; x_wconf 10' lang='lat' dir='ltr'><strong>videriquze</strong></span> <span class='ocrx_word' id='word_1_839' title='bbox 832 5235 882 5288; x_wconf 92' lang='lat' dir='ltr'><strong>iu</strong></span> <span class='ocrx_word' id='word_1_840' title='bbox 909 5235 1030 5303; x_wconf 89' lang='lat' dir='ltr'><strong>ejus</strong></span> <span class='ocrx_word' id='word_1_841' title='bbox 1053 5232 1171 5289; x_wconf 85' lang='lat' dir='ltr'><strong>Vita</strong></span> <span class='ocrx_word' id='word_1_842' title='bbox 1192 5244 1411 5289; x_wconf 89' lang='lat' dir='ltr'><strong>narrata</strong></span> <span class='ocrx_word' id='word_1_843' title='bbox 1439 5242 1586 5288; x_wconf 89' lang='lat' dir='ltr'><strong>sunt.</strong></span> <span class='ocrx_word' id='word_1_844' title='bbox 2305 5237 2334 5264; x_wconf 86' lang='grc'><strong>¹¹</strong></span> <span class='ocrx_word' id='word_1_845' title='bbox 2362 5235 2530 5290; x_wconf 81' lang='lat' dir='ltr'><strong>Morte</strong></span> <span class='ocrx_word' id='word_1_846' title='bbox 2573 5245 2752 5290; x_wconf 87' lang='lat' dir='ltr'><strong>contra</strong></span> <span class='ocrx_word' id='word_1_847' title='bbox 2805 5253 3055 5296; x_wconf 84' lang='lat' dir='ltr'><strong>entamus.</strong></span> <span class='ocrx_word' id='word_1_848' title='bbox 3085 5232 3257 5296; x_wconf 84' lang='lat' dir='ltr'><strong>Latin.</strong></span> <span class='ocrx_word' id='word_1_849' title='bbox 3284 5249 3340 5295; x_wconf 91' lang='lat' dir='ltr'><strong>et</strong></span> <span class='ocrx_word' id='word_1_850' title='bbox 3383 5238 3630 5296; x_wconf 83' lang='lat' dir='ltr'><strong>Galland.</strong></span> <span class='ocrx_word' id='word_1_851' title='bbox 3649 5237 3794 5292; x_wconf 90' lang='lat' dir='ltr'><strong>minus</strong></span> 
     </span>
    </p>
   </div>
   <div class='ocr_carea' id='block_1_59' title="bbox 598 5301 3252 5382">
    <p class='ocr_par' dir='ltr' id='par_1_59' title="bbox 598 5301 3252 5382">
     <span class='ocr_line' id='line_1_61' title="bbox 598 5301 3252 5382; baseline 0.004 -24"><span class='ocrx_word' id='word_1_852' title='bbox 598 5301 951 5382; x_wconf 39' lang='lat' dir='ltr'><strong>{tyranno}</strong></span> <span class='ocrx_word' id='word_1_853' title='bbox 977 5304 1154 5382; x_wconf 72' lang='lat' dir='ltr'><strong>vatic.</strong></span> <span class='ocrx_word' id='word_1_854' title='bbox 1246 5377 1257 5382; x_wconf 26' lang='grc' dir='ltr'><strong>Α</strong></span> <span class='ocrx_word' id='word_1_855' title='bbox 1446 5378 1455 5382; x_wconf 94' lang='lat'>_</span> <span class='ocrx_word' id='word_1_856' title='bbox 1551 5377 1563 5382; x_wconf 91' lang='lat'>_</span> <span class='ocrx_word' id='word_1_857' title='bbox 1710 5378 1734 5382; x_wconf 89' lang='lat'><strong>_</strong></span> <span class='ocrx_word' id='word_1_858' title='bbox 1962 5379 1993 5382; x_wconf 86' lang='lat'>__</span> <span class='ocrx_word' id='word_1_859' title='bbox 2235 5317 2611 5382; x_wconf 62' lang='lat' dir='ltr'><strong>tamenrecte,</strong></span> <span class='ocrx_word' id='word_1_860' title='bbox 2636 5323 2765 5382; x_wconf 79' lang='lat' dir='ltr'><strong>cum</strong></span> <span class='ocrx_word' id='word_1_861' title='bbox 2800 5324 2996 5365; x_wconf 87' lang='lat' dir='ltr'><strong>sensus</strong></span> <span class='ocrx_word' id='word_1_862' title='bbox 3025 5321 3252 5382; x_wconf 91' lang='lat' dir='ltr'><strong>perstet.</strong></span> 
     </span>
    </p>
   </div>
   <div class='ocr_carea' id='block_1_60' title="bbox 606 5376 3790 5449">
    <p class='ocr_par' dir='ltr' id='par_1_60' title="bbox 606 5376 3790 5449">
     <span class='ocr_line' id='line_1_62' title="bbox 606 5376 3790 5449; baseline 0.002 -19"><span class='ocrx_word' id='word_1_863' title='bbox 606 5377 623 5412; x_wconf 74' lang='grc' dir='ltr'>ί</span> <span class='ocrx_word' id='word_1_864' title='bbox 653 5376 903 5449; x_wconf 85' lang='lat' dir='ltr'><strong>Edictum</strong></span> <span class='ocrx_word' id='word_1_865' title='bbox 927 5377 1192 5449; x_wconf 83' lang='lat' dir='ltr'><strong>intellige,</strong></span> <span class='ocrx_word' id='word_1_866' title='bbox 1214 5377 1330 5432; x_wconf 88' lang='lat' dir='ltr'><strong>sive</strong></span> <span class='ocrx_word' id='word_1_867' title='bbox 1369 5377 1658 5447; x_wconf 90' lang='lat' dir='ltr'><strong>epistolam</strong></span> <span class='ocrx_word' id='word_1_868' title='bbox 1696 5378 1994 5449; x_wconf 86' lang='lat' dir='ltr'><strong>Constantii</strong></span> <span class='ocrx_word' id='word_1_869' title='bbox 2028 5395 2126 5434; x_wconf 88' lang='lat' dir='ltr'><strong>no-</strong></span> <span class='ocrx_word' id='word_1_870' title='bbox 2311 5380 2336 5407; x_wconf 92' lang='lat'><em>°</em></span> <span class='ocrx_word' id='word_1_871' title='bbox 2366 5379 2549 5436; x_wconf 86' lang='lat' dir='ltr'><strong>Editio</strong></span> <span class='ocrx_word' id='word_1_872' title='bbox 2570 5379 2612 5434; x_wconf 88' lang='grc' dir='ltr'>Τ</span> <span class='ocrx_word' id='word_1_873' title='bbox 2619 5379 2778 5435; x_wconf 88' lang='lat' dir='ltr'><strong>iliana</strong></span> <span class='ocrx_word' id='word_1_874' title='bbox 2806 5396 2912 5438; x_wconf 90' lang='lat' dir='ltr'><strong>non</strong></span> <span class='ocrx_word' id='word_1_875' title='bbox 2946 5376 3111 5440; x_wconf 87' lang='lat' dir='ltr'><strong>habet</strong></span> <span class='ocrx_word' id='word_1_876' title='bbox 3142 5386 3280 5440; x_wconf 88' lang='lat' dir='ltr'><strong>hanc</strong></span> <span class='ocrx_word' id='word_1_877' title='bbox 3309 5383 3624 5449; x_wconf 87' lang='lat' dir='ltr'><strong>lectionem,</strong></span> <span class='ocrx_word' id='word_1_878' title='bbox 3656 5380 3790 5433; x_wconf 77' lang='lat' dir='ltr'><strong>inter-</strong></span> 
     </span>
    </p>
   </div>
   <div class='ocr_carea' id='block_1_61' title="bbox 527 5447 3790 5525">
    <p class='ocr_par' dir='ltr' id='par_1_61' title="bbox 527 5447 3790 5525">
     <span class='ocr_line' id='line_1_63' title="bbox 527 5447 3790 5525; baseline -0.001 -23"><span class='ocrx_word' id='word_1_879' title='bbox 527 5447 676 5525; x_wconf 85' lang='lat' dir='ltr'><strong>mine</strong></span> <span class='ocrx_word' id='word_1_880' title='bbox 703 5448 1400 5525; x_wconf 28' lang='lat' dir='ltr'><strong>ab‘Arianispropositajn</strong></span> <span class='ocrx_word' id='word_1_881' title='bbox 1428 5450 1666 5525; x_wconf 77' lang='lat' dir='ltr'><strong>concilio</strong></span> <span class='ocrx_word' id='word_1_882' title='bbox 1703 5448 2120 5525; x_wconf 79' lang='lat' dir='ltr'><strong>Mediolanensi,</strong></span> <span class='ocrx_word' id='word_1_883' title='bbox 2227 5453 2303 5506; x_wconf 88' lang='lat' dir='ltr'><strong>ire</strong></span> <span class='ocrx_word' id='word_1_884' title='bbox 2326 5469 2390 5506; x_wconf 86' lang='lat' dir='ltr'><strong>ne</strong></span> <span class='ocrx_word' id='word_1_885' title='bbox 2430 5469 2520 5525; x_wconf 85' lang='lat' dir='ltr'><strong>per</strong></span> <span class='ocrx_word' id='word_1_886' title='bbox 2547 5468 2690 5520; x_wconf 84' lang='lat' dir='ltr'><strong>eam,</strong></span> <span class='ocrx_word' id='word_1_887' title='bbox 2731 5460 2790 5507; x_wconf 92' lang='lat' dir='ltr'><strong>ut</strong></span> <span class='ocrx_word' id='word_1_888' title='bbox 2839 5453 3074 5510; x_wconf 85' lang='lat' dir='ltr'><strong>affirmat</strong></span> <span class='ocrx_word' id='word_1_889' title='bbox 3102 5455 3462 5521; x_wconf 87' lang='lat' dir='ltr'><strong>Gallandius;</strong></span> <span class='ocrx_word' id='word_1_890' title='bbox 3517 5447 3617 5510; x_wconf 87' lang='lat' dir='ltr'><strong>sed</strong></span> <span class='ocrx_word' id='word_1_891' title='bbox 3655 5453 3701 5506; x_wconf 92' lang='lat' dir='ltr'><strong>in</strong></span> <span class='ocrx_word' id='word_1_892' title='bbox 3736 5460 3790 5502; x_wconf 85' lang='lat' dir='ltr'><strong>es</strong></span> 
     </span>
    </p>
   </div>
   <div class='ocr_carea' id='block_1_62' title="bbox 525 5519 3790 5600">
    <p class='ocr_par' dir='ltr' id='par_1_62' title="bbox 525 5519 3790 5600">
     <span class='ocr_line' id='line_1_64' title="bbox 525 5519 3790 5600; baseline 0.002 -28"><span class='ocrx_word' id='word_1_893' title='bbox 525 5522 598 5600; x_wconf 72' lang='lat' dir='ltr'><strong>de</strong></span> <span class='ocrx_word' id='word_1_894' title='bbox 623 5534 729 5600; x_wconf 80' lang='lat' dir='ltr'><strong>qua</strong></span> <span class='ocrx_word' id='word_1_895' title='bbox 776 5519 831 5574; x_wconf 92' lang='lat' dir='ltr'><strong>in</strong></span> <span class='ocrx_word' id='word_1_896' title='bbox 877 5519 1109 5600; x_wconf 76' lang='lat' dir='ltr'><strong>Luciferi</strong></span> <span class='ocrx_word' id='word_1_897' title='bbox 1138 5523 1270 5577; x_wconf 90' lang='lat' dir='ltr'><strong>vita.</strong></span> <span class='ocrx_word' id='word_1_898' title='bbox 1320 5521 1642 5578; x_wconf 86' lang='lat' dir='ltr'><strong>Callandius</strong></span> <span class='ocrx_word' id='word_1_899' title='bbox 1697 5522 1885 5576; x_wconf 89' lang='lat' dir='ltr'><strong>mallet</strong></span> <span class='ocrx_word' id='word_1_900' title='bbox 1939 5524 2120 5595; x_wconf 90' lang='lat' dir='ltr'><strong>legere</strong></span> <span class='ocrx_word' id='word_1_901' title='bbox 2223 5519 2511 5594; x_wconf 67' lang='lat' dir='ltr'><strong>persiiicue</strong></span> <span class='ocrx_word' id='word_1_902' title='bbox 2537 5519 2751 5600; x_wconf 81' lang='lat' dir='ltr'><strong>legitur,</strong></span> <span class='ocrx_word' id='word_1_903' title='bbox 2781 5525 2991 5600; x_wconf 80' lang='lat' dir='ltr'><strong>interire</strong></span> <span class='ocrx_word' id='word_1_904' title='bbox 3042 5545 3105 5583; x_wconf 87' lang='lat' dir='ltr'><strong>ne</strong></span> <span class='ocrx_word' id='word_1_905' title='bbox 3151 5542 3374 5600; x_wconf 81' lang='lat' dir='ltr'><strong>peream.</strong></span> <span class='ocrx_word' id='word_1_906' title='bbox 3435 5519 3790 5600; x_wconf 75' lang='lat' dir='ltr'><strong>Lugdunenses</strong></span> 
     </span>
    </p>
   </div>
   <div class='ocr_carea' id='block_1_63' title="bbox 521 5588 3785 5670">
    <p class='ocr_par' dir='ltr' id='par_1_63' title="bbox 521 5588 3785 5670">
     <span class='ocr_line' id='line_1_65' title="bbox 521 5588 3785 5670; baseline 0.002 -23"><span class='ocrx_word' id='word_1_907' title='bbox 521 5588 824 5670; x_wconf 67' lang='lat' dir='ltr'><strong>blaspbema</strong></span> <span class='ocrx_word' id='word_1_908' title='bbox 859 5590 1072 5670; x_wconf 79' lang='lat' dir='ltr'><strong>_relig_io.</strong></span> <span class='ocrx_word' id='word_1_909' title='bbox 1378 5664 1426 5670; x_wconf 84' lang='lat'>__</span> <span class='ocrx_word' id='word_1_910' title='bbox 1482 5666 1516 5670; x_wconf 25' lang='grc' dir='ltr'>Α,</span> <span class='ocrx_word' id='word_1_911' title='bbox 1563 5666 1573 5670; x_wconf 87' lang='lat'><strong><em>_</em></strong></span> <span class='ocrx_word' id='word_1_912' title='bbox 1759 5665 1772 5670; x_wconf 87' lang='lat'>_</span> <span class='ocrx_word' id='word_1_913' title='bbox 1927 5665 1940 5670; x_wconf 88' lang='lat'>_</span> <span class='ocrx_word' id='word_1_914' title='bbox 1992 5588 2018 5595; x_wconf 64' lang='grc'>⁷</span> <span class='ocrx_word' id='word_1_915' title='bbox 2223 5588 2434 5670; x_wconf 55' lang='lat' dir='ltr'><strong>verset</strong></span> <span class='ocrx_word' id='word_1_916' title='bbox 2457 5588 2691 5670; x_wconf 76' lang='lat' dir='ltr'><strong>pessime</strong></span> <span class='ocrx_word' id='word_1_917' title='bbox 2721 5588 2778 5652; x_wconf 85' lang='lat' dir='ltr'><strong>et</strong></span> <span class='ocrx_word' id='word_1_918' title='bbox 2813 5597 3022 5669; x_wconf 88' lang='lat' dir='ltr'><strong>absque</strong></span> <span class='ocrx_word' id='word_1_919' title='bbox 3069 5588 3178 5656; x_wconf 74' lang='lat' dir='ltr'><strong>ulla</strong></span> <span class='ocrx_word' id='word_1_920' title='bbox 3205 5614 3365 5656; x_wconf 86' lang='lat' dir='ltr'><strong>causa</strong></span> <span class='ocrx_word' id='word_1_921' title='bbox 3400 5601 3474 5654; x_wconf 87' lang='lat' dir='ltr'><strong>ita</strong></span> <span class='ocrx_word' id='word_1_922' title='bbox 3496 5588 3785 5656; x_wconf 59' lang='lat' dir='ltr'><strong>ediderunt:</strong></span> 
     </span>
    </p>
   </div>
   <div class='ocr_carea' id='block_1_64' title="bbox 597 5662 3786 5742">
    <p class='ocr_par' dir='ltr' id='par_1_64' title="bbox 597 5662 3786 5742">
     <span class='ocr_line' id='line_1_66' title="bbox 597 5662 3786 5742; baseline 0.003 -27"><span class='ocrx_word' id='word_1_923' title='bbox 597 5662 707 5742; x_wconf 49' lang='lat' dir='ltr'><strong>inid</strong></span> <span class='ocrx_word' id='word_1_924' title='bbox 729 5675 834 5729; x_wconf 91' lang='lat' dir='ltr'><strong>est,</strong></span> <span class='ocrx_word' id='word_1_925' title='bbox 858 5663 911 5742; x_wconf 55' lang='grc' dir='ltr'><strong>[η</strong></span> <span class='ocrx_word' id='word_1_926' title='bbox 945 5662 1064 5742; x_wconf 50' lang='lat' dir='ltr'><strong>ipso</strong></span> <span class='ocrx_word' id='word_1_927' title='bbox 1103 5667 1337 5742; x_wconf 83' lang='lat' dir='ltr'><strong>concilio</strong></span> <span class='ocrx_word' id='word_1_928' title='bbox 1377 5664 1798 5742; x_wconf 74' lang='lat' dir='ltr'><strong>Mediolanensi,</strong></span> <span class='ocrx_word' id='word_1_929' title='bbox 1834 5665 1977 5742; x_wconf 82' lang='lat' dir='ltr'><strong>unde</strong></span> <span class='ocrx_word' id='word_1_930' title='bbox 2021 5681 2118 5742; x_wconf 80' lang='lat' dir='ltr'><strong>per</strong></span> <span class='ocrx_word' id='word_1_931' title='bbox 2221 5667 2428 5742; x_wconf 68' lang='lat' dir='ltr'><strong>interire</strong></span> <span class='ocrx_word' id='word_1_932' title='bbox 2458 5662 2520 5742; x_wconf 79' lang='lat' dir='ltr'><strong>ne</strong></span> <span class='ocrx_word' id='word_1_933' title='bbox 2547 5669 2757 5738; x_wconf 86' lang='lat' dir='ltr'><strong>possim.</strong></span> <span class='ocrx_word' id='word_1_934' title='bbox 2850 5741 2855 5742; x_wconf 14' lang='grc' dir='ltr'><em>γ</em></span> <span class='ocrx_word' id='word_1_935' title='bbox 2934 5662 2947 5669; x_wconf 86' lang='grc'><em>’</em></span> <span class='ocrx_word' id='word_1_936' title='bbox 3665 5740 3673 5742; x_wconf 17' lang='grc'><strong><em>4</em></strong></span> <span class='ocrx_word' id='word_1_937' title='bbox 3763 5693 3786 5742; x_wconf 65' lang='grc'><em>;</em></span> 
     </span>
    </p>
   </div>
   <div class='ocr_carea' id='block_1_65' title="bbox 523 5729 3788 5816">
    <p class='ocr_par' dir='ltr' id='par_1_65' title="bbox 523 5729 3788 5816">
     <span class='ocr_line' id='line_1_67' title="bbox 523 5729 3788 5816; baseline 0.003 -32"><span class='ocrx_word' id='word_1_938' title='bbox 523 5729 752 5816; x_wconf 56' lang='lat' dir='ltr'><strong>italiam,</strong></span> <span class='ocrx_word' id='word_1_939' title='bbox 772 5745 831 5816; x_wconf 68' lang='lat' dir='ltr'><strong>et</strong></span> <span class='ocrx_word' id='word_1_940' title='bbox 855 5729 1202 5816; x_wconf 79' lang='lat' dir='ltr'><strong>Occidentem</strong></span> <span class='ocrx_word' id='word_1_941' title='bbox 1224 5739 1333 5793; x_wconf 90' lang='lat' dir='ltr'><strong>late</strong></span> <span class='ocrx_word' id='word_1_942' title='bbox 1360 5729 1795 5816; x_wconf 33' lang='lat' dir='ltr'><strong>possctjagarilé</strong></span> <span class='ocrx_word' id='word_1_943' title='bbox 1826 5738 1923 5792; x_wconf 88' lang='lat' dir='ltr'><strong>sed</strong></span> <span class='ocrx_word' id='word_1_944' title='bbox 1947 5729 2117 5816; x_wconf 68' lang='lat' dir='ltr'><strong>irrito</strong></span> <span class='ocrx_word' id='word_1_945' title='bbox 2221 5787 2227 5802; x_wconf 42' lang='grc' dir='ltr'>ε</span> <span class='ocrx_word' id='word_1_946' title='bbox 2257 5741 2322 5816; x_wconf 38' lang='grc' dir='ltr'><strong>..Υ</strong></span> <span class='ocrx_word' id='word_1_947' title='bbox 2349 5729 2592 5816; x_wconf 65' lang='lat' dir='ltr'><strong>Similem</strong></span> <span class='ocrx_word' id='word_1_948' title='bbox 2623 5741 2962 5816; x_wconf 50' lang='lat' dir='ltr'><strong>sententiam,</strong></span> <span class='ocrx_word' id='word_1_949' title='bbox 2987 5742 3151 5802; x_wconf 87' lang='lat' dir='ltr'><strong>habet</strong></span> <span class='ocrx_word' id='word_1_950' title='bbox 3186 5743 3493 5816; x_wconf 79' lang='lat' dir='ltr'><strong>Cyprianus</strong></span> <span class='ocrx_word' id='word_1_951' title='bbox 3519 5742 3572 5799; x_wconf 93' lang='lat' dir='ltr'><strong>in</strong></span> <span class='ocrx_word' id='word_1_952' title='bbox 3595 5733 3788 5816; x_wconf 65' lang='lat' dir='ltr'><strong>epist.</strong></span> 
     </span>
    </p>
   </div>
   <div class='ocr_carea' id='block_1_66' title="bbox 521 5762 3784 5884">
    <p class='ocr_par' dir='ltr' id='par_1_66' title="bbox 521 5762 3784 5884">
     <span class='ocr_line' id='line_1_68' title="bbox 525 5762 3784 5816; baseline 0.002 -32"><span class='ocrx_word' id='word_1_953' title='bbox 525 5762 752 5798; x_wconf 72' lang='grc' dir='ltr'>ικιιιιιιι,</span> <span class='ocrx_word' id='word_1_954' title='bbox 776 5762 831 5816; x_wconf 54' lang='lat' dir='ltr'><strong>es</strong></span> <span class='ocrx_word' id='word_1_955' title='bbox 855 5762 1202 5792; x_wconf 76' lang='lat' dir='ltr'><strong>vccrucuwut</strong></span> <span class='ocrx_word' id='word_1_956' title='bbox 1224 5762 1333 5793; x_wconf 73' lang='lat' dir='ltr'><strong>tute</strong></span> <span class='ocrx_word' id='word_1_957' title='bbox 1360 5762 1543 5808; x_wconf 64' lang='lat' dir='ltr'><strong>posset</strong></span> <span class='ocrx_word' id='word_1_958' title='bbox 1575 5762 1754 5808; x_wconf 70' lang='lat' dir='ltr'><strong>vagari</strong></span> <span class='ocrx_word' id='word_1_959' title='bbox 1783 5762 1795 5788; x_wconf 85' lang='lat'><strong>:</strong></span> <span class='ocrx_word' id='word_1_960' title='bbox 1826 5762 1923 5792; x_wconf 65' lang='lat' dir='ltr'><strong>seu</strong></span> <span class='ocrx_word' id='word_1_961' title='bbox 1963 5762 2117 5794; x_wconf 83' lang='lat' dir='ltr'><strong>trrttu</strong></span> <span class='ocrx_word' id='word_1_962' title='bbox 2221 5787 2227 5802; x_wconf 47' lang='grc' dir='ltr'>ε</span> <span class='ocrx_word' id='word_1_963' title='bbox 2257 5789 2262 5794; x_wconf 91' lang='grc'><em>.</em></span> <span class='ocrx_word' id='word_1_964' title='bbox 2294 5762 2319 5780; x_wconf 74' lang='grc' dir='ltr'><em>ι</em></span> <span class='ocrx_word' id='word_1_965' title='bbox 2349 5762 2592 5802; x_wconf 70' lang='grc' dir='ltr'>οιιιιιιωιι</span> <span class='ocrx_word' id='word_1_966' title='bbox 2623 5762 2962 5808; x_wconf 52' lang='grc' dir='ltr'><strong>δεεηιίξῐιιμιιῐιἆ</strong></span> <span class='ocrx_word' id='word_1_967' title='bbox 2988 5762 3151 5802; x_wconf 85' lang='lat' dir='ltr'><strong>nauet</strong></span> <span class='ocrx_word' id='word_1_968' title='bbox 3186 5762 3229 5802; x_wconf 61' lang='grc' dir='ltr'><strong>ιλ</strong></span> <span class='ocrx_word' id='word_1_969' title='bbox 3271 5762 3493 5816; x_wconf 85' lang='lat' dir='ltr'><strong>prtanns</strong></span> <span class='ocrx_word' id='word_1_970' title='bbox 3520 5762 3572 5799; x_wconf 91' lang='lat' dir='ltr'><strong>In</strong></span> <span class='ocrx_word' id='word_1_971' title='bbox 3595 5762 3784 5815; x_wconf 56' lang='lat' dir='ltr'><strong>cpiam:</strong></span> 
     </span>
     <span class='ocr_line' id='line_1_69' title="bbox 521 5762 3784 5884; baseline 0.006 -29"><span class='ocrx_word' id='word_1_972' title='bbox 521 5799 824 5862; x_wconf 79' lang='lat' dir='ltr'><strong>Constantii</strong></span> <span class='ocrx_word' id='word_1_973' title='bbox 850 5814 906 5861; x_wconf 92' lang='lat' dir='ltr'><strong>et</strong></span> <span class='ocrx_word' id='word_1_974' title='bbox 927 5807 1255 5863; x_wconf 79' lang='lat' dir='ltr'><strong>Arianorum</strong></span> <span class='ocrx_word' id='word_1_975' title='bbox 1287 5816 1506 5864; x_wconf 83' lang='lat' dir='ltr'><strong>conatu.</strong></span> <span class='ocrx_word' id='word_1_976' title='bbox 1545 5806 1626 5863; x_wconf 69' lang='lat' dir='ltr'><strong>E1:</strong></span> <span class='ocrx_word' id='word_1_977' title='bbox 1674 5807 1859 5876; x_wconf 71' lang='lat' dir='ltr'><strong>quibus</strong></span> <span class='ocrx_word' id='word_1_978' title='bbox 1910 5807 2109 5878; x_wconf 79' lang='lat' dir='ltr'><strong>uideas,</strong></span> <span class='ocrx_word' id='word_1_979' title='bbox 2218 5809 2349 5866; x_wconf 88' lang='lat' dir='ltr'><strong>edit.</strong></span> <span class='ocrx_word' id='word_1_980' title='bbox 2385 5812 2687 5867; x_wconf 73' lang='lat' dir='ltr'><strong>Btluziantc</strong></span> <span class='ocrx_word' id='word_1_981' title='bbox 2709 5811 2774 5869; x_wconf 82' lang='lat' dir='ltr'><strong>ad.</strong></span> <span class='ocrx_word' id='word_1_982' title='bbox 2806 5811 3069 5884; x_wconf 63' lang='lat' dir='ltr'><strong>Martyres</strong></span> <span class='ocrx_word' id='word_1_983' title='bbox 3113 5826 3168 5874; x_wconf 85' lang='lat' dir='ltr'><strong>ct</strong></span> <span class='ocrx_word' id='word_1_984' title='bbox 3221 5762 3613 5875; x_wconf 43' lang='lat' dir='ltr'><strong>Confessores:</strong></span> <span class='ocrx_word' id='word_1_985' title='bbox 3639 5808 3784 5867; x_wconf 59' lang='lat' dir='ltr'><strong>Cm“</strong></span> 
     </span>
    </p>
   </div>
   <div class='ocr_carea' id='block_1_67' title="bbox 3915 1576 3928 2098">
    <p class='ocr_par' dir='ltr' id='par_1_67' title="bbox 3915 1576 3925 2006">
     <span class='ocr_line' id='line_1_70' title="bbox 3915 1576 3919 1724; baseline 0 -100"><span class='ocrx_word' id='word_1_986' title='bbox 3915 1576 3919 1724; x_wconf 31' lang='grc' dir='ltr'>ἢ</span> 
     </span>
     <span class='ocr_line' id='line_1_71' title="bbox 3923 1960 3925 2006; baseline 0 0"><span class='ocrx_word' id='word_1_987' title='bbox 3923 1960 3925 2006; x_wconf 59' lang='grc' dir='ltr'>ι</span> 
     </span>
    </p>
   </div>
  </div>
