4042 6338
266 308 407 367 1017

1186 307 1600 368 MORIENDUM
1638 306 1813 366 ESSE
1854 306 1991 365 PRO
2032 306 2145 364 DEI
2185 306 2368 366 FlLlO
2405 307 2639 367 LIBER.

3433 308 3574 373 1018

261 430 609 489 retardamur
649 429 883 503 denique
934 429 1003 486 ab
1057 429 1174 487 acie
1236 438 1632 487 tormentorum
1688 439 1859 498 metu,
1888 426 2413 505 Acircumscriptor
2442 426 2819 484 innocentium
2854 426 2910 484 in
2934 437 3024 484 tua
3044 438 3229 486 mente
3247 429 3433 487 sedem
3468 431 3572 489 sibi

260 526 359 582 sed
390 526 521 598 ipsis
539 527 711 600 magis
733 526 841 582 tuis
857 524 1147 581 tormentis
1173 524 1242 580 ad
1268 524 1440 580 aciem
1465 536 1855 597 provocamur.

262 617 392 675 Haec
420 619 493 675 ita
518 633 642 675 esse
660 633 859 691 negare
882 635 991 674 non
1028 618 1255 690 poteris,
1302 616 1523 689 quando
1552 616 1860 689 conspicias

262 721 288 750 θ
322 713 441 784 pari
488 724 543 770 et
592 713 755 769 simili
804 713 983 770 calore
1011 713 1228 770 virtutis
1254 712 1595 769 Christianos
1636 721 1751 767 toto
1805 711 1857 768 in

260 808 402 864 orbe
421 808 489 864 ad
544 809 844 881 gerendum
889 818 1164 866 certamen
1198 810 1487 875 animatos,
1538 807 1757 879 quando
1781 807 1860 863 vi-

258 902 415 968 deas,
442 902 667 959 militem
694 902 922 972 Christi,
953 905 1323 975 incorruptam
1369 903 1494 960 ﬁdei
1542 903 1857 959 firmitatem

258 997 406 1069 quod
434 1012 539 1053 non
570 997 911 1056 detestandae
938 1010 1045 1055 tua:
1072 998 1351 1056 blanditiae
1400 998 1701 1073 decipiant,
1749 1014 1858 1054 non

258 1090 427 1145 minae
457 1090 658 1147 furoris
690 1094 765 1148 tui
791 1102 1053 1160 terreant,
1084 1109 1193 1150 non
1221 1094 1493 1151 cruciatus
1516 1103 1621 1149 tua:
1641 1093 1861 1150 carniﬁ-

254 1182 397 1240 cinae
418 1198 483 1239 ac
503 1192 774 1241 tormenta
797 1186 1135 1243 crudelitatis
1152 1187 1465 1254 devincant,
1487 1187 1580 1244 illo
1601 1188 1860 1244 videlicet

260 1276 317 1331 in
359 1276 519 1333 nobis
551 1288 827 1346 manente,
878 1290 932 1337 et
961 1281 1243 1337 nobiscum
1268 1296 1489 1353 semper
1535 1282 1852 1349 constituto,

252 1367 349 1439 qui
366 1370 434 1425 ad
464 1370 655 1427 beatos
677 1373 957 1444 apostolos
973 1373 1173 1431 dixerit
1203 1392 1215 1429 ε
1257 1373 1530 1430 Vobiscum
1549 1393 1664 1429 sum
1692 1376 1859 1429 omni-

254 1461 349 1517 bus
379 1463 560 1519 diebus
590 1482 750 1537 usque
773 1466 842 1522 ad
871 1470 1363 1524 consummationem
1393 1471 1570 1525 steculi
1614 1470 1636 1543 (
1661 1469 1854 1525 Matth.

254 1573 444 1627 xxvut,
469 1560 588 1631 20).
620 1561 715 1616 Est
764 1562 966 1633 ubique
990 1577 1256 1634 praesens,
1286 1564 1414 1635 quia
1445 1563 1798 1635 omnipotens
1827 1563 1854 1602 δ

251 1653 367 1720 sit,
424 1654 593 1711 Filius
643 1665 815 1713 totum
875 1668 1102 1727 potens,
1134 1660 1223 1714 cui
1262 1674 1386 1714 cum
1434 1659 1598 1715 Patre
1640 1674 1746 1714 una
1785 1658 1859 1714 sit

248 1748 531 1803 aternitas
559 1757 721 1821 atque
747 1757 993 1820 potestas
1012 1750 1217 1807 divina.
1252 1750 1359 1808 Sed
1412 1759 1463 1806 te
1489 1760 1692 1822 quanta
1726 1751 1856 1807 cali-

1963 521 2285 589 collocasse,
2306 531 2361 578 et
2376 522 2662 579 arbitraris
2677 537 2783 578 non
2805 530 2858 579 te
2882 522 3061 579 adhuc
3077 524 3451 595 publicatum?
3477 525 3575 582 ad-

1964 612 2070 670 huc
2087 614 2141 669 in
2162 629 2340 680 ovem,
2367 628 2490 670 cum
2511 614 2589 671 sis
2608 614 2789 685 lupus,
2814 613 3160 686 perfrigescis
3180 625 3261 682 tu,
3284 619 3420 687 quia
3441 632 3572 674 san-

1962 707 2227 764 ctissimis
2258 706 2543 778 prephetis
2574 708 2755 764 bestia
2790 707 3117 777 nominaris,
3159 724 3189 765 a
3235 709 3571 768 beatissimis

1960 805 2224 875 apostolis
2242 804 2396 861 canis
2428 818 2492 879 ac
2524 804 2685 875 lupus
2724 820 2916 874 rapax,
2947 805 3298 873 subornatus,
3333 821 3455 863 cum
3489 808 3567 864 sis

1961 898 2245 969 operarius
2298 897 2620 969 iniquitatis,
2672 906 2954 969 tamquam
3004 899 3253 956 minister
3292 899 3563 970 iustitiae:

1962 1000 2018 1049 et
2043 1003 2094 1048 te
2122 1006 2243 1048 esse
2280 991 2558 1047 hominem
2602 1000 2966 1060 censes,‘cum
2998 992 3133 1048 nihil
3189 994 3427 1048 hominis
3471 992 3578 1050 nisi

1960 1086 2294 1143 lineamenta
2322 1101 2386 1142 ac
2416 1100 2686 1141 summam
2716 1084 2947 1156 ﬁguram
2978 1085 3169 1156 geras?
3200 1086 3365 1142 Doles
3389 1095 3440 1142 te
3469 1085 3569 1140 im-

1962 1196 2178 1238 manem
2222 1180 2453 1237 bestiam
2500 1180 2628 1247 dici,
2681 1179 2817 1235 nihil
2865 1191 2916 1235 te
2965 1179 3208 1236 hominis
3255 1181 3363 1235 nisi
3396 1180 3570 1236 linea-

1961 1288 2142 1333 menta
2172 1293 2237 1335 ac
2266 1295 2536 1336 summam
2566 1295 2759 1351 gerere
2786 1279 3039 1350 ﬁguram.
3086 1281 3203 1346 Dic,
3237 1296 3446 1350 quaeso,
3496 1297 3566 1336 an

1960 1373 2161 1444 possis,
2218 1374 2593 1431 innocentium
2624 1374 3008 1444 interemptor,
3041 1374 3247 1429 merito
3276 1372 3385 1429 dici
3413 1370 3572 1429 Chri-

1961 1467 2198 1536 stianus,
2222 1477 2278 1524 et
2326 1486 2431 1524 non
2482 1470 2669 1541 potius
2725 1470 2971 1536 insanus,
3008 1468 3203 1537 hebes,
3240 1482 3571 1539 vecorsque,

1961 1559 2134 1616 hostis
2160 1562 2364 1634 quippe
2392 1563 2484 1619 Dei
2519 1563 2821 1635 religionis,
2859 1563 2912 1618 in
2945 1579 3050 1635 qua
3080 1562 3276 1635 pietas,
3306 1562 3566 1619 humani-

1960 1663 2065 1724 tas,
2096 1659 2386 1729 omnisque
2409 1657 2621 1730 justitia
2653 1668 2929 1727 versatur,
2993 1659 3047 1713 in
3076 1672 3184 1730 qua
3209 1674 3311 1715 nec
3358 1658 3567 1714 malum

1960 1763 2060 1818 pro
2114 1751 2263 1805 malo
2319 1751 2551 1807 discitur
2597 1751 2857 1820 reddere,
2892 1753 2944 1807 in
2996 1767 3102 1823 qua
3136 1766 3242 1808 non
3286 1750 3564 1820 occidere,

247 1854 321 1911 go
368 1840 648 1898 obsederit
702 1842 1097 1899 incredulitatis
1119 1884 1135 1912 ,
1213 1849 1523 1915 quantaque
1597 1842 1850 1899 tenebra—
1882 1850 1930 1911 B
1955 1843 2050 1900 sed
2080 1844 2256 1900 occidi
2289 1855 2511 1916 propter
2539 1846 2636 1902 Dei
2662 1846 2863 1902 Filium
2894 1844 3196 1903 docemur?
3235 1844 3315 1901 Tu
3339 1845 3569 1902 sacrileo

247 1953 371 1995 rum
399 1949 455 1995 et
478 1955 731 1996 errorum
764 1941 937 1997 nubes
982 1950 1131 1997 tuum
1165 1953 1356 2012 pectus
1387 1941 1695 2008 obduxerit,
1749 1940 1857 1997 dici

247 2048 358 2090 non
390 2042 595 2103 potest,
620 2034 714 2107 qui
741 2050 863 2091 cum
892 2045 943 2091 te
970 2035 1339 2092 Christianum
1364 2036 1559 2108 ﬁngas,
1593 2034 1857 2092 Christia-

245 2144 377 2185 num
405 2136 585 2184 tamen
613 2144 810 2186 nomen
834 2145 864 2186 e
886 2129 1068 2185 medio
1090 2130 1307 2186 auferre
1330 2131 1539 2187 nitaris.
1564 2129 1714 2186 Inter
1736 2128 1856 2185 haec

253 2222 480 2281 daturos
532 2224 778 2296 legentes
821 2224 1033 2280 veniam
1085 2225 1402 2295 conspicere
1446 2223 1657 2290 debes,
1708 2221 1853 2294 quod

249 2333 354 2390 pro
379 2317 576 2374 merito
600 2318 892 2389 impietatis
923 2326 1031 2374 tua:
1051 2316 1304 2373 facundia
1333 2317 1628 2373 mediocris
1649 2317 1851 2388 ingenii

251 2413 358 2468 mei
390 2412 456 2467 ad
483 2412 874 2468 exsecrandum
903 2422 953 2467 te
980 2411 1294 2469 describere
1321 2427 1428 2468 non
1456 2412 1718 2477 valuerit;
1751 2409 1850 2465 de-

245 2506 395 2561 disse
416 2522 504 2561 me
534 2506 737 2562 etenim
766 2505 1023 2562 videbant
1072 2506 1302 2562 formam
1357 2505 1629 2562 universis
1682 2505 1848 2560 Deum

244 2598 583 2667 timentibus,
606 2599 1018 2670 praebuisseque
1034 2600 1316 2655 materiam
1335 2597 1673 2665 tractaturis,
1698 2613 1806 2670 quo
1826 2609 1845 2636 ο

240 2702 297 2751 te
343 2693 537 2750 ordine
570 2703 796 2766 possent
831 2696 949 2751 sine
990 2696 1114 2750 vita:
1142 2704 1364 2751 aeterne
1392 2694 1669 2750 radicibus
1698 2695 1846 2765 posi-

243 2797 359 2843 tum
390 2802 605 2844 secare.
639 2787 752 2844 Nec
801 2798 851 2843 te
879 2789 1158 2845 maledicis
1186 2789 1413 2845 vocibus
1444 2789 1595 2845 dicas
1632 2804 1661 2843 a
1690 2789 1849 2845 nobis

245 2882 547 2955 obiurgari,
580 2884 624 2938 si
654 2898 774 2954 quae
803 2884 999 2955 dignus
1024 2898 1085 2939 es
1109 2881 1135 2920 ί¹
1164 2899 1193 2938 a
1226 2884 1477 2951 rusticis,
1509 2883 1634 2939 licet
1666 2893 1845 2939 tamen

246 2975 595 3043 Christianis,
626 2976 805 3034 audis.
839 2977 1098 3033 Novimus
1128 2993 1233 3034 non
1260 2976 1719 3044 maledicendum,
1748 2977 1845 3033 sed

248 3071 439 3141 magis”
474 3080 693 3143 propter
748 3072 999 3129 inimicos
1053 3073 1393 3143 rogandum:
1428 3071 1599 3127 Filius
1642 3072 1842 3128 etenim

239 3167 362 3232 Dei,
395 3181 575 3223 rerum
607 3182 729 3222 cum
753 3168 823 3224 sit
851 3167 1138 3235 Dominus,
1189 3177 1369 3223 tamen
1397 3182 1518 3223 cum
1551 3166 1841 3223 maledice-

1962 1953 2028 2009 go
2059 1948 2258 1994 conatu
2312 1950 2425 2005 tuo,
2469 1948 2846 2010 contemptam
2884 1955 3081 1994 vanam
3134 1938 3575 1995 dominationem

1963 2039 2106 2084 tuam
2131 2030 2510 2098 considerans,
2535 2040 2806 2088 tormenta
2848 2031 3142 2099 admoves;
3176 2031 3272 2087 sed
3306 2040 3391 2087 cst
3436 2046 3565 2102 pro-

1962 2131 2137 2179 tector
2163 2132 2186 2161 ε
2216 2123 2365 2191 ﬁdei,
2392 2124 2730 2196 gubernator
2759 2125 2979 2193 salutis,
3024 2134 3206 2180 rector
3236 2124 3566 2192 animarum,

1957 2233 2118 2290 quem
2149 2233 2250 2274 nos
2282 2219 2523 2290 impellis
2574 2236 2775 2292 negare
2828 2235 3079 2291 semper,
3110 2220 3396 2276 nobiscum
3422 2235 3564 2276 sem-

1960 2331 2055 2385 per
2094 2313 2248 2371 adest
2276 2316 2563 2371 certamini
2610 2324 2822 2381 nostro,
2856 2316 2983 2387 quia
3016 2315 3357 2387 prreliatorcs
3398 2324 3566 2386 atque

1955 2421 2262 2466 assertores
2287 2409 2455 2466 divini
2488 2410 2572 2466 sui
2619 2410 2859 2466 nominis
2891 2410 3086 2482 erigat.
3118 2409 3259 2466 Hinc
3300 2419 3385 2466 est
3416 2408 3561 2481 quod

1954 2504 2321 2560 servientibus
2356 2501 2374 2541 ί
2410 2504 2696 2575 injustitiae
2743 2514 2849 2559 tua:
2898 2518 2961 2560 ac
2988 2502 3277 2572 ministris,
3327 2501 3429 2557 hoc
3478 2510 3563 2557 est

1952 2597 2407 2655 concarniﬁcibns
2461 2598 2567 2653 tuis
2623 2596 3026 2669 torquentibus,
3088 2606 3300 2653 stemus
3354 2593 3548 2651 fortio-

1954 2706 2065 2758 res,
2097 2691 2460 2747 inanimamur
2501 2702 2556 2747 ut
2580 2702 2726 2747 tuam
2750 2691 3014 2762 ungulatn
3044 2702 3201 2747 artus
3232 2690 3402 2745 nostri
3433 2689 3557 2759 pul-

1952 2786 2057 2844 sati
2078 2802 2142 2843 ac
2170 2788 2358 2843 laniati
2404 2796 2689 2858 superent.
2719 2786 3008 2855 Quomodo
3058 2786 3561 2858 eteniminexpng-

1952 2886 2193 2943 nabilem
2222 2886 2384 2944 ﬁdem
2416 2901 2681 2959 superare
2729 2887 2933 2956 poterit
2984 2887 3223 2942 saeviens
3268 2885 3359 2941 diu
3405 2884 3561 2956 plaga

1952 2981 2210 3053 repetita,
2242 2995 2366 3037 cum
2397 2981 2577 3037 omnis
2610 2980 2769 3037 miles
2800 2979 3004 3035 Christi
3052 2979 3194 3035 sciat
3223 2979 3423 3049 ipsum,
3458 2991 3557 3045 pro

1948 3092 2059 3149 quo
2085 3077 2311 3148 patitur,
2342 3090 2526 3132 secum
2560 3091 2685 3131 esse
2734 3083 3086 3145 prmsentem,
3117 3072 3562 3144 gaudentemque

1947 3170 2017 3227 de
2072 3186 2299 3228 suorum
2355 3170 2645 3227 tolerantia
2686 3170 3013 3226 servorum?
3056 3169 3275 3225 Stamus
3307 3178 3331 3215 ε
3363 3167 3552 3237 utique

239 3271 413 3325 retur.
445 3276 552 3317 non
582 3261 1024 3318 remaledicebat.
1050 3262 1339 3331 Caeterum,
1372 3263 1416 3319 si
1446 3278 1627 3318 rerum
1665 3261 1835 3318 male-
1862 3253 1907 3318 C
1938 3262 2126 3320 famuli
2156 3263 2363 3320 Christi
2411 3265 2532 3335 ejus
2584 3264 2878 3335 majestate
2910 3262 3131 3327 ﬁrmati,
3166 3277 3301 3317 voce
3360 3261 3551 3328 libera,

238 3355 449 3410 diceret
503 3354 763 3411 Dominus
798 3397 812 3421 ,
866 3365 1028 3412 tanta:
1081 3357 1268 3427 utique
1309 3356 1615 3427 majestatis
1666 3357 1839 3426 impe-

170 3512 179 3519 ,
239 3457 294 3503 tu
341 3447 591 3503 universa
623 3447 989 3505 conciderent.
1044 3450 1192 3505 Dicis
1218 3451 1405 3522 utique
1444 3449 1510 3505 ad
1539 3449 1656 3506 haec
1685 3468 1699 3506 :
1728 3449 1840 3506 Do-

239 3543 411 3598 minus
442 3552 490 3597 te
514 3544 691 3598 mitem
722 3560 830 3599 esse
856 3545 1017 3599 voluit
1046 3546 1237 3616 quippe
1262 3545 1544 3599 antistitem
1573 3561 1756 3612 suum,
1790 3556 1837 3601 et

238 3647 294 3690 tu
325 3645 374 3691 te
403 3636 718 3706 pervicacem
744 3652 825 3691 me
846 3637 986 3692 circa
1016 3638 1229 3706 praebes.
1262 3635 1551 3707 Propheta:
1570 3676 1585 3700 ,
1617 3645 1837 3707 aposto-

239 3729 301 3797 li,
333 3739 392 3786 et
415 3730 615 3787 chorus
638 3731 1046 3801 evangeliorum
1088 3747 1192 3786 non
1226 3730 1583 3788 occidendum
1612 3730 1831 3797 docent,

238 3830 295 3877 tu
325 3832 509 3879 contra
550 3823 663 3880 Deo
691 3823 927 3895 dignaris
963 3823 1273 3880 interﬁcere
1306 3823 1537 3880 dicatos.
1566 3822 1833 3881 Christia-

237 3916 295 3973 ni
326 3916 393 3974 ad
417 3917 738 3989 placandum
787 3934 946 3989 quem
978 3918 1211 3974 colimus
1240 3919 1324 3975 his
1352 3919 1518 3975 rebus
1548 3934 1684 3991 opus
1713 3934 1835 3975 esse

235 4013 509 4080 novimus,
535 4012 731 4084 quibus
773 4012 923 4068 illum
956 4012 1218 4069 delectari
1249 4028 1311 4068 ac
1336 4012 1573 4084 gaudere
1602 4013 1831 4071 scimus.

231 4107 290 4164 Si
326 4107 491 4179 igitur
514 4107 727 4176 placere
747 4106 1086 4162 censendum
1135 4114 1219 4162 est
1252 4120 1413 4176 posse
1444 4104 1556 4162 Deo
1580 4105 1723 4176 quod
1756 4106 1835 4161 fa-

231 4199 333 4265 cis,
357 4213 549 4255 omnes
595 4212 695 4254 nos
741 4207 956 4268 oportet
988 4198 1289 4255 homicidas
1335 4214 1481 4265 esse,
1528 4200 1832 4270 sacrilegos

230 4308 296 4350 ac
326 4293 697 4365 blasphemos.
727 4293 772 4352 Ο
797 4292 1109 4363 Constanti,
1143 4311 1305 4364 quam
1360 4295 1596 4365 ingentis
1626 4295 1703 4350 sis
1735 4295 1831 4351 de-

229 4387 475 4455 mentiae,
503 4386 707 4445 videris
738 4406 750 4443 :
784 4389 1121 4459 conSpicitur
1151 4397 1428 4443 veterator
1461 4388 1550 4443 ille
1580 4387 1827 4453 subtilis,

226 4518 425 4575 pugna,
450 4503 606 4557 crevit
632 4511 682 4557 et
716 4501 1055 4575 pugnantium
1082 4502 1283 4575 gloria;
1302 4517 1394 4575 nec
1421 4499 1668 4575 retardati
1700 4501 1822 4555 estis
1853 4504 1902 4563 Ι)

225 4574 289 4628 ab
319 4574 431 4628 acie
485 4573 855 4629 tormentorum
910 4573 1200 4638 metu,’sed
1240 4574 1366 4642 ipsis
1407 4573 1672 4628 tormentis
1712 4590 1823 4626 ma-

225 4646 307 4718 gis
328 4662 389 4699 ac
420 4647 584 4718 magis
613 4648 729 4701 estis
759 4648 827 4701 ad
878 4645 1039 4718 aciem
1063 4717 1066 4718 7
1090 4644 1459 4718 provocatitln
1490 4653 1635 4718 textu
1667 4643 1825 4700 Luci—

226 4715 329 4772 feri
368 4733 469 4789 pro
495 4715 559 4773 ne
579 4720 907 4773 retardamur
950 4716 1219 4773 edidimus
1272 4731 1338 4773 ex
1385 4716 1582 4771 thtinii
1607 4731 1826 4772 correc-

227 4790 403 4855 tione,
444 4806 536 4844 nec
573 4789 923 4844 retardantur.
1568 4800 1571 4805 ‘

302 4871 337 4935 πῂ
354 4860 590 4917 Rursum
641 4860 950 4935 Cyprianus
990 4859 1183 4916 eodem
1208 4859 1291 4935 “in
1342 4861 1463 4935 loco
1486 4862 1507 4915 :‘
1530 4858 1653 4935 lam
1682 4876 1825 4935 com-_

225 4933 432 5006 peri..._.
456 4932 811 4999 universos...,
835 4933 951 5006 pari
995 4949 1058 4987 ac
1099 4933 1257 4988 simili
1295 4933 1471 5006 calore
1518 4932 1825 5006 virtutisgad

225 5003 511 5077 gerendum
555 5016 811 5060 certamen
835 5003 1204 5077 animatae...
1231 5013 1284 5059 ut
1320 5005 1673 5077 incorruptam
1702 5003 1825 5072 ﬁdei

223 5076 521 5147 ﬁrmitatem
551 5094 653 5133 non
679 5077 946 5132 blanditia:
975 5075 1255 5145 decipiant,
1275 5094 1380 5131 non
1406 5075 1560 5131 mina:
1581 5087 1823 5138 terreant,

223 5163 331 5221 non
361 5150 621 5203 cruciatus
662 5167 725 5204 ac
762 5158 1015 5221 tormenta
1043 5148 1311 5221 devincam
1340 5149 1503 5221 :quia
1530 5150 1700 5221 major
1725 5158 1823 5214 est,

221 5220 316 5293 qui
343 5222 399 5293 in
428 5223 574 5275 nobis
597 5232 692 5285 est.
717 5238 872 5293 quam
896 5220 984 5291 qui
1005 5229 1079 5274 est
1101 5220 1155 5274 in
1171 5222 1267 5275 hoc
1288 5219 1501 5275 mundo.

298 5290 326 5331 δ
360 5289 762 5362 Omnipotentis.
787 5289 960 5349 Vatic.

302 5374 325 5401 ε
358 5364 486 5435 llaec
510 5364 580 5419 de
612 5364 753 5419 libro
782 5363 1128 5434 intelligenda
1156 5362 1429 5430 videntur,
1460 5378 1622 5435 quem
1652 5364 1829 5435 scrip-

223 5435 299 5491 sit
326 5436 394 5490 atl
422 5434 799 5493 Constantium
846 5437 912 5490 de
940 5433 1042 5490 non
1065 5435 1323 5505 parcendo
1350 5438 1405 5489 iu
1449 5433 1619 5491 Deum
1655 5433 1826 5492 delin-

220 5508 519 5578 quentibus.

295 5577 325 5615 ά
363 5579 560 5650 Dignus
589 5598 643 5636 es
667 5580 871 5647 audite,
893 5579 1169 5647 arusticis,
1189 5590 1295 5635 etc.
1325 5578 1576 5635 Galland.

301 5661 326 5688 ε
360 5651 490 5725 Item
514 5651 822 5725 Cyprianus
851 5655 901 5707 in
935 5652 1055 5707 loco
1087 5653 1253 5721 paulo
1288 5653 1540 5716 superius
1563 5652 1783 5707 laudato
1813 5671 1825 5705 :

225 5722 403 5797 Quam
432 5721 579 5778 ltetus
622 5724 734 5797 illic
762 5724 1021 5797 Christus,
1042 5725 1287 5797 fuit....et
1330 5724 1445 5777 vicit
1488 5734 1742 5792 protector
1766 5725 1831 5795 fi-

223 5795 408 5850 dei....
438 5796 706 5868 certamini
746 5812 847 5854 suo.
873 5795 1077 5868 adfuit"
1102 5796 1420 5867 prteliatores
1472 5805 1625 5864 atque
1662 5813 1831 5850 asser-

226 5872 366 5922 tores
384 5867 466 5923 sui
492 5868 712 5925 nominis
742 5870 902 5923 erexit

1945 3369 2129 3416 mente
2157 3360 2495 3431 incorrupta,
2536 3361 2660 3417 telis
2686 3360 2904 3432 quidem
2929 3360 3208 3430 l'ragilibns
3240 3358 3366 3426 tuis,
3395 3358 3549 3427 nudi,

1940 3454 2036 3510 sed
2076 3454 2168 3509 illa
2196 3454 2374 3511 induti
2405 3471 2580 3524 arma,
2605 3472 2723 3527 qua:
2753 3469 2854 3511 nos
2878 3462 2934 3509 ut
2956 3452 3310 3509 inducremns
3342 3463 3427 3508 est
3455 3452 3551 3508 de-

1941 3555 2192 3618 precatus
2218 3547 2411 3605 beatus
2435 3549 2718 3619 apostolus
2746 3548 2941 3604 dicens
2976 3567 2987 3601 :
3020 3546 3097 3601 De
3123 3558 3311 3602 cetera
3358 3547 3552 3618 conﬁr-

1938 3641 2152 3695 mamini
2180 3638 2208 3677 ¹ι
2236 3641 2291 3696 in
2314 3640 2540 3697 Domino
2570 3652 2617 3696 et
2661 3643 2713 3696 in
2741 3642 2972 3714 potentia
3002 3642 3207 3696 virta'is
3230 3643 3343 3711 ejus
3375 3640 3537 3712 (Eph.

1940 3749 2017 3802 v1,
2051 3734 2162 3806 10).
2191 3736 2300 3793 Et:
2333 3734 2546 3790 Induite
2568 3753 2715 3790 arma
2756 3734 2876 3801 Dei,
2910 3745 2964 3789 ut
3011 3735 3218 3807 possitis
3263 3745 3402 3789 stare
3453 3734 3551 3787 ad-

1938 3844 2113 3884 versus
2137 3829 2364 3884 remedia
2396 3828 2411 3866 ί
2445 3829 2662 3895 diaboli,
2687 3830 2808 3897 quia
2838 3846 2940 3884 non
2982 3841 3053 3884 est
3082 3828 3223 3883 vobis
3251 3826 3551 3883 colluctatio

1936 3920 2181 3978 adversus
2212 3940 2419 3979 carnem
2438 3932 2485 3978 et
2514 3924 2839 3996 sanguinem,
2869 3922 2961 3977 sed
2990 3934 3173 3977 contra
3198 3923 3210 3972 i
3256 3932 3548 3992 potestates,

1937 4026 2116 4070 contra
2137 4016 2292 4087 huius
2322 4017 2507 4072 mundi
2545 4027 2765 4073 rectores
2818 4017 3139 4072 tenebrarum
3185 4017 3394 4083 harum,
3426 4033 3550 4070 con-

1940 4121 2019 4163 tra
2049 4110 2315 4179 spiritalia
2362 4111 2607 4183 nequitia:
2657 4112 2711 4166 in
2752 4110 3062 4165 caelestibus.
3094 4108 3385 4180 Propterea
3406 4111 3547 4162 acci-

1938 4204 2040 4271 pite
2065 4220 2210 4257 arma
2234 4200 2353 4270 Dei,
2384 4215 2439 4257 ut
2489 4205 2696 4275 possitis
2724 4206 2961 4259 resistere
3006 4205 3059 4257 in
3089 4204 3172 4257 die
3196 4202 3355 4268 malo,
3416 4212 3462 4254 et
3492 4203 3544 4253 in

1938 4296 2172 4350 omnibus
2220 4295 2662 4369 perfectikstare,
2712 4297 2977 4369 prwcincti
3022 4296 3219 4351 lumbos
3256 4307 3449 4350 vestros
3494 4296 3545 4349 in

1938 4390 2173 4456 veritate,
2232 4390 2503 4444 indicentes
2551 4388 2765 4444 loricam
2787 4390 3034 4464 justitite,
3059 4400 3107 4443 et
3160 4387 3367 4443 calciati
3391 4388 3547 4459 pedes

2011 4498 2030 4539 ί
2056 4502 2191 4557 Cum
2208 4501 2615 4567 Gallandio,nbi
2632 4504 2840 4558 Tiliana
2856 4501 3275 4558 editiobabebat
3298 4502 3545 4567 serviens,

1930 4573 2179 4646 Latinius
2190 4586 2245 4630 et
2260 4574 2652 4643 Lugdunenses
2670 4575 2963 4629 servientes.
2983 4574 3287 4646 Cyprianus
3306 4572 3358 4628 in
3380 4577 3542 4644 epist.

1926 4646 1974 4701 la
1983 4645 2435 4719 u_data:Steterunt
2451 4648 2571 4701 torti
2589 4648 2941 4719 torquentibus
2953 4645 3268 4717 [or’tiores,et
3282 4647 3546 4719 pulsantes

1926 4716 2253 4772 aclaniantes
2278 4718 2497 4789 ungulas
2513 4720 2718 4787 pulsata
2739 4716 3011 4774 aclaniata
3032 4720 3259 4773 membra
3283 4716 3541 4772 uicerunt.

2001 4798 2038 4861 κγ
2058 4789 2364 4861 Cyprianus
2416 4790 2619 4846 ibidem
2654 4808 2667 4844 :
2705 4790 2850 4845 Vidit
2904 4791 3173 4844 admirans
3204 4790 3541 4861 prtesentium

1930 4860 2550 4918 multitudo....stetisse
2602 4879 2774 4918 servos
2834 4861 3088 4932 (Christi)
3147 4877 3265 4916 voce
3334 4860 3540 4927 libera,

1933 4942 2098 4987 tuente
2125 4933 2449 5003 incorrupta,
2488 4935 2680 4989 virtute
2707 4935 2906 4997 divina,
2943 4934 3057 4989 telis
3085 4932 3293 5003 quidem
3321 4933 3542 4987 sarcula-

1927 5004 2283 5076 ribus_nudos,
2308 5006 2399 5059 sed
2426 5008 2587 5060 armis
2614 5006 2737 5076 ﬁdei
2765 5007 3312 5076 credentesarmatos.

2003 5073 2029 5112 ¹ι
2054 5074 2457 5148 Confortamini,
2491 5090 2545 5132 et
2592 5073 2648 5131 in
2679 5080 2979 5149 potentiam.
3014 5075 3169 5132 Vers.
3218 5074 3349 5132 Ant.
3403 5073 3539 5130 Con.

1936 5150 2226 5219 (rimamini,
2264 5149 2407 5205 idem
2435 5149 2655 5205 Lucifer
2696 5150 2857 5206 infra.

2009 5218 2318 5275 iInsidias.
2379 5221 2510 5275 Ead.
2561 5220 2699 5277 Vide
2757 5231 2941 5278 notata
2996 5222 3049 5275 in
3096 5220 3191 5276 lib.
3247 5217 3285 5273 Ξ
3325 5234 3423 5289 pro
3480 5220 3540 5275 S.

1929 5289 2131 5347 Athan.
2157 5303 2211 5347 ct
2244 5293 2404 5362 paulo
2436 5293 2595 5348 infra.

2006 5366 2021 5413 l
2048 5363 2238 5419 Nullus
2258 5365 2469 5426 dubito.
2501 5365 2630 5436 quin
2660 5365 2943 5436 scripserit
2961 5363 3176 5419 Lucifer
3201 5364 3546 5436 contraprin-

1931 5435 2095 5503 cipes,
2116 5446 2297 5491 contra
2316 5435 2609 5502 potestates.
2630 5435 2876 5493 Galland.
2908 5437 2976 5491 Et
3005 5439 3073 5491 ita
3125 5436 3346 5505 quidem
3396 5435 3537 5506 logi-

1932 5517 2019 5561 tnr
2067 5508 2119 5563 in
2160 5508 2352 5565 Graeco
2386 5526 2398 5561 :
2428 5509 2521 5563 sed
2575 5520 2766 5564 auctor
2814 5521 3000 5564 noster
3062 5509 3230 5579 probe
3284 5508 3541 5563 convenit

1932 5594 2054 5653 cum
2076 5579 2227 5636 Vers.
2246 5583 2371 5634 Ant.
2388 5580 2528 5653 apud
2553 5579 2765 5646 Sabat.;
2782 5581 2914 5636 nihil
2934 5592 3222 5653 propterea
3243 5582 3539 5635 immutan-

1931 5650 2060 5722 dum
2089 5662 2175 5708 est
2204 5668 2303 5722 pro
2330 5652 2577 5708 arbitrio.
2937 5650 2945 5651 ί
3040 5650 3051 5653 ⁷
3160 5650 3165 5655 ⁸

2005 5721 2027 5760 ι
2062 5724 2129 5777 In
2149 5721 2381 5778 omnibus
2422 5725 2591 5794 operis
2624 5725 2786 5778 stetis.
2831 5723 2986 5781 Vers.
3020 5723 3151 5781 Ant.
3199 5722 3415 5780 Lucifer
3465 5724 3535 5782 ad

1931 5793 2109 5850 Graeci
2141 5804 2318 5851 textus
2341 5793 2622 5851 amussim.
2655 5794 2905 5851 Galland.
2942 5798 3049 5853 Sed
3083 5797 3243 5852 aliter
3274 5810 3307 5851 a
3330 5798 3538 5853 versio-

1937 5878 2005 5922 ue
2032 5864 2287 5937 Cypriani
2316 5878 2426 5923 tum
2449 5868 2503 5923 in
2526 5867 2621 5925 lib.
2645 5868 2681 5923 3
2710 5866 3012 5925 Testimon.
3040 5880 3149 5925 tum
3183 5869 3238 5925 in
3268 5862 3531 5942 epist.58.
