4042 6338
279 333 412 393 10⁶ὶ¹1

1176 300 1620 392 ’ΜΟΒ1Ε1λ1ΒυΝ1
1663 307 1836 390 assis
1877 295 2016 390 tino
2056 295 2180 388 “aiat
2211 295 2391 389 sum
2430 331 2664 390 LIBER.

3449 305 3590 388 toéz

277 453 426 508 illum
459 452 666 508 scilicet
688 439 775 523 qui
807 447 1146 508 confes-ores
1177 468 1303 508 suos
1336 441 1440 506 non
1470 441 1691 514 deserit,
1724 432 1880 520 cujus
1988 447 2114 516 tuis,
2141 439 2335 518 quibus
2364 439 2414 504 le
2438 443 2648 506 morum
2677 447 2953 520 conjunxit
2982 439 3310 506 similitudo:
3338 447 3591 520 relinque

278 563 378 602 nos
409 545 610 602 milites
659 554 1040 617 agnoscentes,
1089 555 1146 600 ul
1193 543 1450 612 advertis,
1501 541 1883 615 congredimur

278 639 511 704 fortiter,
535 639 857 695 dimicantes
880 648 1212 694 constanter.
1236 638 1449 693 Scimus
1472 637 1613 692 enim
1634 641 1880 706 magnam

277 745 400 789 esse
427 733 730 790 claritatem
752 779 766 802 ,
801 733 1121 789 immensam
1150 732 1573 798 sublimitatem,
1603 747 1665 786 ac
1693 729 1881 801 Singu-

277 824 447 882 la'rem
494 826 859 893 sanctitatem,
905 827 1072 882 vitam
1106 825 1298 883 salutis
1338 833 1556 882 (eterna:
1597 823 1882 880 honestate

277 919 549 991 passionis
579 935 780 977 ornare
805 963 820 987 ,
853 921 1148 977 maximam
1179 933 1298 976 esse
1327 919 1659 976 nobilitatem
1695 929 1880 992 potes-

278 1011 403 1070 tatis
434 1026 534 1070 tua:
565 1021 833 1071 tormenta
864 1025 1214 1071 contemnere
1240 1058 1252 1079 ,
1289 1031 1389 1071 nec
1417 1015 1644 1071 horrere
1673 1013 1885 1070 calcare

277 1107 352 1171 te,
385 1123 484 1161 nec
509 1115 653 1162 tuam
688 1107 894 1163 rabiem
929 1110 1334 1177 pertimescere,
1367 1105 1454 1178 qui
1481 1107 1532 1161 i'u
1563 1107 1885 1162 innocentes

281 1210 386 1254 tam
413 1201 601 1256 rabide
626 1195 806 1268 smvis,
837 1201 950 1272 qui,
978 1217 1100 1257 cum
1133 1201 1208 1256 sis
1239 1200 1615 1272 blasphemim,
1645 1209 1700 1255 et
1723 1201 1884 1270 injus-

278 1295 430 1361 litim,
465 1303 521 1351 et
553 1295 716 1351 totius
747 1294 1085 1352 Crudelitatis
1111 1291 1326 1359 doctor,
1359 1305 1537 1350 tamen
1570 1303 1595 1331 ⁸
1617 1292 1881 1350 Christia-

279 1401 407 1442 num
443 1396 493 1442 te
523 1385 691 1459 pium,
725 1387 1067 1458 prudentem,
1103 1388 1486 1457 atquejustum
1521 1386 1690 1442 videri
1723 1399 1884 1457 posse

277 1487 721 1546 Censeas,ca:cus
737 1489 786 1536 et
816 1480 1003 1545 bebes‘,
1029 1487 1084 1535 et
1102 1480 1346 1536 veritatis
1365 1471 1880 1553 ignarus.Adverte,

277 1583 499 1630 vorator
531 1574 920 1640 innocentium,
953 1573 1122 1645 quod,
1160 1573 1214 1628 in
1244 1589 1351 1646 quo
1394 1573 1644 1629 Christus
1672 1569 1880 1644 vigilet,

277 1669 421 1724 Vinci
449 1663 554 1722 tuis
585 1665 868 1722 tormentis
897 1677 1000 1722 non
1031 1666 1238 1738 possit,
1271 1665 1466 1723 famem
1497 1666 1708 1734 vincat,
1733 1669 1880 1723 sitim

275 1759 520 1835 spernat,
550 1751 857 1834 squalorem
880 1757 1121 1818 carceris
1142 1773 1196 1819 et
1220 1763 1572 1834 receptaculi,
1599 1759 1880 1833 poenarum

1989 543 2145 597 nobis
2173 540 2458 597 stultitiam
2491 547 2754 609 nostram,
2791 561 2911 598 rum
2943 560 3042 598 nos
3068 541 3341 599 Christum
3372 541 3467 596 Dei
3500 539 3590 596 Fi-

1989 633 2116 691 lium
2145 652 2332 691 verum
2363 639 2484 692 esse
2532 635 2728 693 Filium
2763 637 3122 704 conﬁtemur,
3164 651 3288 692 cum
3336 633 3591 692 eumdem

1988 725 2147 782 unius
2194 729 2313 781 esse
2344 727 2664 783 subs-tandm
2693 744 2815 783 cum
2865 728 3025 783 Patre
3051 725 3418 793 defendimus,
3465 742 3590 782 cum

1988 833 2088 876 nos
2118 831 2340 893 propter
2367 835 2524 889 eum,
2559 839 2626 879 ne
2657 824 2776 894 ejus
2808 823 3150 879 divinitatem
3196 829 3480 894 negemus,
3515 823 3598 879 in-

1989 915 2159 971 terﬁci
2191 929 2390 986 cupere
2424 915 2786 987 proﬁtemur:
2819 918 3069 987 relinque
3097 915 3252 971 nobis
3281 914 3595 986 Itujusmodi

1986 1005 2296 1068 Stultitiam.
2322 1005 2461 1082 Quid
2485 1017 2540 1067 'ut
2559 1011 2702 1067 hanc
2728 1011 3041 1066 amittamus
3064 1011 3160 1066 das
3182 1010 3442 1082 Operam?
3464 1009 3594 1082 quid

1987 1107 2410 1177 impugnandam
2446 1103 2601 1178 putas
2635 1120 2792 1178 posse
2823 1123 2850 1160 a
2893 1113 2944 1161 te
2974 1106 3258 1160 veritatem
3289 1147 3303 1169 ,
3339 1103 3595 1176 ignorans

1986 1191 2131 1271 quod
2165 1201 2214 1255 vi
2266 1199 2364 1255 sua
2417 1193 2635 1255 valeat?
2678 1199 2821 1254 nude
2866 1199 3070 1254 etenim
3102 1207 3291 1253 contra
3343 1197 3596 1254 fremitus

1985 1297 2222 1357 atroces,
2248 1299 2580 1362 asperosqne
2609 1297 2730 1346 tuos
2751 1293 3026 1348 cruciatus
3049 1290 3250 1346 i'uviCta
3275 1290 3474 1345 virtute
3498 1287 3596 1362 po-

1987 1389 2170 1458 pulum
2201 1387 2294 1442 Dei
2325 1387 2596 1458 conspicis"
2624 1385 3013 1442 resistentem?
3044 1383 3150 1440 nisi
3180 1388 3304 1457 quia
3339 1373 3455 1440 htrc
3499 1385 3592 1453 sit,

1987 1477 2146 1552 quam
2175 1482 2538 1549 defendimus,
2565 1478 2862 1553 apostolica
2896 1489 3059 1552 atque
3083 1481 3400 1550 evangelica
3428 1481 3582 1537 ﬁdes.

1989 1573 2051 1631 lli
2077 1575 2334 1632 'res'iétuut
2365 1581 2467 1632 tiae
2488 1565 2823 1639 crudelitati,
2858 1573 2912 1630 hi
2945 1585 3090 1630 tuam
3115 1575 3331 1630 calcant
3360 1573 3590 1640 rabiem,

1987 1677 2213 1742 quorum
2243 1685 2367 1741 Spes
2393 1661 2611 1727 acterna:
2640 1669 3062 1726 immortalitatis
3087 1711 3102 1737 ,
3133 1680 3188 1726 et
3219 1671 3324 1726 vita
3352 1669 3592 1726 caelestis

1987 1759 2092 1833 est,
2144 1759 2484 1837 quorumque
2513 1759 2676 1822 arddr
2708 1765 2762 1821 in
2792 1763 3100 1837 cupidinem
3147 1777 3426 1836 perpetua:
3458 1764 3593 1821 lucis

279 1855 591 1926 horrorem,
628 1857 839 1913 roboris
871 1857 952 1913 sui
983 1853 1168 1940 vigore
1197 1845 1430 1930 subigat,
1463 1847 1682 1914 omnem
1711 1860 1885 1915 calcet
1913 1870 1961 1932 Β
1988 1859 2324 1922 accenditur,
2351 1869 2406 1915 et
2435 1861 2582 1915 salus
2610 1859 2676 1915 de
2702 1861 2966 1930 promissa
2995 1859 3211 1914 lauatur
3239 1859 3595 1914 beatitudine.

280 1965 520 2024 umnam,
570 1962 796 2007 cunctos
849 1961 1100 2007 eonterat
1144 1949 1435 2020 cruciatus,
1492 1968 1592 2006 nec
1624 1962 1879 2016 mortem,

277 2047 439 2121 Quam
466 2055 520 2103 ttt
552 2037 748 2119 iiutgno
777 2045 898 2104 hisit
919 2047 1185 2103 minitaris
1217 2048 1434 2114 idlert'e,
1469 2057 1692 2102 metuat.
1715 2035 1886 2118 Supe-

278 2139 404 2198 i'arc
458 2149 510 2196 te
553 2129 836 2197 existimas
884 2139 1056 2206 illum,
1091 2140 1182 2210 qui
1225 2131 1536 2196 meminerit
1580 2140 1882 2212 scriptum:

278 2235 402 2306 (Ps.
436 2243 575 2301 cxv,
609 2227 700 2306 i9.)
733 2233 871 2305 Quid
900 2227 1183 2292 retribuam
1231 2233 1456 2291 Domino
1508 2253 1604 2306 pro
1647 2231 1886 2292 omnibus

275 2345 395 2402 quia
421 2315 660 2386 retribuit
687 2328 714 2368 ιτ
742 2321 869 2385 mihi
886 2315 911 2385 ?
929 2328 1158 2387 Calicem
1186 2332 1431 2386 salutaris
1453 2329 1706 2403 accipiam
1729 2331 1774 2386 et
1802 2348 1890 2386 no-

279 2445 394 2481 men
429 2413 641 2482 Domini
678 2415 944 2482 inuocabo.
995 2424 1230 2481 Pretiosa
1277 2425 1327 2480 in
1364 2433 1643 2497 conspectu
1673 2413 1886 2479 Domini

280 2511 420 2574 iiiors
446 2515 741 2574 sanctorth
769 2511 881 2594 'ej'us
911 2509 1206 2594 (lbiddii).
1241 2523 1306 2576 Ιίι
1327 2522 1506 2592 (Rom.
1563 2537 1660 2576 Vttt
1681 2563 1696 2590 ,
1745 2511 1841 2594 35)
1869 2540 1883 2578 :

283 2605 414 2682 Ditis
441 2621 533 2670 nos
563 2617 870 2687 Separubita
895 2616 1148 2672 charitate
1163 2597 1392 2673 Christi?
1423 2605 1770 2673 tribulatioan
1793 2636 1886 2673 an-

279 2709 490 2784 gustia?
513 2701 579 2764 tiit
609 2711 926 2783 persecutio,
959 2709 1023 2765 ait
1047 2711 1233 2779 fames,
1277 2729 1344 2766 an
1372 2712 1582 2767 nuditas
1603 2754 1618 2779 ,
1652 2729 1720 2766 an
1750 2699 1888 2786 peri-

280 2803 480 2870 eulum,
511 2809 578 2857 ‘a'n
624 2787 871 2876 gladius?
900 2801 1031 2858 sicut
1077 2804 1330 2875 scriptum
1362 2815 1432 2860 est
1458 2821 1476 2860 :
1507 2804 1641 2870 Quia
1671 2799 1888 2878 propter

280 2905 333 2950 te.
358 2907 518 2949 morte
545 2905 567 2935 ε
601 2895 850 2966 efﬁcimur
875 2940 888 2961 ,
924 2905 1028 2950 tota
1059 2898 1140 2950 die
1169 2889 1410 2951 wstimati
1457 2914 1636 2952 sumus
1668 2889 1722 2951 ut
1771 2915 1888 2954 ores

281 2975 576 3054 occisionis,
600 2989 688 3042 sed
706 2990 759 3042 in
776 2989 852 3042 his
869 2979 1104 3043 omnibus
1125 3005 1428 3060 superamus
1447 2999 1655 3062 propter
1668 3007 1782 3045 eum
1801 2983 1889 3061 qui

283 3081 468 3135 ililexit
501 3091 611 3136 nos.
644 3071 782 3148 Quid
814 3078 910 3136 nos
935 3075 1082 3137 tuutii
1113 3075 1283 3151 possit
1303 3081 1370 3137 ab
1394 3071 1476 3138 liis
1501 3083 1719 3139 auferre
1746 3085 1890 3140 salu-

285 3163 496 3230 taribus
524 3173 826 3245 prarceptis,
862 3179 1084 3245 prorsus
1110 3173 1297 3229 videre
1329 3185 1434 3230 non
1464 3173 1642 3256 valeo.
1670 3171 1802 3230 Nani
1837 3159 1891 3232 ei

1987 1947 2136 2009 Adeo
2166 1949 2399 2023 namque
2429 1945 2608 2010 Securi
2649 1951 2714 2008 ad
2758 1949 3018 2007 mterirain
3055 1967 3154 2007 nos
3206 1951 3589 2022 perfruendam

1984 2045 2150 2100 vitam
2176 2045 2528 2117 perventuros
2557 2049 2793 2104 scientes
2835 2047 3015 2103 ottinia
3047 2057 3326 2119 gratanter
3357 2045 3594 2118 perpeti-

1988 2151 2130 2207 mur,
2163 2137 2378 2211 quando
2410 2157 2514 2196 non
2541 2150 2809 2196 tormenta
2836 2139 3048 2211 propria
3073 2139 3316 2210 cogitare
3337 2133 3436 2195 hos
3469 2155 3594 2209 pro-

1987 2225 2257 2295 ilteamur,
2281 2227 2378 2287 sed
2409 2239 2494 2287 tua
2525 2233 2744 2288 tortoris
2771 2233 3052 2304 "supplicia;
3083 2229 3278 2287 damna
3303 2227 3592 2302 corporum

1987 2323 2154 2382 literis
2180 2321 2377 2380 anima:
2399 2321 2690 2382 Chrisﬁani
2717 2317 3090 2396 repensamns,
3115 2339 3374 2380 coronam
3401 2323 3454 2378 in
3478 2323 3595 2378 vul-

1989 2415 2209 2476 neribus
2252 2417 2632 2491 computamus
2656 2463 2670 2487 ,
2702 2419 2770 2477 de
2803 2417 3089 2476 tormentis
3119 2431 3174 2476 et
3210 2419 3493 2476 doloribus
3524 2418 3591 2475 il-

1989 2513 2114 2594 latis
2145 2513 2238 2584 p‘er
2263 2521 2315 2569 te
2337 2499 2601 2569 la-tissi'mi
2635 2511 2686 2596 iii
2711 2513 2926 2569 Christo
2950 2511 3369 2584 triumphamus.
3391 2509 3597 2568 Recor-

1990 2601 2123 2664 dare
2171 2607 2216 2676 ΐ,
2263 2603 2548 2664 Εοῐιειθιιίἰ
2579 2651 2592 2674 ,
2637 2607 2702 2663 de
2751 2607 3020 2663 seelcrum
3065 2611 3278 2663 tuo‘rum
3331 2605 3596 2661 memoria

1990 2704 2194 2759 recenti
2214 2747 2228 2770 ,
2261 2701 2423 2774 quam
2463 2699 2560 2758 tibi
2589 2701 2641 2757 in
2669 2701 2889 2758 civitate
2919 2701 3410 2756 Alexandrinorum
3446 2701 3596 2754 inus—

1989 2799 2144 2869 sisti,
2200 2791 2434 2872 Quantos
2465 2807 2490 2846 Β
2525 2813 2620 2869 per
2646 2799 2872 2869 abrupta
2906 2813 3008 2852 una
3043 2798 3209 2852 tincta
3247 2794 3273 2832 δ
3308 2793 3590 2865 subscrip-

1993 2891 2154 2952 tionis
2194 2903 2296 2952 tua:
2323 2893 2606 2967 deiecerit,
2635 2903 2875 2966 quantos
2914 2891 3098 2964 gladio
3137 2891 3337 2949 demeti
3370 2891 3596 2958 fecerit,

1992 2989 2222 3062 quantos
2254 2977 2396 3045 iame'
2442 2990 2640 3058 sitique
2686 2989 2868 3056 exedi,
2903 2987 2987 3045 vel
3016 2989 3328 3044 earccribus
3383 2989 3592 3053 necari,

1993 3097 2226 3154 quantos
2267 3083 2570 3156 intercepto
2619 3081 2860 3139 effecerit
2902 3081 3099 3150 Spirittl
3139 3079 3510 3152 StranguIari;
3544 3088 3600 3136 et

1995 3171 2173 3234 tamen
2207 3174 2293 3234 his
2337 3175 2591 3232 btimibus
2637 3173 3061 3232 crudelitatibits
3107 3175 3161 3230 in
3211 3185 3429 3229 sanctos
3459 3189 3600 3229 mar-

285 3267 413 3322 iieet
439 3281 534 3323 eos
551 3267 640 3338 qui
661 3267 762 3322 tua:
794 3259 1044 3340 prai'itati
1069 3263 1502 3324 cotiSctitiuntad
1530 3269 1628 3324 nos
1661 3259 1890 3325 illicien'-
1918 3265 1962 3328 C
1998 3273 2163 3346 tyres,
2196 3265 2334 3343 quos
2366 3271 2494 3325 tuus
2521 3267 2792 3325 interfecit
2823 3265 3186 3341 gladiatorius
3210 3267 3444 3332 animus,
3473 3283 3598 3322 cum

285 3359 389 3416 dos
421 3353 650 3416 levando
677 3357 821 3416 omni
861 3353 1041 3417 oflirio
1084 3355 1176 3417 luo
1210 3355 1313 3417 non
1344 3363 1564 3418 desinas
1594 3355 1758 3434 iinpio
1783 3407 1798 3432 ,
1834 3361 1892 3419 ut

287 3455 588 3524 Epictetum
618 3450 645 3490 ἀ
669 3465 725 3510 et
753 3451 1005 3522 caeteros,
1029 3457 1164 3526 quos
1193 3465 1257 3511 ex
1287 3447 1375 3512 Dei
1407 3457 1577 3514 Sc'rvis
1617 3459 1737 3514 tuos
1768 3455 1889 3514 esse

287 3563 353 3603 ac
383 3545 549 3618 patris
578 3558 600 3586 ε
644 3551 719 3604 ltil
749 3547 1008 3605 satellites
1050 3540 1243 3615 fecisti,
1283 3541 1462 3606 ta'men
1491 3551 1632 3609 absit
1660 3570 1686 3607 a
1735 3545 1892 3610 nobis

289 3637 408 3697 Ii:ec
435 3633 692 3707 amentia,
728 3645 785 3698 'ut
812 3635 1006 3698 falsum
1040 3633 1170 3699 vei‘o
1202 3637 1596 3716 anteponamus
1619 3689 1634 3713 ,
1667 3637 1758 3702 aut
1791 3641 1891 3703 ali-

287 3739 394 3806 qua
428 3749 525 3791 nos
555 3725 732 3793 oblata
762 3729 857 3807 pei-
886 3729 936 3793 t’e
965 3725 1199 3794 felicitas
1229 3733 1420 3794 illiciat
1449 3741 1600 3811 regni
1629 3737 1701 3796 tui
1731 3735 1741 3794 ὲ
1774 3741 1888 3797 ina-

289 3843 414 3883 nt-m
442 3827 667 3899 gini-iani
718 3829 930 3886 tibimet
955 3827 1132 3896 serva,
1175 3829 1504 3904 omnemque
1548 3823 1888 3891 stolidissimi

289 3921 472 3978 cordis
504 3925 576 3976 tui
609 3922 949 3993 prudentiam
995 3917 1203 3980 tibimet
1230 3923 1410 3981 r'etine
1439 3937 1492 3981 et
1541 3927 1889 3998 comparibus

363 4069 389 4097 ⁸
415 4059 626 4116 Rursus
650 4059 888 4115 Hilarius
906 4060 1107 4116 ibidem
1127 4061 1378 4128 Lucifero
1395 4065 1697 4120 consentit:
1721 4064 1894 4124 Chris-

291 4146 401 4206 tum
432 4134 702 4206 confitetur
733 4132 1117 4206 constantius,
1155 4145 1206 4186 ut
1237 4146 1453 4206 neget...
1502 4136 1718 4192 hiet-eses
1747 4156 1886 4192 com-

290 4205 489 4275 primit,
532 4199 594 4258 nc
635 4199 917 4259 Christiani
956 4207 1151 4259 siitL...
1205 4199 1496 4262 sacErdotes
1548 4210 1786 4273 Ιιοηοι-αι,
1829 4209 1891 4266 ne

290 4277 541 4346 Episcopi
580 4277 704 4334 sint.
732 4277 823 4341 Te,
851 4275 1074 4342 Christe,
1094 4279 1150 4331 in
1180 4279 1366 4346 verbis,
1397 4289 1442 4334 te
1464 4283 1516 4333 in
1550 4291 1636 4334 ore
1668 4283 1893 4335 cit-cuin-

288 4351 412 4473 [ertJ
427 4360 472 4404 et
487 4349 669 4433 omnia
689 4349 901 4404 omnino
919 4350 1050 4421 agit,
1068 4364 1130 4404 ne
1152 4362 1206 4404 tu
1228 4348 1366 4405 Deus
1393 4353 1489 4418 ita,
1505 4363 1558 4406 ut
1585 4353 1760 4420 Pater,
1783 4369 1889 4410 esse

291 4438 376 4473 cre
417 4438 543 4473 aris.
755 4461 762 4466 .

291 4438 543 4477 creuarts.

365 4461 719 4550 ii“lieutribuet.
750 4461 906 4548 ἢεί-ἑ.
939 4479 1068 4548 Ant.

1995 3365 2238 3422 smvieris
2283 3365 2335 3420 ln
2381 3381 2502 3434 nos,
2555 3363 2832 3420 crudelius
2863 3363 3022 3420 saevis
3066 3366 3193 3420 dum
3229 3365 3433 3420 retines
3480 3363 3596 3435 gla-

1994 3459 2166 3526 di'uin,
2211 3459 2338 3514 dum
2383 3459 2480 3515 das
2509 3459 2756 3530 Operam,
2791 3476 2859 3515 ne
2904 3461 2957 3514 in
3007 3453 3308 3514 remedium
3356 3457 3600 3513 velocius

1991 3555 2176 3610 exitus
2225 3561 2514 3610 sucturrat
2557 3545 2768 3608 inertis.
2818 3545 3116 3608 Dilacerai-i
3173 3551 3288 3606 toto
3329 3543 3598 3622 corpore,

1999 3649 2192 3720 urique
2222 3663 2318 3702 nos
2351 3637 2607 3718 patimur,
2637 3635 2930 3717 probantes
2956 3645 3091 3701 nihil
3129 3637 3142 3682 ί
3181 3660 3486 3716 congruere
3515 3641 3602 3697 sa-

1998 3737 2261 3814 pientium
2312 3729 2566 3812 gravium
2613 3749 2778 3812 atque
2829 3737 3178 3806 constantiae,
3227 3755 3390 3810 quam
3441 3737 3605 3792 nullis

1999 3833 2306 3894 terroribus
2333 3835 2399 3893 de
2426 3833 2700 3892 sententia
2727 3845 2783 3892 et
2810 3835 3091 3908 proposito
3115 3831 3336 3905 depelli,
3362 3833 3454 3888 sed
3484 3847 3605 3888 esse

1997 3933 2352 3988 'utilissimuni
2385 3948 2482 4004 pro
2531 3929 2645 3987 Deo
2688 3931 2943 3998 cruciari,
2978 3941 3031 3986 et
3059 3931 3230 3986 emori
3285 3945 3392 3984 non
3443 3943 3605 4000 posse

1995 4072 2165 4128 renda
2193 4087 2315 4127 esse
2347 4071 2414 4128 ad
2459 4087 2549 4127 an.
2577 4071 2704 4136 360,
2737 4087 2846 4142 quo
2877 4071 2968 4126 hic
3013 4070 3151 4126 liber
3179 4070 3418 4130 scriptus
3465 4068 3602 4142 fuit:

1995 4144 2144 4212 nulla
2178 4154 2356 4212 tamen
2387 4143 2456 4198 de
2484 4145 2590 4198 hoc
2619 4141 2924 4212 Constantii
2957 4144 3199 4197 facinore
3224 4143 3431 4196 mentio
3459 4141 3601 4208 apud

1994 4211 2337 4270 Histori'cos:
2373 4217 2416 4269 si
2452 4224 2655 4270 tmuen.
2690 4211 2832 4282 quod
2863 4215 2941 4267 ait
2969 4213 3206 4277 Lucifer,
3240 4214 3500 4266 memorim
3523 4229 3606 4283 re-

1994 4287 2154 4340 centis
2193 4287 2416 4341 nomine
2448 4285 2680 4342 vo-liin'us
2710 4283 3019 4350 intelligere
3040 4326 3054 4350 ,
3091 4297 3292 4354 pauens
3321 4299 3440 4354 quae
3473 4292 3602 4352 ante

1993 4372 2168 4413 annos
2193 4358 2544 4414 Constantius
2568 4359 2829 4412 adversus
2851 4356 3167 4412 Catholicos
3197 4355 3602 4410 Alexandrinos

1992 4431 2301 4486 crudeliter
2326 4432 2493 4498 jussit
2546 4429 2873 4501 perpetrari.
2907 4429 3062 4501 forte
3110 4428 3376 4501 conjicias
3423 4441 3484 4482 ea
3513 4427 3602 4501 hic

1993 4503 2271 4574 enarrari,
2295 4497 2414 4574 qum
2433 4497 2577 4574 anno
2613 4497 2836 4574 circiter
2867 4499 2968 4558 557
3010 4497 3279 4574 Georgius
3306 4497 3600 4574 Cappadox

368 4576 390 4604 ε
425 4565 1076 4647 Morti._Ead.inquaiitec
1090 4561 1250 4647 vei-lia
1271 4553 1888 4647 (Old-ti-ieCﬂnjtlngUIillil'
1915 4585 1970 4647 Ι)
1993 4553 2892 4647 Coi-istaiti'itioptilinttlettmidriam
2922 4553 3600 4647 reversusvimpie,'§:t:vis¥

289 4652 415 4693 cum
465 4640 646 4694 verbis
696 4650 860 4692 morte
898 4638 1163 4710 aﬁicimur.
1200 4639 1340 4695 lren.
1371 4641 1472 4695 lib.
1526 4638 1596 4702 tt,
1641 4638 1761 4711 cap.
1792 4641 1882 4708 2‘2,

291 4721 477 4785 inerte;
501 4711 664 4785 etlib.
682 4725 888 4780 tv,ca_p.
916 4711 1004 4785 16,
1021 4722 1130 4785 tota
1156 4711 1240 4785 die
1257 4714 1608 4785 conjungitur
1631 4729 1889 4785 cumver:

289 4771 376 4835 bis
403 4771 644 4836 (estimati
666 4771 864 4846 sumus,
898 4771 952 4837 ui
981 4771 1125 4852 apud
1160 4781 1331 4839 Lucif.
1361 4771 1676 4854 'quivtamen
1709 4785 1802 4839 lib.
1859 4771 1880 4842 i

289 4869 393 4925 pro
417 4855 473 4910 S.
507 4857 802 4910 Athanasio
825 4867 944 4925 pag.
972 4855 1062 4920 58,
1085 4855 1248 4912 habet
1274 4873 1287 4912 :
1322 4857 1622 4912 Occidimur
1643 4869 1748 4912 tota
1779 4857 1883 4914 die.

366 4922 392 4963 ἀ
438 4930 512 4982 De
542 4941 652 4997 quo
684 4922 847 4982 etiam
881 4922 932 4982 iit
968 4929 1060 4982 lib.
1095 4929 1162 4982 de
1205 4944 1310 4983 non
1343 4929 1720 4986 conveniendo
1764 4931 1885 4986 cutit

291 4998 511 5072 hauet;
549 5000 644 5072 sed
678 5016 744 5054 ex
794 5000 966 5072 hisce
993 4999 1227 5054 Luciferi
1279 5003 1460 5058 verbis
1491 5003 1885 5072 iiutelligimus,

293 5069 744 5144 hunchominem
778 5067 1074 5144 catholicis
1109 5073 1341 5140 primum
1377 5075 1620 5143 partibus
1642 5118 1654 5140 ,
1688 5067 1889 5140 deinde

291 5137 599 5198 ambitiOne
621 5143 962 5214 compulsum
993 5137 1207 5197 Arianis
1226 5137 1541 5201 adlne'sisste.
1577 5137 1687 5200 Hoc
1715 5137 1891 5202 innuit

293 5215 627 5291 Athanasius
647 5217 853 5291 in_or_at.
886 5229 898 5268 l
922 5225 1072 5291 cont.
1099 5215 1322 5291 Atiam:
1361 5215 1499 5271 Nam
1525 5221 1588 5271 tte
1614 5217 1883 5291 Cecropia,

295 5289 576 5349 Anxentio,
607 5301 652 5342 et
685 5286 920 5356 Epicteto
945 5284 1222 5360 hypocrita
1246 5292 1570 5360 superfluum
1598 5303 1673 5344 est
1696 5284 1885 5356 dicere,

293 5375 412 5412 eum
437 5361 667 5436 omnibus
689 5359 1211 5436 liil_uet_tl,_([uolt10d0,
1246 5361 1308 5436 ob
1338 5359 1464 5436 quas
1487 5380 1667 5436 causas
1691 5404 1706 5429 ,
1731 5375 1777 5416 et
1800 5381 1892 5427 iter

294 5447 421 5504 quos
453 5427 698 5504 inimicos,
722 5427 970 5504 Ecclesia:
1005 5431 1160 5504 etiam
1189 5431 1272 5504 isti
1315 5427 1536 5504 proittoti
1563 5427 1700 5504 sint,
1737 5437 1890 5488 nimi-

293 5499 519 5577 tumqui.
539 5522 595 5577 se
621 5502 1074 5577 calumniarumin
1099 5499 1382 5577 Episcopus
1411 5499 1745 5574 ert/todoxos,
1777 5507 1892 5577 qui-

295 5573 390 5627 bus
414 5574 614 5662 insidiae
647 5575 963 5640 parabantur
999 5573 1298 5658 histriones,
1330 5587 1626 5662 actoresque
1651 5573 1888 5662 prreb'tteé

297 5654 462 5720 νιιηε.Δ
496 5645 592 5720 Ili,
641 5663 759 5700 cum
801 5652 970 5720 essent
1026 5649 1226 5720 nonnisi
1276 5645 1662 5720 inipresbyteri
1713 5652 1893 5704 ordine

298 5717 705 5796 cottstilutiLnec
739 5717 894 5784 vulgo
915 5716 1104 5796 cogniti
1131 5713 1658 5796 haberentur,[titulun
1686 5740 1776 5796 per
1798 5724 1894 5778 iut-

298 5791 539 5867 pietatem
560 5790 906 5867 Episcopatus
935 5785 1139 5867 titulum
1162 5785 1258 5866 sibi
1277 5785 1642 5867 procurat-urit.

379 5872 402 5938 ς
448 5864 499 5920 Id
521 5857 851 5938 est-diaboli,
871 5866 960 5938 uti
997 5857 1156 5935 paulo
1183 5857 1454 5938 Superius.

382 5935 400 5978 ί
441 5938 573 6027 Qua:
621 5937 838 6001 Lucifer
865 5937 956 5998 hic
997 5935 1415 6027 commemorat,
1464 5939 1720 6027 videntur
1749 5942 1894 6004 rete-

1994 4649 2238 4716 situeque
2267 4641 2556 4717 aggressus
2586 4645 2685 4700 est!
2715 4648 2765 4699 in
2801 4645 3207 4717 Alexandrinos
3249 4645 3421 4717 iusius
3457 4641 3601 4699 Cun-

1993 4715 2177 4786 stantii
2201 4715 2529 4784 auctoritate
2549 4717 2830 4786 et,edicto.
2856 4716 2985 4772 Vide
3008 4718 3228 4772 Sozam.
3258 4715 3352 4771 lib.
3376 4731 3448 4781 ιν,
3473 4730 3595 4785 cap.

1996 4790 2086 4856 10,
2119 4783 2254 4862 edit.
2280 4783 2484 4862 Vales,
2517 4783 2570 4845 et
2607 4783 2826 4844 Prmfat.
2863 4801 3126 4862 nostram,
3164 4788 3191 4861 ᾗ
3224 4803 3295 4843 tv.

2067 4867 2091 4907 Β
2133 4859 2174 4915 Α
2202 4859 2436 4931 Georgio
2466 4857 2718 4928 uanique,
2763 4863 2850 4930 qui
2877 4857 3197 4916 Alexandria
3249 4858 3506 4928 expulsus
3529 4857 3596 4913 ad

1993 4933 2382 5001 Imperatorem
2421 4933 2778 5001 conﬁtgerat.
2828 4937 3184 4988 vehementer
3227 4933 3306 4986 ira
3343 4936 3600 5001 incensus

1994 5000 2138 5061 idem
2155 5007 2452 5075 Imperator
2466 5000 2746 5060 Notarium
2763 5004 2910 5058 misit
2935 5004 3344 5068 Alexandriam,
3360 5002 3451 5072 qui
3465 5000 3602 5075 Coin-

1994 5081 2177 5132 stantii
2205 5074 2359 5146 jussu
2393 5079 2581 5133 multos
2615 5077 3086 5146 Alexandrinorum
3119 5076 3394 5146 tormentis
3413 5074 3598 5127 subdi-

1995 5148 2088 5212 dit,
2119 5167 2179 5203 ac
2209 5145 2495 5202 rerberibus
2519 5149 2710 5216 offecit.
2739 5145 2847 5201 Nec
2877 5148 3040 5200 multo
3069 5159 3180 5217 post
3209 5145 3463 5214 Georgius
3486 5147 3596 5217 ipse

1993 5223 2264 5276 revertitur
2293 5215 2573 5275 terribilior
2597 5226 2784 5290 factus,
2815 5221 3002 5291 quippe
3021 5215 3107 5288 qui
3131 5215 3514 5289 Imperatorem
3531 5217 3599 5270 ad

1994 5295 2272 5347 multorum
2304 5295 2623 5346 vexationem
2667 5293 2964 5356 incitasset;
3019 5292 3094 5343 ait
3126 5292 3326 5344 ibidem
3371 5291 3599 5344 Sozom.

1997 5365 2134 5420 llinc
2162 5364 2375 5418 Lucifer
2403 5365 2619 5430 scribit,
2649 5381 2752 5416 una
2784 5367 2942 5417 tinctu
2973 5361 3363 5429 subscriptionis
3391 5370 3598 5414 tantum

1994 5437 2266 5491 scelerum
2303 5437 2352 5489 iu
2385 5454 2444 5490 ea
2495 5439 2627 5490 urbe
2659 5440 3038 5498 cenunissum,
3077 5433 3130 5486 Id
3175 5442 3258 5486 est
3299 5449 3400 5484 una
3435 5431 3597 5487 edicti

1995 5508 2398 5575 subscriptione
2421 5518 2625 5562 temere
2646 5523 2708 5562 ac
2733 5507 2975 5562 furenter
2991 5502 3366 5560 a'Constantio
3386 5505 3596 5573 signata

1995 5580 2218 5649 Georgii
2244 5579 2499 5649 impulsu.

2069 5597 2143 5636 eor
2183 5597 2218 5635 n
2244 5597 2313 5634 nn
2358 5597 2499 5634 utsu.

2069 5647 2094 5688 h
2139 5597 2775 5720 'giuctapsubscriptiouis
2802 5666 2929 5722 una,
2959 5667 3054 5722 pro
3084 5667 3186 5704 una
3214 5649 3594 5720 subscriptione

1994 5740 2112 5793 qua:
2139 5723 2359 5778 tinctura
2390 5739 2480 5778 seu
2511 5731 2794 5777 atramento
2822 5721 2913 5794 fit:
2956 5721 3111 5777 tincta
3157 5737 3338 5775 nomen
3377 5735 3591 5786 novum.

1997 5797 2102 5853 'l‘il.
2134 5803 2188 5850 et
2219 5798 2263 5850 la
2290 5795 2486 5866 Cerda.
2533 5851 2536 5856 ,
2621 5853 2626 5860 ,

2079 5869 2093 5910 ί
2144 5868 2294 5928 Nihil
2321 5871 2506 5945 magis.
2532 5867 2785 5928 Galland.
