4042 6338
535 277 678 338 1023

1633 282 1956 343 LUCIFEBI
1996 281 2310 343 EPISCOPI
2350 281 2770 342 CALARITANI
3645 291 3752 350 Nm

526 395 642 454 Deo
671 397 1009 469 mancipatos
1032 439 1047 466 ,
1103 405 1366 471 perpetua
1415 399 1561 457 vinci
1607 409 1914 470 tormenta,
1949 401 2043 458 sed
2077 410 2128 458 te
2156 405 2211 468 Α
2235 416 2379 468 mur,
2409 400 2668 473 quoniam
2697 402 2789 473 qui
2839 416 2935 473 per
2969 409 3023 460 te
3054 402 3108 459 in
3139 417 3238 461 nos
3263 404 3431 474 saevit,
3459 405 3640 463 'nostra
3674 411 3755 470 tida

531 492 705 565 magis
728 493 1000 564 prosterni
1032 503 1195 566 atque
1213 494 1410 552 deduci
1441 495 1508 552 ad
1550 496 1801 552 nihilum.
1829 497 2032 569 Accipe
2074 501 2127 553 in

533 586 794 642 vicesimo
817 595 978 642 sexto
1021 588 1231 658 psalmo
1255 591 1491 660 positum
1512 588 1689 662 (Psal.
1717 606 1864 656 xxvi,
1890 591 1944 663 1)
1973 610 1986 647 :
2021 590 2130 644 Do-

531 681 701 736 minus
729 680 1044 737 illuminatio
1086 700 1221 750 mea,
1249 694 1298 738 et
1327 685 1474 740 salus
1517 701 1630 740 mea
1653 725 1670 754 ,
1715 703 1864 758 quem
1907 687 2132 742 timebo?

533 773 786 830 Dominus
827 775 1066 847 defensor
1107 779 1225 833 vita:
1248 794 1374 835 mete
1396 823 1410 846 ,
1441 797 1475 835 a
1501 797 1603 851 quo
1633 781 1944 852 trepidabo?
1987 778 2130 836 Dum

529 869 956 941 appropinquant
973 887 1128 942 super
1149 888 1229 925 me
1246 882 1506 940 nocentes,
1521 882 1574 926 ut
1593 875 1747 929 edant
1763 891 1945 930 carnes
1966 891 2126 930 meas.

535 963 639 1034 Qui
665 966 913 1022 tribulant
937 985 1018 1022 me
1045 969 1241 1023 inimici
1282 969 1418 1034 mei,
1467 970 1570 1040 ipsi
1598 970 1852 1042 inﬁrmati
1891 981 2012 1026 sunt
2038 1012 2052 1036 ,
2081 982 2132 1027 et

532 1059 852 1115 ceciderunt.
883 1059 947 1118 Si
966 1064 1250 1117 consistant
1288 1064 1563 1118 adversum
1590 1080 1668 1118 me
1695 1074 1886 1132 castra,
1931 1082 2036 1120 non
2060 1067 2130 1120 ti-

531 1155 688 1209 mebit
717 1171 807 1210 cor
830 1171 1020 1211 meum.
1049 1156 1109 1213 Si
1138 1168 1382 1230 exsurgat
1409 1159 1657 1214 adversus
1678 1176 1758 1213 me
1787 1160 2047 1233 prwlium,
2077 1162 2131 1216 in

532 1247 631 1324 hoc
657 1265 750 1325 ego
768 1251 1002 1324 sperabo.
1037 1251 1208 1308 Unam
1231 1254 1353 1323 petii
1370 1271 1400 1308 a
1423 1253 1670 1323 Domino,
1688 1256 1822 1311 hanc
1842 1257 2128 1329 requiram,

536 1354 594 1399 ut
621 1345 902 1400 inhabitem
929 1347 982 1401 in
1021 1356 1047 1384 ι
1076 1347 1231 1403 domo
1260 1346 1356 1402 Dei
1382 1365 1474 1416 per
1500 1365 1674 1404 omnes
1701 1350 1811 1403 dies
1837 1351 1955 1406 vitae
1980 1367 2126 1407 mete.

533 1436 720 1508 igitur,
757 1452 880 1493 cum
907 1438 1142 1509 justitia:
1171 1439 1342 1496 virtus
1383 1440 1436 1496 in
1467 1441 1552 1496 his
1583 1443 1898 1513 perliciatur
1924 1444 2133 1514 passio-

527 1531 713 1597 nibus,
743 1545 890 1600 cum,
912 1533 1039 1604 quia
1068 1531 1321 1590 Christus
1349 1535 1402 1591 in
1435 1535 1595 1591 nobis
1625 1535 1848 1608 patitur,
1882 1553 1984 1594 nec
2007 1554 2132 1594 seu-

528 1625 730 1682 tiamus
751 1625 1103 1698 supplicium,
1129 1638 1418 1700 propterea
1442 1628 1610 1701 quod,
1644 1629 1734 1686 ubi
1761 1630 1914 1686 deest
1943 1631 2128 1702 culpa,

529 1735 630 1776 nec
661 1735 824 1793 pteua
875 1722 969 1788 sit,
1002 1722 1280 1792 quomodo
1307 1723 1390 1779 his
1437 1733 1490 1780 te
1539 1725 1704 1781 rebus
1743 1724 1970 1782 vincere
2020 1725 2132 1780 Deo

2235 495 2616 566 prosternitur.
2647 493 2766 550 Non
2809 497 2954 552 enim
3006 506 3182 554 morte
3210 499 3264 554 in
3309 508 3606 570 perpetuam
3631 503 3755 558 mali-

2232 588 2494 658 gnitatem
2513 587 2661 643 illam
2687 588 2860 644 deleri
2884 603 2984 646 nos
3009 605 3165 660 posse
3183 592 3443 657 novimus,
3465 593 3548 662 qui
3564 594 3758 651 inChris-

2233 690 2343 737 tum
2374 683 2500 738 vita:
2546 691 2764 740 aeterna:
2808 684 3130 740 tributorem
3176 687 3394 742 unicum
3423 697 3446 724 ο
3475 687 3559 743 Dei
3601 687 3758 748 Filium

2231 776 2662 844 crediderimus;
2697 777 2794 834 sed
2821 777 3114 835 credentes
3146 793 3333 834 sumus
3363 789 3417 834 et
3447 779 3574 836 bene
3596 796 3758 852 praisu-

2234 878 2468 935 tuenles,
2516 869 2658 941 quod
2692 869 2758 924 ad
2792 871 2968 926 lucem
2999 871 3276 943 vitamque
3320 885 3593 940 perennem
3632 875 3758 930 etiam

2231 975 2460 1031 corpora
2511 946 2626 1017 sini
2663 973 3058 1031 resurrectura,
3093 978 3214 1034 qua:
3261 973 3316 1018 ιιι
3347 979 3486 1020 nunc
3513 965 3632 1032 uris,
3670 975 3759 1021 tor-

2218 1072 2390 1128 ques,
2420 1072 2482 1114 ac
2513 1057 2708 1115 lanius.
2733 1057 2790 1116 Si
2823 1061 2993 1127 enim,
3039 1070 3388 1132 posteaquam
3417 1077 3506 1132 per
3531 1071 3578 1118 te
3599 1061 3764 1118 interﬁ-

2231 1149 2429 1213 cimur,
2461 1151 2593 1206 nihil
2621 1166 2719 1206 nos
2741 1167 2864 1208 esse
2886 1152 3104 1209 futuros
3126 1153 3650 1224 sciremus,,prol'ecto
3670 1155 3767 1210 stul-

2235 1243 2427 1300 tissimi
2466 1259 2714 1300 essemus
2743 1261 2847 1300 non
2879 1246 3008 1302 huic
3036 1248 3162 1302 vita:
3195 1247 3556 1313 consulentes,
3586 1258 3635 1303 ut
3655 1260 3768 1305 esset

2233 1353 2396 1409 quam
2423 1336 2654 1404 diutina,
2700 1349 2754 1395 et
2801 1339 3106 1396 commodis
3153 1339 3407 1396 omnibus
3448 1339 3618 1410 plena;
3657 1343 3766 1412 quod

2233 1428 2551 1498 contingere
2601 1429 2762 1485 nobis
2815 1439 3052 1500 poterat,
3103 1431 3149 1486 si
3184 1430 3279 1485 tibi
3311 1432 3479 1502 magis
3523 1447 3662 1502 quam
3698 1433 3766 1489 Dei

2233 1520 2471 1576 decretis
2498 1522 2912 1592 temperandum
2947 1523 3394 1589 censuissemus;
3426 1538 3488 1578 ac
3508 1539 3632 1580 nunc
3655 1539 3764 1592 cum,

2236 1629 2332 1686 per
2355 1624 2408 1670 te
2435 1615 2479 1669 si
2505 1615 2610 1670 vita
2634 1630 2880 1686 praesens
2899 1616 3206 1683 auferatur,
3231 1617 3541 1672 immortalis
3555 1629 3769 1687 sumatur,

2236 1706 2376 1764 hanc
2403 1719 2728 1780 prtesentem
2764 1710 2929 1766 vitam
2970 1720 3194 1783 propter
3224 1712 3318 1767 Dei
3363 1710 3550 1767 Filium
3575 1728 3678 1766 cum
3701 1714 3772 1768 bo-

530 1813 744 1870 dicams
792 1813 1127 1887 devmosque
1166 1817 1410 1888 ροιυίεεε
1458 1817 1759 1873 arbitratus
1790 1833 1850 1874 es
1871 1860 1888 1886 ,
1933 1818 2136 1890 quibus
2167 1819 2210 1880 Β
2240 1804 2326 1860 nis
2346 1808 2460 1860 suis
2500 1815 2862 1862 contemnere
2891 1820 3084 1863 servos
3115 1808 3236 1876 ejus
3277 1820 3497 1862 necesse
3524 1816 3618 1872 est,
3641 1806 3773 1878 siqui-

530 1899 823 1982 augmenta
849 1910 1072 1968 virtutis
1097 1911 1294 1968 invicta
1320 1911 1565 1984 prmbeat
1592 1911 1760 1968 ﬁdes?
1781 1911 1960 1969 Credo
1981 1915 2135 1984 equi-

532 2002 680 2070 dem,
712 2019 813 2062 nec
838 2021 927 2062 me
967 2007 1167 2064 veritas
1199 2006 1361 2074 fallit,
1407 2006 1576 2078 quod,
1625 2008 1758 2064 licet
1782 2007 1960 2064 adhuc
2011 2008 2135 2064 totis

531 2099 643 2153 tuis
670 2113 738 2153 eo
773 2097 1060 2156 incumbas
1106 2100 1438 2157 carniﬁcinas
1485 2101 1696 2157 viribus
1723 2143 1738 2167 ,
1790 2112 1848 2158 ut
1888 2101 2132 2158 membra

530 2190 800 2260 divellas,
845 2205 1103 2266 artusque
1151 2195 1384 2252 laniatos
1431 2195 1484 2251 in
1517 2195 1838 2267 sanguinem
1888 2205 2132 2253 nostrum

533 2285 771 2341 sreviens
813 2285 902 2341 diu
945 2295 1120 2343 tortor
1163 2303 1432 2354 vexares,
1479 2287 1626 2359 quod
1677 2289 1902 2346 vincere
1951 2301 2133 2346 tamen

530 2393 829 2451 numquam
856 2380 951 2436 Dei
979 2381 1162 2452 possis
1185 2381 1472 2449 familiam,
1507 2397 1806 2454 numquam
1828 2382 2133 2440 exercitum

531 2471 736 2530 Christi
778 2487 1042 2544 superare
1073 2474 1292 2544 valeas,
1341 2491 1453 2531 non
1504 2475 1789 2533 doloribus
1837 2477 2132 2548 subjicere,

533 2580 643 2622 non
667 2566 843 2634 poenis
865 2567 1186 2638 augentibus
1209 2568 1411 2639 poteris
1433 2567 1683 2626 ﬂectere.
1701 2567 1996 2625 Christiani
2023 2571 2136 2626 nul-

534 2661 619 2717 los
647 2661 960 2729 cruciatus,
1008 2664 1284 2720 nullatm'e
1333 2675 1568 2720 mortem
1611 2679 1971 2731 recusamus;
2025 2681 2133 2722 non

536 2753 852 2824 tyrannicas
879 2762 998 2808 tuas
1021 2754 1324 2824 jussiones,
1358 2771 1464 2810 non
1488 2756 1738 2826 judicum
1772 2766 1987 2812 tuorum
2015 2758 2135 2828 gla-

533 2842 656 2898 dios
685 2854 924 2902 tremere
952 2861 1265 2917 possumus,
1297 2848 1424 2919 quia
1455 2849 1638 2920 gladio
1669 2849 1768 2906 Dei
1801 2851 1996 2906 armati
2039 2849 2136 2906 tibi

533 2935 880 2990 resistamus.
909 2936 1106 2994 Beatus
1128 2940 1427 3011 apostolus,
1454 2939 1532 2996 De
1555 2953 1765 3011 ctetero,
1794 2943 1930 2999 dicit
1957 2942 2138 3014 Ephe-

535 3026 635 3082 siis
665 3025 824 3100 (Epit.
850 3045 924 3095 γι,
954 3029 1043 3102 10)
1072 3049 1084 3086 :
1128 3029 1510 3104 Confortantini
1536 3035 1590 3088 in
1614 3035 1859 3103 Domino,
1895 3048 1943 3090 et
1963 3039 2015 3092 in
2045 3055 2138 3106 po-

535 3122 694 3176 tentia
720 3119 749 3160 b
779 3122 980 3178 virtutis
998 3126 1130 3197 ejus.
1155 3122 1367 3180 Induite
1386 3143 1530 3180 arnta
1543 3125 1662 3194 Dei,
1698 3138 1755 3183 ut
1776 3130 1981 3200 possitis
1999 3140 2137 3184 stare

2236 1897 2358 1952 dem
2391 1899 2574 1954 omnis
2604 1898 2916 1968 hujusmodi
2953 1900 3167 1971 jactura
3201 1898 3601 1955 immortalitate
3623 1915 3775 1971 pense-

2238 2001 2344 2046 tur.
2395 1991 2606 2060 Quanta
2653 1993 2868 2061 virtus,
2917 2005 3180 2064 quantum
3210 1995 3382 2051 robur
3406 1995 3598 2062 animi,
3637 1996 3773 2066 qualis

2235 2085 2402 2144 fuerit
2438 2087 2670 2144 ﬁrmitas
2701 2088 2830 2147 ﬁdei
2855 2105 3070 2155 eorum,
3121 2106 3260 2161 quos
3291 2089 3626 2156 interfecisti,
3658 2099 3702 2145 et
3723 2089 3776 2144 sit

2237 2183 2430 2240 horum
2457 2184 2550 2256 qui
2581 2185 2758 2242 adhuc
2796 2194 2888 2240 tuo
2927 2185 3218 2257 sacrilegio
3257 2187 3534 2252 resistunt,
3576 2188 3771 2252 adverte,

2235 2277 2519 2334 Constanti
2546 2321 2561 2347 ,
2594 2279 2812 2335 Stetisse
2855 2287 2950 2334 aut
2991 2279 3115 2335 illos
3147 2278 3340 2335 beatos
3370 2288 3646 2350 martyres,
3671 2291 3773 2346 quos

2231 2371 2343 2443 jam
2373 2371 2464 2428 Dei
2497 2373 2737 2444 potentia
2783 2372 2838 2428 in
2891 2372 3208 2429 coeleStibus
3240 2373 3422 2446 regnis
3451 2386 3576 2428 esse
3616 2371 3775 2427 consti-

2237 2473 2386 2521 tutos
2422 2465 2720 2531 cernimus,
2770 2475 2863 2521 aut
2891 2465 3147 2538 hosquos
3193 2465 3377 2524 adhuc
3403 2465 3772 2522 interﬁcerenon

2235 2559 2695 2638 valuistincontra
2728 2569 2779 2616 te
2809 2560 3105 2618 immanem
3148 2562 3345 2628 feram,
3376 2563 3464 2633 qui
3489 2560 3629 2618 fanda
3648 2571 3774 2631 atque

2239 2652 2459 2709 infanda
2475 2655 2631 2710 nobis
2653 2655 3041 2712 comminando
3063 2673 3170 2714 non
3189 2657 3432 2724 desinas,
3452 2673 3567 2712 cum
3591 2654 3768 2712 multis‘

2235 2748 2581 2805 tolerabilius
2603 2751 2808 2806 audere
2831 2766 3053 2820 semper
3082 2752 3410 2808 desiderans
3426 2751 3601 2817 lueris,
3625 2765 3678 2806 ac
3700 2751 3773 2817 sis,

2236 2842 2529 2898 adversum
2561 2853 2611 2898 te
2634 2844 2863 2901 mutulos
2886 2859 3116 2916 surgere
3149 2846 3443 2916 principes,
3471 2860 3616 2915 quam
3639 2843 3775 2899 Cinis

2240 2945 2354 2991 tum
2379 2936 2475 2998 Dei
2525 2937 2718 2993 Filium
2751 2939 3076 2996 conﬁtentes
3119 2941 3394 2996 exsistere
3419 2939 3652 2996 victores.
3684 2935 3776 2992 Pla-

2238 3043 2426 3088 cuerat
2452 3034 2596 3089 enim
2625 3034 2869 3090 tenebris
2894 3035 3136 3091 omnium
3161 3027 3413 3091 errorum
3439 3034 3645 3090 obsesso
3661 3030 3774 3087 cordi

2241 3133 2365 3194 tuo,
2396 3137 2449 3182 et
2476 3126 2742 3198 profunda
2773 3129 3004 3200 caligine
3031 3139 3241 3186 cmcato
3272 3130 3474 3195 animo,
3505 3142 3595 3183 nos
3631 3137 3777 3180 omnes

533 3213 777 3270 adversus
793 3216 1024 3272 remedia
1047 3228 1068 3256 ο
1093 3218 1308 3288 diaboli,
1331 3221 1567 3289 quianon
1589 3231 1663 3276 est
1685 3222 1823 3277 vobis
1839 3224 2137 3280 colluctatio
2165 3217 2209 3281 C
2243 3234 2341 3290 per
2371 3228 2518 3275 luam
2553 3222 2807 3277 haeresim
2850 3237 2882 3277 a
2909 3223 3023 3278 Deo
3071 3231 3402 3278 convertens
3430 3231 3454 3267 ε
3487 3222 3642 3292 primo
3687 3230 3776 3272 ιιιοε

535 3308 782 3364 adversus
813 3328 1021 3366 carnem
1051 3322 1100 3368 et
1134 3315 1460 3387 sanguinem,
1491 3313 1585 3370 sed
1615 3327 1795 3371 contra
1829 3327 2131 3389 potestates,

536 3415 716 3459 contra
737 3405 893 3480 hujus
921 3407 1103 3462 mundi
1128 3421 1351 3464 rectores
1375 3411 1698 3466 tenebrarum
1726 3413 1932 3482 harum,
1959 3425 2140 3470 contra

535 3500 793 3572 spiritalia
833 3503 1092 3572 nequitiae.
1136 3504 1304 3559 Arma
1349 3503 1570 3561 indutos
1601 3505 1691 3562 Dei
1722 3517 1799 3573 tu,
1852 3509 2136 3580 periquem

535 3609 728 3653 omnes
754 3597 808 3654 in
853 3607 1100 3654 nostram
1144 3614 1333 3657 necem
1363 3600 1601 3657 saeviunt
1644 3601 1942 3671 dazmones,
1973 3619 2137 3674 supe-

539 3706 663 3748 rare
694 3691 820 3762 quia
847 3708 954 3748 non
987 3703 1164 3763 potes,
1195 3693 1480 3749 hortamur
1514 3694 1730 3752 tandem
1761 3706 1814 3752 te
1843 3697 2002 3753 nobis
2035 3709 2142 3752 tra-

535 3783 658 3852 das,
689 3800 757 3841 ne
784 3801 906 3840 cum
937 3786 1076 3850 istis,
1097 3802 1232 3858 quos
1254 3787 1520 3843 describit
1537 3790 1842 3860 apostolus,
1867 3794 1920 3847 in
1941 3803 2140 3849 cuncta

539 3877 847 3948 torquearis
874 3894 1008 3933 mva.
1041 3878 1134 3935 Sic
1164 3895 1270 3935 non
1304 3881 1356 3936 in
1392 3883 1645 3939 tenebras
1675 3886 1910 3941 carceris
1937 3888 2010 3941 tui
2044 3887 2138 3944 ﬁlii

536 3971 751 4043 possint
771 3972 908 4027 vinci
932 3973 1070 4028 lucis
1097 3989 1125 4028 a
1152 3975 1501 4032 tenebrarum
1526 3976 1661 4044 ﬁlio,
1689 3987 1965 4048 tamquam
1991 3991 2140 4038 teuc-

535 4064 664 4119 bras
690 4065 894 4121 sentire
916 4065 1130 4136 possint
1157 4065 1235 4132 hi,
1266 4067 1318 4121 in
1340 4070 1536 4138 quibus
1560 4069 1866 4127 inhabitare
1884 4072 2140 4144 dignatur

537 4154 664 4224 ille,
703 4158 795 4229 qui
841 4159 912 4213 sit
940 4159 1079 4215 lucis
1108 4160 1380 4215 conditor.
1408 4160 1654 4218 Perierat
1684 4165 1858 4220 virtus
1912 4181 2138 4225 necesse

533 4259 639 4314 est,
671 4250 819 4322 quod
842 4251 1128 4309 ferendum
1156 4264 1348 4310 natura
1373 4256 1622 4312 mortalis
1644 4257 1887 4326 edocuit;
1918 4263 1962 4316 si
1991 4263 2137 4319 enim

533 4341 750 4413 ignibus
763 4360 1093 4403 consumere
1115 4357 1332 4403 nostros
1350 4359 1504 4405 artus
1527 4353 1846 4419 tentaveris,
1883 4363 1935 4410 te
1965 4356 2139 4427 magis

531 4435 586 4492 in
637 4446 823 4494 nostra
869 4455 1100 4511 corpora
1129 4443 1431 4499 sentiemus
1462 4444 1618 4501 exuri
1664 4461 1830 4516 quam
1863 4462 1998 4515 nos,
2044 4448 2137 4520 qui

533 4545 661 4587 cum
695 4532 928 4590 libenter
953 4551 1016 4590 ac
1048 4545 1298 4608 prompte
1329 4553 1616 4596 curramus
1654 4539 1721 4595 ad
1754 4549 1998 4598 mortem.
2037 4558 2137 4611 pro

2242 3315 2470 3371 clientes
2499 3314 2745 3383 efﬁcere,
2773 3317 2971 3374 deinde
2997 3318 3395 3374 consatellites.
3421 3316 3525 3374 Sed
3548 3313 3661 3370 vicit
3685 3324 3724 3369 te
3739 3322 3778 3367 et

2243 3408 2420 3480 ipsum
2449 3410 2502 3464 in
2538 3420 2608 3478 te,
2643 3410 2744 3466 ista
2774 3413 2866 3483 qui
2898 3410 3062 3467 fuerit
3089 3410 3410 3468 machinare
3436 3411 3652 3474 molitus,
3675 3405 3778 3459 veri-

2244 3513 2362 3570 tas;
2393 3504 2534 3560 valet
2563 3505 2708 3560 enim
2743 3505 2794 3560 vi
2823 3520 2942 3562 sua.
2975 3505 3375 3575 Exspectantes
3402 3503 3620 3573 denique
3638 3514 3778 3554 sumus

2244 3597 2540 3654 momentis
2570 3598 2824 3656 omnibus
2860 3614 3025 3669 super
3050 3596 3077 3634 δ
3110 3599 3210 3655 ista
3237 3640 3252 3663 ,
3302 3613 3424 3668 qua:
3449 3597 3558 3668 jam
3598 3589 3777 3649 intulisti

2245 3701 2535 3756 tormenta,
2572 3692 2748 3748 adhuc
2770 3692 2938 3747 addas
2966 3692 3356 3749 constituendo
3378 3692 3624 3746 smviores
3646 3684 3779 3742 carni-

2242 3786 2396 3854 ﬁces,
2431 3787 2727 3844 ferociores
2753 3789 2980 3853 ultores,
3006 3788 3098 3858 qui
3122 3788 3353 3843 dev0tos
3385 3785 3494 3840 Deo
3521 3783 3691 3838 milites
3711 3777 3779 3832 ad-

2243 3897 2434 3938 versus
2460 3881 2637 3937 edicta
2686 3881 2871 3936 feralia
2921 3892 3006 3936 tua
3045 3881 3404 3946 resistentes,
3439 3895 3539 3951 quo
3565 3875 3710 3931 minas
3740 3878 3780 3924 et

2241 3977 2515 4032 cruciatus
2537 3985 2592 4030 et
2619 3985 2886 4031 tormenta
2921 3973 3045 4030 ﬁdei
3077 3975 3264 4045 vigore
3292 3990 3392 4045 per
3422 3971 3512 4028 Dei
3535 3968 3778 4025 miserit-or-

2241 4065 2385 4122 diam
2418 4067 2715 4132 calcemus,
2753 4069 2966 4138 possint
2995 4068 3077 4122 vel
3105 4067 3288 4138 gladio
3312 4066 3583 4129 invadere,
3603 4061 3674 4116 vel
3691 4073 3781 4113 cru-

2241 4159 2486 4231 ciiigere,
2517 4162 2603 4216 vel
2623 4162 2729 4232 igni
2756 4171 2988 4225 torrere,
3009 4161 3092 4215 vel
3116 4160 3364 4231 quolibet
3389 4159 3616 4215 inaudito
3629 4163 3780 4226 ιιι-ηοω

2243 4270 2526 4325 ptenarum
2582 4256 2789 4312 viscera
2845 4265 3028 4312 nostra
3082 4270 3147 4311 ac
3196 4257 3444 4312 membra
3487 4253 3698 4312 laniare;
3739 4253 3782 4299 ιιι

2240 4357 2448 4406 stamus
2494 4365 2639 4406 nunc
2667 4365 2840 4422 usque
2868 4366 2965 4422 per
2993 4350 3286 4406 Dominum
3317 4348 3609 4406 immobiles
3635 4337 3780 4398 staturi

2241 4457 2480 4516 semper,
2513 4444 2557 4500 si
2589 4442 2808 4515 quidem
2839 4459 2946 4498 non
2969 4457 3071 4499 nos
3090 4443 3264 4498 simus
3288 4443 3382 4514 qui
3407 4454 3524 4497 tuos
3553 4435 3783 4495 lrendores

2242 4539 2548 4604 vincamus,
2579 4539 2677 4596 sed
2709 4538 2828 4610 ipse
2859 4540 2912 4594 in
2946 4539 3126 4605 nobis,
3159 4539 3318 4610 cujus
3345 4537 3548 4594 auxilio
3577 4534 3780 4601 regimur.

535 4627 665 4694 ﬁde,
697 4643 808 4684 nou
839 4645 937 4686 nos
966 4633 1219 4690 amittere
1250 4633 1416 4689 vitam
1449 4649 1646 4704 posse,
1677 4635 1774 4692 sed
1807 4637 1980 4708 magis
2005 4652 2134 4693 con-
2163 4632 2217 4693 D
2241 4633 2398 4703 cujus
2420 4634 2617 4690 virtute
2644 4649 2950 4689 servamur.
2971 4632 3220 4702 Quantus
3246 4633 3398 4689 enim
3426 4641 3479 4686 tu
3503 4644 3577 4695 es,
3597 4634 3674 4680 aut
3689 4636 3784 4692 qua‘

532 4723 774 4796 quirere,
801 4733 857 4780 et
877 4725 1095 4796 quidem
1121 4737 1244 4798 post
1272 4727 1523 4798 fragilem
1547 4739 1811 4786 aeternam
1837 4745 2137 4802 praesuma-

535 4833 678 4874 mus.
709 4818 826 4875 Stat
853 4833 1070 4890 semper
1099 4835 1294 4892 nempe
1319 4821 1487 4892 gladii
1517 4821 1595 4878 tui
1617 4823 1764 4880 acies
1793 4826 2053 4881 exstricta
2081 4824 2131 4892 ιι,

536 4925 720 4984 parata
754 4912 1190 4968 Christianorum
1235 4915 1380 4979 neci,
1413 4923 1470 4970 et
1512 4925 1694 4972 tamen
1727 4919 1876 4973 omni
1911 4912 2162 4988 plumbo

534 5007 756 5061 curvior
809 5020 932 5062 esse
981 5006 1139 5060 nobis
1191 5007 1407 5063 videtur
1455 5008 1560 5064 iste
1589 5025 1781 5066 mucro
1808 5011 1976 5084 gladii
2034 5013 2131 5079 tui,

531 5098 674 5153 sicut
700 5107 753 5153 et
783 5099 932 5155 acies
956 5100 1152 5155 animae
1182 5109 1308 5156 tute.
1337 5101 1662 5159 Toleramus
1704 5106 1888 5161 omnia
1929 5107 1982 5161 in
2015 5123 2138 5176 pas-

533 5193 691 5249 sione
733 5195 937 5264 securi,
981 5194 1151 5252 veluti
1199 5195 1510 5268 ingeramus
1555 5197 1822 5270 supplicia
1849 5215 1972 5270 qua)
1999 5201 2134 5271 pati-

610 5383 638 5413 ιι
677 5373 744 5429 In
772 5373 926 5430 domo
947 5371 1158 5429 Domini
1192 5372 1425 5428 omnibus
1455 5372 1635 5427 diebus
1659 5372 1778 5427 vitae
1803 5389 1946 5430 mete.
1977 5374 2133 5432 Vers.

541 5449 748 5592 Δηῢιοζιι
770 5519 1073 5592 potentiam.
1107 5515 1241 5574 Ead.

616 5603 638 5631 ο
679 5589 814 5646 Cum
842 5589 942 5646 Ms.
977 5607 1090 5660 reg.
1137 5589 1278 5661 apud
1317 5589 1506 5646 Salial.
1531 5590 1688 5647 Vers.
1725 5591 1852 5647 Aut.
1902 5591 2138 5647 insidias.

540 5663 680 5721 Vide
703 5672 819 5735 not.
850 5665 903 5717 in
933 5662 1030 5718 lib.
1060 5679 1118 5728 ιι,
1149 5677 1247 5735 pro
1269 5664 1326 5722 S.
1353 5662 1553 5719 Athan.
1582 5675 1637 5720 et
1663 5667 1764 5720 hoc
1781 5662 1977 5720 eodem
2006 5664 2146 5720 libro

548 5733 831 5860 pagg;
950 5764 978 5796 ·,
1045 5806 1058 5819 ο
1151 5733 1159 5735 ⁷
1446 5790 1474 5838 κ.
1583 5795 1587 5800 .
1654 5809 1665 5822 ⁸

629 5858 646 5889 ._
697 5814 910 5889 “ricta.
940 5804 1119 5880 Latin.
1152 5814 1207 5889 et
1231 5821 1298 5889 es
1324 5822 1390 5886 eo
1413 5805 1760 5866 Gallandius.

624 5885 648 5913 ο
694 5867 915 5931 Unicum
935 5875 1130 5932 verum.
1164 5876 1340 5932 Vatic;

2246 4729 2334 4795 lis,
2362 4728 2450 4800 qui
2482 4729 2657 4799 passis
2680 4727 2916 4796 Spoliare
2935 4741 3033 4782 nos
3055 4725 3140 4782 his
3161 4726 3344 4795 bonis,
3380 4742 3494 4798 qua-
3521 4728 3631 4779 sunt
3655 4719 3696 4772 in
3712 4725 3783 4766 nos

2241 4823 2437 4880 collata
2465 4822 2772 4878 divinitus?
2799 4822 2947 4892 rapis
2974 4837 3075 4878 nos
3097 4862 3113 4889 ,
3143 4837 3310 4892 negas
3361 4820 3407 4888 ί,
3437 4831 3624 4892 egenos
3650 4809 3782 4870 lacis.

2241 4916 2491 4982 damnas,
2519 4916 2716 4982 vincis,
2752 4915 2864 4970 uris
2891 4956 2907 4982 ,
2941 4915 3158 4970 miseris
3185 4913 3356 4969 etiam
3383 4911 3550 4968 modis
3572 4916 3720 4967 necaS,
3745 4905 3784 4951 ei

2243 5021 2421 5067 tamen
2440 5014 2660 5066 vincere
2683 5007 3120 5066 Christianorum
3146 5011 3405 5065 invictam
3434 5005 3584 5062 ﬁdem
3610 5016 3695 5056 non
3717 5007 3785 5047 va-

2241 5106 2346 5162 les.
2386 5105 2490 5161 l’er
2517 5105 2662 5176 quod
2693 5104 3003 5175 intelligere
3032 5103 3268 5158 debuisti
3302 5103 3524 5166 factum,
3551 5094 3661 5166 quia
3684 5099 3724 5144 et
3745 5094 3784 5136 ιιι

2241 5200 2447 5257 erroris
2473 5198 2927 5270 crudelitatisque
2951 5206 3060 5254 tua:
3081 5197 3154 5254 sis
3189 5205 3508 5266 recepturus
3535 5180 3778 5259 supplicia:

2322 5374 2342 5415 ί
2387 5376 2552 5433 Forte
2598 5377 2782 5442 multo,
2832 5384 2928 5430 aut
2966 5374 3177 5429 multos.
3212 5372 3316 5428 Til.
3357 5370 3544 5432 Multo,
3572 5359 3719 5442 Latin.
3739 5353 3778 5442 ςῑ

2248 5424 2952 5513 Galii.iii."tté}:ié}imia§,
3189 5424 3503 5501 tolerabilius
3523 5424 3654 5494 rebus
3675 5424 3780 5484 νηπία

2249 5523 2338 5588 tis,
2368 5537 2465 5592 pro
2492 5537 2592 5576 suo
2621 5520 2896 5578 scribendi
2931 5533 3117 5594 more.
3274 5590 3284 5594 _
3544 5582 3570 5594 γ’

2321 5585 2345 5640 ὲ
2369 5585 2741 5664 Ῥθιιίεἱρίιιιη
2772 5607 2869 5664 pro
2890 5590 3218 5664 gerundivo,
3244 5590 3320 5664 sic
3344 5585 3668 5664 smpeutitur':
3692 5585 3782 5664 cii!-

2247 5666 2489 5719 uertendo
2517 5649 2612 5720 nos
2636 5677 2748 5720 tuos
2765 5649 2976 5719 clietiles
3006 5649 3219 5735 efﬁcere;
3240 5661 3344 5716 Til.
3373 5649 3781 5715 et'GallandJM'

2250 5747 2499 5792 vertentes
2529 5740 2746 5806 primos.
2779 5735 2961 5791 Latin.
3221 5798 3246 5806 4
3290 5803 3321 5806 μ
3349 5799 3355 5804 ,

2323 5787 2578 5875 nisa;
2598 5787 3041 5879 animum».
3061 5806 3182 5862 ista.
3206 5787 3452 5862 Gallaud.

2335 5879 2345 5914 ί
2397 5879 2640 5950 Relegas.
2676 5880 2853 5935 Latin.
