3836 6348
14 318 147 376 1023

939 314 1350 376 MORIENDUM
1394 315 1566 377 ESSE
1606 311 1741 374 PRO
1784 310 1891 370 DEI
1934 308 2113 373 FlLlO
2152 314 2379 376 LIBER.

3179 314 3317 376 1026

13 452 59 499 et
85 451 281 498 contra
317 457 449 510 nos,
478 441 620 515 quod
650 458 745 514 per
776 441 919 498 hanc
959 444 1297 514 propositam
1326 441 1616 499 difficulta-
1641 449 1691 509 Α
1721 440 1911 507 Filius,
1945 453 1998 495 ut
2028 451 2115 497 est
2140 443 2277 498 Deus
2306 442 2488 511 Pater,
2523 441 3003 508 ἰιιειιιιιιιιιιιειὺίιίε,
3030 441 3321 499 inconver-

13 546 112 592 lem
130 536 559 606 augustissimus
577 548 774 594 trames
794 538 861 592 ad
883 537 1307 594 inmortalitatis
1329 537 1614 609 prtemium

13 631 325 689 sublimiter
354 632 543 699 ducat,
588 649 695 689 non
723 634 1029 705 poterimus
1057 634 1259 690 cedere
1287 643 1394 690 tute
1423 632 1619 689 crude-

13 723 166 787 litati,
200 723 297 794 qui
350 724 605 780 novimus
649 725 792 796 quod
844 728 917 783 sit
964 726 1285 798 martyrium
1329 725 1618 782 dominicae

13 815 352 877 fortitudinis
403 816 693 888 singularis
738 819 989 875 imitatio.
1044 819 1274 875 Laboris
1310 819 1531 890 quidem
1562 828 1619 875 et

14 912 351 969 difficultatis
383 912 539 982 plena
572 913 703 968 satis
733 923 788 969 et
823 912 992 968 ardua
1038 924 1335 986 martyrum
1363 912 1503 969 adeo
1533 913 1618 967 via

13 1018 107 1073 εει,
141 1017 199 1061 ιιι
222 1019 336 1061 non
369 1006 493 1074 quis
520 1005 771 1061 humanis
799 1008 1027 1077 implere
1052 1005 1232 1061 valeat
1259 1006 1497 1071 viribus;
1522 1003 1618 1062 sed

14 1115 118 1165 tos,
153 1098 248 1169 qui
281 1098 499 1154 auxilio
541 1098 739 1153 divina:
769 1098 1178 1169 suffragationis
1199 1098 1475 1168 iuvamur,
1508 1097 1620 1153 cal—

14 1203 259 1265 remus‘te
276 1207 534 1261 semper,
559 1202 621 1246 ut
650 1191 1100 1258 nunccalcamus,
1120 1205 1344 1247 necesse
1361 1200 1466 1245 est.
1481 1189 1620 1245 Hinc

14 1296 74 1342 :st
99 1286 249 1358 quod
279 1285 511 1341 libitum
553 1286 628 1341 sit
649 1285 827 1353 nobis,
859 1300 967 1339 non
996 1284 1175 1340 solum
1204 1300 1314 1340 non
1346 1294 1399 1339 te
1429 1282 1620 1339 timere

13 1380 96 1435 Dei
123 1378 422 1451 religionis
450 1378 857 1443 adversarium,
906 1377 1004 1433 sed
1034 1387 1088 1433 et
1120 1378 1262 1432 ultro
1294 1392 1617 1448 provocare.

13 1472 338 1529 Provocaris
369 1482 418 1537 ⁸.
451 1487 573 1527 cum
601 1473 927 1543 semper,'.ut
958 1485 1064 1526 non
1098 1469 1409 1526 miserearis
1443 1470 1620 1525 immi-

13 1568 269 1635 sericors,
298 1566 399 1624 sed
423 1567 794 1623 utiuterlicias
819 1567 1158 1637 exSpectaris
1183 1584 1196 1621 :
1228 1565 1353 1620 hinc
1370 1578 1449 1621 est
1474 1562 1620 1636 quod

13 1683 115 1723 non
161 1666 336 1736 possit
364 1681 559 1737 capere
588 1664 909 1720 divisionem
959 1663 1191 1720 felicitas
1221 1666 1428 1730 nostra,
1470 1664 1616 1732 quia,

13 1776 63 1821 et
91 1780 213 1821 cum
248 1764 553 1820 occidimur
579 1779 676 1836 pro
697 1763 794 1819 Dei
826 1762 984 1827 Filio,
1016 1762 1131 1833 ipse
1152 1762 1451 1817 dilectione
1474 1761 1620 1816 vivat

1719 535 1911 602 tibilis,
1945 536 2359 601 inmstimabilis,
2386 538 2791 606 inenarrabilis,
2821 547 3079 606 aeternus,
3106 538 3316 609 perfec-

1719 638 1827 685 tus.
1859 628 2000 699 Quid
2031 637 2136 697 est,
2167 632 2395 700 quicum
2424 632 2478 685 in
2506 636 2677 703 forma
2709 631 2807 688 Dei
2830 632 3004 689 esset?
3033 630 3136 687 nisi
3169 630 3314 701 quod

1716 724 1888 796 ipsam
1921 725 2351 781 inaccessibilem
2381 726 2557 783 lucem
2590 726 2807 785 habitet
2835 727 3044 794 Filius,
3078 743 3239 799 quam
3263 734 3320 784 et

1719 815 1905 883 Pater;
1937 816 2045 871 nisi
2093 818 2218 888 quia
2246 832 2352 873 una
2382 819 2454 874 sit
2496 818 2680 875 divina
2712 819 3016 875 sublimitas
3059 818 3236 875 Patris
3263 826 3320 874 et

1718 909 1866 966 Filii.
1896 910 2129 966 Sanctus
2162 919 2187 957 ε
2214 910 2468 979 Spiritus,
2503 912 2555 967 in
2582 913 2743 969 beato
2769 926 2995 969 manens
3026 913 3276 985 apostolo
3298 956 3313 979 ,

1718 1006 1881 1062 corda
1903 1016 2086 1062 vestra
2112 1007 2290 1063 omnia
2322 1005 2703 1064 haereticorum
2731 1008 2857 1080 ljam
2906 1018 3036 1066 tunc
3095 1008 3316 1079 conspi-

1720 1100 1870 1155 ciens
1900 1098 2111 1156 addidit
2136 1102 2667 1170 interpretationem,
2700 1102 2827 1172 quid
2856 1103 2925 1158 sit
2948 1103 3004 1156 in
3033 1106 3202 1174 forma
3224 1100 3322 1156 Dei

1719 1207 1841 1249 esse
1871 1192 2066 1249 Filium
2092 1214 2105 1250 :
2136 1193 2333 1268 (lbid.)
2362 1194 2463 1261 Qui
2492 1214 2607 1251 cum
2637 1197 2691 1251 in
2715 1200 2884 1270 forma
2912 1197 3010 1253 Dei
3031 1207 3184 1266 esset,
3216 1214 3319 1253 non

1718 1298 1791 1342 est
1820 1287 2061 1357 rapinam
2102 1288 2387 1343 arbitratus
2415 1306 2523 1345 esse
2561 1306 2617 1346 se
2643 1292 2892 1362 aqualem
2923 1290 3055 1346 Deo.
3089 1290 3323 1362 Aposto-

1719 1379 1805 1437 lus
1832 1382 2028 1438 beatus
2060 1383 2326 1454 aequalem
2358 1383 2558 1440 Filium
2590 1385 2737 1441 Patri
2770 1386 2930 1455 dicit,
2956 1402 3117 1442 unam
3146 1386 3320 1442 deita-

1720 1487 1829 1532 tem
1857 1476 2213 1533 manifestans
2245 1480 2419 1534 Patris
2444 1489 2502 1535 et
2530 1478 2691 1546 Filii;
2724 1488 2780 1535 et
2811 1489 2864 1535 tu
2889 1481 3056 1537 audes
3084 1495 3207 1536 cum
3235 1496 3321 1536 sa-

1719 1570 1935 1643 crilegae
1962 1572 2203 1629 audacia:
2235 1584 2340 1629 tua:
2375 1573 2704 1630 satellitibus
2749 1583 2913 1646 atque
2943 1575 3217 1647 sacrilegii
3246 1574 3321 1630 lui

1720 1667 2146 1738 comparticibus
2167 1668 2384 1725 dicere:
2411 1668 2535 1724 Non
2551 1670 2687 1723 enim
2710 1685 2802 1724 nos
2826 1686 3096 1739 possumus
3117 1685 3323 1741 aequare

1720 1772 1810 1817 aut
1838 1780 2146 1836 comparare
2188 1761 2391 1818 Filium
2423 1761 2610 1818 Patri?
2636 1769 2743 1819 Aut
2780 1778 2879 1818 cur
2919 1764 3207 1819 Dominum
3240 1763 3326 1819 di-

14 1860 65 1916 in
108 1860 289 1926 nobis,
326 1860 468 1928 ipse,
520 1859 610 1929 qui
658 1869 744 1914 est
775 1860 826 1913 in
860 1873 1113 1929 pressura
1144 1868 1200 1913 et
1252 1855 1528 1922 excitatio,
1564 1856 1616 1912 in
1649 1863 1698 1925 B
1725 1858 1871 1913 xisse
1888 1857 2193 1924 arbitraris,
2211 1858 2313 1927 Qui
2337 1874 2415 1912 me
2448 1858 2746 1925 vidit,vidit
2768 1867 2817 1913 et
2840 1856 3053 1913 Patrem
3076 1857 3102 1893 ιι
3128 1856 3319 1929 (Joan.

14 1955 456 2025 persecutionum
490 1954 695 2025 przeliis
716 1953 994 2009 fortitudo.
1014 1951 1222 2021 Quibus
1255 1953 1457 2007 etenim
1482 1953 1619 2008 velis

14 2059 66 2106 te
94 2049 271 2104 modis
318 2063 543 2104 exseras
583 2048 845 2105 adversus
890 2048 990 2104 Dei
1015 2047 1252 2104 cultores
1278 2091 1291 2116 ,
1328 2064 1617 2118 numquam

15 2154 189 2201 tamen
223 2145 434 2215 poteris
465 2158 736 2200 evacuare
783 2145 1050 2213 signatam
1083 2140 1337 2199 virtutem
1363 2184 1378 2210 ,
1419 2144 1621 2215 quippe

16 2256 131 2296 cum
161 2238 436 2294 mundana
470 2254 576 2293 non
622 2239 874 2306 invitent,
911 2255 1020 2295 non
1047 2248 1288 2295 terreant
1328 2248 1616 2294 tormenta.

15 2329 143 2387 Cum
191 2336 307 2387 haec
339 2331 411 2386 ita
444 2332 573 2395 sint,
608 2340 660 2386 te
690 2331 781 2386 Dei
814 2330 1007 2387 domus
1056 2339 1457 2402 persecutorem
1493 2329 1621 2401 quid

17 2423 156 2479 aliud
184 2422 367 2478 dicam
400 2438 561 2495 quam
607 2423 863 2479 miserum
886 2466 900 2490 ,
936 2424 1027 2496 qui
1059 2425 1375 2495 przedonnm
1407 2432 1620 2479 tuorum

18 2516 322 2573 diemonum
369 2517 815 2589 instigationibus
868 2533 1081 2588 pareas,
1113 2533 1342 2589 quorum
1385 2517 1623 2573 stimulis

20 2622 169 2668 actus
216 2613 336 2669 hruc
373 2611 542 2668 fueris
575 2622 895 2685 perpetrare
942 2614 1311 2680 machinatus,
1362 2629 1459 2684 per
1485 2627 1625 2684 quos

22 2710 322 2768 inhazrente
346 2710 504 2766 cordi
531 2718 624 2767 tuo
651 2711 1007 2781 persuasione
1036 2721 1124 2766 tua
1156 2709 1422 2781 sacrilega
1450 2709 1623 2765 liben-

23 2811 102 2857 ter
131 2818 303 2859 erras.
337 2803 550 2860 Faveas
595 2804 842 2859 stultitia:
873 2812 977 2860 tute
1015 2805 1111 2860 tibi
1141 2806 1337 2875 ignota:
1364 2802 1429 2871 υς
1461 2813 1624 2875 atque

25 2896 224 2951 utinam
253 2910 382 2952 cum
410 2897 545 2953 Solis
576 2896 795 2952 Ariauis
819 2897 1282 2968 comblasphemis
1311 2898 1416 2953 tuis
1441 2913 1627 2953 errare

26 3003 85 3045 ac
110 2990 365 3063 desipere
389 2991 558 3047 velis!
593 3007 693 3047 nos
714 2991 881 3048 etiam
910 2992 962 3047 in
991 2992 1328 3048 consortium
1357 2992 1625 3048 malorum

30 3092 235 3140 tuorum
264 3101 467 3158 rapere
511 3086 762 3154 conaris,
807 3086 1105 3159 proscribis
1132 3130 1147 3154 ,
1179 3088 1483 3158 exspolias;
1532 3086 1627 3143 sed

30 3178 271 3235 novimus
293 3182 552 3236 maxima:
575 3180 853 3236 felicitatis
866 3196 1036 3252 genus
1056 3196 1178 3237 esse
1202 3189 1429 3253 propter
1444 3179 1627 3237 Chris-

33 3281 137 3328 tum
169 3274 454 3346 quaesitam
478 3282 872 3346 paupertatem.
915 3273 1151 3342 lnl'crsc,
1181 3275 1447 3343 carnifex,
1483 3292 1628 3331 mor-

35 3373 134 3420 tem
165 3362 190 3402 ά
221 3367 288 3422 ad
318 3383 456 3434 nos;
484 3382 590 3423 non
618 3368 795 3423 solum
820 3383 927 3423 non
952 3369 1223 3425 cervicem
1247 3368 1620 3437 subducimus,

33 3457 124 3512 sed
155 3468 207 3515 et
231 3459 426 3515 damus
456 3470 503 3528 ε,
538 3469 595 3515 ιιι
619 3468 840 3531 propter
868 3461 962 3517 Dei
992 3462 1211 3517 unicum
1244 3462 1440 3517 Filium
1466 3463 1628 3534 jugu-

31 3549 216 3606 lemur.
263 3551 539 3621 Quorsum
588 3552 704 3608 haec
736 3553 935 3609 retuli?
967 3562 1027 3609 ut
1066 3554 1238 3610 scires
1268 3569 1458 3625 ptenas
1506 3565 1626 3611 tuas

33 3647 203 3703 nullas
232 3649 438 3707 habere
458 3658 650 3706 contra
681 3650 879 3706 Christi
927 3667 1120 3707 servos
1151 3653 1294 3708 vires
1319 3692 1336 3720 ,
1386 3661 1441 3707 et
1483 3652 1625 3724 quod

32 3754 395 3812 expavescere
426 3760 534 3799 non
563 3759 856 3815 possumus
884 3742 960 3812 id,
994 3744 1136 3817 quod
1171 3753 1458 3800 venturum
1486 3760 1628 3801 sem-

36 3848 128 3904 per
150 3846 551 3909 exspectemus.
573 3837 798 3908 lndigue
828 3837 938 3894 fers
966 3854 1064 3894 cur
1093 3837 1294 3897 dicaris
1316 3837 1625 3906 haereticus,

35 3936 86 3983 et
109 3930 272 3987 audes
296 3940 480 3987 tamen
503 3931 687 3988 dicere
705 3946 812 3988 non
840 3932 1149 4004 comparari
1193 3947 1376 4004 posse,
1414 3933 1501 3989 vel
1533 3948 1629 3989 ex-

36 4024 231 4093 aequari
248 4024 396 4081 Patri
420 4024 645 4090 Filium;
666 4041 791 4093 nos,
817 4026 907 4096 qui
935 4042 1095 4081 unam
1117 4027 1375 4083 deitatem
1404 4027 1547 4083 Patri
1575 4036 1629 4083 et

37 4116 168 4175 Filio
210 4120 591 4188 defendimus,
640 4120 839 4176 Filium
869 4121 1136 4193 aequalem
1172 4121 1404 4178 dicimus
1457 4121 1624 4178 Patri.

34 4209 327 4280 Credimus,
363 4226 421 4270 ut
450 4214 678 4271 credidit
709 4215 902 4270 beatus
930 4216 1135 4271 Paulus
1165 4212 1450 4288 apostolus
1478 4259 1492 4285 ,
1533 4218 1624 4289 qui

36 4302 160 4360 dicit
187 4307 254 4364 de
283 4308 424 4365 Filio
444 4306 615 4381 (Phil.
642 4325 719 4375 ιι,
751 4309 784 4364 6
816 4309 833 4378 )
866 4326 880 4362 :
917 4308 1019 4374 Qui
1048 4326 1165 4363 cum
1185 4310 1241 4364 in
1276 4308 1294 4347 ί
1322 4314 1492 4381 forma
1533 4310 1632 4365 Dei

38 4408 184 4466 esset,
213 4417 313 4457 non
335 4414 411 4457 est
435 4403 680 4473 rapinam
708 4401 996 4457 arbitratus
1018 4418 1127 4457 esse
1147 4419 1201 4457 se
1222 4402 1473 4473 (aqualem
1498 4402 1625 4459 Deo.

38 4488 169 4558 Quid
195 4504 307 4563 est,
354 4496 586 4564 quicum
612 4496 667 4549 in
691 4499 864 4567 forma
891 4494 993 4551 Dei
1021 4497 1193 4551 esset?
1224 4496 1329 4552 nisi
1372 4497 1517 4569 quod
1562 4498 1634 4554 sit

110 4664 135 4693 ⁸
176 4657 482 4715 Provocaris
512 4658 672 4713 enim.
704 4656 960 4714 Galland.

107 4725 133 4763 ι’
174 4730 365 4802 Melius
390 4745 514 4787 cum
543 4731 723 4786 Latin.
742 4741 798 4786 et
820 4728 1089 4786 Galland.’
1107 4744 1232 4786 nam
1255 4738 1416 4786 antea
1434 4731 1634 4802 ignitte.

116 4810 135 4872 ιζ
176 4801 338 4859 Forte
363 4804 582 4872 inferas,
615 4813 674 4858 ut
706 4802 873 4870 paulo
903 4810 1031 4858 ante
1054 4802 1246 4872 faveas.
1282 4801 1533 4859 Galland.

113 4866 136 4906 ι¹
177 4866 436 4939 Mortem}
464 4885 518 4929 at
548 4866 662 4940 nos,
695 4866 804 4931 etc.
834 4875 1014 4931 Latin.
1048 4866 1104 4930 et
1131 4875 1385 4931 Galland.

114 4951 137 4979 ε
180 4945 374 5002 Damus
393 4963 515 5002 cum
550 4947 673 5002 iisd.
712 4958 765 5001 ut
809 4962 1004 5002 sensus
1031 4946 1131 5001 sit:
1155 4946 1350 5019 lnfers,
1376 4948 1634 5019 carnifex,

48 5025 270 5090 mortem,
294 5031 344 5073 at
372 5036 465 5074 nos
506 5036 610 5074 non
647 5022 819 5074 solum
841 5036 943 5075 non
982 5020 1229 5074 cervicem
1269 5020 1635 5090 subducimus,

47 5087 133 5160 sed
153 5101 198 5143 et
224 5092 440 5158 damus;
462 5101 623 5147 antea
648 5091 757 5160 leg.
782 5107 990 5145 manus.

119 5158 136 5197 ί
178 5161 333 5235 _Vcrs.
364 5166 491 5220 Ant.
526 5161 599 5235 In
626 5158 795 5235 forma
829 5163 922 5217 Dei
944 5165 1275 5219 constitutus.

118 5240 141 5278 Β
177 5233 251 5288 lta
283 5250 404 5291 cum
428 5233 671 5290 Latinio:
699 5247 861 5290 antea
895 5237 1194 5305 legebatur,
1229 5235 1399 5292 Patris
1431 5247 1480 5291 et
1508 5234 1639 5292 Filii

49 5306 206 5442 s§aiécti
232 5306 481 5379 Spiritus,
511 5308 565 5362 in
593 5309 742 5362 beato
765 5323 980 5363 manens
1017 5306 1288 5377 Apostolo.
1323 5309 1386 5365 V.
1417 5309 1635 5381 prmfat.

116 5442 147 5529 ιε
182 5450 310 5506 Cum
337 5452 551 5521 Graeco,
585 5454 671 5510 τὸν
697 5453 903 5529 πατέρα
930 5449 1281 5522 simpliciter.
1312 5452 1473 5510 Vers.
1508 5453 1635 5509 Ant.

53 5514 257 5577 Patrem
285 5541 473 5580 meum.

130 5591 144 5628 ί
189 5592 340 5652 Vers.
365 5600 492 5652 Ant.
522 5596 868 5653 Conveniunt.

124 5663 139 5742 ξ
189 5665 457 5742 ρὸεεγυαιε
477 5670 588 5742 qu_i.
616 5666 772 5723 Vers.
803 5666 930 5721 Ant.

124 5732 147 5771 ιι
189 5736 341 5795 Vers.
367 5732 501 5795 Ant:
526 5738 779 5795 Formam
808 5754 922 5793 nos.

129 5801 142 5841 ¹
188 5807 339 5865 Vers.
369 5814 497 5867 Ant.
529 5811 672 5876 Quos
700 5826 919 5876 semper.
947 5808 1110 5876 Quos,
1135 5808 1282 5865 idem
1306 5810 1523 5867 Lucifer
1547 5811 1582 5869 l.
1606 5812 1642 5867 ‘2

60 5889 155 5949 pro
179 5878 233 5937 S.
265 5881 466 5939 Athan.
498 5883 639 5941 Vide
678 5899 800 5955 pag.
836 5882 937 5939 159
966 5880 1073 5952 (hic
1104 5879 1205 5937 col.
1238 5883 1365 5953 926,
1393 5881 1488 5938 lin.
1524 5885 1636 5956 l7).

1725 1969 1834 2019 xtv,
1866 1953 1967 2025 9);
2012 1953 2102 2021 Et,
2128 1952 2244 2027 Ego
2267 1952 2669 2009 etPaterunum
2699 1969 2877 2008 sumus
2896 1950 3064 2024 (Ibid.
3109 1967 3166 2018 x,
3195 1950 3326 2021 '50)?

1724 2048 1825 2102 nisi
1856 2048 1998 2118 quod
2028 2064 2135 2102 una
2167 2049 2238 2103 sit
2286 2048 2527 2117 potentia
2560 2046 2738 2103 Patris
2765 2054 2824 2103 et
2848 2045 2997 2101 Filii.
3027 2045 3107 2100 Tu
3155 2042 3326 2109 dicis,

1723 2142 1868 2213 quod
1900 2143 2061 2197 habet
2088 2141 2260 2198 Filius
2290 2142 2501 2197 initium
2526 2158 2541 2209 ;
2570 2151 2628 2198 at
2643 2158 2745 2199 nos
2770 2142 2999 2197 dicimus
3020 2142 3141 2197 sine
3171 2140 3330 2196 initio

1725 2251 1879 2293 esse:
1911 2237 1956 2292 si
1984 2236 2198 2307 quidem
2228 2252 2413 2302 omne,
2444 2237 2590 2308 quod
2612 2236 2772 2293 habet
2803 2235 3049 2303 initium,
3079 2245 3135 2291 et
3165 2235 3328 2292 ﬁnem

1725 2332 1894 2403 possit
1923 2330 2125 2387 habere
2149 2345 2374 2387 necesse
2401 2340 2505 2386 est.
2535 2329 2725 2401 Igitur,
2748 2344 2871 2385 cum
2895 2328 3185 2385 credamus
3210 2328 3332 2385 uni-

1725 2441 1847 2483 cum
1894 2427 1987 2482 Dci
2020 2426 2216 2482 Filium
2246 2434 2515 2483 aeternum
2544 2441 2701 2493 esse,
2746 2426 2849 2481 hoc
2873 2434 2958 2481 est
2992 2435 3329 2482 consternunt

1727 2521 1892 2586 Patri,
1928 2532 1983 2577 et
2027 2535 2125 2576 vos
2168 2522 2352 2577 hostes
2386 2521 2480 2576 Dei
2512 2520 2746 2591 negetis,
2792 2534 2976 2577 nonne
3025 2520 3331 2577 rectissime

1726 2614 2009 2671 dementes
2030 2624 2085 2669 et
2105 2615 2253 2670 omni
2274 2615 2527 2671 vecordia
2545 2616 2823 2687 saginatos
2846 2614 2989 2670 lilios
3007 2613 3331 2685 pestilentia:

1726 2724 1827 2766 vos
1849 2710 2267 2780 nuncnpamus?
2286 2710 2354 2767 de
2374 2712 2568 2781 quibus
2586 2710 2787 2766 clamat
2812 2710 3006 2766 beatus
3026 2710 3333 2781 apostolus,

1728 2812 1789 2860 ut
1821 2814 1949 2861 tunc
1979 2804 2048 2861 de
2073 2803 2490 2873 JudaeisUiom.
2519 2820 2559 2870 ι,
2589 2804 2735 2877 28):
2766 2801 2836 2857 Et
2856 2803 2988 2858 sicut
3012 2820 3115 2857 non
3145 2801 3335 2873 proba-

1728 2908 1915 2953 verunt
1944 2897 2114 2954 Deum
2141 2898 2329 2954 habere
2358 2899 2412 2953 in
2438 2899 2625 2953 notitia
2648 2913 2668 2963 ;
2699 2897 2914 2953 tradidit
2956 2896 3077 2952 illos
3107 2894 3253 2951 Deus
3279 2896 3336 2951 in

1729 2992 2015 3062 reprobum
2040 2991 2347 3059 sensum,'ut
2376 2992 2574 3064 faciant
2596 3007 2676 3059 ea,
2695 3007 2812 3063 qua
2831 3006 2935 3046 non
2950 2990 3256 3045 conveniant
3287 2988 3329 3044 ί.

1731 3085 1799 3141 Et
1821 3086 1888 3141 ad
1915 3085 2328 3157 Philippenses:
2355 3082 2715 3141 Coimitatores
2738 3086 2837 3140 mei
2850 3094 3029 3150 estote,
3046 3086 3257 3157 fratres,
3283 3093 3333 3139 et

1732 3180 1996 3235 observate
2028 3179 2042 3230 ἱ
2079 3196 2165 3234 eos
2191 3180 2280 3251 qui
2308 3179 2381 3234 sic
2410 3178 2700 3245 ambulant,
2724 3178 2857 3234 sicut
2883 3177 3083 3232 habetis
3112 3178 3335 3249 formant

1657 3263 1703 3327 C
1735 3283 1963 3329 nostram
1986 3270 2036 3327 ιι.
2064 3272 2223 3328 Multi
2250 3273 2386 3327 enim
2411 3272 2700 3339 ambulant,
2728 3273 2869 3343 quod
2891 3272 2908 3310 ι
2938 3288 3076 3343 swpe
3101 3270 3336 3328 dicebam

1732 3371 1899 3437 vobis,
1930 3387 2068 3425 nunc
2094 3380 2265 3426 autem
2290 3379 2335 3425 et
2358 3371 2488 3441 ﬂens
2503 3369 2639 3434 dico,
2670 3369 2908 3424 inimicos
2934 3368 3101 3424 crucis
3118 3365 3335 3434 Christi,

1728 3482 1951 3535 quarunt
1984 3465 2105 3535 ﬁnis
2131 3474 2204 3520 est
2234 3464 2493 3530 interitus,
2537 3479 2756 3534 quorum
2784 3465 2909 3518 deus
2936 3472 3108 3519 venter
3132 3471 3209 3519 est
3234 3506 3249 3531 ,
3288 3470 3337 3517 et

1730 3557 1902 3629 gloria
1928 3558 1982 3612 in
2010 3566 2048 3593 ω
2081 3557 2384 3627 confusione
2434 3556 2668 3629 ipsorum
2698 3597 2714 3623 ,
2755 3558 2844 3621 qui
2881 3566 3084 3612 terrena
3128 3557 3337 3628 sapiunt

1730 3650 1957 3724 (Philip.
1981 3667 2061 3720 ιιι,
2089 3651 2201 3725 l7).
2220 3650 2288 3706 Et
2304 3652 2370 3706 ad
2392 3650 2736 3708 Timotheum
2758 3651 2826 3708 de
2846 3660 2918 3720 te,
2942 3651 3249 3720 Constanti,
3270 3667 3337 3710 ac

1732 3744 2216 3816 tibi;dilectissimis
2241 3743 2597 3815 comperditis
2615 3744 2723 3799 tuis
2747 3744 2766 3816 (
2786 3743 2956 3800 ITim.
2984 3761 3059 3811 iv,
3087 3744 3151 3817 1)
3173 3763 3185 3798 :
3212 3742 3338 3817 Spi-

1730 3837 1862 3892 ritus
1879 3846 2047 3891 autem
2062 3836 2333 3910 manifeste
2349 3836 2496 3902 dicit,
2516 3836 2638 3908 quia
2651 3838 2702 3891 in
2717 3837 3008 3893 novissimis
3022 3837 3337 3910 temporibus

1729 3929 1970 3984 recedent
1992 3930 2206 4002 quidam
2226 3947 2257 3983 a
2279 3929 2385 4001 ﬁde
2409 3937 2437 3965 ιι
2462 3929 2783 3987 attendentes
2800 3931 3068 4003 spiritibus
3097 3932 3338 3988 seducto-

1732 4027 1893 4096 ribus,
1919 4027 2169 4083 doctrinis
2191 4027 2589 4093 da’moniorum,
2614 4028 2668 4083 in
2688 4036 2712 4064 ο
2736 4027 3000 4101 hypocrisi
3020 4027 3340 4084 mendacilo-

1732 4123 2021 4193 quentimn,
2059 4122 2398 4177 cauteriatam
2415 4121 2711 4177 habentium
2736 4123 3104 4177 conscientiam
3122 4133 3148 4173 ι)
3166 4139 3340 4179 suam.

1736 4216 1849 4273 Vos
1878 4217 2057 4273 adhuc
2087 4217 2322 4288 percutit
2346 4227 2510 4287 atque
2541 4216 2803 4272 interficit
2839 4217 3077 4288 Spiritus
3106 4217 3342 4274 Sanctus

1738 4323 1833 4365 ore
1857 4309 2103 4380 ejusdem
2133 4310 2275 4366 beati
2299 4310 2530 4381 apostoli
2558 4320 2620 4367 «ιε
2646 4310 2715 4363 In
2738 4310 3028 4365 navissimis
3043 4310 3221 4367 diebus
3243 4312 3340 4366 ad-

1738 4404 1942 4457 venient
1982 4414 2212 4475 tempora
2249 4404 2561 4475 periculosa.
2616 4401 2788 4459 Erunt
2832 4403 3063 4461 homines
3092 4423 3146 4462 se
3195 4405 3340 4478 ipsos

1740 4508 1996 4567 amantes,
2053 4499 2233 4571 cupidi
2267 4508 2314 4568 ι’,
2344 4498 2571 4570 superbi,
2622 4500 2884 4571 fastidiosi
2935 4508 2981 4567 ³,
3032 4501 3340 4574 blasphemi,

1658 4657 1713 4718 Ι)
1760 4731 1770 4737 _
1810 4667 1851 4696 τη
1890 4656 1970 4713 Ex
1999 4656 2211 4727 Graeco,
2243 4658 2294 4713 iv
2319 4666 2384 4737 τῇ
2408 4657 2662 4734 αἰσχύνῃ.
2695 4656 2765 4715 In
2803 4660 3149 4732 confessione.
3179 4661 3335 4721 Vers.

1744 4731 1872 4787 Ant.

1815 4812 1841 4839 η
1883 4802 2065 4858 Grzec.
2088 4811 2180 4865 τῆς
2206 4806 2453 4865 πίστεως.
2479 4802 2522 4856 Α
2549 4804 2779 4859 veritate.
2804 4803 2964 4861 Vers.
2996 4807 3126 4862 Ant.

1816 4883 1841 4910 ο
1880 4876 1961 4931 Ἐν
1989 4875 2284 4953 sagum.
2317 4875 2496 4953 ϐιαιο.
2527 4873 2595 4953 In
2623 4877 3031 4953 dissimulgtione
3078 4878 3342 4953 mendaci-

1743 4948 2036 5020 loquorum.
2068 4946 2226 5004 vers.
2259 4950 2386 5003 Ant.
2417 4949 2728 5005 Cotelerius
2755 4950 2807 5004 in
2840 4949 2999 5004 Tom.
3040 4966 3056 5005 ι
3097 4950 3338 5005 Μοιιιιιη.

1747 5019 1893 5093 Feci.
1941 5019 2121 5093 Graec.
2153 5035 2274 5093 pag.
2317 5020 2443 5087 337,
2496 5032 2684 5078 monet
2711 5062 2725 5086 ,
2760 5023 2813 5077 in
2857 5020 3112 5078 Lucifero
3151 5029 3246 5076 aut
3274 5024 3342 5077 ad

1744 5091 1989 5148 Graecam
2040 5090 2371 5148 locutionem
2400 5109 2579 5150 voces
2613 5093 2802 5148 ambas
2833 5093 2904 5147 ita
2935 5108 3059 5149 esse
3109 5094 3343 5159 conjun-

1741 5165 2557 5242 gelidas,mendaciloquentium
2580 5206 2597 5233 ,
2626 5168 2677 5220 ἐν
2703 5166 2971 5242 ὐπρκρίσει
3000 5164 3340 5241 ψευδολόγων,

1743 5235 2036 5308 lfl‘imoth.
2070 5252 2144 5304 tv,
2179 5247 2269 5291 aut
2297 5237 2584 5308 legendum
2638 5235 2959 5291 mendacium
3004 5235 3340 5308 loquentium.

1742 5307 1854 5364 Nos
1883 5308 1951 5379 ad
1975 5323 2196 5363 sensum
2225 5307 2431 5364 Griecre
2451 5310 2604 5365 vocis
2626 5318 2910 5379 utramque
2936 5310 3338 5379 conjunximus.

1817 5390 1845 5430 ι)
1886 5378 2114 5435 Mentem
2130 5390 2177 5435 et
2198 5383 2562 5437 conscientiam
2578 5396 2747 5436 suam.
2777 5380 2938 5437 Vers.
2961 5384 3089 5436 Ant.
3116 5378 3343 5436 Mentem

1744 5451 1901 5507 abest
1926 5469 1953 5505 a
1985 5450 2198 5508 Grmco.

1817 5535 1844 5574 ιι
1884 5524 2121 5597 ᾼροδιοιὶ
2143 5524 2321 5581 Pauli.
2354 5524 2531 5582 Vatic.

1820 5607 1841 5633 τ
1883 5594 2018 5651 Cum
2044 5599 2208 5667 Cypr.
2228 5598 2321 5653 lib.
2342 5596 2411 5654 de
2435 5597 2584 5654 Unit.
2609 5594 2759 5653 Eccl.
2776 5596 2933 5652 Vers.
2959 5596 3089 5654 Ant.
3115 5595 3340 5653 Avari...

1746 5686 1849 5725 non
1871 5667 2223 5723 obaudientes.
2318 5678 2323 5683 ‘

1819 5748 1841 5775 ⁸
1886 5740 2067 5817 ϐιωςί
2096 5740 2361 5805 ἀλαζόνες,
2392 5739 3052 5817 ὑπερήφανοιεγυιςεεζαιὶ
3073 5783 3088 5808 ,
3118 5740 3343 5817 superbi.

1745 5813 1813 5868 Et
1836 5828 1911 5869 eo
1939 5811 2163 5879 quidem
2190 5826 2378 5883 sensu,
2411 5811 2521 5882 quo
2543 5811 2772 5883 superbi,
2804 5811 2979 5883 accipi
3004 5828 3166 5883 posse
3182 5811 3348 5870 'vide-

1745 5828 1813 5868 m
1836 5828 1911 5869 eo
1939 5828 2163 5879 quidem
2190 5828 2378 5875 sensu,
2411 5828 2521 5882 quo
2543 5828 2772 5883 superas,
2804 5828 2979 5883 acctpt
3076 5828 3166 5869 sse
3194 5828 3317 5870 vtae

1745 5892 1836 5941 tur
1860 5884 2122 5957 fastidiosi
2153 5882 2406 5939 Luciferi.
2441 5883 2637 5943 Cicero
2662 5899 2701 5940 ι
2726 5883 2950 5957 Philip.,
2981 5828 3237 5958 630mm,
3262 5886 3317 5949 in
