4042 6338
581 281 717 344 1031
1660 278 1991 345 ιυοιιθεῐιι
2031 284 2177 345 EPIS

2184 285 2342 344 .COPI
2382 278 2811 344 CALARITANI
3679 296 3780 359 ωδε

581 406 810 461 sistunt.
843 402 910 459 Et
959 400 1249 459 arbitraris
1280 402 1380 460 Dei
1407 415 1529 460 esse
1558 401 1830 460 cultorum
1860 419 2187 476 quemquam
2216 405 2265 465 Α
2295 403 2443 476 quia,
2469 402 2572 459 nisi
2603 412 2657 460 te
2695 412 2908 461 mature
2935 403 3292 472 converteris,
3338 405 3432 463 nisi
3460 409 3722 479 credideris,
3744 426 3783 471 ut

585 508 695 554 tam
728 512 949 569 segnem
974 511 1037 553 ac
1067 496 1351 566 stolidum,
1399 506 1459 554 ut
1486 513 1595 554 non
1628 497 1780 554 illum
1824 498 1987 554 ardor
2010 498 2140 553 tanti
2160 508 2187 536 ι
2297 511 2420 564 nos,
2452 496 2673 553 unicu'm
2697 496 2896 553 Filium
2912 496 3010 554 Dei
3031 512 3250 569 semper
3275 514 3391 556 cum
3415 502 3557 560 Patre
3572 520 3783 578 regnasse,

583 593 858 664 cupidinis
904 594 1148 660 excitet,
1184 604 1241 651 et
1273 610 1379 649 non
1428 603 1624 661 armet,
1671 608 1777 649 non
1809 594 2051 665 inStiget,
2078 608 2184 648 non
2290 600 2343 645 et
2381 605 2678 662 numquam
2710 589 2880 647 fuisse
2916 590 3135 648 Patrem
3179 593 3295 649 sine
3331 593 3478 661 Filio,
3507 613 3643 653 unum
3666 601 3782 657 etiam

582 691 849 758 stimulet,
878 706 986 746 non
1014 690 1251 762 denique
1272 690 1381 747 illis
1408 690 1617 748 facibus
1642 688 2183 753 amorisinllammet,
2288 698 2413 739 esse
2462 699 2692 755 regnum
2740 684 2918 741 Patris
2955 694 3011 741 et
3053 687 3199 742 unici
3249 687 3363 758 ejus
3408 688 3541 758 Filii,
3582 707 3787 766 unamque

578 785 780 857 quibus
812 794 941 840 sunt
991 785 1166 841 sancti
1199 783 1521 841 inﬂammati
1575 784 1875 856 pr0phetm,
1924 782 2180 855 apostoli,
2286 776 2546 834 deitatem
2577 779 2858 851 possidere
2880 780 3094 837 Patrem
3118 791 3174 838 et
3202 781 3412 852 Filium,
3446 785 3493 840 in
3512 797 3727 844 aeternum
3748 801 3785 846 te

576 892 643 935 ac
674 883 993 954 martyres?
1016 883 1213 951 Quem,
1260 882 1501 955 inquam,
1559 891 1874 937 nostrorum
1924 895 2030 934 non
2084 877 2183 933 im-
2284 872 2587 942 periturum
2618 892 2631 928 τ
2664 874 2936 946 siquidem
2963 876 3127 931 Arius
3155 877 3404 949 magister
3425 888 3535 935 tuus
3554 889 3784 940 creaturam

579 975 766 1048 pingat
788 978 1008 1033 animus
1063 978 1208 1034 inter
1238 992 1436 1034 manus
1468 987 1585 1033 tuas
1616 976 1870 1033 crudeles
1902 990 1999 1047 pro
2027 972 2175 1031 Chri-

2283 963 2486 1021 dixerit
2513 965 2607 1023 Dei
2641 965 2863 1037 Filium,
2891 976 2945 1024 et
2968 978 3022 1023 tu
3068 969 3312 1040 ejusdem
3340 971 3402 1025 ad
3431 973 3604 1028 caalum
3629 977 3785 1034 extule-

573 1078 663 1125 sto
690 1069 1156 1142 interﬁciiquem
1189 1072 1257 1129 ad
1309 1072 1558 1146 martyrii
1587 1072 1819 1145 gloriam
1856 1081 1911 1127 et
1938 1070 2177 1127 culmina
2282 1057 2359 1112 Γίδ
2390 1072 2560 1128 usque
2611 1058 2864 1115 Ιδιιάίδυέ
2908 1059 3325 1131 blasphemiam
3358 1061 3463 1120 N03
3504 1072 3552 1120 ιθ
3571 1080 3785 1137 ιιτκειηιις,

575 1179 683 1222 non
717 1175 925 1222 tantmn
977 1182 1074 1238 per
1127 1167 1265 1235 bare,
1293 1183 1416 1240 quae
1445 1177 1503 1223 tu
1544 1167 1841 1233 ministras,
1886 1164 1983 1222 sed
2012 1164 2176 1219 etiam
2281 1166 2563 1225 rogamus,
2598 1153 2929 1225 impellimus
2987 1155 3103 1211 Deo
3157 1156 3275 1212 ﬁeri
3303 1156 3720 1227 amantissimum,
3749 1172 3785 1218 et

574 1273 672 1329 per
700 1258 1004 1315 crudeliora
1023 1274 1131 1316 non
1157 1261 1447 1332 pervenire
1471 1259 1918 1331 urgeat?quippe
1945 1273 2069 1314 cum
2101 1259 2177 1310 ra-
2283 1253 2399 1302 tute
2428 1246 2681 1317 injuriam
2716 1248 2822 1320 pati
2860 1263 2889 1304 a
2941 1249 3100 1305 nobis
3129 1251 3377 1322 quereris
3412 1270 3425 1308 :
3454 1251 3524 1308 sic
3550 1253 3723 1311 inanem
3740 1257 3789 1313 tli-

569 1351 674 1409 cile
706 1362 1038 1424 superentur
1071 1364 1159 1409 tua
1208 1353 1501 1425 supplicia,
1533 1352 1580 1409 si
1607 1353 1847 1422 ipsorum
1873 1349 2174 1423 supplicio-
2277 1340 2507 1412 unitatis
2529 1352 2636 1398 tua!
2658 1343 2827 1399 tueris
2857 1358 3167 1412 censuram,
3204 1353 3472 1416 tamquam
3517 1347 3785 1407 thSitles

570 1464 693 1506 mm
736 1458 867 1505 ante
917 1449 1110 1506 οουιοε
1161 1456 1500 1521 proponam.-
1528 1449 1719 1523 ειοτίε,
1768 1446 1878 1504 Nec
1926 1444 2173 1511 enimid,
2279 1437 2562 1507 perpetuis
2588 1446 2845 1509 ereptura
2890 1437 3257 1505 cruciatibus;
3286 1441 3444 1512 erigis
3469 1456 3614 1513 super
3633 1442 3789 1501 Domini

572 1543 717 1615 quod
764 1544 991 1612 lacer-ar,
1023 1544 1429 1611 consideratur,
1462 1544 1554 1600 ubi
1586 1558 1761 1615 poma;
1789 1550 2171 1599 mercesrama
2276 1529 2589 1619 sacerdotes
2634 1531 2929 1603 superbum
2983 1541 3148 1605 caput
3175 1575 3191 1601 ,
3245 1549 3351 1588 non
3401 1534 3658 1592 advertens
3693 1538 3790 1594 scri-

568 1646 889 1709 praestetur.
922 1638 1268 1696 Mercedibus
1300 1636 1814 1710 incorruptibilibus
1860 1645 1951 1691 tua
1983 1679 1998 1704 ,
2035 1634 2164 1689 Con-

2277 1632 2425 1693 ptnm
2457 1641 2469 1676 :
2505 1623 2687 1680 Omnis
2730 1625 2823 1696 qui
2860 1642 2915 1681 se
2957 1627 3173 1693 exultat,
3221 1628 3578 1697 humiliabitur,
3603 1640 3642 1684 et
3660 1632 3727 1702 qui
3754 1650 3791 1688 se

563 1734 756 1802 stanti,
790 1743 1063 1791 tormenta
1110 1735 1434 1803 vincuntur,
1463 1745 1518 1791 et
1561 1735 1835 1791 cruciatus
1876 1730 2159 1797 obteritur,

2275 1715 2541 1783 humiliat,
2566 1718 2904 1773 exaltabitnr.
2934 1720 3253 1789 Apostolus,
3288 1719 3391 1788 Qui
3432 1738 3537 1775 cum
3575 1724 3622 1776 in
3665 1728 3790 1794 forma

566 1844 716 1886 mors
739 1829 1033 1901 subigitur,
1061 1846 1183 1901 qua:
1214 1846 1336 1886 cum
1370 1828 1661 1896 inferatur,
1692 1827 1862 1900 magis
1889 1826 1999 1881 vita
2026 1823 2055 1863 ι)
2085 1839 2162 1880 re-

2200 1838 2249 1900 Β
2277 1806 2375 1864 Dei
2403 1819 2533 1866 esset
2557 1808 2601 1878 ί,
2629 1811 2760 1866 dicit
2798 1811 2868 1868 de
2890 1813 3072 1879 unico,
3096 1828 3257 1885 quem
3290 1815 3341 1869 in
3371 1830 3467 1871 nos
3492 1819 3788 1886 persequeris,

567 1933 812 1995 paratur.
843 1923 1126 1991 Dolerent,
1169 1924 1489 1995 imperatur,
1546 1923 1776 1978 vulnera
1824 1935 1921 1992 per
1951 1928 2004 1975 te
2033 1916 2163 1974 inlli-

2275 1903 2373 1959 Dei
2402 1904 2566 1974 Filio,
2596 1922 2699 1961 non
2725 1917 2798 1962 est
2826 1911 3064 1979 rapinam
3096 1909 3380 1966 arbitratus
3404 1927 3508 1967 esse
3532 1929 3580 1967 se
3601 1916 3789 1985 aqualem

563 2025 674 2086 cta,
708 2017 752 2073 si
779 2017 964 2074 statim
991 2032 1097 2073 non
1131 2017 1225 2073 Dei
1264 2019 1471 2073 amicos
1518 2015 1822 2072 efficerent.
1854 2013 1933 2069 Ac
1966 2024 2013 2079 ο,
2043 2027 2167 2067 cum
2276 1998 2411 2070 Deo.
2468 2004 2561 2058 εεά
2600 2006 2933 2076 semetipsum
2974 2007 3258 2063 επῧηαηίυίι
3305 2014 3518 2082 formam
3555 2013 3665 2067 servi
3695 2014 3793 2068 acti-

565 2121 695 2170 ωηο
722 2129 854 2171 νει-θ
881 2114 1125 2171 vicimus
1155 2128 1256 2170 ηοε
1289 2127 1700 2185 ρῐωευηηηηυε,
1740 2112 1784 2166 εί
1811 2126 1841 2165 ει
1874 2119 1925 2165 ιε
1947 2116 2169 2181 propter
2274 2096 2442 2166 piens,
2469 2095 2564 2151 ini
2616 2095 2795 2152 habitu
2845 2099 3081 2155 inventus
3112 2111 3170 2155 ut
3215 2102 3370 2158 homo
3409 2103 3732 2160 :ltumiliavitl
3754 2123 3793 2161 se

563 2206 660 2264 Dei
685 2207 989 2279 plectamur
1015 2205 1241 2273 Filium,
1275 2215 1401 2262 tunc
1450 2204 1583 2261 nihil
1607 2202 1803 2260 salutis
1841 2201 2165 2268 amissuros,
2271 2205 2433 2262 usque
2462 2191 2532 2245 σά
2570 2201 2803 2260 mortem.
2835 2203 3049 2249 mortem
3098 2206 3269 2250 autem
3301 2198 3487 2253 crucis.
3535 2198 3637 2264 Ille,
3663 2200 3791 2271 quiin

559 2302 692 2373 quin
724 2297 750 2338 ἀ
778 2301 893 2356 fieri
922 2310 1103 2372 potest
1133 2307 1193 2355 ut
1224 2298 1332 2354 tuis
1377 2298 1634 2355 inanibus
1663 2297 1921 2353 cedamus
1947 2294 2155 2351 frendo-

2271 2282 2447 2340 ferma
2476 2283 2656 2341 Patris
2691 2300 2909 2356 semper
2958 2296 3013 2343 et
3040 2288 3159 2355 fuit,
3192 2300 3245 2345 et
3272 2301 3375 2355 est,
3422 2300 3476 2347 et
3518 2292 3696 2349 futurus
3715 2305 3788 2360 esu,

558 2392 759 2451 ribus?
787 2391 906 2448 Tuo
954 2408 1055 2449 nos
1105 2392 1353 2464 potuisse
1398 2407 1463 2448 ac
1490 2405 1653 2463 posse
1682 2390 1871 2463 vigore
1900 2389 2077 2461 subigi
2108 2404 2169 2446 es
2269 2378 2473 2450 (ΙΠῙΡΡΘ
2506 2394 2673 2435 VETUS
2712 2379 2905 2447 Filius.
2937 2383 3138 2455 quippe
3195 2385 3542 2443 immutabilis
3573 2396 3621 2443 et
3655 2387 3793 2444 incon-

564 2485 886 2552 arbitratus,
906 2495 962 2542 et
987 2484 1155 2543 credo
1187 2485 1367 2542 adhuc
1398 2484 1600 2541 frustra
1623 2483 1929 2540 arbitreris.
1954 2487 2166 2550 Quous—
2269 2474 2566 2543 verlibiliS.
2590 2477 2718 2546 Quia
2742 2477 2885 2533 Deus
2918 2478 2989 2533 sit
3014 2487 3186 2535 totum
3209 2490 3407 2552 potens
3429 2481 3587 2538 Filius
3609 2483 3795 2552 omnipe

554 2594 659 2652 que
688 2579 910 2637 tandem
934 2580 1179 2637 abuteris
1212 2580 1305 2637 Dei
1336 2580 1622 2651 patientia,
1646 2576 1970 2634 Constanti?
1994 2576 2165 2644 Quin-
2272 2567 2462 2634 tentis,
2494 2577 2720 2641 propter
2764 2580 3005 2627 nostram
3056 2582 3235 2629 tamen
3284 2575 3512 2632 salutem
3541 2590 3646 2631 sese
3666 2576 3795 2631 humi-

552 2673 723 2730 immo
752 2674 966 2740 hortor,
983 2674 1103 2732 btec
1127 2674 1342 2745 pellens
1363 2691 1431 2732 ex
1462 2674 1767 2731 tenebrosis
1786 2672 2037 2729 sentibus
2061 2672 2164 2729 tuis
2271 2660 2411 2717 “are
2451 2661 2707 2734 ἀίεηειυε
2731 2671 2835 2732 θεῖν
2862 2672 2921 2720 υί
2943 2680 3041 2721 "05
3063 2666 3314 2737 iacentes
3362 2679 3521 2741 ειιειυθ
3543 2669 3792 2741 depressos.

555 2766 648 2825 illa
678 2769 885 2825 insulsa
917 2785 1074 2826 mens
1104 2779 1196 2826 tua
1248 2771 1487 2842 recipiat
1516 2768 1929 2835 meditationes,
1962 2783 2082 2839 qua:
2114 2776 2167 2824 te
2266 2765 2485 2813 0760105
2514 2758 2890 2830 ειθιιθιοείιυθ
2921 2759 3192 2829 efﬁceret;
3224 2779 3351 2834 (tum
3381 2765 3495 2835 θὶυε
3536 2774 3691 2820 Sancta
3725 2766 3795 2819 hu'

554 2863 768 2933 possint
799 2864 856 2919 in
877 2865 1020 2920 viam
1048 2874 1314 2933 statuere,
1333 2882 1453 2938 qua:
1476 2864 1682 2922 ducunt
1705 2863 1771 2919 ad
1798 2864 1890 2920 Dei
1911 2878 2155 2935 regnum.
2266 2852 2467 2907 militas
2496 2863 2547 2909 te
2575 2869 2765 2910 canem
2796 2855 3042 2911 rabidum
3073 2856 3265 2913 fecerit
3307 2858 3504 2915 latrare
3530 2868 3691 2915 contra
3711 2857 3794 2927 ejus

551 2954 925 3027 Apprehende
968 2958 1261 3015 ειηωηίιει-
1300 2958 1443 3030 quod
1475 2966 1532 3016 re
1559 2958 1721 3014 ducar
1758 2957 1827 3014 ad
1852 2957 2160 3014 convivium
2263 2947 2504 3005 divinam
2545 2949 2885 3020 maiestatem
2914 2994 2927 3016 ,
2985 2951 3100 3007 sola
3152 2952 3348 3010 videns
3396 2954 3463 3012 de
3507 2955 3660 3012 sacris
3698 2952 3796 3009 scri-

551 3047 811 3118 Abraltre,
835 3049 1008 3120 Isaae,
1040 3060 1095 3107 et
1135 3050 1330 3120 Jacob,
1359 3050 1455 3107 Dei
1506 3051 1829 3117 amicorum,
1864 3059 1920 3107 tu
1949 3052 2037 3122 qni
2068 3067 2162 3104 an-
2265 3042 2615 3115 pluriquuac
2642 3053 2840 3116 praeter
2874 3049 2893 3089 ι
2923 3056 3231 3117 susceptam
3266 3047 3612 3105 humilitatem
3646 3048 3794 3117 scripta

551 3156 644 3199 sus
684 3142 859 3200 fueris
911 3144 1078 3201 homo
1128 3145 1297 3202 [otius
1352 3145 1639 3217 iniustitia
1662 3145 1872 3216 justum
1931 3154 1984 3201 te
2012 3144 2161 3200 msti-
2264 3147 2411 3204 sunt,
2447 3138 2770 3207 praeteriens
2799 3155 2861 3195 ea
2890 3156 3011 3212 qua:
3058 3150 3321 3198 :eternam
3375 3154 3590 3199 narrent
3617 3142 3713 3215 ejus
3736 3141 3795 3196 di-

551 3250 705 3293 marc
730 3277 746 3305 ,
800 3238 1054 3295 omnibus
1087 3246 1139 3295 te
1186 3253 1514 3310 ριιωροηθηε
1550 3239 1643 3294 Dei
1694 3238 1903 3310 judicio
1956 3248 2155 3294 sancta;
2185 3245 2230 3309 ρ
2266 3230 2569 3288 vinitatem.
2597 3231 2736 3301 Quid
2790 3233 2858 3289 ad
2909 3234 3026 3290 haec
3071 3237 3396 3306 respondes,
3429 3236 3795 3294 Constaiitiicui

546 3330 809 3389 Ecclesia:
860 3335 1175 3391 constitutis
1205 3334 1504 3406 episcopis,
1559 3333 1831 3405 fidemque
1879 3341 2149 3398 sanctam,
2263 3326 2459 3382 crebro
2509 3337 2638 3383 sunt
2668 3328 3036 3385 acclamantes
3084 3329 3275 3386 Ariani
3308 3331 3572 3404 dogmatis
3611 3332 3674 3386 tui
3709 3329 3796 3398 epi-

546 3443 709 3500 quam
739 3444 959 3499 semper
986 3430 1166 3486 tenuit
1216 3445 1283 3486 ac
1326 3438 1478 3486 tenet
1527 3429 1794 3496 Ecclesia,
1826 3428 2151 3499 reprobatis,
2261 3420 2437 3490 δουρὶ,
2462 3421 2780 3493 episcopum
2810 3431 2848 3458 "1
2875 3433 2927 3478 te
2963 3437 3085 3479 esse
3110 3424 3496 3497 episcoporum
3526 3444 3537 3480 :
3564 3426 3797 3481 morientes

546 3519 714 3577 fueris
748 3521 899 3578 nisus
948 3522 1345 3594 blasphemiam
1388 3522 1748 3595 consacrilegi
1792 3522 1867 3577 tui
1909 3521 2023 3578 Arii
2054 3538 2155 3580 ore
2262 3525 2488 3585 ρτοριετ
2510 3514 2679 3571 Deum
2708 3516 2927 3571 υηῖευιη
2983 3515 3179 3573 Filium
3210 3521 3418 3586 σι’θάίεν
3451 3535 3514 3575 all
3544 3534 3637 3575 ιιοη
3663 3516 3798 3573 "edis

547 3616 816 3685 prolatam
845 3630 989 3673 nunc
1021 3632 1119 3687 per
1141 3616 1417 3673 satellites
1449 3626 1597 3682 tuos,
1618 3631 1763 3672 nunc
1791 3615 1970 3672 edicto
1988 3624 2011 3652 ο
2037 3626 2149 3680 tuo,
2260 3622 2486 3677 regnum
2508 3623 2861 3679 possessnros
2886 3611 3149 3667 caelorum
3174 3611 3197 3664 ?
3219 3612 3276 3669 Si
3301 3613 3502 3680 credis,
3528 3628 3617 3668 ουτ
3639 3611 3694 3665 ad
3712 3610 3797 3677 eius

546 3720 695 3761 nunc
725 3707 1321 3778 spiritibusimmundis
1352 3707 1558 3764 referto
1587 3722 1684 3763 ore
1713 3718 1803 3763 tuo
1826 3705 2151 3779 praedicare,
2258 3703 2623 3758 aeternitatem
2651 3718 2752 3759 nos
2775 3704 3013 3775 impellis
3042 3706 3343 3778 negandam
3362 3708 3496 3764 ?cur
3520 3722 3620 3763 non
3641 3701 3797 3761 desinis

546 3808 604 3855 et
628 3799 774 3870 juste
805 3798 825 3838 ί
860 3802 1163 3873 perfectum
1189 3802 1462 3858 cultorem
1492 3800 1612 3870 Dei,
1667 3810 1722 3857 et
1749 3802 1931 3857 omnia
1959 3809 2150 3857 sancte
2260 3795 2639 3867 persequendo
2664 3812 2786 3863 nos,
2818 3798 2907 3868 qui
2952 3813 3143 3854 sumus
3172 3801 3464 3857 credentes
3488 3803 3537 3855 in
3567 3815 3675 3856 eum
3694 3798 3796 3852 icur

548 3901 802 3964 agentem
831 3893 1094 3960 vocitare,
1140 3909 1266 3949 cum
1318 3893 1498 3950 adhuc
1529 3902 1580 3950 te
1624 3908 1802 3965 neque
1849 3893 2148 3961 crudelior,
2260 3891 2419 3947 nobis
2446 3907 2506 3947 es
2558 3892 2932 3963 perinquietus
2959 3902 3014 3949 et
3057 3909 3277 3965 semper
3309 3895 3559 3962 infestus,
3603 3893 3799 3965 praebens

549 3999 729 4057 neque
750 3985 1153 4053 detestabilior,
1191 4002 1371 4058 neque
1411 3987 1464 4042 in
1499 3996 1523 4033 Β
1569 3985 1904 4058 blaSphemis
1951 3986 2148 4057 major,
2262 3995 2313 4039 te
2372 3994 2778 4056 persecutorem
2813 3985 3142 4054 violentum,
3195 3988 3299 4043 sub
3356 3992 3503 4061 pacis
3540 4005 3656 4044 vero
3682 3984 3797 4042 titulo

545 4094 708 4151 quam
736 4080 1027 4153 quisquam
1077 4094 1270 4136 eorum
1304 4095 1517 4152 regum,
1543 4078 1634 4151 qui
1686 4078 1903 4151 tyranni
1941 4095 2150 4135 nuncu-
2259 4078 2472 4135 hostem
2502 4079 2837 4135 subdolum?
2867 4081 3035 4137 Doleo
3063 4082 3204 4153 quod
3250 4091 3402 4139 tanta
3433 4084 3631 4140 tibimet
3655 4079 3796 4151 acqui-

544 4182 763 4247 pantur,
818 4175 987 4233 fuisse
1016 4178 1346 4246 reperiatur.
1380 4175 1511 4245 Quae
1540 4175 1614 4230 ita
1654 4188 1713 4230 se
1740 4173 1943 4231 habere
1985 4175 2038 4231 in
2086 4175 2153 4231 li-
2252 4173 2414 4229 sieris
2445 4173 2588 4229 mala
2620 4193 2633 4233 :
2664 4175 2824 4247 lugeo
2870 4185 2925 4232 te
2977 4177 3121 4249 quod
3145 4176 3220 4231 sis
3248 4180 3399 4234 omni
3434 4194 3504 4234 ex
3537 4186 3672 4249 parte
3689 4170 3798 4245 ptui-

541 4268 667 4335 bro,
693 4268 830 4343 1lqui
879 4270 1131 4327 titulatur
1158 4270 1223 4326 de
1250 4270 1478 4343 Regibus
1521 4270 1847 4343 apostaticis,
1886 4270 2009 4341 quia
2036 4269 2147 4340 jam
2255 4276 2340 4322 tus
2387 4267 2506 4324 sine
2558 4282 2656 4339 spe
2696 4270 2821 4326 vitae
2868 4278 3106 4327 aeternae.
3139 4271 3437 4339 therum,
3474 4273 3598 4329 licet
3632 4281 3680 4325 tu
3718 4280 3795 4322 non

540 4360 734 4432 aperui
765 4371 871 4419 tuae.
913 4361 1321 4443 imprudentia),
1378 4375 1521 4419 nunc
1553 4360 1687 4417 illud
1733 4369 1786 4418 te
1828 4360 1970 4417 scire
1996 4363 2146 4428 volo,
2251 4361 2448 4435 gladiis
2480 4370 2691 4420 tantum
2744 4363 2967 4421 scindas
2991 4374 3224 4434 nosmet,
3263 4364 3361 4422 sed
3386 4374 3441 4422 et
3467 4362 3699 4422 dentibus
3719 4360 3798 4413 tuis

615 4547 863 4622 stante:
886 4546 1066 4622 Latin.
1285 4619 1293 4622 _
2167 4561 2223 4622 ι)
2252 4546 2424 4622 veluti
2455 4546 2960 4613 lionoriflcentiore,
2990 4547 3337 4622 donabantur
3362 4547 3623 4621 episcopi,
3644 4541 3798 4622 qui

612 4616 639 4656 ι’
668 4617 1013 4691 CumLatin.
1040 4620 1218 4675 Antea
1245 4619 1411 4673 uitare
1442 4627 1681 4690 paratur.
2167 4614 2216 4622 ”
2248 4621 2479 4691 gnitate.
2510 4630 2603 4675 aut
2635 4622 2861 4686 virtute,
2886 4630 2980 4674 aut
3008 4620 3255 4676 doctrina
3286 4614 3525 4677 caeteros
3553 4614 3798 4675 antecede-

614 4691 748 4764 9A}.
776 4688 884 4764 ld.7
934 4761 965 4764 __
1066 4762 1073 4764 7
1444 4688 1451 4690 ἡ
2249 4688 2399 4747 bant.
2438 4692 2573 4764 Vide
2600 4692 2883 4764 Bingbam.
2914 4691 2983 4747 de
3008 4692 3159 4764 Orig.
3196 4693 3408 4750 Eccles.
3442 4702 3570 4750 tom.
3600 4692 3730 4764 r,lib.
3754 4700 3793 4745 ιι.

609 4758 635 4798 ἀ
668 4763 819 4837 Quei.
845 4761 1103 4837 Galland.
1224 4836 1229 4837 7
1312 4835 1345 4837 77
1461 4833 1481 4837 _
1580 4833 1620 4837 77
2248 4778 2369 4833 cap.
2393 4764 2450 4831 2,
2487 4763 2601 4837 §_8,
2636 4758 2922 4837 bincillud
2952 4758 3191 4820 LucifEri
3217 4764 3425 4821 dictum
3455 4766 3507 4820 in
3536 4764 3619 4819 lib.
3650 4762 3703 4837 de
3722 4773 3795 4811 non

612 4843 636 4907 ς
666 4835 746 4891 De
776 4835 879 4891 hoc
910 4835 1048 4890 satis
1072 4834 1184 4905 jam
1220 4836 1273 4889 in
1309 4833 1637 4907 VitaLucif.
1670 4906 1679 4907 7
1834 4906 1841 4907 7
2007 4905 2018 4907 7
2247 4852 2395 4903 pare.
2428 4833 2695 4890 in'Deunt
2749 4835 3189 4907 delinquentibus,
3231 4853 3341 4907 qun
3395 4835 3695 4893 Constantio
3713 4838 3796 4907 let-

614 4904 633 4945 ί
665 4907 763 4963 His
780 4909 1034 4963 mendum
1063 4902 1245 4980 inesse
1269 4906 1504 4980 putarim
1538 4922 1638 4961 :ac
1660 4906 1802 4963 forte
1832 4905 2140 4979 legendum,
2244 4902 2491 4977 probrat,
2524 4909 2668 4980 quod
2717 4902 3113 4964 ecclesiasticis
3152 4902 3411 4980 negotiis,
3454 4924 3519 4965 ac
3568 4902 3797 4980 religionis

537 4990 585 5035 et
596 4982 719 5053 jure
750 4988 798 5033 te
828 4983 1133 5103 perlectum.
1167 4970 1417 5034 Galiand.
1883 4970 1910 4979 ⁷
2128 4970 2131 4971 ν
2245 4970 2642 5035 controversiis
2665 4994 2789 5035 sese
2818 4980 3154 5037 immisceret
3186 4970 3314 5052 :qui
3336 4970 3595 5051 tamquam
3638 4970 3731 5032 ιιὲτι
3745 4970 3795 5025 σά

610 5062 636 5100 8
669 5049 737 5103 In
763 5051 908 5103 blasn
930 5052 1095 5103 tentiis
1123 5052 1310 5103 maior.
1327 5049 1405 5103 Id.
1423 5050 1597 5103 Antea
1623 5055 1901 5103 maiorum.
2246 5059 2293 5103 te
2323 5052 2488 5103 omnis
2508 5069 2636 5103 cura
2660 5050 2916 5103 Ecclesia:
2940 5054 3216 5103 nerlineat-
3235 5055 3307 5103 sic
3331 5054 3405 5103 sis
3435 5052 3691 5103 sollicitus.
3713 5055 3793 5101 etc.

610 5062 636 5100 8
669 5049 737 5126 η
763 5049 1095 5126 blaspheniiis
1123 5049 1405 5126 major.
1423 5050 1597 5108 Antea
1623 5055 1901 5126 majorum.
1936 5121 1968 5126 __
2246 5059 2293 5105 te
2323 5052 2488 5126 omnis
2508 5069 2636 5126 cura
2660 5050 2916 5107 Ecclesia:
2940 5054 3217 5125 pertineat,
3235 5049 3307 5108 sic
3331 5054 3405 5126 sis
3435 5049 3691 5113 sollicitus,
3713 5055 3793 5101 etc.

606 5126 637 5167 h
668 5124 743 5177 Ex
774 5123 1157 5208 his_cogn770sce
1186 5121 1313 5204 suos
1342 5122 1509 5208 libros
1576 5121 1802 5180 seorsim
1833 5132 1889 5178 et
1918 5121 2137 5177 diverso
2243 5137 2364 5208 cum
2396 5122 2559 5208 homo
2591 5125 2643 5207 is7
2684 5134 2834 5208 esset
2883 5121 3262 5208 Censtantius,
3292 5125 3385 5207 qui
3419 5126 3796 5208 dogmatumrac

532 5203 782 5265 tempore
812 5209 842 5249 a
874 5187 1133 5250 Lucifero
1160 5195 1395 5275 scriptos
1424 5194 1613 5251 fuisse.

610 5266 627 5305 ί
665 5267 739 5321 Ita
784 5274 842 5323 et
891 5266 1132 5322 llilarius
1161 5266 1256 5321 lib.
1283 5281 1379 5321 vni
1432 5267 1502 5322 de
1549 5267 1749 5321 Trinit.
1783 5265 1941 5322 Vers.
2002 5264 2128 5320 Ant.

2242 5196 2417 5265 legum
2446 5196 2948 5252 ecclesiasticarum
2996 5187 3259 5267 peritiam
3282 5187 3541 5268 jfictziret,
3571 5202 3627 5249 ut
3650 5192 3697 5248 in
3721 5187 3796 5267 lib.

2244 5281 2279 5321 ιι
2309 5282 2408 5337 pro
2424 5267 2481 5323 ὃ.
2511 5266 2816 5323 Athanasio
2837 5268 2982 5325 idem
3026 5268 3247 5326 Lucifer
3270 5274 3337 5325 de
3364 5270 3458 5325 illo
3497 5268 3709 5337 scribit;
3730 5275 3795 5337 φη

531 5342 838 5413 constitutus
852 5352 957 5413 pro
976 5350 1133 5413 esset.
1246 5410 1254 5413 7
1434 5412 1441 5413 7
1691 5408 1701 5413 _
1760 5409 1799 5413 77
1942 5410 1971 5413 __
2243 5334 2443 5413 (elegis
2471 5342 2694 5413 peritum
2713 5340 2788 5394 vis
2809 5341 2973 5396 videri
2988 5359 3006 5406 ;
3034 5353 3089 5395 et
3113 5344 3215 5398 sub
3242 5342 3486 5413 ejusdem
3515 5338 3627 5394 libri
3654 5334 3791 5390 initis;

608 5410 621 5461 i
657 5409 1087 5486 lnsimilitudine
1115 5410 1383 5486 hominum
1413 5412 1583 5486 factus
1610 5419 1657 5464 et
1681 5408 1861 5465 habitu
1884 5410 2132 5464 adinveu-
2241 5408 2409 5486 Credo
2438 5408 2568 5465 nihil
2616 5429 2887 5467 sacrarum
2922 5423 2989 5486 te
3015 5415 3196 5486 fugere
3219 5408 3625 5486 scripturarum,
3667 5416 3795 5486 neq"

527 5491 613 5557 tus
642 5483 898 5557 u7t_Itomo.
927 5483 1085 5557 γεγε.
1116 5483 1248 5538 Ant.
1288 5476 1465 5539 Graec.
1498 5484 1549 5557 iv
1578 5488 1840 5555 σχήματι.
1970 5554 2010 5557 7_
2236 5484 2367 5557 enim
2394 5499 2568 5556 posses
2588 5487 2797 5557 egregia
2841 5484 2987 5541 nobis
3009 5476 3257 5540 mandata
3287 5476 3411 5540 dare
3433 5485 3533 5557 nisi
3551 5482 3715 5557 [αἱμα
3736 5476 3790 5526 ιι-

601 5553 628 5593 ¹ί
658 5554 968 5612 Humiliavit
1012 5557 1241 5629 seipsum
1272 5560 1440 5629 factus
1470 5552 1775 5622 obaudiens,
1829 5554 2124 5611 etc.-Vers.
2232 5556 2312 5626 gis
2343 5552 2573 5629 peritus;
2596 5552 2743 5628 quod
2785 5557 2991 5614 ironice
3033 5556 3282 5626 dictum;
3315 5567 3369 5613 et
3421 5558 3473 5610 in
3503 5556 3592 5629 lib.
3620 5552 3788 5629 denuott

528 5626 699 5699 Am-_
1090 5620 1101 5629 ’
1272 5620 1283 5629 ’
1761 5620 1767 5622 '
2232 5620 2382 5696 pare.
2418 5628 2470 5682 in
2501 5620 2669 5684 Deum
2698 5630 3045 5699 delinquent.
3074 5631 3139 5685 de
3158 5620 3283 5699 quo,
3312 5629 3362 5686 id
3393 5637 3502 5691 est,
3525 5624 3643 5699 Iesu
3673 5620 3792 5699 Citri-

606 5696 901 5773 l_l’rop_ter.
932 5699 1113 5756 Latin.
1142 5710 1198 5757 et
1224 5699 1478 5758 Galland.
1653 5772 1658 5773 7
1696 5771 1705 5773 7
1804 5769 1818 5773 _
1872 5770 1888 5773 _
1941 5770 1951 5773 7
2049 5769 2059 5773 7
2232 5694 2311 5773 sto
2343 5741 2357 5765 ,
2403 5699 2830 5773 librosscriptos
2864 5694 3052 5758 dedisti
3097 5718 3117 5760 :
3162 5694 3280 5758 haec
3333 5711 3519 5757 autem
3565 5697 3632 5773 ab
3661 5694 3786 5773 Aria-

598 5769 745 5845 7"_lta
772 5761 1110 5845 'Constantio
1156 5774 1539 5839 adulahantur,
1571 5772 1663 5843 qui
1692 5771 1747 5827 in
1786 5769 2125 5845 deﬁniendas
2231 5772 2317 5824 nis
2344 5761 2622 5844 episc0pis
2677 5761 3023 5845 imperatoris
3048 5775 3272 5832 nomine
3294 5773 3596 5832 edebantur
3622 5769 3669 5825 in
3693 5761 3782 5818 tul-

529 5839 655 5901 lidei
685 5844 1091 5899 controversias
1138 5853 1317 5901 semet
1359 5839 1642 5916 ingerebat
1672 5860 1689 5914 ;
1717 5851 1774 5902 et
1803 5841 1910 5902 hoc
1938 5842 2124 5910 titulo,
2227 5856 2349 5914 gus.
