4042 6338
239 292 379 353 1055
828 306 851 331 α

1174 288 1588 351 MOBIENDUM
1630 290 1798 350 ESSE
1835 289 1973 348 PRO
2013 288 2125 346 DEI
2166 283 2347 347 FlLlO
2387 288 2613 347 LIBER.

3408 292 3550 353 1058

234 412 312 469 sis
337 408 632 476 mandens,
662 417 867 480 tamen,
901 418 1051 467 tuam
1076 410 1283 468 rabiem
1333 411 1479 483 quod
1508 426 1538 467 a
1566 411 1682 469 Deo
1711 426 1841 484 pro-
1865 413 1918 477 Α
1944 407 2241 465 abstuleris
2268 422 2298 463 a
2327 406 2511 476 nobis,
2548 419 2947 479 praesumamus
2998 377 3172 478 magis
3218 422 3382 478 posse
3419 424 3554 466 con-

234 502 369 560 tecti
408 500 720 575 superaturi
763 516 974 573 sumus,
1004 509 1218 560 certum
1245 511 1411 571 tene;
1436 519 1538 562 nec
1564 504 1619 560 in
1642 518 1710 561 eo
1740 519 1840 561 nos

238 595 526 668 despicere
550 594 814 667 digneris,
846 595 991 667 quod
1019 596 1210 653 videas
1249 612 1482 666 corpora
1517 605 1702 653 nostra
1732 596 1843 653 fra-

234 691 365 764 gilia
398 690 581 771 ;quod
605 698 691 750 est
735 692 883 749 enim
930 692 1297 764 potissimum,
1326 693 1614 765 sapientia:
1645 702 1673 731 ⁸
1703 689 1840 749 recti

236 797 301 841 ac
322 783 518 840 muniti
549 785 819 853 valemus,
848 785 1114 843 habentes
1137 796 1363 843 ornatus
1392 802 1458 843 ac
1503 786 1840 842 munimenta

237 878 297 935 in
317 877 600 948 cordibus,
625 894 689 935 ac
718 879 973 937 sensibus
1003 880 1233 937 nostris.
1255 879 1415 937 Unde
1446 894 1592 935 nunc
1623 893 1723 935 nos
1750 892 1844 934 or-

236 979 394 1027 natos
425 970 711 1027 videmus?
732 971 877 1028 unde
929 970 1171 1029 munitos
1199 985 1265 1029 ac
1294 980 1447 1028 tutos
1500 986 1625 1028 esse
1672 970 1844 1027 senti-

236 1064 405 1122 mus?
433 1065 576 1122 unde
600 1081 700 1122 nos
727 1066 1010 1137 sapientes
1037 1066 1473 1139 cognoscimus?
1502 1067 1607 1122 nisi
1635 1066 1762 1136 quia
1785 1073 1842 1122 et

234 1156 630 1230 blaSphemiam
660 1167 807 1215 tuam
834 1159 1094 1228 vitemus,
1114 1168 1171 1217 et
1195 1159 1444 1215 mortalia
1472 1173 1704 1231 corpora
1736 1174 1841 1215 no-

234 1261 349 1309 stra
374 1259 467 1307 tuo
496 1253 614 1309 ensi
636 1263 917 1324 gratanter
938 1263 1162 1323 propter
1191 1252 1285 1308 Dei
1312 1250 1509 1307 Filium
1539 1251 1839 1318 tradamus,

235 1346 478 1402 scientes
509 1346 678 1417 quod,
731 1361 853 1401 cum
903 1355 1185 1402 terrenum
1233 1354 1479 1401 nostrum
1504 1344 1839 1400 domicilium

237 1438 556 1495 interficere
588 1438 847 1507 valueris,
888 1440 1142 1508 emleste,
1183 1438 1330 1511 quod
1359 1438 1679 1507 habeamus,
1713 1438 1841 1508 quia

237 1531 554 1590 interﬁcere
587 1547 695 1590 non
722 1534 924 1605 possis.
976 1532 1188 1590 Idcirco
1235 1532 1441 1590 etenim
1487 1532 1632 1589 bona
1658 1530 1837 1598 nobis,

238 1630 489 1698 malaque
508 1629 785 1701 preposita
814 1644 937 1687 esse
984 1630 1258 1696 novimus,
1292 1639 1352 1684 ut
1394 1628 1476 1684 vis
1502 1628 1681 1683 omnis
1711 1641 1842 1699 pru-

240 1721 441 1780 dentiae
473 1734 680 1778 nostra:
704 1724 759 1778 in
799 1722 1183 1779 discernendis
1210 1722 1370 1779 bonis
1420 1722 1690 1793 malisque
1715 1737 1839 1778 ver-

1942 501 2101 570 ferri,
2150 510 2206 559 et
2262 500 2485 572 quidem
2554 511 2779 572 prepter
2824 503 3212 573 temporariam
3260 511 3548 568 mter-nam.

1943 605 2171 665 propter
2195 592 2448 666 fragilem
2478 604 2534 651 et
2559 594 2823 652 caducam
2848 595 3326 667 incorruptibilem
3352 608 3549 669 etper-

1941 694 2180 759 petuam.
2201 684 2318 742 Non
2338 685 2595 743 sufﬁcere
2614 685 2711 742 tibi
2727 701 2923 744 censes
2939 687 3264 744 conﬁtentes
3290 703 3351 745 se
3380 688 3548 747 Chri-

1940 781 2151 836 stianos
2211 787 2421 836 tantum
2469 779 2652 852 gladio
2677 796 2800 838 esse
2831 781 3175 852 plectendos,
3205 782 3312 839 nisi
3360 784 3548 841 omnia

1941 886 2143 943 genera
2191 873 2585 945 suppliciorum
2634 872 2825 931 eorum
2876 874 3142 932 inllixeris
3195 878 3543 949 corporibus.

1941 966 2092 1023 Nihil
2121 969 2351 1025 interest
2366 985 2475 1041 quo
2487 984 2692 1040 genere
2715 970 2908 1025 mortis
2932 984 3032 1026 nos
3061 970 3256 1041 punire
3277 971 3543 1044 digneris,

1942 1060 2071 1117 dum
2118 1077 2215 1133 per
2268 1062 2385 1117 haec
2438 1061 2505 1117 ad
2557 1063 2722 1118 vitam
2766 1062 3151 1133 perfruendam
3192 1065 3549 1123 adniittamur

1942 1165 2230 1224 aeternam,
2260 1156 2389 1212 dum
2411 1172 2511 1228 per
2538 1156 2655 1212 haec
2705 1165 2793 1212 tua
2821 1158 3182 1216 mortiﬁcetur
3208 1159 3410 1228 rabies,
3444 1178 3546 1217 nos

1940 1261 2131 1307 contra
2165 1252 2526 1309 vivilicemur.
2576 1251 2635 1308 Si
2685 1255 2829 1308 enim
2881 1253 3138 1309 niiSerum
3169 1263 3348 1324 putas,
3395 1255 3544 1326 quod

1943 1346 2125 1401 malim
2154 1346 2349 1417 quovis
2391 1346 2602 1402 crudeli
2651 1334 2921 1417 supplicio
2947 1363 3045 1419 pro
3075 1348 3173 1404 Dei
3201 1349 3433 1406 interﬁci
3455 1350 3545 1407 Fi-

1942 1438 2038 1505 lio,
2070 1446 2130 1494 ut
2182 1438 2430 1495 omittam
2464 1449 2722 1496 aeternam
2778 1440 3063 1496 beatorum
3093 1453 3396 1514 martyrum
3427 1445 3546 1515 glo-

1941 1530 2102 1597 riam,
2129 1546 2475 1602 quocumque
2500 1548 2699 1604 genere
2721 1547 2844 1589 esse
2867 1534 3207 1590 moriendum
3230 1537 3543 1603 scio.Dabo

1940 1621 2175 1694 denique
2199 1624 2293 1680 tibi
2313 1625 2539 1691 multos,
2560 1624 2649 1696 qui
2670 1624 2724 1680 in
2751 1624 2967 1681 lectulis
2990 1626 3269 1684 crudelius
3291 1641 3540 1699 pereant,

1940 1732 2078 1789 quos
2110 1718 2343 1775 interior
2400 1719 2581 1789 aliqua
2637 1719 2959 1790 suppuratio
2990 1721 3220 1792 inflavit,
3265 1734 3318 1779 et
3350 1740 3549 1781 nervo-

238 1824 474 1873 saretur.
503 1816 643 1885 Quid
661 1816 886 1873 stultius
934 1816 1038 1872 nisi
1068 1826 1236 1873 temet
1263 1831 1393 1873 vere
1420 1816 1586 1872 Deum
1613 1816 1841 1887 negare?
1871 1804 1920 1865 Β
1946 1828 2066 1868 rum
2098 1828 2285 1869 secum
2318 1812 2637 1870 luctantium
2664 1814 2856 1870 dolore
2884 1819 3175 1871 contraxit.
3200 1817 3439 1874 Interest
3477 1836 3545 1877 ex

238 1911 369 1983 quid
422 1911 748 1982 sapientius,
779 1927 942 1983 quam
998 1910 1307 1975 nefandum,
1329 1921 1479 1968 tuum
1511 1912 1721 1968 calcare
1743 1926 1839 1967 ca-

237 2013 340 2077 put
379 2017 433 2061 et
476 2005 592 2061 Deo
642 2014 866 2076 propter
895 2005 1000 2061 hoc
1045 2006 1262 2078 placere
1313 2004 1516 2061 factum
1546 2004 1570 2060 ?
1596 2004 1732 2061 Hinc
1758 2013 1844 2060 est

237 2098 387 2169 quod
421 2097 687 2168 perspicis
708 2097 964 2153 omnibus
994 2097 1197 2153 nostris
1223 2098 1431 2153 viribus
1456 2111 1553 2153 nos
1574 2106 1720 2152 stare
1748 2112 1841 2168 pa—

241 2198 397 2244 ratos
422 2188 476 2244 in
500 2204 675 2260 agone
711 2188 959 2260 iustitiae,
989 2189 1096 2245 ﬁde
1133 2189 1367 2261 integra,
1397 2189 1596 2245 virtute
1623 2189 1837 2255 devota,

239 2291 430 2338 mente
461 2282 775 2353 incorrupta
818 2282 887 2338 ad
942 2283 1119 2339 aciem
1160 2294 1331 2352 stare,
1360 2299 1481 2353 quae
1530 2298 1627 2352 per
1680 2292 1733 2339 te
1762 2281 1845 2337 in-

238 2372 387 2431 dicta
410 2384 517 2442 est,
549 2374 717 2431 divini
741 2374 768 2414 δ
799 2376 1004 2449 milites
1036 2376 1341 2432 interritos.
1400 2375 1639 2432 Fortiter
1681 2376 1842 2432 etiam

241 2480 494 2543 portatur
522 2487 551 2525 a
601 2472 761 2528 nobis
813 2482 1024 2529 scutum
1082 2470 1231 2539 ﬁdei,
1267 2471 1412 2528 unde
1442 2480 1500 2527 et
1525 2481 1844 2545 protegente

250 2565 369 2622 Deo
389 2566 647 2638 quidquid
680 2566 931 2623 manibus
968 2566 1077 2622 tuis
1111 2564 1362 2622 diabolus
1408 2565 1702 2634 iaculatur,
1750 2580 1846 2620 ex-

242 2661 565 2733 stinguitur,
592 2662 719 2732 quia
754 2660 968 2717 calciati
1016 2669 1144 2716 sunt
1185 2659 1360 2715 nostri
1387 2658 1702 2730 evangelico
1730 2673 1847 2713 ma-

241 2753 473 2826 gisterio
505 2798 521 2823 ,
559 2765 615 2812 et
662 2754 865 2811 armati
908 2754 1073 2826 pedes
1101 2753 1430 2810 calcaribus.
1475 2753 1556 2808 Tu
1597 2751 1728 2808 licet
1768 2752 1847 2808 sis

243 2856 534 2919 angustus,
566 2855 622 2903 et
653 2857 676 2887 ο
702 2847 755 2903 in
783 2856 837 2903 te
866 2845 1136 2902 obteritur
1175 2844 1395 2917 rugiens
1417 2845 1469 2899 in
1494 2852 1735 2900 nostram
1766 2845 1847 2899 in-

242 2942 488 2997 sontium
517 2956 707 2998 necem
748 2953 1018 3011 serpens;
1050 2938 1321 3010 siquidem
1362 2936 1617 2993 mordere
1642 2946 1698 2992 et
1720 2952 1848 3008 sup-

244 3034 498 3107 plantare
537 3050 635 3107 per
679 3046 732 3090 te
756 3032 1082 3099 carniﬁcem
1132 3047 1293 3089 suum
1344 3048 1455 3088 non
1507 3032 1843 3103 praevaleat:

246 3130 426 3202 premi
460 3129 664 3186 etenim
715 3143 815 3185 nos
844 3143 945 3200 per
969 3138 1022 3184 te
1043 3127 1158 3183 vult
1203 3126 1368 3195 Deus,
1393 3140 1503 3182 non
1551 3123 1737 3197 utique
1776 3123 1846 3179 ad

1945 1921 2049 1978 qua
2071 1921 2259 1973 causa,
2290 1923 2400 1961 non
2431 1921 2499 1962 ex
2525 1890 2634 1976 quo
2663 1907 2934 1977 pendeam
2980 1910 3185 1979 stipite.
3211 1911 3351 1980 Quid
3381 1912 3541 1981 dicis,

1945 2015 2041 2056 rex
2068 2000 2388 2057 stultissime
2414 2002 2439 2055 ?
2463 2000 2645 2072 inique
2693 2003 2746 2056 in
2787 2002 2893 2058 ista
2924 2005 3219 2075 supplicia,
3259 2006 3317 2063 in
3356 2009 3546 2080 hujus.

1945 2093 2090 2149 modi
2114 2108 2330 2165 pinnam
2360 2093 2551 2149 mittor
2578 2110 2608 2149 a
2634 2103 2709 2161 te,
2739 2110 2807 2150 an
2838 2095 3030 2165 juste?
3060 2098 3104 2152 si
3129 2099 3337 2170 inique,
3364 2110 3453 2157 tua
3485 2105 3545 2158 li-

1942 2189 2124 2258 gentis
2150 2189 2254 2246 erit
2296 2205 2455 2258 crux,
2507 2206 2613 2245 non
2644 2206 2763 2247 mea
2812 2207 2973 2262 quem
3016 2191 3204 2248 ﬂxeris
3237 2212 3252 2250 :
3283 2195 3329 2250 si
3373 2197 3545 2266 juste,

1945 2280 2109 2351 culpa
2139 2296 2258 2337 mea
2289 2298 2378 2338 me
2399 2281 2647 2338 criminis
2677 2283 2808 2346 mei,
2856 2300 2962 2338 non
2993 2298 3148 2352 plena
3176 2292 3263 2339 tua
3291 2294 3547 2357 torquere

1945 2371 2189 2443 incipiet.
2214 2371 2488 2429 Caeterum
2514 2384 2777 2443 quantum
2806 2375 2874 2430 ad
2899 2374 3103 2431 exitum
3134 2375 3265 2431 nihil
3295 2378 3545 2447 interest,

1943 2466 2100 2522 clavo
2129 2482 2227 2539 per
2269 2474 2323 2523 te
2352 2482 2419 2521 an
2454 2468 2642 2523 lancea
2693 2468 2916 2533 moriar,
2944 2469 3211 2525 restrictis
3240 2481 3365 2541 post
3395 2483 3546 2545 terga

1946 2558 2199 2614 manibus
2245 2572 2314 2614 an
2344 2560 2615 2630 porrectis
2672 2560 3026 2630 sparsisque;
3059 2571 3239 2617 utrum
3285 2580 3543 2635 pronum,

1947 2653 2257 2726 incurvum,
2282 2670 2349 2709 au
2397 2664 2606 2711 rectum
2629 2662 2686 2711 et
2713 2654 2944 2722 editum,
2973 2656 3109 2712 nihil
3150 2659 3321 2714 refert
3364 2669 3546 2717 utrum

1947 2750 2323 2819 quiescentem
2342 2763 2429 2803 me
2456 2748 2509 2803 in
2538 2748 2743 2805 lectulo
2766 2748 3006 2815 occidas,
3026 2765 3095 2804 au
3120 2752 3391 2808 cervicem
3414 2754 3551 2810 mihi

1947 2842 2111 2897 stanti
2145 2839 2354 2898 incidas
2381 2840 2585 2913 gladio,
2613 2856 2681 2896 an
2709 2841 2887 2897 securi
2915 2852 3078 2913 caput
3107 2844 3347 2911 auferas,
3387 2860 3455 2901 an
3479 2847 3548 2902 ad

1948 2935 2129 3006 palum
2159 2950 2349 3001 me,an
2375 2934 2443 2989 ad
2466 2950 2687 2991 crucem
2715 2934 2935 3006 alliges,
2959 2935 3084 3007 igne
3112 2946 3348 3007 torreas,
3373 2954 3441 2994 an
3474 2941 3555 2996 vi-

1950 3042 2080 3082 vum
2126 3025 2294 3082 humo
2342 3026 2571 3092 condas,
2631 3041 2767 3082 saxo
2792 3027 3119 3099 praecipites,
3153 3045 3224 3085 an
3270 3031 3324 3085 in
3380 3032 3552 3088 maria

1952 3133 2165 3189 mergas
2195 3160 2211 3185 ,
2263 3117 2626 3189 labandagine
2651 3127 2674 3155 ε
2705 3120 2914 3188 magnis
2940 3119 3147 3176 viribus
3187 3133 3425 3179 conatus
3446 3139 3557 3179 uno

247 3198 377 3289 hoc,
427 3232 486 3279 ut
538 3224 697 3280 fidem
752 3198 969 3295 iterque
1026 3222 1347 3279 deseramus
1392 3219 1845 3293 patriarcharum,
1878 3198 1925 3261 C
1956 3212 2266 3269 vaStissimo
2294 3211 2404 3266 ictu
2433 3210 2595 3281 longe
2616 3227 2643 3264 τι
2673 3225 2761 3267 me
2788 3227 2972 3267 meum
3002 3220 3167 3283 caput
3194 3216 3462 3283 excutias,
3486 3231 3557 3272 an

247 3319 628 3392 apostolorum
668 3334 732 3375 ac
758 3328 1085 3391 martyrum,
1119 3315 1219 3373 sed
1248 3314 1505 3371 utcoaCti
1553 3330 1583 3369 a
1635 3324 1687 3370 te
1728 3314 1851 3370 uni-

245 3428 374 3471 cum
408 3428 612 3485 negare
643 3412 845 3469 Filium
895 3411 995 3467 Dei
1025 3420 1256 3467 mortem
1309 3409 1473 3466 etiam
1523 3408 1711 3464 subire
1742 3423 1850 3463 non

247 3521 594 3564 recusemus.
620 3505 738 3561 Non
762 3518 955 3561 sumus
975 3513 1035 3559 ut
1065 3511 1121 3559 tu
1152 3502 1292 3558 adeo
1320 3501 1473 3557 stulti
1500 3515 1564 3556 ac
1585 3500 1851 3571 perversi,

184 3668 187 3669 ν
247 3608 309 3654 ιιι
337 3598 591 3654 malimus
618 3597 880 3654 salutaria
914 3605 1197 3661 excutere,
1226 3595 1475 3650 mortalia
1506 3608 1635 3649 vero
1681 3593 1855 3649 susci-

250 3707 425 3764 pere;
453 3707 559 3747 non
593 3706 786 3747 sumus
809 3688 1124 3760 prmsidium
1172 3687 1416 3763 caelestis
1459 3685 1745 3741 medicinae
1767 3684 1853 3739 fu-

248 3786 485 3856 gientes.
520 3782 913 3855 Pruspicimus,
940 3778 970 3820 ά
992 3780 1138 3853 quod
1180 3780 1330 3837 enim
1362 3779 1491 3834 licet
1514 3777 1659 3834 ferro
1684 3777 1857 3833 medi—

251 3893 351 3936 cus
380 3889 549 3947 secet,
568 3879 815 3934 cauterio
848 3884 991 3944 urat,
1019 3875 1229 3946 sinapis
1256 3873 1511 3931 incendio
1536 3873 1604 3929 ad
1635 3889 1853 3930 omnem

252 3972 503 4029 dolorem
535 3986 743 4043 aegrum
791 3969 1046 4035 deducat,
1101 3977 1280 4025 tamen
1313 3981 1417 4025 nec
1453 3967 1653 4032 secari,
1688 3965 1854 4034 inuri,

254 4065 440 4131 exedi,
470 4063 825 4134 morderique
854 4077 977 4119 esse
1007 4061 1290 4117 inimicum
1333 4078 1345 4113 :
1377 4060 1580 4132 quippe
1599 4058 1746 4132 quod
1778 4060 1860 4113 id-

252 4160 405 4217 circo
447 4159 649 4215 bonum
701 4157 794 4224 sit,
847 4157 976 4225 quia
1004 4154 1224 4211 dolores
1251 4153 1475 4211 inutiles
1515 4152 1725 4210 auferat
1761 4167 1859 4224 per

254 4252 532 4310 adhibitos
562 4252 758 4307 salutis
787 4264 951 4307 causa
983 4247 1363 4305 dolores.Vult
1410 4260 1509 4302 nos
1540 4246 1686 4302 Deus
1715 4261 1860 4301 mor-

254 4355 365 4403 tem
410 4357 587 4403 morte
613 4344 941 4411 dissolvere,
969 4341 1262 4399 tormentis
1292 4340 1639 4413 temporariis
1655 4349 1859 4395 aeterna

254 4441 629 4497 cruciamenta
683 4438 985 4506 discutere,
1038 4435 1307 4507 supplicia
1364 4433 1543 4492 futura
1597 4444 1861 4507 perpetua

258 4535 369 4591 tuis
390 4532 674 4604 suppliciis
694 4545 962 4588 evacuare
985 4546 1001 4598 ;
1025 4528 1084 4586 hi
1105 4528 1379 4596 videlicet,
1405 4527 1516 4601 qui,
1545 4544 1668 4585 cum
1694 4528 1860 4584 vitam

335 4723 361 4753 ι
382 4714 552 4771 Forte
575 4713 853 4781 sapientia.
898 4755 903 4761 .

333 4785 362 4826 δ
396 4785 491 4858 fel
522 4775 724 4855 aliquid
754 4784 930 4858 deest,
959 4782 1048 4837 vel
1072 4780 1369 4858 legendum
1412 4775 1830 4858 peinuiititesnm

336 4867 359 4895 ο
392 4856 586 4912 Tamen
615 4846 669 4910 in
696 4867 741 4909 te
764 4846 1034 4910 obteritur.
1061 4846 1313 4911 Gallaud.
1343 4849 1434 4922 qui
1456 4849 1751 4922 editionem
1771 4846 1864 4901 Ti-

260 4928 461 5008 lianam
490 4928 561 4982 ita
599 4926 849 5008 exhibet.
884 4936 931 5008 et
959 4926 1011 4979 in
1063 4926 1333 4993 obteritur,
1363 4921 1487 4978 cum
1518 4929 1668 4977 recte
1713 4921 1766 4975 in
1797 4934 1862 4974 ea

260 5000 495 5069 legatur,
528 5009 573 5053 et
594 5000 647 5053 in
672 5011 721 5051 te
740 4997 1003 5051 obteritur.
1662 5062 1674 5073 .

335 5069 363 5109 ἀ
383 5069 603 5126 Lucifer
625 5069 729 5125 hoc
762 5070 815 5123 in
846 5070 989 5133 loco,
1019 5067 1097 5123 uti
1116 5074 1305 5123 monet
1328 5063 1637 5121 Cotelerius
1662 5078 1715 5116 in
1746 5069 1861 5115 not.

262 5142 509 5210 subjecta
542 5141 639 5196 lib.
667 5155 705 5195 ιι
733 5139 967 5197 Constit.
994 5139 1186 5210 Apost.
1212 5135 1441 5210 capuli.
1473 5136 1715 5210 imitatur
1731 5133 1865 5188 Ter-

266 5206 552 5269 tullianum
575 5212 629 5267 in
654 5214 954 5281 Scorpiaeo
967 5206 1089 5280 cap.
1109 5209 1165 5270 5.
1188 5207 1345 5281 cujus
1369 5207 1497 5281 haec
1511 5206 1679 5281 verba
1707 5210 1854 5281 sunt:

270 5283 361 5340 Est
381 5288 536 5359 plane
560 5284 709 5359 quasi
738 5274 934 5359 cliviae
974 5274 1272 5359 medicina,
1296 5278 1360 5331 de
1385 5276 1655 5359 scalpello,
1674 5358 1679 5359 γ
1695 5274 1860 5358 deque

265 5352 516 5421 cauterio,
534 5352 596 5408 de
611 5355 809 5421 sinapis
832 5352 1069 5408 incendio
1091 5367 1111 5406 :
1123 5361 1409 5421 nontamen
1425 5352 1618 5421 secari,
1633 5358 1683 5401 et
1694 5352 1855 5421 inuri,

264 5437 315 5482 et
341 5417 545 5483 extendi
561 5425 660 5497 (al.
681 5417 852 5497 caedi,
894 5419 1238 5493 morderique)
1269 5420 1462 5475 idcirco
1510 5419 1710 5473 malum
1737 5417 1863 5489 quia

266 5498 473 5571 dolores
497 5494 652 5553 utiles
689 5494 865 5571 alfert.
1027 5565 1045 5571 _
1354 5563 1367 5571 _
1493 5564 1505 5571 _
1588 5570 1595 5571 γ
1808 5559 1837 5571 ν.

340 5580 366 5607 θ
402 5570 577 5625 Dictio
610 5569 860 5632 barbara,
893 5581 989 5634 pro
1021 5565 1195 5621 forma
1226 5563 1461 5635 quadam
1492 5563 1862 5635 instrumenti,

266 5640 413 5713 quod
442 5641 492 5695 vi
520 5640 845 5713 ducebatur.
891 5632 1047 5695 Unde
1077 5632 1260 5713 etiarn
1289 5634 1561 5713 apud-nos
1584 5632 1724 5713 illud
1754 5646 1865 5713 quo

266 5703 479 5770 Balistar
510 5711 829 5776 tenduntur,
847 5717 1073 5766 vocatur
1101 5704 1474 5778 bendageﬂl‘il.
1489 5711 1561 5778 et
1584 5704 1630 5757 la
1650 5703 1861 5778 per-da.

265 5782 468 5865 Contra
498 5784 663 5865 sentit
706 5772 1046 5865 Qang‘ilusﬂin
1074 5772 1388 5865 Glossfqui
1414 5772 1866 5865 aliamhflallicfe

266 5858 422 5915 vocis
444 5854 677 5929 bendage
706 5846 1157 5925 significationem
1187 5846 1329 5907 esse
1363 5846 1645 5909 contendit
1669 5863 1685 5905 :
1713 5852 1869 5922 putat

704 5952 985 6017 Panos.
1044 5928 1222 6014 XIII.

1953 3305 2101 3362 omni
2125 3304 2429 3361 subtilitate
2455 3303 2711 3359 subtilior
2736 3305 2929 3375 sagitta
2961 3303 3270 3361 diutissime
3300 3305 3478 3377 ﬁgens
3502 3308 3554 3363 in

1954 3416 2079 3457 meo
2108 3414 2341 3471 corpore
2382 3397 2540 3454 ludas
2565 3414 2580 3465 ;
2605 3405 2821 3454 centum
2848 3397 3018 3453 millia
3046 3399 3174 3453 licet
3218 3398 3419 3455 formas
3443 3414 3558 3470 βω-

1956 3514 2147 3553 uarum
2173 3494 2472 3551 crudelitas
2499 3503 2589 3547 tua
2632 3492 2812 3558 faciat,
2836 3506 2904 3547 ex
2956 3492 3042 3547 his
3088 3492 3343 3549 omnibus
3369 3493 3439 3549 ad
3471 3511 3559 3549 me

1951 3591 2067 3646 sola
2095 3605 2191 3660 per
2218 3589 2374 3644 istam
2404 3594 2633 3642 mortem
2667 3585 2870 3640 illatam
2893 3599 2923 3639 a
2956 3593 3009 3640 te
3027 3585 3311 3655 perveniet
3332 3586 3559 3641 immor-

1956 3681 2158 3739 talitas.
2184 3680 2303 3736 Non
2353 3694 2576 3750 possum
2608 3676 2712 3732 nisi
2740 3676 2976 3747 gaudere
3003 3690 3126 3732 cum
3158 3676 3285 3730 talia
3310 3676 3558 3747 ingesse-

1958 3775 2057 3843 ris,
2110 3771 2555 3846 quandoquidem
2599 3785 2696 3843 per
2750 3768 2870 3824 h.ec
2899 3768 3163 3838 supplicia
3203 3768 3383 3825 sciens
3430 3769 3556 3837 sim,

1955 3868 2100 3942 quod
2126 3868 2301 3942 possit
2326 3881 2490 3922 omne
2516 3863 2660 3919 ﬁniri
2682 3862 3033 3932 supplicium.
3066 3860 3200 3916 Nam
3224 3862 3407 3927 etilla,
3438 3880 3561 3934 qua:

1958 3962 2300 4020 extrinsecus
2326 3969 2473 4026 sunt,
2520 3965 2581 4013 et
2621 3954 2874 4011 accidere
2904 3968 3066 4023 posse
3093 3968 3191 4023 per
3227 3962 3373 4008 tuam
3412 3952 3430 3992 ί
3458 3971 3562 4010 sa:-

1957 4056 2149 4113 vitiam
2177 4052 2436 4118 arbitror,
2468 4048 2604 4105 nihil
2630 4046 2818 4118 judico
2848 4045 2916 4101 ad
2958 4060 3044 4100 me
3089 4047 3369 4115 pertinere
3399 4062 3415 4111 ;
3458 4046 3561 4101 ali-

1960 4162 2117 4209 tesne
2161 4164 2228 4203 an
2272 4162 2437 4204 canes
2460 4160 2639 4200 meum
2663 4156 2863 4212 corpus
2888 4140 3119 4203 lanient,
3154 4140 3398 4196 hmreant
3438 4159 3560 4199 cor-

1959 4246 2079 4319 pori
2108 4258 2264 4308 meo;
2297 4241 2426 4297 fera:
2475 4237 2773 4320 luminibus
2820 4235 2928 4289 illis
2954 4232 3270 4289 crudelibus
3299 4245 3350 4289 te
3373 4251 3564 4306 exspe-

1960 4348 2141 4395 ctante
2164 4346 2189 4385 ε
2213 4334 2483 4398 insiliant;
2508 4331 2700 4403 jacens
2723 4326 2871 4383 humi
2899 4326 3191 4397 unguibus,
3216 4327 3470 4384 dentibus
3490 4332 3559 4386 ad

1962 4446 2087 4489 ossa
2119 4443 2292 4499 usque
2318 4424 2555 4497 redigar,
2584 4436 2707 4477 cum
2737 4419 2996 4489 posthaec
3021 4419 3202 4473 omnia
3227 4419 3344 4475 Deo
3374 4422 3561 4479 salvus

1963 4524 2090 4581 sim.
2127 4520 2265 4578 Cum
2317 4518 2465 4577 enim
2505 4529 2704 4587 corpus
2730 4527 2910 4569 meum
2962 4510 3160 4568 talibus
3204 4512 3341 4569 actis
3371 4512 3562 4573 ferina:

1889 4710 1944 4772 Ῑ)
1968 4716 2100 4756 vero
2130 4696 2418 4772 legendum
2442 4712 2509 4749 an
2536 4692 2890 4772 aptandigine,
2925 4691 3089 4772 idlest
3108 4733 3123 4757 ,
3152 4710 3184 4746 a
3210 4694 3412 4766 reliquo
3451 4715 3562 4754 cor-

1966 4789 2133 4856 pore;
2164 4763 2238 4826 est
2263 4771 2399 4824 enim
2428 4766 2658 4846 pendigo
2688 4765 2823 4848 idem
2861 4763 2999 4846 quod
3036 4773 3219 4838 πῆγμα
3246 4763 3509 4849 compago
3542 4789 3557 4825 ε

1966 4855 2038 4896 ita
2076 4852 2131 4896 ut
2159 4842 2399 4896 bifariam
2447 4837 2531 4892 hic
2572 4853 2705 4892 sum:
2749 4845 2910 4896 νοεςιῑ
2967 4836 3022 4889 td
3068 4835 3322 4896 vocabuli.
3350 4842 3427 4892 vel
3465 4858 3557 4896 pro

1963 4846 2038 4898 ita
2076 4852 2131 4897 ut
2159 4846 2399 4912 bifariam
2447 4846 2531 4892 hic
2572 4846 2705 4892 sumi
2749 4846 2910 4906 ροεςιῑ
2967 4846 3021 4889 ια
3068 4846 3322 4902 vocabuli,
3350 4846 3427 4892 vel
3464 4858 3557 4907 pro

1965 4916 2511 4983 machinalignea.seu
2535 4906 2943 4983 tabulat_o,quod
2979 4915 3162 4983 πῆγμα
3192 4908 3347 4983 etiam
3388 4907 3559 4966 ϐηεοὶ

1964 4996 2171 5049 vocant,
2194 5002 2225 5037 a
2259 4979 2362 5054 quo
2389 4990 2541 5049 caput
2591 4980 2793 5054 longius
2819 4982 3148 5043 excutiatur;
3181 4979 3258 5032 rel
3301 4996 3412 5054 pro__
3443 4984 3559 5050 ipsa

1964 5057 2151 5130 reliqui
2202 5050 2835 5130 corporiscorapaetione,
2888 5064 3051 5119 aqua
3080 5058 3257 5130 eaput
3285 5050 3553 5109 evellatur.

1967 5119 2086 5200 Ego
2128 5119 2344 5200 quidem
2384 5119 2746 5200 (abundaginis
2780 5135 2967 5200 vocem
2998 5119 3350 5200 retinendam
3398 5136 3553 5200 puto,

1964 5189 2086 5271 quae
2109 5189 2374 5271 Inachium
2394 5210 2595 5271 nomen
2610 5189 2681 5247 sit
2708 5207 2768 5247 ca
2780 5191 2875 5271 pit_i
2898 5189 3172 5271 _vio.leuler
3186 5190 3332 5245 absci
3343 5189 3559 5263 ridendo

1966 5260 2286 5341 aptissima},
2314 5268 2582 5341 cujusque
2609 5278 2739 5341 u~_us
2784 5260 2941 5317 nobis
2990 5260 3238 5341 ign0tus:
3270 5278 3371 5341 nec
3423 5260 3560 5320 con;
3632 5318 3635 5321 Α

1970 5331 2279 5398 temnenda
2304 5331 2534 5411 fortasse
2561 5336 2897 5411 conjectura,
2928 5346 3033 5399 qua
3074 5331 3195 5411 quis
3222 5336 3557 5411 suspicetur,

1970 5428 2169 5470 nomen
2201 5412 2305 5467 hoc
2325 5426 2352 5463 a
2384 5410 2505 5465 loco
2530 5402 3048 5472 esse'desuuiptum,
3076 5402 3163 5456 ubi
3188 5402 3419 5470 primum
3449 5409 3565 5464 haec

1967 5482 2214 5541 machina
2239 5485 2456 5538 iuventa
2488 5477 2676 5539 fuerit,
2704 5489 2901 5544 nempe
2944 5474 3250 5537 Alabandar,
3282 5492 3402 5539 quae
3431 5479 3564 5535 urbs

1965 5565 2052 5613 est
2075 5557 2273 5617 Cariae,
2326 5552 2469 5609 unde
2518 5547 2772 5605 Alabandi
2800 5586 2818 5611 ,
2852 5554 2908 5601 et
2939 5544 3328 5619 Alabandenses
3376 5548 3565 5619 populi

1968 5627 2108 5699 apud
2140 5614 2549 5699 Stra'bouetu‘et
2577 5620 2839 5699 Plin_i_t_tm,
2858 5617 2962 5699 qui
2993 5614 3279 5699 cau_uabim
3322 5614 3564 5679 Alaban-

1966 5687 2194 5756 densem
2225 5696 2410 5752 laudat
2438 5692 2529 5748 lib.
2566 5707 2658 5746 xix
2690 5689 2830 5745 Hist.
2856 5687 2978 5743 Nat.
3006 5702 3058 5743 c.
3082 5690 3137 5743 9.

2044 5769 2064 5810 ί
2092 5769 2228 5826 Cum
2249 5767 2351 5823 Til.
2382 5773 2438 5821 et
2459 5764 2636 5819 Latin.
2663 5763 2804 5818 Ante
2840 5768 3159 5832 perpetuam.

2038 5851 2068 5894 ο
2095 5840 2393 5914 Spectante.
2422 5836 2599 5897 Latin.
2794 5862 2795 5865 η
3001 5926 3081 5991 33
