4042 6338
350 326 481 385 1041

1484 326 1862 387 ATHANASII
1901 325 2265 387 EPISTOLE
2305 328 2492 389 DUAE.

3504 332 3645 392 1042

347 460 461 501 rem
496 443 1120 502 manifestasti!Videris
1145 460 1266 504 esse
1289 462 1474 501 verum
1494 456 1519 485 δ
1540 448 1797 517 templum
1827 447 1948 504 Sal-
1974 452 2020 511 Α
2054 461 2252 504 metum
2281 450 2629 518 temporalem
2663 449 2973 505 ceciderunt
3023 458 3083 517 ω,
3118 450 3299 506 levare
3339 464 3399 506 se
3422 450 3645 507 tandem

346 538 570 605 vatoris,
598 540 685 603 uni
714 540 763 592 in
797 552 845 593 te
879 539 1129 595 habitans
1153 540 1268 594 haec
1300 542 1415 608 ipse
1442 539 1469 577 δ
1493 558 1586 610 per
1610 552 1660 597 te
1687 541 1941 613 loquitur,

348 630 464 698 ipse
494 630 585 702 qui
627 639 830 686 tantam
873 634 1097 703 gratiam
1144 634 1376 702 praebuit
1417 634 1763 688 sermonibus
1816 634 1943 700 tuis,

344 726 546 794 quippe
587 724 676 790 qui
722 734 847 778 ante
894 739 1015 778 eras
1062 724 1201 793 apud
1244 739 1437 779 omnes
1468 725 1747 791 amabilis;
1802 740 1945 779 nunc

346 824 530 870 tamen
559 827 737 870 tantus
765 827 851 873 est
881 832 1033 873 amor
1060 817 1361 873 ali‘ectionis
1391 825 1497 873 tua:
1530 819 1579 872 in
1612 820 1807 873 animis
1828 834 1945 874 ont-

344 910 493 963 nium
526 909 822 965 collocatus
855 920 875 948 ε
899 952 912 974 ,
946 920 1003 964 nt
1040 910 1245 965 Heliam
1281 920 1330 966 te
1372 911 1707 982 temporibus
1746 914 1946 968 nostris

344 1008 625 1059 nominent
652 1021 665 1057 :
695 1014 747 1059 et
779 1020 883 1060 non
921 1006 1150 1071 mirum;
1182 1004 1229 1060 si
1251 1006 1421 1071 enim,
1459 1008 1546 1077 qui
1590 1008 1699 1061 Deo
1732 1008 1945 1075 placere

346 1096 622 1159 videntur,
654 1097 745 1153 ﬁlii
781 1097 873 1153 Dei
904 1101 1274 1164 nominantur,
1304 1109 1449 1155 tanto
1473 1101 1642 1165 magis
1674 1097 1698 1137 ἀ
1728 1101 1944 1169 partici-

344 1206 442 1261 pes
469 1191 856 1262 pruphetartttn
879 1194 1241 1261 confessores,
1259 1203 1318 1248 el-
1331 1196 1562 1250 maxime
1595 1204 1647 1249 te
1673 1196 1942 1266 appellare

342 1280 563 1353 dignum
587 1295 693 1340 est.
724 1283 899 1341 Crede
936 1296 957 1323 ο
986 1286 1144 1349 mihi,
1166 1286 1404 1352 Lucifer,
1433 1304 1538 1341 nun
1576 1297 1627 1342 tu
1648 1288 1798 1342 solus
1826 1289 1941 1344 haec

342 1375 555 1431 incultis
598 1392 680 1443 es,
722 1378 815 1433 sed
847 1378 1084 1449 Spiritus
1125 1390 1343 1435 sanctus
1386 1390 1581 1436 tecum.
1622 1381 1773 1436 Unde
1826 1381 1942 1439 haec

342 1475 488 1521 tanta
517 1470 780 1523 memoria
813 1470 1257 1541 Scripturarum,
1288 1474 1429 1528 unde
1471 1489 1666 1528 sensus
1706 1483 1760 1527 et
1792 1474 1943 1529 intel-

338 1558 509 1615 lectus
534 1561 849 1617 earumdem
883 1564 1135 1632 integer?
1161 1566 1302 1621 unde
1335 1566 1456 1621 talis
1498 1567 1632 1622 ordo
1673 1570 1940 1623 sermonis

340 1656 675 1723 compositus
708 1654 764 1711 τῖ’
790 1657 932 1712 unde
967 1666 1111 1713 tanta
1146 1662 1557 1717 hortamentain
1583 1663 1725 1717 viam
1747 1663 1941 1718 coeles-

340 1747 492 1802 tem?
524 1748 664 1803 unde
705 1748 898 1805 ﬁducia
945 1760 1133 1805 contra
1172 1751 1447 1808 diabolum
1490 1764 1544 1809 et
1593 1755 1939 1821 probationes

2052 545 2279 614 possint,
2312 552 2367 598 et
2394 544 2586 599 reverti
2606 544 2670 598 ad
2701 544 2838 597 viam
2866 543 3110 613 justitim,
3139 558 3168 596 a
3193 559 3297 613 qua
3323 542 3529 597 seducti
3553 558 3648 597 va-

2047 649 2260 708 gantur,
2297 638 2603 691 nescientes
2635 636 2687 690 in
2720 652 2820 702 qua
2857 635 3006 691 fovea
3039 636 3149 689 sint
3181 635 3394 700 miseri.
3420 634 3645 704 Spe-cia-

2048 731 2173 786 liter
2198 740 2381 785 autem
2408 745 2508 799 ego
2532 740 2674 799 peto,
2705 730 2749 783 si
2779 737 2805 765 η
2831 728 3030 798 aliquid
3059 728 3238 783 minus
3266 742 3296 782 a
3325 742 3410 801 me
3434 726 3640 783 dictum

2046 833 2153 890 est,
2178 825 2458 894 ignoscere
2484 822 2726 893 digneris
2753 840 2765 875 :
2796 836 2825 875 a
2855 830 3005 876 tanto
3035 822 3177 875 enim
3210 820 3357 875 fonte
3382 819 3524 889 quod
3551 835 3651 890 po.

2049 919 2149 973 tuit
2178 918 2447 986 imperitia
2480 926 2504 951 ο
2553 932 2669 971 mea
2696 915 2784 969 vix
2815 914 3030 969 haurire
3059 912 3247 979 valuit.
3282 912 3357 968 De
3384 910 3643 967 fratribus

2046 1024 2225 1068 antem
2252 1012 2452 1068 nostris
2474 1011 2555 1066 sin
2581 1010 2757 1065 minus
2785 1010 2933 1079 potui
2965 1008 3152 1064 videre
3169 1007 3412 1074 eosdem,
3444 1007 3640 1061 iterum

2047 1106 2294 1177 ignoscas
2327 1114 2469 1175 peto.
2521 1104 2616 1159 Est
2655 1105 2799 1158 enim
2833 1102 2948 1171 ipsa
2996 1101 3194 1157 veritas
3236 1100 3388 1156 testis
3422 1107 3644 1167 optasse

2046 1214 2134 1254 me
2155 1207 2208 1254 et
2228 1197 2566 1253 desiderasse
2596 1198 2696 1249 hoc
2728 1196 3041 1264 impetrare,
3064 1202 3119 1247 et
3150 1200 3355 1247 tantum
3385 1190 3642 1246 habuisse

2047 1290 2294 1346 dolorem
2345 1290 2490 1360 quod
2540 1304 2643 1343 non
2668 1287 2813 1358 potui
2841 1302 2853 1340 :
2886 1300 3009 1340 nam
3053 1300 3152 1340 nec
3178 1284 3432 1356 lacrymze
3458 1298 3642 1338 cessa-

2047 1391 2239 1451 verunt
2283 1380 2350 1434 ab
2380 1380 2553 1435 oculis
2577 1421 2591 1446 ,
2623 1394 2723 1434 nec
2764 1380 2996 1449 gemitus
3024 1378 3093 1431 ab
3127 1378 3313 1433 animo
3336 1420 3349 1443 ,
3382 1378 3508 1449 quia
3543 1392 3646 1432 nec

2044 1478 2240 1531 fratres
2273 1474 2637 1546 permittimur
2672 1484 2700 1523 P
2742 1472 2946 1527 videre.
2979 1472 3161 1527 Testis
3190 1480 3273 1527 est
3298 1479 3481 1527 autem
3532 1472 3639 1527 Do-

2043 1570 2242 1634 minus,
2275 1569 2398 1638 quia
2449 1583 2547 1622 nec
2579 1576 2833 1637 parentes
2859 1581 2995 1636 quos
3032 1565 3207 1620 habeo
3252 1565 3400 1634 potui
3432 1564 3639 1631 videre,

2043 1677 2109 1718 ex
2138 1676 2244 1729 quo
2294 1670 2693 1731 persequuntur
2736 1673 2861 1713 nos.
2901 1656 3037 1725 Quid
3084 1656 3228 1711 enim
3279 1671 3385 1711 non
3434 1654 3641 1711 faciunt

2044 1753 2273 1811 Ariani?
2304 1757 2496 1807 itinera
2522 1752 2834 1814 observant,
2864 1766 3026 1805 curas
3054 1760 3082 1800 ιι
3103 1758 3268 1821 agunt
3295 1749 3363 1804 de
3391 1750 3641 1820 proﬁcis—

337 1842 595 1898 adversus
620 1853 645 1891 8
668 1844 975 1913 luereticus,
1007 1847 1107 1901 nisi
1130 1846 1365 1918 Spiritus
1388 1860 1607 1904 sanctus
1638 1850 1937 1905 collocatus
1969 1846 2012 1906 B
2041 1849 2294 1904 centibus
2337 1858 2390 1901 et
2419 1845 2743 1901 exeuntibus
2787 1845 2851 1898 de
2888 1844 3129 1911 civitate,
3163 1858 3327 1898 naves
3365 1855 3634 1913 quarunt,

335 1946 481 1991 esset
501 1937 553 1991 in
584 1938 669 1992 te?
687 1937 873 1993 Gaude
899 1939 1063 2007 igitur
1083 1941 1134 1994 in
1159 1956 1223 1995 eu
1249 1952 1299 1996 te
1320 1942 1563 2012 essejant
1587 1939 1931 2012 pervidensh,

336 2023 390 2082 in
429 2043 534 2098 quo
563 2029 724 2082 etiam
774 2029 1216 2100 prwdecessores
1254 2030 1269 2069 ί
1300 2033 1373 2086 tui
1404 2049 1546 2087 nunc
1576 2045 1701 2088 sunt
1728 2044 1932 2105 marty-

331 2136 441 2188 res,
473 2122 576 2178 hoc
604 2133 687 2178 est
731 2125 781 2178 iit
811 2124 979 2181 choro
1021 2126 1356 2195 angelorum.
1405 2127 1718 2183 Gaudemus
1768 2126 1931 2183 etiam

329 2228 429 2269 nos
460 2213 725 2270 habentes
755 2225 810 2271 et
855 2215 871 2267 ἱ
922 2219 1232 2288 exemplum
1268 2220 1512 2286 Vll‘lUliS,
1547 2232 1601 2275 et
1636 2221 1931 2291 patientiae,

327 2318 384 2364 ct
417 2309 708 2367 libertatis.
737 2310 868 2366 Nam
902 2311 971 2367 de
1009 2312 1091 2367 his
1117 2354 1130 2377 ,
1162 2329 1282 2384 qua:
1323 2315 1584 2385 scripsisti
1612 2315 1681 2370 de
1711 2316 1932 2370 nomine

326 2418 486 2470 meo,
518 2405 782 2460 Cl‘lleSCl)
809 2406 1010 2477 aliquid
1042 2406 1307 2476 proferre,
1340 2424 1405 2462 ne
1434 2409 1618 2463 videar
1645 2408 1928 2475 adulator;

326 2495 423 2552 sed
454 2498 569 2551 scio
595 2495 620 2534 ιι
650 2507 705 2552 et
745 2498 911 2553 credo
960 2499 1136 2568 ipsum
1174 2500 1498 2567 Dominum,
1541 2502 1630 2571 qui
1661 2512 1851 2555 sancto
1878 2508 1933 2555 et

326 2590 583 2660 religioso
606 2591 786 2645 animo
816 2601 906 2647 tuo
936 2592 1191 2647 revelavit
1221 2608 1436 2648 onmem
1462 2594 1733 2659 notitiam,
1753 2593 1933 2649 reddi-

327 2690 511 2737 turum
546 2683 639 2738 tibi
670 2685 832 2739 etiam
876 2700 973 2755 pro
1002 2684 1104 2741 hoc
1136 2686 1320 2742 labore
1352 2686 1632 2751 prtetnium
1675 2687 1729 2741 itt
1762 2702 1930 2756 regno

327 2776 614 2832 caalorum.
637 2776 775 2846 Quia
809 2794 939 2849 ergo
974 2779 1097 2834 talis
1123 2795 1203 2845 es,
1231 2790 1568 2850 preratorem
1604 2791 1655 2836 te
1682 2795 1803 2836 esse
1834 2794 1932 2850 pro

326 2871 485 2927 nobis
535 2887 629 2942 per
685 2872 699 2909 ι
752 2874 1027 2929 orationes
1066 2875 1355 2929 Dominum
1409 2876 1678 2946 petimus,
1727 2885 1786 2931 ut
1821 2876 1931 2945 jam

324 2962 600 3036 inSpicere
625 2967 902 3038 dignetur,
933 2980 989 3023 ut
1019 2978 1101 3025 est
1149 2970 1462 3025 misericors
1485 3013 1500 3037 ,
1533 2970 1819 3026 ecclesiam
1846 2986 1936 3025 ca-

327 3057 607 3128 tholicam,
638 3069 694 3115 et
724 3061 924 3133 eripiat
951 3076 1142 3117 omnes
1176 3063 1408 3118 famulos
1430 3078 1559 3118 suos
1588 3064 1653 3119 de
1682 3064 1933 3119 manibus

328 3161 762 3223 persecutorem,
818 3168 927 3225 quo
979 3148 1139 3210 etiam
1197 3154 1249 3210 hi
1305 3171 1518 3223 omnes,
1572 3156 1664 3227 qui
1710 3165 1932 3228 propter

403 3300 427 3327 ο
450 3288 611 3345 Vere.
637 3291 740 3347 lid.

400 3361 427 3399 ιι
458 3361 605 3436 ipsa.
636 3363 770 3419 Cod.
792 3364 1075 3436 Sangerm.

407 3445 429 3473 ε
459 3432 789 3490 Conlocatus.
824 3432 956 3491 Cod.
993 3438 1127 3493 Ven.

403 3502 438 3580 fl
467 3505 621 3561 Cum.
656 3506 840 3563 Cbilil.
870 3508 1040 3564 Codd.
1093 3511 1226 3580 Reg.
1272 3509 1556 3578 Sangerm.
1602 3519 1653 3563 et
1682 3506 1820 3565 Ven.
1876 3510 1927 3564 in

370 3576 523 3652 uibus
577 3580 769 3649 legitur
788 3587 1047 3652 _quanlo;
1096 3576 1252 3636 antea
1308 3576 1582 3652 particeps.
1644 3580 1931 3652 Partieipes

384 3648 738 3721 rophetaritm,
771 3648 1122 3721 Confessores.
1146 3648 1430 3707 Baronius.
1458 3651 1756 3717 Principem
1786 3648 1923 3706 Pro-

332 3719 639 3795 pltetarum,
700 3719 1064 3791 Confes’sorum
1112 3735 1159 3779 et
1205 3724 1493 3795 Martyrum
1547 3734 1596 3778 te
1630 3725 1926 3795 appellare,

332 3801 438 3846 etc.
492 3793 725 3847 Poncius
747 3796 887 3863 apud
919 3795 1209 3851 Latinium.

408 3873 429 3936 ες
465 3862 754 3936 Credimus,
786 3868 922 3936 quod
953 3885 1051 3922 non
1084 3879 1137 3922 tu
1164 3879 1267 3924 etc.
1302 3867 1483 3922 Cltil’ﬂ.

409 3932 428 3971 τ
462 3932 907 4012 Coinpositusfst.
936 3938 1070 3994 Cod.
1111 3940 1241 3994 Ven.
1277 3940 1577 4011 Compositi.
1606 3940 1835 4012 Papebr.

406 4015 431 4078 8
461 4006 754 4078 {ldversuni
793 4007 864 4063 Pa
875 4012 1024 4078 pebr.

406 4077 435 4155 {1
455 4077 574 4155 {aut
599 4099 689 4150 per
709 4077 1095 4155 ﬁdem».Chifﬂ.

412 4149 822 4211 iPrtecessores.
858 4153 931 4207 Id.
964 4163 1019 4207 et
1044 4155 1212 4208 Codd.
1237 4154 1369 4223 Reg.
1402 4169 1465 4208 ac
1488 4154 1928 4224 Sangertn.Prte-

334 4222 623 4349 gecesiores
642 4227 712 4279 tui
744 4237 993 4297 martyres
1024 4244 1157 4281 nunc
1179 4222 1370 4280 suntin
1399 4228 1555 4279 choro
1592 4222 1923 4298 Angelorum.

381 4309 480 4349 aue
526 4312 570 4348 r.

381 4309 570 4358 apeur.

411 4365 424 4415 i
471 4365 725 4441 Habentes
761 4378 807 4421 te
825 4370 1134 4441 exemplum.
1164 4368 1261 4425 lid.
1296 4385 1418 4424 cum
1453 4369 1679 4441 Papebr.
1712 4378 1767 4424 et
1795 4368 1927 4423 Cod.

334 4436 596 4513 _Ven._qui
629 4439 808 4503 habet,
838 4436 1057 4505 virtutis,
1092 4442 1378 4511 patientiw,
1414 4436 1545 4509 etcf,
1573 4442 1776 4513 absque
1801 4456 1931 4496 con-

331 4508 570 4578 jnttcliva
596 4513 855 4580 particula
886 4522 956 4567 et.

348 4642 922 4666 -ῃ
969 4647 1919 4666 ῄηθῇ

1997 1987 2003 1992 .
2039 1944 2269 1999 eremias
2300 1953 2320 1979 τ
2351 1953 2564 2014 gyrant,
2593 1940 2787 1994 dumos
2811 1938 3150 2009 perturbant,
3184 1938 3504 1993 c0ucutiunt
3534 1937 3640 1993 fra-

2039 2045 2176 2102 tres,
2206 2036 2432 2105 singulis
2454 2034 2666 2105 negotia
2694 2042 2715 2068 ι
2741 2034 3073 2086 concinnant
3102 2049 3115 2086 :
3144 2031 3237 2086 sed
3256 2031 3371 2087 Deo
3401 2030 3641 2099 gratias;

2037 2132 2163 2188 dum
2198 2132 2313 2185 haec
2343 2138 2529 2200 agunt,
2563 2136 2716 2183 tanto
2746 2127 2920 2198 magis
2951 2136 3005 2181 et
3034 2126 3157 2196 plus
3184 2134 3537 2181 exsecrantur
3570 2125 3638 2182 ab

2038 2225 2287 2280 omnibus
2326 2234 2377 2277 et
2417 2230 2815 2293 cognoscuntur
2857 2234 3004 2282 vere,
3049 2228 3108 2273 ut
3158 2217 3290 2273 dicit
3323 2219 3342 2254 τ
3374 2219 3640 2274 sanctitas

2038 2326 2149 2380 tua,
2185 2314 2451 2383 mancipia
2480 2329 2601 2369 esse
2624 2311 2962 2375 antichriSIi;
2987 2318 3041 2366 et
3070 2311 3166 2382 ipsi
3192 2310 3400 2377 miseri,
3426 2312 3553 2365 dum
3582 2310 3636 2365 in

2037 2409 2163 2465 odio
2215 2409 2511 2472 habentur,
2547 2406 2745 2460 durant
2788 2407 2841 2459 in
2896 2403 3257 2474 malignitate.
3286 2418 3406 2466 sua,
3460 2401 3638 2458 donec

2037 2514 2211 2559 morte
2237 2502 2321 2556 avi
2351 2502 2431 2556 sui
2461 2500 2764 2555 Pharaonis
2787 2508 2841 2552 et
2870 2498 2969 2568 ipsi
3004 2498 3352 2552 damnentur.
3381 2493 3638 2551 Salutant

2038 2597 2355 2666 religionem
2378 2604 2524 2650 tuam
2574 2593 2664 2664 qui
2703 2607 2912 2657 mecum
2942 2601 3099 2658 sunt;
3134 2590 3363 2658 dignare
3400 2584 3637 2645 salutare

2036 2692 2123 2762 qui
2152 2702 2325 2746 tecum
2357 2697 2503 2744 sunt.
2538 2688 2725 2742 Divina
2757 2688 2851 2741 Dei
2878 2687 3052 2756 gratia
3085 2686 3406 2741 incolumem
3443 2693 3495 2739 te
3524 2700 3635 2739 me-

2038 2799 2244 2839 morent
2292 2782 2462 2836 nostri
2504 2794 2721 2849 semper
2748 2784 2778 2814 ιι
2828 2778 3045 2834 beatum
3090 2784 3404 2841 conservet,
3438 2776 3635 2832 merito

2035 2877 2199 2932 homo
2244 2875 2363 2941 Dei,
2394 2873 2589 2927 famule
2632 2871 2858 2938 Christi,
2909 2869 3179 2941 particeps
3234 2868 3633 2939 apostolorum,

2035 2972 2284 3027 solatium
2319 2964 2696 3031 fraternitatis,
2724 2964 2984 3035 magister
3004 2960 3278 3030 veritatis,
3301 2970 3357 3018 et
3384 2970 3411 3000 ν
3444 2961 3496 3016 in
3520 2975 3639 3016 om-

2037 3064 2193 3119 nibus
2220 3059 2750 3118 desiderantissime.

2104 3292 2131 3332 ¹ε
2164 3294 2271 3349 Sed
2288 3302 2334 3347 et
2360 3291 2487 3357 scio,
2511 3301 2578 3357 et,
2612 3300 2719 3347 etc.
2748 3288 2885 3345 Cod.
2924 3287 3056 3343 Ven.

2113 3364 2127 3403 1
2166 3365 2268 3419 Per
2311 3364 2568 3418 orationes
2591 3371 2705 3417 tuas
2733 3362 2800 3417 ad
2829 3360 3131 3416 Dominum.
3164 3358 3416 3415 Galland.

2106 3447 2146 3474 m
2183 3437 2515 3493 Exciderunt.
2552 3435 2754 3489 Baron.

2106 3518 2134 3546 η
2163 3509 2224 3562 Si
2254 3510 2439 3561 minus.
2472 3505 2608 3560 Cod.
2645 3507 2775 3561 Ven.

2109 3590 2133 3616 ο
2166 3579 2314 3645 Mea,
2343 3593 2463 3633 cum
2482 3577 2690 3645 Cbifﬂ.,
2723 3575 2893 3633 Codd.
2927 3574 3390 3647 Reg.,Sangerm.
3420 3574 3631 3631 etl'cn.

2036 3651 2209 3708 Antea
2230 3666 2314 3705 ea.

2105 3734 2132 3772 p
2158 3722 2535 3787 Permittimur,
2549 3735 2670 3776 cum
2685 3719 2791 3776 Til.
2814 3719 3202 3783 Permittemur,
3220 3717 3353 3773 Cod.
3374 3718 3509 3775 Ven.
3526 3718 3636 3775 An-

2037 3803 2117 3850 tea
2144 3794 2503 3863 permittimus.

2111 3862 2349 3920 qtluram
2384 3866 2584 3918 habent.
2618 3862 2750 3919 Cod.
2783 3863 3069 3929 Sangerm.

2113 3950 2134 3977 ι’
2196 3939 2469 3992 Eremitas.
2531 3935 2710 3991 Chim.
2770 3936 3049 3990 mendose.
3102 3931 3318 3987 Eremos
3378 3934 3634 3989 circuunt.

2037 4010 2237 4066 Barott.

2092 4092 2113 4118 ε
2134 4082 2377 4155 Negotia,
2398 4096 2518 4135 cum
2533 4080 2734 4155 Latin,
2755 4078 2934 4134 Chifll.
2950 4121 2963 4144 ,
2979 4077 3150 4135 Codd.
3169 4079 3328 4151 Reg.,
3348 4078 3635 4149 Sangerm.

2037 4164 2091 4209 et
2122 4153 2256 4210 Veii.
2285 4153 2457 4207 Antea
2481 4154 2717 4222 negotiis.

2114 4228 2130 4261 ί
2165 4226 2331 4280 Dixit.
2363 4224 2496 4278 Cod.
2533 4224 2666 4278 Ven.

2108 4305 2136 4332 υ
2171 4298 2503 4365 Semperque.
2536 4294 2766 4363 Papebr.

2109 4376 2136 4404 ν
2168 4368 2274 4422 Sed
2297 4361 2353 4421 in
2378 4361 2624 4421 omnibus
2642 4364 3127 4421 desiderantissime.
3151 4361 3331 4420 Chiﬂl.
3362 4361 3639 4419 Desidera—

2037 4440 2252 4494 tissime.
2282 4438 2517 4509 Papebr.

1927 4639 3625 4664 mm

1478 4812 2501 4930 APPENDIX.

410 5018 570 5101 DE
615 5013 1431 5102 PROFESSIONE
1475 5018 1789 5102 FIDEI
1831 5018 1927 5101 S.
1977 5016 2545 5103 LUCIFERI
2587 5017 2767 5103 ΕΡ.
2819 5008 3555 5102 CALARITANI.

340 5315 349 5381 ξ
420 5312 781 5368 Vetustissimi
815 5313 976 5382 hujus
1010 5312 1350 5381 Fragmenti,
1399 5312 1541 5383 quod
1587 5312 1675 5367 hic
1719 5311 1941 5382 snbjici-
1965 5312 2019 5373 D
2046 5313 2231 5379 Quare
2257 5282 2378 5368 cum
2407 5327 2504 5383 per
2534 5312 2744 5368 litteras
2780 5310 2928 5367 illius
2954 5300 3647 5383 exemplumpetissemus

343 5402 485 5454 mus,
514 5386 760 5439 notitiam
793 5384 1109 5454 excepimus
1141 5385 1316 5454 primo
1337 5400 1403 5438 ex
1436 5384 1617 5438 Diario
1640 5383 1827 5439 Italico
1853 5398 1942 5438 ce-

343 5457 619 5512 leberrimi
659 5456 759 5511 viri
806 5455 1066 5509 Bernardi
1111 5455 1522 5520 Montfauconii,
1552 5457 1639 5525 qui
1670 5456 1797 5508 illttd
1828 5471 1855 5507 a
1885 5470 1945 5509 se

344 5531 519 5583 visum
545 5527 834 5583 Mediolani
869 5528 921 5581 in
953 5526 1290 5580 Bibliotheca
1319 5525 1681 5581 Atubrosiana
1712 5535 1947 5581 testatur

346 5600 495 5655 hisce
536 5600 718 5654 verbis
748 5614 872 5671 pag.
908 5597 1009 5652 i9:
1038 5595 1214 5652 Codex
1250 5599 1414 5671 octavi
1442 5599 1618 5651 διενθυιὶ
1646 5597 1945 5671 Langobar-

345 5672 475 5725 diris
529 5673 713 5725 litteris
748 5668 909 5725 'habet
958 5672 1208 5739 quasdam
1255 5668 1607 5740 Chrysoswmi
1653 5668 1893 5723 hontilt'as
1926 5687 1945 5725 :

348 5744 596 5797 Eucherii
650 5743 1007 5814 Lugdunensis
1050 5742 1285 5814 qttwdmn
1315 5758 1331 5793 :
1363 5741 1749 5811 Confessionem
1794 5740 1946 5795 Fidei

349 5814 579 5887 Luciferi
606 5832 622 5869 :
649 5811 1197 5887 itet'uConfessionetn
1236 5813 1541 5887 Athanasii,
1576 5829 1697 5887 quia,
1731 5816 1946 5887 habetur

351 5874 688 5949 iitter'spuria
730 5874 935 5951 Vigilio'
970 5880 1218 5937 attribtim
1244 5899 1260 5935 :
1288 5885 1405 5937 item
1439 5874 1621 5937 Fidem
1664 5884 1940 5936 Ambrosii.

2054 5399 2084 5437 a
2104 5380 2551 5440 clarissimoviro
2575 5384 2921 5439 Baltbassare
2940 5380 3254 5438 Oltroccbio
3277 5380 3653 5436 Ambrosiam:

2053 5456 2405 5511 Bibliotheca:
2438 5455 2722 5520 Prwfecto,
2756 5456 2799 5509 is
2829 5457 3243 5525 perhumaniter
3278 5451 3360 5525 ad
3387 5466 3485 5506 nos
3516 5448 3654 5508 illud

2052 5528 2380 5595 transmisit,
2408 5537 2464 5582 et
2488 5544 2608 5598 qu:_e_
2634 5528 2701 5580 ad
2733 5522 3157 5598 dignosrendam
3187 5522 3394 5578 codicis
3417 5532 3653 5598 atatem

2052 5599 2109 5653 in
2142 5615 2250 5669 quo
2280 5593 2521 5654 Luciferi
2558 5596 2717 5652 Fides
2763 5593 3035 5669 descripta
3084 5606 3188 5669 est.
3222 5607 3334 5669 tum
3364 5593 3431 5648 ad
3475 5595 3651 5664 conji-

2052 5668 2308 5724 ciendum
2338 5672 2704 5739 genuinumne
2754 5668 2825 5723 sit
2865 5668 3037 5723 sancti
3070 5668 3320 5737 Episc0pi
3351 5680 3520 5739 opus,
3558 5682 3655 5721 ne-

2052 5744 2288 5796 cessaria
2318 5736 2475 5794 nobis
2502 5751 2680 5805 erant,
2711 5739 2852 5793 ultro
2873 5736 3316 5795 communicavit.
3340 5736 3525 5792 Codex
3552 5739 3656 5792 ita-

2051 5830 2155 5880 que
2185 5828 2215 5865 e
2244 5815 2575 5867 membranis
2617 5812 3206 5885 constat,.etrotundo
3235 5826 3308 5885 _ac
3349 5809 3657 5885 minusculo

2050 5885 2364 5938 charactere
2400 5886 2642 5938 Romano
2670 5881 2924 5939 etaratus
2948 5881 3054 5951 est,
3079 5882 3385 5951 litterisque
3411 5881 3551 5937 inter
3577 5896 3665 5932 se»
