4048 6350
288 244 357 304 ιθ
369 244 429 304 ιο
1744 261 1836 321 ΔΡ

1960 264 2115 325 IDIX.
3369 328 3376 336 .
3444 281 3583 344 £050

292 408 3563 470 .____.______________________________

353 562 443 619 Ea:
484 563 873 623 Membranaceo
917 568 1104 626 Codice
1155 572 1258 628 Ms.
1298 573 1633 636 Bibliotheca:
1660 580 1875 638 Ambro-
1900 588 1955 650 Α
2052 584 2134 641 Ex
2173 584 2302 642 Cod.
2346 584 2614 644 Canonum
2642 597 2691 645 et
2717 588 3129 647 Constitutorum
3170 592 3383 651 Sancte
3422 560 3589 652 Sedis.

277 658 443 716 siante
467 664 668 737 signato
697 666 752 734 1,
788 668 912 738 lOl,
943 670 997 724 in
1027 683 1175 743 parte
1199 675 1476 748 superiori.

784 921 1037 982 INCIPIT
1078 935 1104 964 ει
1142 925 1349 985 FIDES

369 1022 465 1106 S.
516 1024 1111 1127 LUCIFERI
1183 1032 1753 1120 EPISCOPI.

1979 679 2312 748 Apostolicae,
2366 682 2421 737 in
2464 692 2589 737 tom.
2636 684 2671 739 5
2717 683 2857 755 Opp.
2906 683 2976 742 ι).
3018 683 3207 743 Leonis
3253 687 3383 744 Ven.
3418 687 3570 745 Edit.

1970 789 2060 828 an.
2092 772 2250 841 1757,
2274 773 2375 828 col.
2403 774 2531 830 278.

2360 942 3168 1117 FAUSTIINIIBESSBYTERI

2324 1147 2490 1205 Missa
2535 1148 2827 1205 Theodosio
2873 1150 3206 1220 Imperatori.

2040 1315 2355 1374 Sul'ﬁciebat
2369 1315 2502 1372 ﬁdes
2517 1326 2541 1357 ε
2555 1317 2859 1386 conscripta
2875 1317 3138 1374 adversus
3156 1316 3406 1373 hazresim
3419 1317 3569 1377 Aria-

1967 1425 2114 1466 nam.
2146 1410 2253 1468 Sed
2282 1412 2405 1483 quia
2444 1425 2610 1482 pravo
2642 1411 2861 1481 ingenio
2888 1411 3106 1482 quidam
3136 1412 3239 1468 sub
3261 1411 3405 1467 illius
3436 1413 3559 1470 ﬁdei

1964 1502 2309 1560 confessione
2345 1504 2507 1575 impia
2556 1503 2721 1559 verba
2767 1499 3177 1570 commntantd,
3222 1502 3376 1559 nobis
3424 1503 3564 1560 invi-

1963 1597 2105 1654 diam
2147 1598 2425 1665 facientes,
2464 1598 2607 1669 quod
2646 1597 2797 1653 velut
2843 1597 3093 1654 haeresim
3143 1596 3369 1655 Sabellii
3413 1607 3592 1655 tuear

1961 1705 2110 1757 mur;
2144 1690 2327 1763 paucis
2354 1700 2408 1748 et
2435 1699 2622 1748 contra
2643 1689 2941 1747 Sabellium
2968 1690 3156 1761 primae
3185 1690 3309 1747 lidei
3338 1690 3556 1747 confes-

1954 1782 2109 1839 sione
2143 1792 2167 1820 ε
2197 1784 2502 1855 signamus;
2542 1794 2596 1840 et
2635 1792 2827 1841 contra
2876 1784 3008 1851 hos,
3054 1784 3147 1856 qui
3188 1784 3291 1841 sub
3339 1786 3559 1842 nomine

1954 1877 2237 1934 catholicae
2261 1878 2385 1934 ﬁdei
2413 1880 2577 1950 impia
2603 1878 2769 1934 verba
2806 1877 3125 1946 defendunt,
3158 1877 3407 1934 dicentes
3449 1886 3559 1934 tres

1833 2024 1851 2045 _
1953 1985 2077 2027 esse
2106 1970 2469 2038 substantias;
2502 1986 2624 2026 cum
2660 1985 2879 2042 semper
2911 1969 3180 2025 catholica
3222 1968 3360 2026 ﬁdes
3398 1983 3561 2027 unam

321 2240 433 2299 Nos
455 2243 669 2301 Patrem
691 2245 965 2303 credimus
984 2249 1075 2321 qui
1099 2264 1205 2306 non
1229 2252 1298 2308 sit
1318 2252 1510 2323 Filius,
1535 2253 1630 2311 sed
1654 2255 1851 2314 habeat

250 2336 450 2419 Filium
479 2338 548 2397 de
574 2336 600 2378 δ
630 2354 691 2397 se
728 2341 847 2399 sine
879 2344 1033 2398 initio
1065 2360 1171 2401 non
1203 2346 1267 2402 ad
1305 2362 1364 2403 se
1394 2328 1618 2406 iactum.
1656 2349 1723 2406 Et
1758 2350 1849 2407 Fi-

248 2430 384 2487 lium
414 2431 685 2488 credimus
715 2435 810 2507 qui
839 2451 945 2491 non
977 2438 1048 2492 sit
1075 2436 1256 2505 Pater,
1287 2439 1383 2496 sed
1409 2442 1603 2497 habeat
1635 2443 1847 2501 Patrem

246 2522 317 2579 de
347 2538 454 2595 quo
480 2524 553 2581 sit
579 2528 815 2595 genitus,
848 2544 953 2585 non
984 2530 1172 2586 factus.
1209 2533 1277 2588 Et
1307 2533 1568 2604 Spiritum
1598 2548 1845 2594 sanctum

245 2616 526 2671 credimus
550 2618 640 2689 qui
663 2618 733 2674 sit
759 2635 887 2676 vere
908 2622 1134 2692 spiritus
1162 2623 1254 2679 Dei
1281 2640 1294 2677 :
1327 2625 1471 2683 unde
1494 2626 1703 2685 Divina:
1726 2629 1848 2686 Tri-

246 2709 436 2766 nitatis
466 2727 625 2767 unam
652 2714 1007 2770 substantiam
1036 2716 1383 2785 conﬁtemur,
1415 2721 1536 2791 quia
1564 2722 1737 2793 qualis
1761 2733 1847 2779 est

245 2802 411 2858 Pater
439 2805 735 2861 secundum
764 2807 1120 2864 substantiam
1143 2852 1157 2876 ,
1186 2811 1349 2866 talem
1388 2815 1576 2883 genuit
1621 2814 1837 2871 Filium.

245 2893 317 2951 Et
336 2896 571 2966 Spiritus
600 2911 822 2956 sanctus
847 2916 955 2958 non
982 2912 1233 2959 creatura
1260 2907 1529 2974 existens,
1558 2909 1657 2965 sed
1683 2910 1843 2981 spiri-

244 2996 335 3043 tus
377 2989 494 3056 Dei,
537 3006 644 3047 non
684 3004 767 3049 est
788 2995 998 3051 alienus
1025 3012 1054 3051 a
1082 2997 1381 3055 substantia
1406 3001 1585 3058 Patris
1612 3012 1667 3059 et
1694 3004 1840 3073 Filii,

243 3080 340 3137 sed
382 3094 465 3139 est
495 3084 610 3155 ipse
640 3084 883 3155 ejusdem
919 3090 1237 3147 substantiae
1266 3107 1387 3149 cum
1426 3093 1584 3153 Patre
1619 3105 1674 3152 et
1703 3095 1841 3154 Filio

243 3173 402 3230 sicuti
429 3175 671 3249 ejusdem
700 3179 948 3238 Deitatis.
982 3184 1232 3257 Explicit.

280 4302 497 4383 ’f-Htec
524 4304 714 4383 verba,
754 4306 953 4383 Incipit
979 4308 1141 4383 Fides
1175 4307 1238 4365 S.
1271 4307 1503 4381 Lucifer:
1553 4307 1825 4383 Episcopi.

229 4374 400 4448 minio
425 4375 637 4448 depicta
670 4388 800 4435 sunt
831 4374 887 4436 in
915 4381 1139 4436 Codice.

227 4518 253 4574 Ι
288 4446 328 4572 ιζ’
368 4448 444 4503 De
486 4446 637 4505 liisce
682 4450 1048 4508 locutiouibus
1086 4452 1220 4509 satis
1251 4451 1458 4508 dictum
1487 4462 1572 4509 est
1602 4452 1655 4508 in
1692 4468 1829 4522 prte-

250 4534 279 4574 a
311 4535 376 4576 IS.

304 4561 424 4664 c“lii
452 4601 537 4664 est
554 4592 792 4651 Nicaeus.
828 4593 1251 4652 Escnsationem
1277 4597 1583 4664 praemittit,
1616 4614 1713 4655 cur
1738 4613 1831 4655 no-

225 4676 350 4717 vam
378 4662 529 4719 Fidei
557 4664 871 4723 Formulam
902 4667 1028 4722 edat
1052 4676 1241 4723 contra
1268 4662 1699 4724 Alexandrinum
1730 4671 1831 4727 de-

1952 2062 2313 2118 substantiam
2360 2062 2537 2119 Patris
2585 2070 2641 2119 et
2683 2061 2807 2119 Filii
2853 2072 2907 2119 et
2945 2062 3183 2135 Spiritus
3213 2062 3387 2120 sancti
3429 2077 3562 2119 con-

1881 2155 1930 2216 B
1956 2155 2098 2212 fessa
2126 2155 2216 2210 sit.

2028 2248 2135 2305 Nos
2179 2248 2396 2305 Patrem
2437 2248 2735 2315 credimus,
2786 2249 2877 2320 qui
2914 2247 2933 2288 ῐ
2968 2263 3074 2305 non
3120 2249 3190 2305 sit
3234 2248 3424 2315 Filius,
3459 2250 3554 2307 sed

1953 2342 2150 2399 habeat
2175 2342 2370 2398 Filium
2396 2342 2466 2399 de
2488 2358 2545 2398 se
2572 2343 2691 2399 sine
2722 2342 2875 2397 initio
2896 2343 3159 2413 genitum,
3185 2357 3291 2399 non
3323 2342 3556 2399 factum:

1950 2444 2006 2493 et
2031 2433 2227 2492 Filium
2257 2435 2553 2503 credimus,
2600 2436 2689 2504 qui
2738 2450 2847 2491 non
2890 2436 2961 2492 sit
3001 2436 3184 2503 Pater,
3227 2435 3323 2492 sed
3356 2435 3557 2493 habeat

1950 2529 2190 2597 Patrem,
2220 2530 2287 2587 de
2317 2547 2423 2602 quo
2449 2532 2519 2585 sit
2547 2532 2785 2601 genitus,
2822 2545 2928 2586 non
2959 2532 3171 2586 fartus:
3201 2541 3254 2586 et
3294 2530 3552 2601 Spiritum

1948 2635 2197 2680 sanctum
2221 2624 2518 2689 credimus,
2542 2625 2629 2692 qui
2664 2625 2736 2679 sit
2766 2639 2893 2679 vere
2916 2623 3152 2695 Spiritus
3176 2623 3292 2679 Dei.
3324 2622 3476 2680 Unde
3504 2633 3559 2681 et

1948 2714 2147 2771 divina:
2186 2714 2474 2771 Trinitatis
2521 2731 2681 2770 unam
2723 2725 2748 2762 ε
2789 2714 3147 2770 substantiam
3187 2714 3554 2771 conﬁtemur:

1946 2812 2071 2883 quia
2115 2812 2291 2883 qualis
2332 2820 2416 2867 est
2447 2811 2607 2866 Pater
2637 2810 2937 2865 secundum
2970 2809 3353 2876 substantiam,
3387 2809 3551 2865 talem

1945 2910 2130 2981 genuit
2160 2918 2215 2965 et
2241 2908 2438 2964 Filium
2467 2927 2481 2962 :
2514 2919 2567 2964 et
2607 2909 2842 2978 Spiritus
2886 2918 3107 2964 sanctus
3151 2924 3259 2964 non
3303 2917 3552 2965 creatura

1943 3002 2208 3065 existens,
2236 3002 2332 3056 sed
2364 3000 2601 3071 Spiritus
2632 3001 2749 3067 Dei,
2786 3016 2893 3055 non
2926 2998 2954 3038 ιι
2985 3012 3069 3056 est
3109 2999 3322 3057 alienus
3352 3016 3379 3053 a
3421 2999 3552 3055 sub-

1943 3098 2143 3152 stantia
2171 3096 2349 3152 Patris
2374 3105 2429 3153 et
2455 3096 2609 3162 Filii;
2642 3095 2737 3151 sed
2777 3104 2865 3151 est
2904 3095 3149 3164 ejusdem
3186 3103 3243 3150 et
3270 3096 3386 3164 ipse
3420 3094 3550 3150 sub-

1943 3187 2162 3243 stantite
2189 3202 2313 3243 cum
2343 3186 2507 3242 Patre
2536 3196 2586 3241 et
2619 3185 2786 3252 Filio,
2825 3186 2966 3241 sicut
3005 3185 3254 3254 ejusdem
3298 3184 3547 3239 Deitatis.

2012 3279 2145 3336 Nam
2185 3279 2275 3351 qui
2315 3294 2414 3335 nos
2447 3288 2640 3349 putant
2683 3293 2807 3335 esse
2839 3277 2854 3314 ί
2891 3276 3330 3348 Apollinaristas,
3373 3274 3547 3330 sciant

1939 3375 2085 3448 quod
2129 3389 2238 3431 non
2288 3375 2468 3431 minus
2509 3372 2840 3444 Apollinaris
2882 3371 3130 3427 hmresim
3172 3384 3545 3434 exsecramur,

1938 3487 2100 3544 quam
2146 3472 2423 3528 Arianam.
2450 3471 2711 3527 Miramur
2734 3478 2916 3525 autem
2949 3468 3069 3522 illos
3097 3465 3395 3524 catholicos
3423 3481 3548 3536 pro.

1862 3552 1908 3616 C
1939 3567 2055 3624 bari
2081 3581 2263 3637 posse,
2286 3565 2381 3637 qui
2408 3565 2603 3632 Patris,
2626 3574 2679 3620 et
2711 3563 2854 3631 Filii,
2877 3572 2931 3619 et
2958 3562 3196 3629 Spiritus
3225 3560 3399 3615 sancti
3434 3569 3547 3615 tres

1940 3660 2271 3716 substantias
2296 3658 2642 3714 conﬁtentur.
2672 3656 2778 3713 Sed
2808 3664 2864 3711 et
2893 3656 2937 3711 si
2969 3655 3158 3709 dicunt
3200 3668 3308 3709 non
3339 3668 3399 3709 se
3429 3667 3545 3708 cre-

1935 3757 2068 3814 dere
2106 3756 2301 3812 Filium
2344 3756 2462 3817 Dei.
2495 3765 2591 3810 aut
2630 3755 2892 3827 Spiritum
2923 3762 3171 3808 sanctum
3201 3759 3541 3815 creaturam;

1936 3861 2118 3906 tamen
2149 3857 2337 3905 contra
2371 3849 2384 3899 l
2424 3848 2644 3919 impiam
2690 3845 2852 3901 ﬁdem
2894 3846 3159 3908 sentiunt,
3195 3859 3318 3899 cum
3363 3843 3548 3898 dicant

1935 3953 2049 4000 tres
2078 3959 2200 4000 esse
2226 3943 2556 4000 substantias
2581 3959 2595 3996 :
2619 3955 2966 4012 consequens
2994 3947 3079 3995 est
3115 3939 3283 4005 enim,
3325 3945 3385 3993 ut
3434 3946 3544 3993 tres

1933 4036 2077 4093 Deos
2106 4036 2491 4102 conﬁteantur,
2525 4036 2614 4106 qui
2655 4045 2769 4090 tres
2810 4032 3145 4089 substantias
3191 4031 3537 4088 conﬁtentur.

1929 4130 2101 4199 Quam
2135 4145 2321 4187 vocem
2352 4144 2571 4201 semper
2600 4128 2854 4185 catholici
2884 4126 3152 4183 exsecrati
3179 4133 3325 4180 sunt.

2012 4309 2031 4349 ί
2073 4310 2367 4366 Personam
2405 4312 2585 4367 Patris
2615 4326 2644 4364 a
2679 4323 2907 4379 persona
2953 4307 3079 4379 Filii,
3114 4314 3304 4376 aperte
3344 4305 3540 4379 distin-

1933 4382 2077 4450 guit.
2132 4394 2189 4436 nt
2238 4383 2550 4438 Sabelliano
2587 4377 2759 4437 errori
2801 4378 3083 4434 adversari
3127 4394 3188 4434 se
3238 4377 3533 4450 ostendat:

1935 4449 2076 4509 unde
2104 4454 2364 4522 conjicias
2395 4451 2585 4507 Fidem
2616 4453 2754 4507 hanc
2791 4453 2969 4520 potius
3000 4464 3056 4505 ut
3098 4451 3245 4505 illam
3286 4449 3536 4504 hazresim

1934 4524 2180 4587 damnet,
2210 4541 2371 4591 quam
2403 4536 2459 4579 ut
2488 4527 2770 4587 Arianam,
2799 4522 3056 4592 scriptam
3090 4522 3278 4577 fuisse.

2007 4605 2033 4644 8
2076 4598 2438 4653 Substantiam
2473 4614 2627 4652 unam
2658 4595 2810 4661 dicit,
2853 4591 2960 4649 non
2990 4594 3279 4659 ininuant
3306 4591 3539 4648 catholi-

1932 4683 2056 4723 cum
2078 4668 2271 4735 degma
2295 4667 2630 4738 proﬁteatur,
2647 4682 2809 4738 quam
2835 4675 2893 4721 ut
2913 4666 3062 4721 vocis
3083 4665 3535 4736 signiﬁcationem

223 4738 657 4810 cretnm;_quod
706 4754 860 4795 usum
912 4739 1215 4810 praesertim
1268 4740 1432 4794 trium
1481 4741 1829 4799 ύποστάσιων

1960 4730 2526 4808 ingerat-adversariis.

222 4813 436 4889 spectat
482 4807 633 4865 hisce
686 4810 867 4889 verbis
904 4807 925 4865 ε’
966 4827 1095 4881 quos
1120 4810 1374 4889 enim_,__id
1411 4821 1536 4889 est,_
1565 4813 1656 4882 qui
1702 4830 1825 4889 cum

221 4878 447 4956 Arianis
481 4878 1035 4949 communicaverant,
1067 4883 1307 4956 nonnulli
1333 4878 1659 4956 incusabant,
1689 4886 1828 4956 quod

223 4950 671 5027 tresftypostases
711 4956 1060 5027 afﬁrmarent,
1101 4971 1221 5010 cum
1258 4954 1555 5020 huiusmodi
1595 4950 1743 5012 voces
1774 4959 1828 5011 in

224 5020 507 5097 Scriptura
545 5040 651 5079 non
683 5020 1042 5097 reperiantur,
1078 5042 1141 5080 ac
1176 5027 1396 5097 proinde
1426 5038 1681 5096 suspecta:
1718 5044 1828 5082 esse

220 5093 442 5163 possint,
480 5105 716 5170 auctores
743 5093 950 5169 'fuimus
978 5113 1139 5170 neque
1166 5093 1222 5153 id
1248 5097 1478 5169 amplius
1502 5093 1689 5170 praeter
1722 5098 1773 5153 Ν
1780 5102 1827 5155 i-

220 5178 420 5239 ctenam
448 5168 827 5239 confessionem
855 5168 1145 5239 inquirant.

293 5232 321 5272 ά
360 5232 885 5297 ϐοόθίτιιιιθηθηε.
914 5232 1151 5298 miscent.

296 5316 322 5345 ο
364 5306 527 5366 Forte
551 5312 950 5382 confessionem.
1254 5319 1265 5325 ”

2006 4810 2035 4883 ξι
2075 4811 2202 4883 Haec
2227 4828 2300 4867 ex
2326 4810 2598 4883 Synodica
2630 4808 2999 4883 Alexandrina
3030 4807 3141 4883 fere
3163 4808 3331 4883 verbo
3355 4818 3533 4883 tenus.

2012 4881 2029 4956 ξ
2078 4882 2153 4939 De
2188 4880 2523 4956 Apollinaris
2558 4883 2778 4951 haeresi,
2810 4892 2865 4938 et
2902 4882 2970 4938 de
3004 4881 3166 4939 tribus
3206 4880 3531 4944 substantiis,

1931 4953 2058 5011 vide
2086 4971 2206 5026 qua:
2237 4953 2448 5025 praefati
2474 4970 2684 5010 sumus.

2007 5028 2021 5077 i
2073 5021 2185 5083 Nisi
2209 5021 2467 5083 mendum
2490 5027 2631 5083 inest
2650 5027 2865 5097 utrique
2887 5024 3111 5083 editioni
3137 5032 3248 5078 tum
3272 5021 3535 5091 Quesnel-

1931 5099 2089 5155 lianae
2127 5109 2239 5155 tum
2274 5098 2520 5163 Venetae,
2560 5109 2617 5154 et
2660 5098 2947 5170 legendum
2992 5097 3064 5151 sit
3109 5097 3301 5164 ipsam,
3335 5108 3537 5170 sensus

1929 5172 2056 5234 erit.
2087 5181 2258 5227 tamen
2281 5188 2307 5227 ε
2327 5173 2589 5227 cauti-ario
2619 5166 2831 5241 impiam
2860 5168 3015 5239 ﬁdem
3044 5178 3350 5239 sequuntur,
3378 5166 3535 5239 impie

1928 5243 2175 5300 sentiunt.
