4048 6350
209 354 349 422 ωδε

1640 362 1980 424 EPiS‘l‘OLA
2018 366 2060 423 1.

3362 360 3506 426 ιοξι

208 492 368 551 atque
414 478 684 552 originem
714 476 1028 552 principalis
1076 478 1338 536 Ecclesia
1371 494 1477 535 non
1516 479 1747 535 tenebas
1782 498 1796 533 :
1836 484 1875 543 Α
1909 478 2001 537 tibi
2028 480 2175 554 quod
2200 493 2318 539 erat
2338 483 2620 555 optimum,
2646 499 2806 539 nemo
2840 485 3130 555 pct'Suasil.
3163 483 3297 555 Nam
3327 494 3384 541 et
3400 484 3507 543 ito-

208 587 283 642 te,
308 584 375 631 ut
396 588 515 648 qua:
544 588 706 632 enisa
728 573 1070 647 potissimqu
1092 574 1163 630 de
1179 573 1391 630 unitate
1417 577 1666 647 corporis
1692 582 1798 631 no-

206 669 304 726 stri
324 669 599 736 solvisset,
628 671 904 741 aperires:
930 668 1126 724 nudari
1144 667 1292 725 enim
1306 683 1402 725 eas
1430 679 1616 741 partes
1637 682 1804 741 opor—

208 772 281 821 tet
307 762 507 836 quibus
535 760 807 817 medicina
839 761 1177 835 deposcitur.
1220 759 1379 817 Nune
1399 756 1608 830 clauso,
1640 754 1699 817 ut
1724 762 1803 817 ita

206 855 464 924 dixerim,
490 854 798 912 litterarum
820 855 965 923 sino,
989 869 1110 929 quae
1137 853 1379 912 membra
1400 854 1558 911 nobis
1581 850 1804 926 potissi-

208 965 354 1007 mum
383 948 625 1006 curanda
665 949 779 1006 sint
804 961 915 1004 non
946 947 1216 1004 videmus.
1253 944 1449 1004 Tantm
1474 948 1621 1004 enim
1655 963 1685 1003 a
1708 957 1801 1003 ca—

209 1046 323 1116 pite
370 1044 673 1101 christiano
712 1045 957 1100 hareses
1004 1042 1356 1110 exstiterunt,
1415 1050 1476 1098 ut
1519 1043 1804 1099 nominum

210 1140 455 1211 ipsorum
486 1137 559 1193 sit
587 1138 843 1193 volumen
867 1137 1214 1193 immensum.
1243 1137 1377 1193 Nam
1409 1145 1467 1193 ut
1490 1135 1805 1193 Judmorum

210 1229 496 1286 hereticos
542 1228 979 1300 prmtermittam,
1012 1228 1328 1284 Dosltlteum
1359 1226 1763 1284 Samaritanum
1789 1268 1804 1293 ,

211 1324 541 1381 Saddncteoa
562 1333 615 1379 et
640 1322 947 1379 Phariszeos
984 1339 997 1375 :
1028 1322 1216 1394 quanti
1263 1322 1634 1394 apostolorum
1667 1331 1808 1377 tem-

210 1419 437 1492 poribus
462 1418 811 1485 emerserint,
843 1417 1194 1474 dinumerare
1221 1416 1539 1489 perlongum
1564 1425 1648 1473 est
1680 1432 1693 1470 :
1719 1414 1807 1473 Si—

1900 572 1987 633 die
2026 578 2080 633 in
2113 585 2383 649 potestate
2406 587 2494 632 tua
2526 587 2610 634 est
2638 587 2695 633 ut
2734 588 2917 643 nostra
2940 577 3107 633 etiam
3139 578 3339 655 scripta
3370 592 3507 637 con-

1904 680 2136 738 temnas,
2161 670 2205 727 si
2246 684 2306 726 ea
2338 670 2509 726 mavis
2539 671 2759 735 vincere
2803 684 2967 751 quam
2993 670 3263 742 'probare.
3326 669 3504 739 Crete—

1904 777 2021 818 rum
2050 773 2105 818 et
2132 762 2236 843 ipsi
2268 761 2500 818 Domino
2522 770 2575 817 et
2605 762 2869 836 apostolis
2913 761 3032 834 ejus
3071 763 3296 841 plurimi
3349 763 3511 820 resti-

1903 864 2122 922 terunt;
2170 869 2274 912 nec
2292 855 2610 928 persuaderi
2645 858 2844 913 veritas
2866 858 3117 929 cuiquam
3152 858 3345 928 potuit,
3400 857 3505 914 nisi

1904 950 1953 1007 ei
1983 948 2204 1021 propria
2226 950 2487 1023 religione
2508 952 2803 1007 consensit.
2829 949 3040 1024 itaque,
3064 949 3311 1019 domine,
3334 959 3389 1013 et
3410 967 3512 1009 nos

1907 1058 2013 1098 non
2066 1058 2129 1099 ea
2181 1042 2371 1099 liducla
2416 1045 2773 1116 scripsimus,
2832 1060 2939 1117 qua
3009 1046 3336 1127 repugnanti
3406 1047 3507 1103 ali-

1905 1137 2033 1209 quid
2067 1136 2394 1205 persuadere
2425 1138 2737 1209 possimus;
2796 1138 2890 1194 sed
2920 1153 2981 1193 ea
3015 1138 3119 1195 lide
3161 1153 3265 1213 qua
3297 1138 3505 1195 volenti

1906 1229 2065 1285 bona:
2089 1232 2235 1299 pacis
2261 1230 2463 1285 aditum
2495 1246 2602 1285 non
2632 1245 2926 1301 negemus;
2958 1246 3078 1300 qua:
3108 1230 3153 1286 si
3191 1230 3376 1286 animo
3405 1239 3501 1288 tuo

1908 1328 1960 1378 et
1982 1322 2133 1378 cordi
2166 1332 2270 1390 est,
2295 1322 2363 1378 de
2383 1320 2665 1379 Catholico
2690 1322 2911 1379 nomine
2939 1323 3146 1379 nullum
3184 1322 3351 1380 habet
3378 1336 3504 1393 esse

1906 1417 2200 1473 luctamen.
2231 1416 2289 1475 Si
2322 1418 2466 1473 enim
2496 1433 2590 1495 per
2616 1417 2788 1474 Deum
2818 1416 2874 1472 id
2902 1418 3141 1495 p0puius
3170 1425 3357 1473 noster
3388 1417 3510 1472 adi-

212 1526 339 1569 tuon
370 1524 583 1587 magna.
625 1518 681 1567 et
728 1509 1048 1587 Menander,
1104 1518 1158 1566 et
1180 1507 1460 1577 Nicolaus,
1507 1518 1561 1565 et
1612 1508 1801 1564 czrterl
1911 1512 2171 1584 plscitur;
2207 1527 2305 1568 nec
2332 1511 2772 1583 interrogandum
2794 1521 2895 1577 est,
2939 1511 3281 1582 prmcedente
3311 1520 3508 1569 aucto-

208 1618 345 1693 q’nos
380 1602 527 1662 iama
559 1603 807 1662 recondit
851 1604 1105 1661 obseura.
1176 1602 1318 1673 Quid
1352 1608 1379 1641 ι
1411 1604 1808 1675 posterioribus
1912 1600 2074 1661 ritate
2102 1604 2283 1661 divina
2330 1626 2343 1663 :
2375 1606 2419 1660 si
2453 1621 2549 1677 per
2580 1605 2888 1673 hominem;
2923 1604 3139 1675 quando
3167 1614 3513 1693 usurpatum,

207 1699 537 1777 temporibus
562 1697 760 1762 Ebion,
791 1705 845 1753 et
893 1696 1137 1768 Apelles,
1168 1707 1224 1753 et
1245 1696 1507 1765 Marcion,
1536 1709 1589 1753 et
1616 1695 1809 1752 Valen-
1912 1695 2294 1769 detegendum.
2325 1697 2475 1754 Tunc
2502 1698 2546 1754 si
2568 1697 2772 1754 bonum
2814 1712 3009 1753 nomen
3044 1706 3123 1754 est
3148 1740 3163 1771 ,
3188 1692 3293 1769 non
3322 1697 3517 1772 recipit

205 1792 351 1848 tinus
379 1801 433 1847 et
452 1789 667 1847 Cerdon
700 1808 713 1844 :
744 1805 847 1848 nec
870 1789 1033 1862 longe
1060 1798 1181 1861 post
1211 1806 1328 1857 eos,
1352 1788 1726 1873 Cataphryges
1755 1796 1811 1847 et
1912 1791 2097 1847 odium
2133 1808 2146 1844 :
2175 1792 2224 1848 si
2249 1791 2475 1858 malum,
2503 1800 2654 1847 caret
2681 1790 2902 1846 invidia.

206 1883 506 1949 Nontianl,
532 1892 592 1938 ut
614 1880 861 1938 examina
890 1880 1104 1939 novella
1129 1882 1488 1954 praeteream?
1516 1881 1650 1954 Quis
1675 1892 1808 1959 ergo
1841 1879 1888 1942 B
1987 1882 2074 1940 lii.
2102 1883 2433 1938 Novatianos
2454 1882 2617 1940 audio
2643 1882 2710 1938 de
2738 1880 2947 1938 Novato
2973 1890 3067 1937 aut
3088 1881 3392 1938 Novatiano
3415 1897 3519 1963 vo-j

208 1976 336 2036 mihi
357 1978 589 2049 primum
606 1991 702 2046 per
716 1976 925 2032 litteras
942 1973 1258 2032 reibtandus
1276 1976 1393 2031 est?
1419 1964 1560 2048 ipsa.
1576 1976 1622 2031 si
1637 1976 1810 2055 voles,

208 2072 423 2127 nomina
447 2069 687 2125 omnium
707 2068 893 2141 charta
916 2082 1021 2124 non
1052 2069 1229 2138 capiet
1261 2088 1274 2125 :
1301 2071 1401 2139 nisi
1421 2068 1564 2142 quod
1592 2069 1812 2147 scriptis

209 2166 352 2232 tuis,
402 2162 784 2236 pmnitcntiam
834 2176 1229 2235 usquequaque
1258 2164 1669 2230 damnantibus,
1722 2178 1812 2219 se-

210 2258 447 2315 cundum
478 2257 728 2331 Phrygas
766 2267 820 2315 te
861 2259 1169 2315 assensiSsc
1216 2254 1541 2333 pronuntias
1567 2278 1580 2314 :
1610 2258 1809 2315 Verum

209 2354 293 2409 his
314 2354 478 2425 ipsis,
501 2350 723 2409 domine
754 2352 1098 2420 charissime,
1128 2363 1235 2409 tam
1259 2353 1543 2427 multiplex
1562 2354 1814 2411 etdiver-

209 2461 307 2502 sus
328 2456 413 2502 est
434 2456 611 2512 error,
654 2454 711 2501 et
732 2460 843 2502 non
870 2446 973 2501 hoc
1006 2462 1171 2503 unum
1198 2448 1253 2503 in
1285 2448 1396 2503 illis
1423 2446 1566 2520 quod
1621 2457 1811 2505 contra

210 2538 588 2609 penitentiam
608 2538 847 2611 sapiunt,
875 2538 970 2596 sed
1003 2539 1157 2612 quasi
1188 2539 1431 2613 quaedam
1472 2543 1650 2612 capita
1668 2539 1814 2597 Ler-

214 2648 334 2690 n:ea
367 2632 624 2688 credenda
654 2626 787 2709 sint.
1210 2624 1215 2629 ’
1384 2690 1389 2695 ,

286 2723 350 2780 li.
386 2723 457 2780 Et
488 2724 721 2805 primum
762 2725 815 2781 hl
872 2725 1121 2803 plurimis
1172 2726 1420 2784 nituntur
1445 2727 1763 2784 auctoribus
1794 2744 1806 2783 :

162 2866 169 2871 .
213 2832 339 2873 nam
371 2825 521 2888 puto,
554 2827 606 2873 et
643 2816 867 2875 (irarcus
888 2817 1106 2877 Dlastus
1135 2820 1375 2895 ipsorum
1395 2829 1480 2876 est
1512 2839 1524 2876 :
1553 2820 1813 2877 Theodo-

212 2922 300 2965 tus
325 2925 543 2995 quoqne
568 2919 622 2965 et
652 2911 909 2981 Praxeas,
944 2920 1154 2968 vestros
1194 2912 1489 2995 aliquando
1517 2913 1757 2983 docuere
1784 2932 1797 2967 :

215 3007 316 3076 ipsi
341 3007 415 3061 illi
448 3006 689 3079 Phryges
714 3007 1011 3065 nobiliores
1041 3011 1129 3093 qui
1161 3024 1219 3064 se
1245 3011 1517 3066 animatos
1540 3010 1813 3065 mentiun-

216 3109 305 3152 tur
359 3114 387 3151 a
437 3099 659 3166 Leucio,
704 3116 765 3157 se
795 3101 1072 3157 institutos
1110 3117 1139 3157 a
1182 3102 1412 3156 Proculo
1466 3101 1810 3177 gloriantur:

215 3191 529 3247 Montanum
555 3201 610 3249 et
638 3193 990 3250 Maximiliam
1022 3202 1074 3251 et
1100 3194 1402 3252 Priscillam
1430 3194 1622 3261 secuti,
1647 3209 1808 3266 quam

1914 1980 2027 2035 cari
2058 1997 2070 2031 :
2104 1991 2306 2035 sectam
2339 1989 2517 2034 tamen
2550 1979 2601 2033 in
2632 1976 2739 2044 his,
2774 1992 2881 2032 non
2912 1992 3110 2032 nomen
3136 1991 3338 2032 accuso
3366 1994 3380 2029 :
3412 1991 3516 2034 nec

1915 2072 2172 2129 Montano
2220 2072 2421 2143 aliquis
2450 2083 2540 2127 aut
2568 2068 2877 2150 Phrygibus
2906 2087 3105 2127 nomen
3137 2070 3362 2141 obiecit.
3408 2070 3519 2137 Sed

1914 2164 2019 2219 sub
2042 2164 2323 2234 apostolis,
2358 2164 2592 2235 lnquies,
2633 2179 2796 2219 nemo
2841 2162 3158 2220 Catholicus
3187 2164 3511 2222 vocabatur.

1916 2259 2073 2325 Esto,
2103 2260 2182 2316 sic
2214 2258 2399 2326 fuerit,
2423 2260 2509 2317 vel
2542 2259 2671 2315 illud
2704 2259 2946 2332 indulge.
2979 2261 3115 2316 Cum
3147 2269 3269 2331 post
3290 2270 3516 2336 aposto-

1915 2351 1998 2408 los
2028 2353 2271 2409 haereses
2302 2353 2668 2420 exstitissent,
2709 2340 3052 2424 diversisque
3082 2351 3393 2413 nominibus
3413 2367 3515 2421 cp-

1913 2446 2154 2501 lumbam
2184 2446 2279 2501 Dei
2314 2440 2477 2517 atque
2507 2446 2753 2519 reginam
2789 2445 3031 2502 lacerare
3078 2459 3177 2515 per
3235 2454 3419 2516 partes
3461 2450 3519 2500 et

1914 2540 2168 2599 scindere
2193 2540 2504 2598 niterentur
2541 2557 2556 2594 :
2605 2555 2786 2596 nonne
2833 2554 3137 2611 cognomen
3165 2553 3324 2593 suum
3364 2538 3518 2613 plebs

1914 2637 2215 2709 apostolica
2243 2637 2574 2708 postulabat,
2602 2651 2709 2713 quo
2758 2634 3063 2705 incorrupti
3107 2632 3297 2705 p0puii
3326 2632 3521 2689 distin-

1913 2741 2107 2806 gueret
2136 2734 2427 2799 unitatem,
2458 2746 2527 2787 ne
2556 2730 2939 2793 intemeratam
2975 2729 3066 2784 Dei
3110 2728 3377 2800 virginem
3429 2742 3518 2782 er-

1915 2843 2005 2883 ror
2033 2828 2339 2898 aliquorum
2374 2841 2471 2896 per
2497 2825 2742 2881 membra
2772 2823 3039 2880 laceraret
3061 2822 3084 2877 i
3104 2822 3300 2881 Nonne
3328 2820 3518 2899 appel-

1916 2920 2118 2976 latione
2145 2921 2367 2990 propria
2398 2918 2582 2974 decuit
2605 2926 2768 2988 caput
2795 2916 3097 2991 principale
3116 2913 3370 2995 signari?
3401 2913 3521 2991 Ego

1915 3013 2056 3067 forte
2085 3013 2365 3087 ingressus
2391 3012 2712 3081 populosam
2766 3011 2957 3075 urbem
2990 3009 3175 3076 hodie,
3222 3025 3345 3067 cum
3376 3005 3519 3065 Mar-

1915 3105 2173 3170 cionitas,
2206 3119 2329 3160 cum
2376 3103 2839 3176 Apollinariacos,
2890 3102 3292 3177 Cataphrygas,
3339 3097 3517 3154 Νόη-

1913 3197 2097 3252 tianos
2124 3198 2176 3252 ei
2201 3193 2719 3267 catterosﬂusmodi
2740 3194 3155 3264 comperissem,
3179 3191 3272 3261 qui
3296 3206 3355 3245 se
3372 3189 3521 3246 chri-
3564 3260 3579 3275 ο

215 3286 542 3356 multiplices
566 3288 972 3344 controversias
1000 3290 1302 3345 excitarunt
1326 3288 1394 3345 de
1417 3288 1666 3346 Paschali
1695 3289 1807 3353 die,
1839 3281 1885 3346 C
1915 3290 2125 3345 stianos
2159 3295 2424 3344 vocarent
2455 3306 2468 3341 :
2503 3303 2613 3358 quo
2660 3288 2987 3361 cognomine
3030 3285 3525 3357 congregationem

214 3382 285 3435 de
308 3381 615 3448 Paracieto,
644 3381 713 3437 de
750 3380 1033 3459 apostolis,
1058 3382 1127 3439 de
1160 3383 1442 3454 prophetis
1469 3398 1483 3438 :
1538 3382 1815 3454 multaque

215 3474 343 3538 alia,
373 3475 515 3528 sicut
540 3483 591 3529 et
613 3474 717 3529 hoc
732 3474 800 3531 de
824 3473 1105 3531 Catholico
1146 3477 1383 3540 nomine,
1409 3474 1479 3530 de
1508 3475 1663 3529 venia
1698 3489 1814 3545 pm-

218 3573 485 3629 uitentiae.
515 3574 695 3642 Quare
722 3575 765 3629 si
798 3574 979 3629 omnia
1009 3575 1107 3629 ista
1139 3572 1411 3628 discutere
1436 3572 1684 3637 velimus,
1712 3569 1812 3625 do-

213 3667 306 3722 cili
339 3668 625 3737 przesentia
655 3682 794 3741 opus
818 3679 899 3724 est
944 3685 956 3722 :
987 3667 1031 3722 si
1056 3667 1177 3723 haec
1196 3667 1307 3722 sola
1336 3681 1456 3738 qua:
1486 3665 1679 3720 scribis
1707 3676 1812 3719 non

214 3762 351 3819 tIllS
400 3761 725 3817 instruerem
747 3803 761 3827 ,
805 3766 985 3816 tamen
1013 3762 1139 3831 quia
1171 3776 1392 3833 quoquo
1432 3760 1597 3815 modo
1627 3758 1807 3814 admi-

218 3842 464 3911 rantibus
485 3854 829 3911 serviendqu
862 3863 966 3921 est,
1000 3852 1327 3909 informandi
1354 3854 1425 3909 tui
1446 3851 1639 3923 gratia.
1664 3865 1815 3905 sum-

217 3947 405 4002 matim
433 3947 501 4003 ad
540 3962 603 4003 ea
642 3946 711 4003 de
740 3946 938 4018 quibus
968 3947 1210 4003 scribere
1244 3945 1498 4018 dignatus
1534 3959 1596 4001 es
1625 3942 1816 4000 conlo-

215 4043 457 4112 quimur.
486 4040 541 4098 Si
568 4041 695 4113 quid
727 4043 871 4099 scire
904 4041 1117 4114 plenius
1147 4042 1215 4098 de
1246 4050 1434 4098 nostro
1462 4043 1635 4108 voles,
1663 4055 1821 4114 opor.

223 4145 304 4190 tet
331 4144 388 4190 ut
433 4135 501 4191 de
544 4132 638 4191 tuo
686 4135 974 4208 prolitearc
1021 4134 1355 4206 simplicius;
1413 4149 1480 4190 ne
1531 4134 1818 4189 obscurius

218 4227 584 4295 consulendo,
614 4244 720 4283 non
746 4229 887 4285 scire
918 4242 1017 4284 nos
1048 4227 1235 4295 facias,
1269 4238 1448 4282 utrum
1502 4228 1820 4298 interroges

218 4339 289 4379 an
314 4324 570 4379 lacessas.
595 4322 807 4405 interea
834 4323 975 4405 quod
1026 4323 1093 4378 ad
1132 4332 1430 4394 prtesentcs
1477 4321 1818 4393 pertinebit,

218 4429 351 4475 ante
390 4419 569 4474 onmla
599 4404 914 4493 terogatum
939 4417 1064 4475 volo
1090 4459 1104 4483 ,
1138 4406 1207 4473 ne
1259 4418 1330 4471 ob
1379 4414 1483 4472 hoc
1516 4415 1693 4495 ipsum
1722 4430 1818 4470 att-

219 4513 533 4569 ctoritatent
564 4504 827 4570 mutueris
859 4511 1075 4578 errori;
1108 4510 1276 4584 quod,
1302 4509 1563 4575 sicutais,
1606 4524 1701 4581 per
1725 4522 1820 4564 or-

221 4604 348 4661 bem
376 4614 551 4661 tntum
599 4606 780 4662 nullus
829 4606 976 4661 intus
1025 4588 1213 4676 sitqui
1257 4611 1312 4658 te
1367 4601 1704 4667 revinceret,
1729 4606 1823 4656 aut

1919 3399 2053 3441 tne:c
2080 3383 2255 3456 plebis
2298 3397 2673 3455 agnoscerem,
2710 3382 2812 3436 nisi
2867 3380 3152 3437 Catholica
3195 3376 3519 3449 diceretur?

1921 3484 2055 3548 Age,
2086 3478 2207 3549 quis
2225 3476 2440 3534 caeteris
2454 3476 2702 3555 plebibus
2727 3477 2942 3537 nomina
2966 3487 3114 3533 tanta
3146 3475 3376 3559 largitus
3402 3473 3522 3530 est?

1917 3572 2028 3626 Cur
2052 3577 2131 3624 tot
2158 3568 2411 3634 urbibus,
2446 3577 2524 3624 tot
2556 3568 2869 3623 nationibus
2920 3582 3017 3623 sua
3044 3583 3274 3647 qumque
3305 3565 3510 3623 descri-

1919 3665 2032 3736 ptio
2060 3662 2183 3718 est?
2208 3659 2325 3732 Ipse
2350 3662 2441 3717 ille
2471 3662 2560 3731 qui
2590 3659 2917 3716 catholicum
2955 3675 3152 3717 nomen
3176 3659 3477 3731 interrogat
3503 3697 3519 3723 ,

1919 3740 2139 3812 causam
2166 3754 2253 3812 sui
2282 3754 2520 3811 nominis
2546 3752 2778 3819 nesciet,
2819 3754 2863 3807 si
2909 3752 3184 3825 requiram
3219 3749 3363 3815 unde
3387 3742 3522 3803 mihi

1921 3850 2176 3907 traditum
2207 3859 2311 3904 est.
2340 3846 2508 3905 Certe
2537 3862 2642 3903 non
2689 3855 2772 3902 est
2815 3846 2883 3905 ab
2911 3844 3135 3899 homine
3166 3850 3474 3898 mutuatum
3507 3882 3523 3915 ,

1920 3943 2066 4017 quod
2092 3959 2186 4014 per
2207 3942 2405 3999 saecula
2432 3952 2581 3998 tanta
2607 3956 2711 3997 non
2748 3939 2969 3996 cecidit.
3005 3937 3349 3992 Catholicam
3384 3935 3531 3991 istud

1923 4053 2022 4094 nec
2049 4036 2400 4103 Marcionem,
2437 4050 2540 4091 nec
2570 4034 2840 4106 Apellem,
2868 4047 2967 4089 nec
2996 4031 3313 4099 Montanum
3345 4035 3530 4093 sonat,

1922 4145 2025 4186 nec
2056 4130 2342 4184 haereticos
2369 4128 2536 4182 sumit
2566 4136 2839 4182 auctores.
2883 4124 3084 4180 Multos
3131 4137 3233 4177 nos
3279 4120 3522 4192 Spiritus

1922 4212 2148 4278 sanctus
2170 4219 2411 4287 edocuit,
2462 4236 2621 4291 quem
2650 4217 2995 4290 paracietum
3038 4212 3305 4291 apostolis
3333 4221 3388 4266 ct
3416 4225 3530 4267 ma-

1922 4231 2148 4278 sanctus
2170 4230 2411 4287 edocuit,
2462 4236 2621 4291 quem
2650 4230 2995 4290 paracletum
3038 4230 3305 4363 apostons
3333 4230 3388 4266 ιιι
3416 4230 3530 4267 ma-

1922 4316 2149 4388 gistrum
2182 4314 2325 4370 Deus
2356 4306 2552 4368 tnisite
2584 4310 2769 4377 cmlls;
2796 4311 2962 4366 multa
2990 4317 3133 4363 rato
3155 4349 3170 4374 .
3229 4305 3375 4381 sicut
3399 4303 3532 4369 dicit

1923 4407 2148 4476 Paulus,
2181 4415 2234 4463 et
2265 4407 2549 4475 honestas,
2574 4414 2651 4471 et,
2702 4413 2760 4460 ut
2788 4406 2885 4467 ait,
2944 4404 3062 4473 ipsa
3094 4411 3307 4461 natura.
3350 4394 3531 4468 Quid?

1926 4501 2098 4559 Parva
2125 4499 2280 4556 nobis
2299 4500 2367 4556 de
2396 4490 2721 4571 apostolicis
2752 4496 2905 4564 viris,
2933 4511 3096 4569 parva
3125 4494 3196 4551 de
3218 4491 3416 4565 primis
3442 4506 3531 4545 sa-

1926 4594 2268 4657 cerdotibus.
2295 4609 2458 4665 parva
2486 4593 2553 4649 de
2579 4594 2905 4649 beatissimo
2955 4590 3234 4665 Cypriano
3284 4598 3534 4663 martyre

221 4700 559 4794 persuadere
584 4700 679 4755 tibi
712 4708 898 4772 posset
924 4708 1116 4755 contra
1160 4711 1323 4769 quam
1352 4695 1627 4752 crederes.
1685 4692 1818 4750 Nam
1847 4682 1902 4745 Ι)
1925 4699 2090 4762 atque
2112 4688 2338 4744 doctore
2365 4685 2535 4742 currit
2557 4684 2898 4741 auctoritas?
2930 4685 3012 4742 An
3039 4684 3295 4739 volumus
3324 4681 3531 4737 docere

219 4784 278 4850 et
303 4794 349 4850 si
379 4808 477 4849 nos
508 4792 766 4881 imperiti,
799 4790 1161 4863 peritissimus
1192 4789 1288 4846 Del
1318 4787 1553 4861 Spiritus
1587 4804 1601 4841 :
1664 4794 1721 4842 et
1769 4784 1817 4840 si

220 4901 327 4942 nos
366 4885 637 4951 inﬁdeles,
692 4885 857 4955 ﬁdelis
892 4883 1051 4954 Deus,
1090 4884 1179 4957 qui
1219 4898 1405 4957 negare
1428 4898 1599 4937 senon
1644 4889 1813 4951 potest

224 4977 297 5052 (il
321 4978 486 5041 τὶηι..
528 4994 587 5047 tt,
614 4978 727 5049 l3).
761 4978 898 5034 Tum
932 4993 1117 5051 porro,
1148 4975 1292 5050 quod
1325 4974 1353 5015 δ
1386 4974 1706 5039 ohnitendo,
1735 4986 1825 5028 sa-

220 5070 541 5128 cerdotibus
566 5070 662 5127 Dei
694 5071 784 5127 diu
816 5069 1150 5127 contendere
1177 5086 1283 5125 non
1318 5068 1536 5126 licebat.
1585 5066 1718 5133 Nos,
1743 5066 1826 5121 in-

219 5166 344 5239 iiuit
365 5165 687 5239 Apostolus,
728 5165 888 5229 talem
924 5164 1351 5230 consuetudinem
1388 5179 1497 5227 una
1525 5161 1777 5227 habeam
1804 5200 1825 5231 .

219 5274 317 5314 nec
342 5258 577 5315 Ecclesia
605 5258 699 5314 Dei
725 5261 744 5335 (
776 5261 795 5316 i
825 5260 971 5327 Con,
1004 5275 1083 5328 ιι,
1111 5258 1224 5329 id).
1277 5258 1404 5313 llos!
1445 5273 1606 5315 unum
1641 5270 1825 5313 eum

220 5351 732 5429 ptionent(1'it.,tu,
775 5353 894 5435 ω),
948 5353 1089 5411 sicut
1116 5351 1224 5408 scis
1256 5349 1397 5431 ipse,
1439 5349 1821 5419 contentiosus

219 5443 518 5500 omittitur.
560 5443 898 5500 Persuadere
924 5453 1105 5500 autem
1131 5443 1255 5514 quis
1291 5441 1492 5521 aliquid
1534 5443 1705 5517 possit
1735 5443 1818 5506 itt-

220 5540 387 5598 vitoi
433 5538 552 5599 Tua
575 5554 711 5613 ergo
733 5580 751 5609 ,
778 5539 945 5601 frater
968 5578 986 5605 ,
1011 5554 1123 5597 non
1150 5538 1369 5597 illorum
1416 5537 1579 5609 culpa
1608 5546 1719 5602 est,
1775 5538 1821 5594 si

302 5709 330 5745 ο
362 5697 507 5765 ραι
548 5697 915 5769 Ws
966 5696 1325 5776 tamen»;
1359 5692 1570 5750 Esto»!
1622 5693 1816 5752 iudice

223 5767 597 5854 ροιςδυτίορει
621 5769 840 5854 βοηθεῦ-
869 5771 1085 5854 ᾼρρει·έ
1113 5769 1207 5854 ηδ-
1244 5783 1315 5854 νει
1340 5766 1692 5854 sev-2...?ch
1722 5766 1824 5854 Et:

224 5834 380 5923 εἱρβὶ
407 5834 597 5897 νᾶμ’
623 5842 861 5923 benigug
1230 5834 1429 5923 egent."
1472 5836 1657 5923 Ortus

226 5912 619 5975 Ebionteorum
663 5909 787 5972 cum
817 5914 1120 5988 Epiphanio
1145 5921 1201 5969 et
1228 5909 1566 5991 Hieronymo
1593 5909 1659 5970 ad
1685 5922 1821 5968 tem-

1926 4784 2252 4841 doetorem?
2302 4782 2383 4859 An
2426 4782 2789 4853 sapientiores
2833 4780 2930 4835 illo
2978 4793 3193 4846 sumus,
3241 4786 3299 4837 et
3326 4775 3532 4849 spiritu

1927 4880 2113 4938 carnis
2143 4878 2398 4934 inilamur
2427 4876 2693 4933 adversus
2723 4891 2874 4940 eum,
2903 4891 3064 4949 quem
3092 4872 3286 4931 aeterni
3331 4870 3422 4924 Dei
3452 4878 3533 4923 te-

1927 4983 2069 5030 stem
2106 4971 2308 5029 nobilis
2353 4986 2519 5026 cruor
2542 4979 2599 5026 et
2627 4967 2949 5027 clarissima:
3000 4965 3279 5045 passionis
3323 4975 3536 5025 corona

1927 5065 2222 5139 produxit?
2247 5064 2393 5133 Quid
2422 5072 2502 5118 tot
2530 5078 2719 5118 earum
2752 5061 2990 5132 partium
3019 5055 3361 5120 sacerdotes,
3394 5066 3532 5124 quos

1934 5179 2029 5235 per
2068 5171 2241 5221 totum
2268 5160 2459 5219 urbem
2485 5173 2613 5214 eum
2638 5156 2836 5217 andem
2861 5153 3143 5229 Cypriane
3168 5164 3279 5229 pax
3299 5162 3412 5204 una
3435 5161 3527 5202 so-

1931 5256 2159 5313 lidavit?
2188 5253 2326 5323 Quid
2355 5252 2647 5317 totannosl
2675 5250 2947 5324 episcopi,
3001 5254 3082 5305 tot
3120 5255 3418 5319 martyres,
3448 5247 3531 5303 tot

1931 5347 2323 5415 confessores?
2348 5348 2480 5425 Age.
2513 5346 2574 5405 Si
2594 5346 2674 5405 illi
2692 5342 3017 5417 usurpando
3036 5340 3247 5401 nomini
3285 5334 3413 5399 huic.
3434 5351 3533 5395 att-

1930 5453 2120 5509 ctom
2146 5442 2332 5505 ἰριουεὶ
2362 5457 2475 5501 non
2503 5441 2735 5506 fuerint,
2763 5454 2867 5494 nos
2894 5436 3077 5493 idonei
3102 5434 3307 5495 erimus
3328 5444 3533 5502 ηδε·

1930 5537 2037 5594 del
2065 5537 2131 5593 Et
2153 5546 2397 5594 nostram
2426 5534 2607 5606 potius
2650 5530 3039 5595 auctoritatem
3079 5532 3267 5609 patres
3293 5532 3532 5596 sem

1922 5707 2055 5767 pora
2077 5687 2565 5767 Joannisapostoli
2595 5682 2913 5757 referendus
2937 5682 3183 5767 videtur.

2000 5744 2385 5819 Imma
2409 5744 2481 5818 m
2501 5775 2567 5816 ex
2590 5746 2855 5831 contextu
2878 5744 3299 5831 ’ἐθεσῖνδίτῖιυεε
3336 5744 3485 5828 παίιῖ
3508 5790 3531 5827 ⁸

1935 5834 2230 5897 carimde?
2291 5834 2367 5897 ων
2424 5834 2451 5841 ’ἢ
