4048 6350
591 311 738 394 loss

1954 318 2198 376 SANCTI
2241 318 2521 378 PACIANl

3705 332 3809 388 1056

584 443 695 502 tur,
723 443 781 492 et
833 433 1175 492 emendanda
1201 444 1518 492 sanctorum
1553 435 1712 494 cedet
1757 437 2080 508 antiquitas,
2123 446 2180 494 et
2210 438 2400 504 ANon
2451 440 2710 511 largimur
2739 438 2843 495 ista
2888 439 2958 496 de
3009 449 3218 498 nostro.
3273 440 3620 499 Convertimini
3646 446 3703 500 ad
3721 465 3807 515 me,

578 527 692 600 jam
719 532 1091 602 putrescentia
1121 531 1270 587 vitiis
1301 541 1547 604 tempora
1585 547 1828 590 canones
1860 535 2185 605 apostolica:

583 621 932 693 antiquitatis
963 622 1239 678 eradent'!

650 711 741 769 ιν.
773 715 887 772 Nec
911 725 1094 772 tamen
1133 725 1355 782 zestues,
1402 715 1573 773 frater
1605 735 1617 771 :
1654 717 1996 774 Christianus
2050 719 2181 774 mihi

581 822 783 865 nomen
837 819 943 880 est,
1001 810 1318 884 Catholicus
1381 827 1512 867 vero
1552 827 1876 884 cognomen.
1919 813 2058 868 illud
2097 829 2184 870 me

583 914 888 975 nuncupat;
919 905 1062 960 istud
1091 905 1328 961 ostendit
1360 925 1372 960 :
1403 906 1510 962 hoc
1542 909 1764 976 probor,
1821 907 1947 962 inde
1979 907 2186 979 signiti-

579 1011 700 1054 cor.
727 998 797 1054 Et
825 1000 870 1054 si
898 998 1176 1056 reddenda
1203 1011 1488 1072 postremo
1508 1001 1777 1058 Catholici
1804 1003 2056 1058 vocabuli
2098 1019 2185 1058 ra-

581 1090 662 1147 tio
682 1102 788 1158 est,
821 1103 876 1148 et
905 1093 1261 1164 exprimenda
1287 1094 1354 1150 de
1382 1109 1560 1164 grteca
1587 1099 2042 1166 interpretatione
2070 1097 2180 1153 llo-

577 1201 740 1242 mana
766 1203 780 1240 :
803 1185 1146 1254 Catholicus,
1180 1187 1266 1242 ubi
1299 1204 1488 1256 unum,
1524 1189 1633 1254 vel,
1689 1204 1746 1243 ut
1769 1183 2050 1246 doctiores
2085 1205 2186 1261 pu-

577 1288 716 1347 tant,
747 1279 1062 1336 obedientia
1093 1284 1337 1338 omnium
1371 1292 1754 1352 nuncupatur,
1800 1285 2184 1340 mandatorum

577 1373 790 1429 scilicet
859 1374 975 1430 Dei.
1059 1375 1211 1432 Unde
1268 1376 1565 1448 Apustolus
1618 1396 1630 1431 :
1685 1377 1746 1434 Si
1802 1378 1858 1434 in
1946 1382 2184 1435 omnibus

584 1467 881 1524 obedientes
909 1470 1028 1524 estis
1059 1470 1126 1542 (ll
1154 1469 1275 1525 Cor.
1302 1486 1362 1538 ll,
1395 1472 1474 1542 9).
1506 1473 1570 1528 Et
1594 1473 1794 1528 iterum
1829 1491 1842 1528 :
1876 1474 2024 1530 Sicut
2047 1476 2185 1528 enim

578 1576 670 1632 per
689 1560 1086 1616 inobedientiam
1104 1565 1257 1618 unius
1279 1575 1569 1636 peccatores
1582 1567 1849 1621 constituti
1861 1577 1981 1622 sunt
2001 1567 2183 1622 multi:

581 1655 657 1711 sic
685 1672 775 1724 per
797 1655 933 1710 dicto
946 1657 1266 1712 audientiam
1289 1659 1462 1730 unius,
1477 1662 1614 1734 justi
1636 1665 2016 1717 constituentur
2036 1663 2185 1717 multi

578 1742 839 1816 (Rom.v,
892 1746 1007 1819 l9).
1042 1749 1186 1820 Ergo
1212 1752 1302 1821 qui
1331 1749 1682 1824 Catholicus,
1724 1755 2019 1827 idemjusti
2053 1757 2185 1814 obe-

2287 529 2417 586 dicit
2446 532 2727 598 Dominus,
2771 532 3024 600 simulque
3047 533 3271 607 jejunio,
3302 544 3348 588 et
3373 535 3512 604 ﬂetu,
3538 545 3582 589 et
3626 539 3831 608 planctu,.

2285 623 2506 677 scindite
2535 624 2694 677 corda
2725 621 3076 696 uestra(.locl.
3111 641 3170 687 Il,
3217 622 3330 696 12).
3387 626 3453 682 Ει
3502 629 3675 684 iterum
3702 648 3712 685 :
3738 630 3813 686 lle-

2287 716 2488 787 linquat
2519 716 2708 786 impius
2730 719 2838 770 uias
2859 734 3002 782 suas,
3031 725 3080 772 et
3106 719 3183 771 vir
3210 718 3529 788 facinorosus
3541 724 3812 792 cogitationes

2287 825 2430 874 suas,
2475 819 2522 862 et
2553 819 2880 865 convertatur
2932 812 3000 865 ad
3044 810 3351 880 Dominum,
3394 823 3439 866 ct
3473 816 3811 873 misericordiam

2287 912 2622 973 consequetur
2653 902 2760 972 (Is.
2796 920 2920 970 xcv,
2949 902 3028 976 7).
3090 905 3332 977 Itemque
3355 905 3612 978 Propheta
3638 910 3682 965 in
3705 911 3813 968 hunc

2288 995 2508 1050 modum
2539 995 2777 1051 clamat:
2832 997 3090 1062 Quoniam
3127 995 3268 1052 Deus
3315 1000 3452 1071 pius,
3478 1011 3524 1054 et
3549 1002 3667 1055 mitis
3689 1012 3726 1056 et
3745 1022 3814 1072 pa-

2289 1089 2418 1143 tiens
2449 1101 2543 1154 est,
2574 1088 2600 1127 δ
2639 1099 2685 1144 et
2725 1091 2812 1161 qui
2859 1091 3089 1160 reﬂectat
3116 1094 3420 1145 amentiam
3445 1093 3667 1148 adversus
3701 1097 3814 1149 mali-

2288 1185 2385 1239 tias
2409 1186 2688 1255 irrogatam
2720 1183 2906 1255 (Jocl.
2937 1186 3128 1254 μηδ).
3176 1185 3425 1241 Habetue
3465 1196 3564 1241 tatu
3603 1187 3815 1244 diutinum

2285 1291 2512 1346 serpens
2545 1292 2834 1343 venenum,
2863 1277 3183 1332 etCltristus
3204 1293 3308 1332 non
3333 1279 3492 1334 habet
3517 1280 3817 1336 medicinam?

2289 1370 2546 1426 Diabolus
2585 1370 2638 1426 in
2669 1371 2871 1426 mundo
2900 1371 3158 1427 interﬁcit
3187 1413 3203 1440 ,
3254 1371 3503 1430 Christus
3529 1373 3609 1428 hic
3632 1390 3724 1430 non
3742 1391 3815 1446 po-

2290 1471 2394 1520 test
2423 1465 2751 1520 subvenire?
2779 1465 2967 1536 Pigeat
2988 1481 3120 1522 sane
3148 1482 3378 1537 peccare
3411 1509 3424 1534 ,
3483 1469 3572 1523 sed
3611 1472 3818 1538 poenitere

2298 1572 2404 1611 non
2438 1559 2637 1628 pigeat.
2673 1557 2884 1612 Pudeat
2906 1559 3223 1628 periclitari,
3263 1559 3357 1616 sed
3393 1575 3496 1616 non
3522 1560 3696 1630 pudeat
3721 1563 3819 1620 libe-

2289 1649 2418 1705 rari.
2453 1650 2586 1716 Quis
2615 1649 2876 1721 naufrago
2930 1650 3171 1705 tabulam
3204 1695 3218 1717 ,
3276 1668 3345 1707 ne
3393 1652 3600 1720 evadat,
3638 1655 3818 1722 eripiet?

2289 1742 2420 1810 Quis
2445 1741 2704 1797 sanandis
2730 1741 3047 1797 vulneribus
3083 1742 3342 1797 invidebit
3371 1743 3397 1796 ?
3446 1743 3523 1800 An
3554 1760 3648 1798 non
3696 1743 3821 1800 David

581 1837 763 1895 diens.
795 1840 895 1908 Qui
929 1841 1214 1910 obedieus,
1261 1845 1406 1902 idem
1428 1857 1516 1903 est
1541 1823 1932 1906 Christianus:
1967 1851 2042 1907 ita
2073 1849 2178 1907 Ca-

2287 1835 2416 1890 dicit
2448 1852 2460 1889 :
2489 1833 2692 1890 Lavabo
2723 1851 2812 1904 per
2839 1835 3072 1908 singulas
3095 1845 3266 1890 noctes
3288 1837 3474 1892 lectum
3508 1823 3823 1908 nteum,ilocry-

583 1934 842 2002 tholicus,
871 1934 1215 1993 Christianus
1244 1950 1349 1995 est.
1373 1940 1555 2010 Quare
1587 1944 1655 1997 ab
1676 1945 1934 2000 haeretica
1955 1946 2182 2001 nomine

585 2034 780 2082 noster
808 2029 1041 2098 pOpquS
1063 2029 1165 2087 hac
1201 2034 1571 2104 appellatione
1600 2036 1894 2112 dividitur,
1925 2054 2051 2094 cum
2079 2037 2183 2094 Ca-

580 2118 818 2176 tholieus
850 2133 1241 2194 nuncupatur:
1275 2126 1373 2183 sed
1417 2137 1474 2184 et
1521 2128 1568 2184 si
1613 2129 1934 2186 Catholicus
1979 2132 2186 2203 ubique

580 2227 749 2269 unum
773 2223 877 2280 est,
896 2218 1036 2272 sicut
1063 2219 1375 2288 superiores
1394 2230 1608 2290 putant,
1637 2223 1688 2278 id
1712 2225 1888 2292 ipsum
1911 2225 2078 2281 David
2104 2227 2184 2282 in-

581 2305 727 2362 dicat
756 2307 947 2364 dicens
979 2327 992 2364 :
1027 2310 1198 2366 Astitit
1222 2315 1400 2383 regina
1413 2315 1468 2369 in
1489 2324 1622 2370 ueste
1638 2326 1826 2371 aurata
1850 2327 1899 2373 et
1925 2320 2185 2390 variegata

581 2395 758 2469 (Psal.
783 2413 931 2466 xuv,
957 2400 1072 2473 10),
1097 2401 1200 2458 hoc
1228 2413 1334 2473 est,
1357 2421 1460 2461 una
1495 2407 1547 2461 in
1576 2409 1851 2466 omnibus.
1889 2410 2021 2466 Etin
2048 2413 2186 2467 Can-

581 2488 692 2546 tico
718 2493 1058 2549 canticorum
1091 2494 1338 2567 Sponsus
1367 2500 1484 2556 lucc
1514 2501 1794 2571 loquitur:
1829 2503 1949 2560 Una
1983 2516 2060 2561 est
2101 2523 2186 2560 co-

578 2581 755 2636 lumba
777 2601 906 2651 mea,
939 2587 1170 2656 perfecta
1191 2607 1325 2659 mea,
1356 2609 1458 2647 una
1479 2603 1553 2648 est
1580 2597 1738 2650 matri
1762 2613 1891 2662 suae,
1925 2599 2086 2653 electa
2109 2610 2186 2654 est

580 2677 818 2746 genitrici
843 2678 1176 2753 sutc(Can't.,
1203 2699 1272 2751 v1,
1299 2683 1378 2757 8).
1433 2686 1498 2741 Et
1539 2687 1734 2743 iterum
1780 2706 1794 2744 :
1851 2690 2188 2746 Adducentur

579 2772 695 2842 regi
725 2773 946 2843 virgines
1000 2785 1116 2844 post
1163 2793 1275 2832 eam
1322 2778 1443 2851 (Ps.
1477 2796 1604 2837 XLIV
1634 2823 1649 2846 ,
1701 2781 1812 2854 15).
1865 2783 1933 2838 Ει
1969 2784 2187 2841 adhuc:

583 2865 1013 2934 Adolescentulat,
1041 2885 1259 2939 quarum
1277 2888 1380 2926 non
1405 2884 1480 2928 est
1508 2891 1754 2931 numerus
1789 2877 1968 2948 (Cant.
1997 2894 2070 2945 Vl,
2105 2880 2185 2949 7).

578 2954 725 3027 Ergo
758 2957 812 3012 in
842 2962 1096 3016 omnibus
1121 2979 1248 3031 una,
1284 2976 1338 3021 et
1367 2982 1472 3021 uua
1502 2983 1669 3039 super
1703 2971 1909 3026 omnia.

652 3049 719 3108 ν.
754 3051 811 3108 Si
835 3053 1103 3110 rationem
1120 3059 1354 3116 nominis
1377 3063 1596 3132 quaeris,
1631 3073 1874 3135 apparet.
1923 3066 1996 3122 De
2019 3068 2195 3136 poeni-

582 3146 749 3200 tentia
769 3162 922 3215 vero,
955 3149 1095 3205 Deus
1119 3163 1340 3220 prteSIet
1360 3155 1594 3210 utnullis
1611 3155 1863 3214 ﬁdelibus
1876 3157 2192 3215 necessaria

2283 1925 2380 1977 mis
2420 1934 2638 1978 stratum
2685 1941 2850 1980 meum
2905 1927 3086 1997 rigabo
3137 1926 3258 1996 (Ps.
3293 1943 3369 1995 vt,
3405 1927 3482 2001 7).
3535 1928 3597 1983 Et
3637 1930 3821 1984 iterum:

2287 2017 2561 2075 Peccatum
2599 2035 2772 2073 meum
2807 2037 2900 2092 ego
2927 2037 3174 2092 agnosco,
3227 2031 3274 2076 et
3327 2023 3528 2094 facinus
3577 2039 3720 2076 meum
3751 2040 3823 2076 non

2286 2116 2388 2170 texi
2409 2114 2525 2187 (Ps.
2561 2131 2708 2180 uti,
2735 2114 2809 2188 5).
2844 2116 2906 2170 Et
2940 2116 3120 2170 adhuc
3147 2135 3160 2169 ;
3191 2115 3319 2170 Dixi
3350 2133 3369 2170 :
3407 2133 3668 2186 prosequar
3691 2118 3822 2170 adstr-

2286 2226 2398 2262 sum
2422 2224 2500 2262 me
2525 2209 2770 2263 delictum
2798 2225 2964 2263 meum
2991 2207 3101 2263 Deo
3129 2225 3261 2281 meo,
3290 2219 3339 2263 et
3359 2219 3419 2264 tu
3445 2210 3664 2264 remisisti
3690 2211 3824 2280 impie-

2287 2315 2442 2359 tatem
2480 2304 2653 2357 cordis
2669 2301 2881 2376 (Ιὸὶά.).
2933 2303 3126 2360 Nonne
3151 2305 3245 2360 ille
3276 2313 3402 2374 post
3417 2306 3576 2361 caedis
3601 2313 3650 2360 et
3667 2305 3824 2359 adulte-

2289 2397 2354 2453 rii
2385 2412 2620 2464 reatum,
2651 2415 2749 2469 pro
2776 2399 3077 2454 Bethsabee
3109 2400 3400 2468 ptenitenti
3427 2441 3443 2466 ,
3489 2398 3729 2470 Propheta
3763 2414 3824 2453 re-

2289 2494 2513 2563 spondit
2542 2511 2554 2547 :
2579 2493 2833 2548 Dominus
2863 2493 3119 2547 abstulita
3143 2503 3191 2546 te
3213 2501 3485 2563 peccatum
3507 2503 3639 2546 tuum
3657 2491 3822 2564 (lllleg.

2291 2603 2390 2649 xu,
2425 2588 2535 2658 15).
2569 2586 2706 2642 Num
2754 2587 3112 2659 Babylonium
3148 2601 3330 2657 regem
3375 2595 3504 2657 post
3543 2595 3616 2640 tot
3655 2584 3826 2639 idolola-

2291 2682 2409 2737 triae
2436 2681 2671 2736 facinora
2700 2680 3018 2736 damnatum
3046 2723 3061 2747 ,
3111 2681 3518 2752 exotnologesis
3548 2695 3644 2735 non
3670 2680 3821 2735 libera-

2291 2774 2367 2830 vit
2395 2776 2419 2830 ?
2448 2776 2512 2830 Et
2545 2775 2674 2846 quid
2700 2775 2945 2844 estquod
2970 2775 3049 2830 ait
3075 2775 3336 2830 Dominus
3369 2792 3384 2828 :
3431 2773 3613 2829 Nonne
3641 2774 3714 2843 qui
3737 2773 3827 2827 ceci-

2291 2866 2443 2931 derit,
2475 2877 2739 2941 resurget,
2771 2877 2817 2923 et
2848 2869 2936 2939 qui
2964 2883 3174 2922 aversus
3207 2868 3387 2936 fuerit,
3412 2877 3703 2924 conuertetur
3725 2864 3823 2938 (Jer.

2292 2977 2406 3028 vm,
2436 2960 2544 3033 4)?
2593 2961 2733 3029 Quid
2783 2961 2880 3016 illa
2918 2971 2996 3016 tot
3026 2960 3452 3017 similitudinum
3503 2961 3827 3018 dominiearum

2293 3065 2612 3126 argumenta
2672 3056 3052 3126 reSpondent?
3114 3057 3268 3126 Quod
3317 3056 3631 3112 drachmam
3675 3053 3827 3108 invenit

2294 3150 2514 3217 mulier,
2545 3160 2600 3206 et
2627 3151 2927 3222 gratulatur
2955 3152 3272 3218 inventam;
3315 3151 3462 3222 quod
3520 3161 3685 3222 pastor
3709 3163 3825 3204 orem

578 3240 690 3307 sit;
721 3257 881 3298 nemo
900 3253 1022 3314 post
1064 3246 1204 3302 sacri
1240 3247 1409 3304 fontis
1441 3250 1728 3316 auxilium,
1759 3251 1972 3308 foveam
2004 3255 2182 3310 mortis

2297 3253 2544 3314 reportat
2589 3245 2923 3310 erratieam;
2978 3243 3124 3316 quod
3183 3243 3300 3301 filio
3359 3243 3662 3309 revertenti,
3696 3251 3822 3312 postc

578 3332 857 3392 incurrat:
880 3353 978 3394 nec
1007 3339 1160 3394 tarda
1193 3342 1458 3398 solamina
1484 3344 1732 3415 ingerere
1761 3347 2074 3403 sacerdotes
2097 3357 2189 3403 aut

580 3428 782 3484 docere
802 3440 1088 3501 cogantur,
1116 3448 1184 3489 ne
1215 3435 1474 3504 peccandi
1505 3440 1609 3492 iter
1633 3439 1902 3507 aperiant,
1923 3440 2048 3496 dum
2067 3457 2190 3511 pec-

577 3521 722 3576 canti
735 3525 988 3579 remediis
1002 3525 1374 3582 blandiuntur.
1395 3529 1499 3584 Sed
1525 3545 1624 3586 nos
1640 3531 2186 3604 hauciudulgentiam

578 3614 672 3670 Dei
703 3617 875 3671 nosui
915 3618 1155 3684 miseris,
1208 3635 1314 3675 non
1349 3622 1519 3678 beatis
1551 3665 1566 3689 ,
1598 3641 1701 3682 nec
1723 3636 1852 3683 ante
1880 3638 2185 3697 peccatum,

583 3712 608 3742 η
633 3706 730 3761 sed
757 3717 981 3778 peccata
1011 3709 1322 3783 detegimus
1353 3730 1368 3770 :
1399 3731 1501 3772 nec
1523 3720 1670 3774 sanis
1702 3722 2054 3790 medicinam,
2089 3723 2186 3779 sed
2219 3763 2222 3766 ~

584 3797 724 3852 male
747 3796 1078 3858 habentibus
1107 3807 1444 3862 nuntiamus.
1495 3807 1551 3865 Si
1603 3811 1736 3866 nihil
1775 3812 1830 3867 iu
1873 3813 2180 3884 baptizatos

579 3902 811 3958 possunt
843 3895 1100 3962 nequitias
1133 3897 1471 3966 spirituales,
1506 3901 1636 3955 nihil
1673 3902 1818 3958 fraus
1843 3905 1934 3958 illa
1953 3920 2183 3977 serpen-

583 3979 655 4036 tis
683 3998 806 4052 qute
837 3986 1074 4054 primum
1122 3989 1396 4045 subvertit
1444 3991 1747 4060 hominem,
1787 4011 1909 4066 quae
1953 4001 2186 4067 posteris

579 4075 699 4146 ejus
727 4083 807 4132 tot
832 4077 1020 4135 titulos
1049 4080 1421 4138 damnationis
1463 4085 1771 4158 impressit;
1818 4091 1862 4144 si
1896 4095 2128 4148 recessit
2151 4111 2180 4149 a

491 4182 502 4191 '
576 4169 802 4238 mundo,
830 4171 875 4226 si
899 4175 1259 4244 regnarejam
1285 4178 1574 4246 capimus,
1601 4179 1650 4234 si
1701 4182 1911 4238 nullum
1955 4187 2131 4242 oculis
2161 4228 2174 4252 ,

574 4263 786 4318 nullum
820 4266 1096 4332 manibus,
1130 4267 1338 4322 nullum
1389 4271 1664 4326 mentibus
1719 4275 1921 4329 nostris
1967 4277 2179 4334 crimen

574 4355 826 4426 obrepit;
855 4358 1150 4427 abjiciatur
1180 4359 1283 4417 hoc
1311 4362 1404 4418 Dei
1430 4363 1659 4429 donum,
1702 4367 2006 4437 repellatur
2029 4373 2183 4427 suxi-

573 4447 732 4515 lium,
765 4450 916 4505 nulla
945 4453 1370 4524 exomnlogesis,
1405 4457 1536 4512 nulli
1566 4459 1805 4528 gemitus
1847 4463 2178 4530 audiantur;

574 4549 891 4596 contemnat
917 4560 1078 4601 omne
1110 4548 1410 4602 remedium
1440 4551 1675 4620 superba
1719 4552 1952 4621 iustitia.
2022 4557 2179 4626 Quod

2294 3337 2557 3409 prodacta
2590 3339 2772 3393 omnia
2803 3339 2968 3402 bona,
2997 3347 3196 3394 etcum
3227 3339 3605 3394 meretricibus
3629 3347 3676 3392 et
3698 3335 3827 3390 loruio

2291 3429 2452 3485 cariis
2479 3428 2505 3466 ιι
2532 3439 2807 3500 uepotata,
2843 3439 2999 3500 pater
3030 3430 3264 3486 blandus
3280 3431 3548 3496 occurrit,
3570 3440 3618 3485 et
3640 3426 3824 3484 invidum

2292 3520 2515 3578 fratrem
2557 3531 2774 3577 ostensa
2807 3523 3019 3577 ratione
3045 3524 3326 3591 castigat?
3357 3521 3552 3588 Filius,
3581 3521 3820 3592 inquiens,

2292 3637 2435 3676 meus
2483 3621 2566 3675 hic
2610 3631 2844 3676 mortuus
2873 3625 3062 3692 fuerat,
3091 3631 3138 3676 et
3167 3622 3356 3676 revixit
3395 3638 3414 3688 ;
3445 3620 3673 3690 perierat.
3710 3617 3822 3670 etin—

2290 3723 2466 3771 rentus
2491 3724 2564 3768 est
2587 3713 2607 3787 (
2633 3713 2756 3769 Luc.
2792 3729 2880 3779 xv,
2909 3713 3025 3786 52).
3050 3714 3189 3781 Quid
3218 3715 3310 3770 ille
3344 3715 3398 3798 in
3431 3715 3514 3767 via
3543 3713 3819 3771 vulneratus,

2289 3825 2319 3865 a
2349 3809 2538 3866 Levita
2569 3821 2626 3880 et
2648 3810 2941 3866 sacerdote
2985 3811 3346 3881 praeteritus?
3393 3810 3581 3866 Nonne
3618 3803 3826 3861 curatur?

2293 3902 2530 3958 lic-volve
2561 3919 2681 3974 qure
2737 3903 2972 3973 Spiritus
3022 3903 3171 3958 dicat
3219 3905 3475 3960 ecclesiis
3536 3905 3700 3976 (Apoc.
3727 3897 3822 3967 u):

2289 3993 2557 4063 Ephesios
2575 3994 2805 4050 desertae
2831 3994 3143 4050 dilectionis
3168 4005 3394 4050 accusat
3421 4014 3434 4050 :
3459 3990 3827 4065 stuprumThys-

2290 4088 2484 4143 tireuis
2512 4089 2777 4158 imputat;
2831 4087 3036 4142 Sardos
3059 4088 3113 4142 iu
3145 4103 3311 4158 opere
3342 4099 3636 4150 cessantes,
3679 4085 3825 4152 Perga-

2288 4196 2482 4237 menos
2505 4181 2766 4236 docentes
2798 4180 3013 4236 diversa
3040 4181 3430 4252 reprehendit;
3463 4180 3823 4238 Laodicenon

2286 4271 2504 4328 divitias
2534 4273 2739 4338 inurit;
2770 4283 2824 4327 et
2854 4284 3037 4329 tamen
3061 4289 3254 4328 omnes
3285 4274 3352 4328 ad
3384 4275 3730 4345 pmnitentiam
3762 4284 3824 4321 sa-

2291 4365 2605 4422 tisfactione
2663 4366 2888 4420 invitat.
2923 4365 3064 4434 Quid
3115 4366 3412 4436 Apostolus
3465 4365 3531 4422 ad
3573 4360 3824 4420 Corinthios

2287 4475 2409 4516 cum
2442 4461 2512 4515 ita
2545 4460 2676 4516 dicit
2709 4478 2720 4513 :
2756 4459 2840 4514 Ne
2865 4477 2983 4514 cum
3004 4476 3208 4528 vertero,
3250 4461 3457 4532 lugeam
3495 4460 3737 4514 multasea:
3763 4452 3820 4507 Itis

2285 4556 2374 4623 qui
2396 4565 2514 4610 ante
2541 4565 2897 4626 peccaverunt,
2949 4567 2996 4610 et
3026 4571 3129 4609 non
3176 4565 3392 4626 egerunt
3434 4553 3752 4627 pmnitentiam
3778 4560 3823 4599 et

571 4632 618 4687 si
654 4633 769 4688 haec
799 4632 1005 4690 homini
1038 4653 1137 4694 suo
1166 4639 1429 4696 Dominus
1459 4643 1737 4712 providit;
1763 4647 1807 4701 si
1840 4645 1984 4703 idem
2027 4659 2176 4706 stan-
2209 4642 2264 4703 D
2289 4649 2369 4703 his
2393 4664 2508 4719 qua?
2532 4658 2650 4703 ante
2671 4656 2939 4718 gesserunt
2968 4649 3022 4702 in
3061 4648 3409 4720 fornicatione
3461 4657 3509 4702 et
3554 4638 3823 4700 immunditiis

575 4725 721 4782 tibus
747 4729 990 4796 praemia,
1047 4731 1136 4800 qui
1175 4732 1484 4800 iacentibus
1512 4737 1752 4792 remedia
1782 4739 2012 4809 largitus
2049 4753 2134 4797 est
2165 4761 2179 4798 :

572 4818 807 4876 desinite
826 4819 1066 4876 divinam
1092 4837 1353 4882 accusare
1403 4828 1682 4897 pietatem.
1706 4839 1799 4884 aut
1825 4839 1905 4887 tot
1936 4835 2180 4890 caelestis

573 4910 881 4967 clementiae
909 4911 1099 4969 titulos
1121 4916 1336 4986 objecta
1371 4920 1565 4989 rigoris
1588 4922 1835 4992 eradere,
1858 4936 1952 4980 aut
1969 4927 2177 4998 gratui-

575 5012 626 5058 ta
659 5004 870 5060 Domini
915 5005 1058 5061 bona
1101 5008 1486 5067 iuobsecrabili
1514 5017 1814 5085 asperitate
1858 5020 2170 5083 prohibere.

649 5150 675 5178 α
710 5140 818 5224 Sed
845 5152 1074 5224 peccata.
1111 5143 1222 5224 Sed
1240 5156 1354 5224 post
1385 5159 1592 5216 peccata
1615 5152 1902 5224 legendum
1931 5157 2167 5215 videtur.

579 5215 766 5289 Atque
785 5213 857 5268 ita
885 5213 1175 5289 ediderunt
1207 5213 1618 5289 Lugdunenses.

650 5283 681 5323 Β
721 5283 787 5338 Et
835 5286 924 5356 qui
967 5283 1336 5364 reﬂe_ctat.._.'.
1365 5285 1663 5364 irrogatam.
1719 5297 1973 5364 Veterem
2007 5303 2174 5359 inter-

580 5367 800 5442 pretem.
816 5367 1060 5442 secutus,
1086 5357 1233 5442 hunc
1262 5358 1425 5442 Joelis
1454 5357 1518 5442 ti,
1540 5368 1627 5442 13,
1653 5369 1828 5423 locum
1873 5357 1984 5428 tum
2033 5357 2135 5429 hic
2157 5417 2172 5442 ,

579 5427 694 5510 tum
716 5427 1069 5510 inm’venisi‘
1095 5429 1294 5510 δεθδῖλ
1316 5434 1376 5510 2'
1390 5475 1405 5498 ν
1425 5427 1817 5510 refidll’auctor
1833 5427 1990 5510 juxta
2005 5427 2171 5508 LXX:

578 5502 1048 5587 naipsruugé'mini
1073 5509 1190 5587 ταῖς
1225 5507 1441 5568 κακίαις.
1478 5505 1659 5587 Vulg;
1669 5502 1977 5582 praestabilis
2019 5502 2176 5587 super

577 5571 802 5652 matitia:
836 5571 1238 5652 Eodemmodo
1254 5591 1364 5646 quo
1384 5571 1612 5652 sanctus'
1626 5571 1786 5637 Pater
1800 5594 2010 5652 noster,
2026 5571 2170 5643 rerci-

579 5643 892 5730 ta_t‘_eadem
920 5641 1092 5730 1luetis
1126 5641 1290 5729 verba
1319 5661 1534 5730 sanctus
1557 5651 1864 5730 _Cyprianus
1885 5641 2170 5730 uetuit;

579 5713 646 5798 a‘d
668 5715 838 5798 linem
856 5755 872 5780 ,
899 5715 964 5768 de
989 5711 1384 5798 Bono_patie_n_t.
1425 5726 1528 5798 sub
1552 5711 1701 5798 inii,
1730 5737 1790 5798 et
1813 5711 2171 5798 epist.755rad

579 5782 1224 5868 Antonianupagetss,
1249 5788 1363 5868 sit“
1385 5801 1438 5847 et
1465 5795 1564 5849 ttt
1605 5838 1621 5862 ,
1675 5782 1812 5854 edit.
1850 5782 2062 5868 'oxonI
2103 5782 2172 5857 At

577 5855 779 5924 ubique
804 5871 902 5927 pro
920 5855 1150 5923 reﬂectat
1177 5859 1306 5926 legit
1325 5861 1518 5933 ﬂectat,
1547 5855 1885 5940 et'irrogatas
1912 5855 2168 5943 proter;

2287 4743 2398 4798 suis
2425 4743 2492 4812 (ll
2513 4744 2634 4798 Cor.
2668 4759 2762 4808 xu,
2794 4743 2914 4814 21).
2943 4743 3105 4811 Quid,
3135 4758 3262 4800 cum
3314 4757 3503 4798 rursus
3527 4741 3590 4797 ad
3617 4731 3822 4796 Galatas?

2291 4838 2352 4893 Si
2379 4840 2490 4904 quis
2518 4847 2805 4911 praeventus
2832 4838 2990 4909 fuerit
3016 4840 3070 4892 in
3099 4840 3275 4909 aliquo
3301 4839 3493 4893 delicto
3521 4836 3538 4910 (
3563 4833 3671 4890 Gal.
3699 4828 3817 4895 6.1);

2288 4931 2340 4985 id
2371 4941 2474 4994 est,
2501 4947 2867 5003 quocumque,
2903 4949 2990 4987 vos
3014 4933 3103 5004 qui
3133 4931 3399 5004 spiritales
3440 4931 3592 4994 estis,
3638 4919 3821 4979 instrui“

2285 5025 2539 5096 ejusmodi
2566 5027 2621 5079 in
2643 5027 2830 5098 spiritu
2857 5025 3298 5091 mansuetudinis,
3326 5039 3510 5079 cavens
3531 5038 3591 5076 ne
3615 5027 3659 5074 et
3684 5025 3820 5070 tuten-

2269 5175 2444 5238 gatam
2471 5182 2490 5220 :
2513 5182 2672 5238 quam
2701 5168 2955 5238 equidem
2985 5167 3346 5236 posteriorem
3388 5163 3662 5222 lectionem
3702 5151 3818 5212 alteri

2273 5234 2614 5307 Cyprianiea!
2644 5234 3004 5307 praetulerim}

2401 5296 2684 5386 Producit}.
2717 5311 3035 5386 Itaquoque
3051 5308 3448 5386 'l‘ertullianus,
3475 5305 3689 5386 depart"
3709 5316 3746 5352 c.

2279 5376 2452 5432 Minor
2477 5380 2640 5448 ﬁlius,
2672 5375 2926 5451 producta
2943 5375 3243 5436 substantia
3297 5377 3434 5442 Dei,
3480 5380 3533 5433 in
3576 5375 3722 5430 aliena
3754 5382 3814 5422 rt-

2277 5450 2432 5522 gione
2446 5450 2715 5522 mendicat
2729 5493 2740 5506 .

2351 5520 2377 5558 ἀ
2409 5520 2688 5598 Nepotem.
2712 5523 3040 5598 _l’erperam
3106 5526 3464 5598 rescripsere
3485 5517 3808 5598 bttgdttnenses

2279 5589 2506 5674 epotam.
2541 5589 2906 5679 Tertullianus
2924 5597 2979 5649 in
3007 5595 3261 5679 Apolog.,
3285 5589 3410 5677 ’cap.
3438 5591 3508 5647 46
3532 5609 3543 5644 :

2273 5649 2328 5718 in
2360 5681 2593 5740 purpura
2619 5666 2710 5719 sub
2735 5681 2932 5740 magna
2955 5649 3428 5740 grauitatisjspeéic
3453 5649 3735 5740 nepotaturi.
3754 5649 3809 5740 Μ

2273 5730 2434 5804 quem
2461 5730 2644 5791 locum
2694 5730 2846 5793 u0tai
2892 5730 3348 5804 Havercatnpius,
3402 5736 3634 5790 verbum
3666 5730 3805 5804 Ιιίξίιξξῖ

2275 5793 2476 5880 limini!
2509 5807 2752 5880 Prodigis
2783 5793 3055 5880 nepoitulis
3106 5793 3451 5865 translatum.
3507 5805 3652 5860 Plura
3697 5793 3806 5852 dabit

2275 5875 2521 5946 (iungitis
2544 5880 2594 5934 iu
2627 5875 2927 5935 Glossario.
