4048 6350
185 250 328 308 1057

1617 238 1953 302 EPISTOLA
1992 238 2056 299 11.

3354 252 3491 313 1058

186 367 333 420 teris.
368 365 439 419 At
469 361 727 434 numquid
770 359 1183 431 paterfamilias,
1235 360 1288 415 in
1344 376 1536 432 magna
1571 360 1734 416 domo
1769 403 1783 429 ,
1821 364 1864 424 Α
1896 360 2038 431 Ergo
2064 377 2164 417 nec
2184 361 2473 434 baptisma,
2495 377 2595 420 nec
2618 364 2906 420 criminum
2933 366 3489 432 rcmissio,necinno-

185 466 443 530 argentea
472 470 677 513 tantum
703 466 759 514 et
797 471 962 512 aurea
1000 472 1126 511 vasa
1169 455 1455 511 custodit?
1500 455 1691 512 Nonne
1738 464 1795 512 et
1834 456 1837 457 ⁷

187 556 379 611 lictilia
401 563 454 610 et
486 556 690 623 lignea,
743 562 797 608 et
846 553 1148 623 composita
1189 552 1438 621 quaedam
1489 560 1543 607 et
1589 550 1793 606 refecta

184 647 491 719 dignatur?
518 630 673 701 Nunc
700 646 926 717 gaudeo,
961 645 1137 714 inquit
1160 642 1481 714 Apostolus,
1511 644 1633 713 quia
1658 643 1795 712 Icon-

186 743 379 798 tristati
407 742 529 796 estis
551 741 619 794 ad
636 741 988 811 paenitentiam
1014 738 1079 806 (ll
1094 737 1215 792 Cor.
1231 753 1325 803 vn,
1348 736 1440 806 9).-
1457 736 1523 791 Et
1554 737 1753 791 iterum
1776 753 1789 789 :

188 836 330 902 Quia
352 834 634 890 secundum
662 831 832 886 Deum
876 831 1113 894 tristitia,
1147 829 1521 902 paenitentiam,
1558 828 1613 881 in
1644 826 1789 883 salu-

186 939 312 989 tem,
340 928 573 984 stabilem
596 935 842 997 operatur
875 923 1043 997 (Ibid.
1081 923 1194 994 10).
1796 924 1799 925 ⁷

266 1020 359 1077 Vl.
390 1019 496 1076 Sed
524 1021 788 1090 poenitere
818 1033 923 1072 non
951 1017 1116 1071 licuit.
1142 1015 1311 1070 Nemo
1343 1016 1460 1071 sine
1481 1016 1660 1070 fructu
1692 1013 1794 1068 im-

191 1124 347 1186 perat
376 1113 619 1168 laborem
647 1130 660 1165 :
695 1110 900 1182 Dignus
924 1118 996 1165 est
1025 1110 1160 1163 enim
1191 1109 1536 1163 mercenarius
1564 1104 1796 1161 mercede

193 1223 290 1262 sua
316 1206 531 1273 (Matth.
564 1221 599 1260 x
624 1243 639 1269 ,
686 1204 785 1269 10;
814 1201 944 1256 Luc.
977 1219 1030 1267 χ,
1056 1199 1464 1273 7).Numquam
1494 1200 1639 1255 Deus
1685 1212 1791 1253 non

194 1300 481 1373 pteniteuti
519 1298 966 1363 comminaretur,
1002 1296 1103 1350 nisi
1151 1297 1459 1366 ignosceret
1488 1290 1792 1363 poenitenti.

195 1392 358 1453 Solus
403 1392 539 1460 hoc,
579 1391 817 1461 inquies,
851 1391 992 1444 Deus
1022 1387 1237 1459 poterit.
1290 1386 1488 1441 Verum
1538 1391 1624 1439 est
1653 1399 1666 1435 :
1695 1380 1793 1438 sed

197 1496 253 1542 et
282 1483 425 1555 quod
461 1498 557 1553 per
603 1480 916 1537 sacerdotes
952 1492 1081 1534 suos
1137 1476 1305 1543 facit,
1339 1477 1509 1547 ipsrus
1558 1483 1796 1544 potestas

198 1589 304 1636 est.
342 1578 475 1632 Nam
504 1575 632 1646 quid
658 1584 740 1630 est
772 1572 901 1628 illud
936 1571 1079 1643 quod
1109 1569 1385 1641 Apostolis
1432 1568 1564 1623 dicit
1594 1584 1607 1620 ς
1667 1567 1796 1633 Qum

200 1672 480 1743 ligat-eritis
508 1670 561 1723 in
596 1669 766 1734 terris,
800 1667 963 1739 ligata
992 1674 1143 1719 erunt
1170 1674 1216 1718 et
1244 1664 1298 1717 in
1322 1661 1464 1717 caelis
1496 1677 1513 1715 :
1558 1658 1623 1713 Et
1655 1672 1796 1729 qua:—

1896 455 2044 510 vatio
2095 459 2374 527 corporis,
2425 468 2631 513 sanctae
2671 460 2928 527 potestati
2969 459 3086 530 ejus
3126 460 3329 517 indulta
3370 472 3490 527 cst;

1895 550 2019 618 quia
2066 548 2197 604 nihil
2249 550 2468 620 prOpria
2515 552 2868 621 usurpatione
2907 553 3220 607 mandatum
3266 562 3373 619 est,
3414 564 3493 610 to-

1897 650 2117 712 tumque
2149 641 2201 697 id
2246 657 2315 697 ex
2345 642 2644 711 apostolico
2666 643 2789 714 jure
2820 643 3071 699 defluxit.
3120 645 3269 713 Scio,
3302 646 3491 714 lrater,

1896 738 2034 798 hanc
2059 739 2232 810 ipsam
2268 740 2611 819 paenitentiae
2637 742 2846 796 veniam
2872 757 2978 797 non
3010 743 3215 813 passim
3242 744 3495 799 omnibus

1895 832 2046 900 dari,
2080 850 2179 890 nec
2203 843 2328 889 ante
2360 851 2522 906 quam
2548 845 2639 889 aut
2667 836 3046 906 interpretatio
3074 837 3274 893 divinae
3298 839 3492 895 volun-

1898 927 2043 993 tatis,
2086 935 2183 981 aut
2231 926 2460 981 forsitan
2496 928 2736 982 visitatio
2783 927 2969 992 fuerit,
3014 928 3271 985 relaxari.
3298 930 3495 1003 Magno

1896 1018 2139 1089 pondere
2170 1035 2474 1091 magnoque
2525 1021 2811 1076 libramine
2855 1031 2975 1093 post
3025 1023 3224 1079 multos
3255 1023 3493 1095 gemitus

1896 1110 2324 1181 effusionemque
2356 1113 2740 1183 lacrymarum,
2761 1124 2880 1183 post
2910 1116 3075 1171 totius
3102 1116 3350 1172 ecclesiae
3372 1132 3497 1189 pre-

1896 1218 1989 1259 ces
2010 1247 2024 1269 ,
2057 1207 2127 1259 ita
2162 1206 2372 1261 veniam
2405 1221 2549 1261 verae
2582 1208 2921 1276 poenitentia:
2955 1223 3062 1264 non
3087 1210 3299 1279 negari,
3329 1220 3385 1265 ut
3408 1209 3495 1281 ju-

1896 1297 2142 1354 dicaturo
2186 1298 2404 1356 Christo
2437 1341 2451 1366 ,
2510 1317 2675 1356 nemo
2723 1302 3061 1372 pra'judicet.
3122 1303 3177 1359 Si
3224 1307 3494 1375 apertius,

1896 1391 2024 1462 quid
2058 1400 2115 1447 tu
2150 1392 2379 1461 sentias,
2428 1396 2742 1465 scripseris,
2777 1396 2984 1464 frater;
3023 1397 3233 1466 plenius
3262 1400 3499 1457 instrue-

1901 1501 1997 1541 I'IS.

2472 1582 2816 1639 EPISTOLA
2856 1584 2919 1639 ll.

2327 1672 2403 1727 De
2442 1673 2822 1746 Symproniani
2860 1677 3063 1732 litteris.

198 1783 414 1838 cumque
460 1764 712 1820 solueritis
762 1764 812 1816 in
860 1762 1045 1827 terris,
1093 1759 1268 1814 soluta
1294 1765 1444 1811 erunt
1471 1764 1518 1809 et
1564 1755 1617 1808 in
1655 1754 1795 1808 caelis
1826 1763 1871 1822 Β
1970 1770 2238 1825 pacianus
2282 1772 2573 1843 episcopus
2616 1775 3011 1846 Symproniano
3037 1776 3189 1832 fratri
3240 1778 3494 1836 salutem.

203 1848 417 1933 (Manli.
455 1875 570 1925 xvr,
621 1859 726 1923 19;
766 1855 924 1911 Joan.
959 1871 1048 1920 xx,
1080 1854 1173 1925 ‘25)
1199 1853 1223 1906 ?
1252 1850 1361 1907 Cur
1394 1853 1524 1927 her.
1549 1848 1592 1902 si
1629 1847 1797 1918 ligare

199 1958 511 2015 hominibus
555 1970 618 2010 ac
655 1954 869 2009 solvere
908 1966 1014 2005 non
1060 1947 1290 2003 licebat?
1336 1946 1417 2001 An
1461 1953 1666 1998 tamtum
1695 1943 1799 1996 hoc

200 2053 333 2111 solis
367 2048 643 2120 Apostolis
694 2046 861 2101 licet?
904 2044 1046 2113 Ergo
1080 2053 1135 2096 et
1173 2039 1451 2110 baptizare
1488 2036 1618 2091 solis
1650 2035 1795 2102 licet,

200 2157 257 2203 et
301 2144 564 2215 Spiritum
616 2150 863 2195 sanctum
907 2137 1040 2192 dare
1081 2134 1245 2202 solis,
1294 2143 1348 2188 et
1395 2130 1533 2186 solis
1556 2128 1797 2200 gentium

202 2248 423 2312 peccata
472 2249 711 2307 purgare
746 2250 759 2288 :
805 2231 931 2303 quia
973 2229 1141 2285 totum
1192 2227 1323 2294 hoc,
1359 2241 1464 2280 non
1489 2224 1611 2279 aliis
1637 2236 1798 2293 quam

202 2332 483 2403 Apostolis
505 2331 827 2400 imperatum
855 2335 959 2382 est.
984 2324 1137 2391 Quod
1164 2323 1209 2378 si
1235 2338 1340 2377 uno
1365 2321 1419 2375 in
1450 2320 1595 2386 loco,
1621 2327 1675 2373 et
1715 2333 1802 2373 re-

207 2425 413 2483 solutio
456 2422 795 2478 vinculorum
839 2429 894 2474 et
937 2416 1263 2473 sacramenti
1311 2421 1555 2483 potestas
1611 2411 1798 2474 datur;

204 2529 303 2575 aut
331 2528 501 2573 totum
532 2516 598 2571 ad
629 2530 726 2571 nos
754 2530 821 2569 ex
851 2510 1220 2584 apostolorum
1250 2507 1417 2564 forma
1449 2515 1503 2561 et
1534 2513 1803 2575 potestate

203 2612 496 2669 deductum
533 2619 651 2675 est;
683 2616 777 2663 aut
815 2621 916 2661 nec
946 2603 1077 2659 illud
1131 2618 1198 2657 ex
1240 2601 1474 2657 decretis
1505 2600 1804 2653 relaxatum

204 2714 310 2762 est.
358 2704 501 2776 Ego,
551 2702 761 2772 inquit,
809 2699 1204 2771 fundamentum
1246 2694 1431 2765 posui;
1476 2692 1609 2746 alius
1632 2700 1806 2745 autem

204 2802 593 2873 sitpertediﬁcat
630 2799 683 2872 (l
723 2796 843 2853 Cor.
880 2812 959 2863 ut,
1002 2795 1111 2865 10).
1143 2794 1255 2848 Iloc
1297 2807 1426 2863 ergo
1470 2788 1808 2860 superaedili-

208 2907 401 2953 cantes
429 2938 444 2964 ,
495 2894 639 2966 quod
686 2892 1073 2963 Apostolorum
1114 2888 1363 2943 doctrina
1408 2882 1670 2939 fundavit.
1705 2883 1809 2937 Dc-

211 2993 378 3062 niqoe
425 2998 479 3045 et
522 2989 789 3059 episcopi,
836 2985 1077 3056 Apostoli
1123 2983 1501 3043 nominantur,
1557 2979 1697 3033 sicut
1740 2977 1808 3031 dc

210 3081 583 3153 Epaphrodito
632 3080 834 3136 Paulus
864 3077 1161 3133 edisserit:
1214 3072 1453 3127 Fratrem
1478 3081 1523 3124 et
1555 3068 1809 3122 commili-

1975 1860 2014 1917 l.
2071 1863 2129 1917 In
2175 1863 2478 1931 quaestione
2513 1866 2722 1932 prolixa
2752 1909 2767 1933 ,
2814 1878 3071 1937 quantum
3102 1881 3293 1940 potero
3322 1872 3502 1927 brevi-

1903 1961 2066 2008 tatem
2094 1970 2312 2026 sequar.
2343 1956 2529 2027 Neque
2556 1958 2674 2023 tibi,
2707 1958 2897 2025 frater,
2931 1962 3032 2017 sub
3059 1961 3500 2034 interrogationis

1902 2047 2059 2103 bona:
2103 2050 2305 2119 specie,
2339 2052 2553 2107 occulta
2588 2053 2879 2108 verborum
2916 2054 3019 2109 tela
3047 2054 3312 2125 jaculanti
3340 2066 3502 2128 atque

1903 2144 2201 2215 objicienti,
2233 2162 2355 2215 quae
2387 2149 2501 2216 ipse
2549 2146 2885 2214 machinare,
2920 2148 3152 2220 aliquam
3185 2150 3355 2206 \icem
3388 2166 3504 2205 ma-

1905 2237 2037 2292 litiae
2069 2238 2396 2307 repensabo.
2427 2237 2592 2294 Orare
2616 2256 2711 2309 pro
2757 2241 3173 2311 persequentibus
3221 2241 3502 2312 jnbemur,

1905 2329 2429 2402 maledicentibusqtu
2483 2331 2782 2388 benedicere
2836 2332 3048 2404 (Matth.
3098 2350 3150 2401 v,
3181 2333 3295 2407 44).
3329 2335 3502 2391 Fraus

1906 2424 2053 2478 enim
2086 2423 2239 2494 quasi
2269 2424 2589 2493 vulpeculae,
2621 2425 2703 2479 vis
2730 2435 2911 2480 autem
2942 2426 3115 2481 leonis
3142 2435 3228 2482 est
3258 2444 3269 2479 :
3295 2436 3506 2482 utrum-

1906 2531 2013 2586 que
2048 2516 2116 2569 ab
2147 2515 2366 2570 homine
2406 2516 2801 2572 alienissimum
2830 2534 2844 2584 ;
2890 2517 2985 2574 sed
3015 2518 3163 2575 fraus
3185 2519 3313 2575 odio
3343 2520 3501 2591 digna

1909 2607 2135 2675 majore.
2164 2606 2300 2661 Nam
2334 2622 2457 2662 cum
2490 2609 2610 2678 plus
2641 2624 2841 2666 nocere
2868 2610 3083 2678 credas,
3107 2611 3264 2681 quasi
3287 2611 3507 2683 ignarus

1909 2698 2244 2771 interrogas;
2284 2716 2406 2755 eum
2441 2700 2642 2758 docere
2692 2710 2745 2757 te
2792 2712 2970 2774 putes,
3016 2704 3243 2760 simulas
3272 2704 3502 2762 erudiri.

1911 2791 2079 2847 Rabbi
2105 2834 2119 2859 ,
2162 2793 2452 2849 Dominum
2493 2796 2763 2851 vocabant
2799 2804 3019 2852 veteres
3062 2797 3344 2864 Pharisaei,
3381 2813 3506 2854 cum

1910 2887 2197 2955 aenigmata
2228 2886 2365 2956 legis
2392 2898 2767 2957 opponerent;
2796 2887 3109 2960 Magistrum
3137 2891 3507 2961 appellabant,

1911 2991 2034 3031 cum
2070 2977 2173 3031 sibi
2219 2993 2381 3034 omne
2427 2981 2798 3050 magisterium
2845 2983 3209 3039 vindicarent.
3236 2984 3511 3051 Quidlibet

1914 3083 2066 3139 agas,
2098 3068 2284 3134 frater,
2321 3078 2491 3126 totum
2532 3088 2596 3127 ex
2639 3088 2724 3129 me
2768 3053 3090 3145 simpliciter
3124 3091 3504 3148 recognosces.

212 3186 413 3244 tonem,
473 3175 684 3247 inquit,
737 3189 945 3239 meum;
998 3180 1221 3225 vestrum
1271 3179 1444 3221 autem
1516 3155 1881 3233 apostoluntC
1912 3161 2052 3218 Malo
2100 3163 2425 3232 imperitus,
2486 3180 2653 3235 quam
2706 3167 3012 3224 malitiosus
3056 3168 3282 3243 intelligi
3318 3189 3331 3224 :
3366 3172 3510 3241 trp-ilo

215 3273 450 3344 (Philip.
479 3288 538 3337 ll,
564 3270 682 3341 2'5).
716 3270 771 3326 Si
805 3283 934 3339 ergo
965 3276 1021 3322 et
1048 3266 1245 3320 lavacri
1276 3274 1329 3319 et
1372 3263 1681 3318 chrismatis
1713 3270 1811 3330 po-‘

216 3376 407 3435 testas,
438 3366 703 3434 majorum
730 3373 784 3418 et
814 3363 975 3430 longe
1003 3360 1389 3415 charismatum
1417 3358 1482 3410 ad
1524 3354 1811 3426 episcopos

214 3460 342 3515 inde
369 3456 689 3521 descendit;
734 3464 790 3510 et
825 3452 1024 3525 ligandi
1068 3466 1284 3522 quoque
1312 3450 1400 3519 jus
1429 3448 1597 3502 adfuit
1644 3456 1812 3516 atque

213 3551 489 3610 solvendi.
525 3549 679 3618 Quod
710 3548 810 3604 etsi
844 3563 941 3601 nos
973 3546 1043 3601 ob
1069 3556 1252 3599 nostra
1276 3554 1495 3611 peccata
1525 3539 1813 3597 temerarie

216 3647 587 3710 vindicamus;
624 3645 767 3699 Deus
800 3654 975 3697 tamen
1002 3640 1155 3704 illud,
1188 3647 1244 3693 ut
1273 3637 1476 3693 sanctis
1498 3645 1552 3691 et
1577 3639 1811 3706 Aposto-

217 3741 394 3797 lorum
418 3738 729 3795 cathedram
763 3734 1097 3799 tencntibus,
1151 3747 1255 3788 non
1285 3732 1543 3800 negabit;
1579 3730 1671 3801 qui
1702 3730 1817 3800 epi-

218 3838 423 3906 scopis,
462 3836 626 3890 etiam
660 3832 814 3889 Unici
856 3830 937 3886 sui
968 3822 1167 3884 nomen
1210 3825 1453 3882 indulsit.

292 3929 406 3985 VII.
438 3929 597 3984 Plura
615 3927 936 3991 scriberem,
962 3923 1148 3989 frater,
1185 3921 1241 3977 ni
1269 3929 1324 3977 et
1350 3919 1631 3975 celeritate
1663 3918 1816 3989 pueri

220 4022 550 4081 revertentis
599 4035 848 4091 urgerer,
896 4026 950 4074 et
995 4019 1081 4073 vel
1121 4014 1379 4087 praesenti
1412 4013 1529 4079 tibi,
1578 4012 1661 4067 vel
1695 4022 1719 4049 ³
1750 4012 1819 4067 de

220 4118 370 4174 omni
430 4116 709 4187 proposito
769 4111 1092 4175 contitenti,
1145 4107 1451 4176 copiosiora
1518 4120 1814 4160 servarem.

222 4211 396 4267 Nemo
417 4210 730 4279 episcopum
761 4205 998 4260 hominis
1034 4199 1497 4270 contemplatione
1534 4198 1814 4267 despiciat.

223 4303 619 4369 Recordemur,
652 4301 798 4372 quod
846 4300 1041 4355 Petrus
1070 4296 1370 4368 Apostolus
1400 4293 1688 4349 Dominum
1724 4310 1821 4347 no-

223 4407 397 4455 strum
426 4396 753 4468 Episcopum
805 4390 1134 4455 nominarit;
1192 4388 1300 4444 Sed
1338 4387 1590 4453 conversi,
1627 4387 1818 4456 inquit,

227 4491 383 4546 modo
421 4491 488 4545 ad
517 4489 814 4561 episcopum
841 4494 889 4539 et
916 4475 1176 4553 pastorem
1211 4481 1509 4535 animarum
1536 4489 1821 4532 vestrarum

1913 3257 2094 3312 fatuus
2124 3274 2285 3327 quam
2314 3258 2547 3314 callidus
2571 3259 2825 3330 judicari.
2851 3262 3028 3330 Quare
3052 3263 3203 3333 prius
3230 3280 3389 3336 quam
3424 3282 3511 3321 ra-

1917 3352 2119 3408 tionem
2174 3352 2297 3409 lidci
2352 3365 2554 3410 nostra:
2607 3356 2696 3428 (de
2740 3371 2843 3427 qua
2892 3357 3151 3430 moveris)
3207 3361 3504 3430 assignem.

1916 3450 2104 3520 accipe
2147 3464 2316 3519 pauca
2357 3450 2425 3506 de
2468 3450 2668 3507 litteris
2710 3456 2817 3507 tuis
2839 3468 2970 3523 quas
3015 3455 3273 3510 tractatui
3317 3465 3520 3526 praztu-

1916 3540 2045 3597 iisti.

1985 3635 2052 3692 ll.
2077 3634 2358 3692 Refectum
2386 3653 2508 3694 esse
2529 3647 2581 3695 te
2609 3638 2749 3695 dicis
2776 3639 3054 3711 prioribus
3078 3643 3329 3714 epistolis
3353 3648 3511 3714 meis,

1918 3738 1972 3784 ct
2008 3729 2193 3783 statim
2247 3730 2403 3785 addis
2454 3748 2540 3786 me
2598 3748 2719 3787 cum
2761 3737 3124 3793 amaritudine
3161 3740 3515 3809 respondisse

1918 3838 2040 3893 qua:
2078 3822 2413 3892 scripserim.
2488 3824 2543 3879 Si
2591 3840 2775 3881 amara
2820 3828 3116 3897 reficiunt,
3159 3833 3286 3904 quid
3336 3832 3516 3890 dulcia

1920 3926 2218 3985 operentur
2264 3916 2489 3986 ignoro;
2541 3917 2642 3971 nisi
2671 3918 2818 3985 quia,
2862 3919 2999 3975 utin
3030 3923 3314 3980 medicina:
3353 3942 3519 3996 pocu-

1920 4009 2009 4077 lis,
2041 4009 2179 4064 solet
2211 4026 2453 4064 amarum
2488 4012 2657 4081 magis
2688 4029 2849 4082 quam
2882 4016 3043 4073 dulce
3086 4021 3373 4076 medicari.
3405 4022 3516 4079 Sed

1922 4117 2107 4171 quaeso
2132 4143 2144 4166 ,
2198 4102 2405 4157 litteras
2459 4119 2612 4159 meas
2643 4117 2891 4176 repetas,
2939 4124 3005 4164 an
3053 4112 3238 4182 aliquo
3270 4114 3392 4169 felle
3424 4132 3516 4171 re-

1923 4209 2128 4265 spersae
2156 4196 2283 4260 sint,
2318 4197 2446 4267 quid
2494 4198 2815 4268 superbum,
2853 4201 2981 4271 quid
3017 4204 3243 4260 insuave
3293 4222 3521 4277 respou-

1923 4285 2117 4341 derim.
2152 4285 2346 4343 Plures
2378 4304 2486 4355 me,
2518 4289 2620 4356 ais,
2654 4288 2894 4347 haereses
2927 4296 3261 4363 nominasse,
3301 4298 3369 4353 dc
3404 4300 3525 4370 qui-

1926 4377 2025 4433 bus
2049 4394 2208 4433 nemo
2240 4381 2538 4449 quaesierit.
2564 4381 2699 4453 Age,
2729 4383 2857 4454 quid
2893 4395 2983 4440 tua
3010 4389 3053 4441 si
3097 4387 3384 4448 haereticus
3410 4410 3521 4449 non

1927 4487 2048 4527 eras
2069 4472 2092 4527 ‘?
2111 4472 2212 4539 Qui
2240 4488 2361 4529 cum
2389 4473 2457 4529 de
2485 4473 2590 4530 fide
2642 4486 2831 4533 nostra
2861 4496 3109 4538 moveres
3140 4485 3523 4555 quaestionem,

230 4585 295 4655 (l
328 4582 473 4637 Petr.
524 4557 584 4649 rt,
621 4557 750 4649 257).
796 4577 934 4647 Quid
976 4578 1235 4644 episcopo
1283 4573 1590 4645 negabitur,
1632 4572 1684 4625 in
1716 4586 1821 4642 quo
1849 4557 1903 4618 D
1927 4574 1984 4621 et
2012 4566 2195 4622 doceri
2230 4566 2368 4622 velle
2396 4576 2447 4623 te
2477 4567 2712 4637 diceres,
2747 4570 2943 4642 scripsi
2985 4573 3307 4645 ignorantiae
3332 4593 3527 4637 causas

230 4676 327 4732 Dei
367 4690 563 4730 nomen
590 4671 893 4744 operatur?
922 4669 1134 4725 Reddet
1172 4668 1390 4739 quidem
1424 4666 1499 4720 illi
1532 4665 1821 4733 rationem,

230 4770 275 4826 si
318 4768 445 4839 quid
497 4781 779 4838 perperam
822 4763 1049 4829 fecerit,
1101 4761 1188 4817 vel
1220 4759 1263 4815 si
1298 4767 1553 4828 corrupte
1580 4766 1633 4813 et
1663 4758 1828 4828 impie

230 4861 502 4933 iudicarit.
530 4860 641 4916 Nec
668 4858 1054 4929 prasjudicatur
1080 4856 1219 4923 Dco,
1251 4871 1357 4926 quo
1390 4853 1567 4909 minus
1602 4851 1728 4907 mali
1757 4867 1829 4907 ae-

231 4953 528 5011 dificatoris
550 4968 717 5024 opera
744 4951 1021 5007 rescindat
1055 4967 1066 5003 :
1104 4950 1310 5004 interea
1338 4948 1383 5003 si
1415 4947 1501 5018 pia
1532 4946 1624 5000 illa
1656 4944 1831 5001 admi-

233 5047 487 5104 nistratio
512 5054 620 5113 est,
652 5045 866 5115 adiutor
912 5043 1007 5099 Dei
1040 5058 1265 5113 operum
1300 5050 1640 5111 perseverat.
1688 5038 1829 5093 Ecce

234 5141 528 5212 Apostolus
567 5139 633 5194 ad
664 5140 832 5195 laicos
864 5138 1054 5193 scribit
1086 5155 1098 5192 :
1136 5137 1198 5191 Si
1226 5137 1309 5190 cui
1344 5135 1470 5206 quid
1500 5134 1710 5188 donatis
1736 5175 1751 5200 ,
1785 5142 1831 5187 et

233 5254 329 5308 ego
353 5252 370 5290 :
396 5234 537 5290 Nam
563 5243 610 5289 et
639 5252 729 5307 ego
760 5234 900 5303 quod
928 5232 1136 5299 donavi,
1164 5231 1208 5285 si
1234 5229 1359 5301 quid
1382 5229 1591 5295 donaui,
1625 5239 1833 5301 propter

235 5346 326 5385 vos
355 5329 410 5382 in
458 5345 679 5400 persona
705 5326 930 5392 Christi;
973 5334 1028 5378 ut
1058 5341 1158 5378 non
1186 5322 1520 5395 possideatur
1543 5339 1575 5375 a
1602 5332 1785 5376 satana
1815 5338 1830 5387 ;

236 5439 341 5479 non
362 5423 497 5477 enim
521 5421 769 5477 versutias
794 5421 906 5488 ejus
935 5420 1232 5491 ignoramus
1260 5416 1346 5488 (ll
1376 5415 1500 5471 Cor.
1520 5432 1577 5481 tl,
1602 5414 1689 5481 10,
1715 5416 1828 5479 11).

239 5517 299 5575 Si
330 5527 511 5573 autem
540 5516 685 5587 quod
716 5514 838 5570 laici
888 5513 1117 5579 donant,
1160 5512 1459 5583 Apostolus
1507 5510 1739 5566 donasse
1773 5525 1833 5566 se

240 5610 416 5676 dicit;
446 5609 595 5680 quod
645 5610 933 5679 episcopus
965 5605 1173 5673 fecerit,
1227 5605 1460 5675 qualiter
1487 5611 1779 5674 reSpuctur
1808 5605 1830 5657 ?

1928 4676 2048 4717 esse
2089 4660 2457 4731 multiplices,
2500 4678 2621 4732 quae
2651 4678 2752 4720 vos
2799 4665 3144 4734 potissimum
3176 4669 3434 4740 haberet,
3472 4683 3531 4731 ut

1927 4754 2169 4822 aperires
2191 4794 2204 4819 ,
2245 4769 2312 4806 nc
2341 4753 2655 4811 retex‘endis
2687 4755 2940 4827 pluribus
2962 4768 3277 4819 aestuarem.
3320 4763 3399 4820 De
3425 4762 3526 4820 Ca-

1930 4845 2119 4900 tholica
2170 4846 2377 4900 nomine
2418 4847 2586 4902 multa
2619 4848 3154 4922 respondi‘placide.
3204 4856 3323 4912 Dixi
3356 4858 3526 4927 enim,

1932 4940 2066 4992 nihil
2112 4938 2340 4994 alterius
2380 4938 2656 4996 interesse
2686 4941 2811 5011 quid
2844 4941 2985 4999 alius
3024 4958 3335 5004 vocaretur.
3367 4951 3444 5004 Ac
3484 4950 3533 5007 si

1934 5031 2040 5086 vim
2074 5031 2310 5087 nominis
2336 5032 2670 5101 postulares,
2704 5036 3087 5109 quodcumque
3119 5037 3252 5095 illud
3279 5055 3402 5097 esse
3428 5043 3532 5097 mi-

1936 5126 2172 5193 rificum,
2197 5141 2294 5182 seu
2324 5142 2489 5182 unum
2517 5127 2570 5182 in
2599 5127 2878 5195 omnibus,
2904 5145 3002 5187 seu
3032 5148 3197 5187 unum
3222 5149 3391 5206 super
3418 5153 3539 5192 om-

1940 5220 2051 5286 nia,
2083 5234 2177 5275 seu
2206 5218 2349 5291 quod
2379 5226 2508 5274 ante
2555 5234 2662 5275 non
2697 5220 2830 5287 dixi,
2866 5221 3010 5278 ﬁlius
3038 5223 3202 5295 regis.
3237 5226 3290 5282 id
3317 5238 3402 5284 est
3442 5243 3567 5300 por

1941 5316 2099 5387 polus
2136 5314 2500 5370 Christianus.
2546 5315 2703 5371 Adeo
2750 5326 2907 5375 certe
2957 5335 3064 5375 non
3108 5322 3338 5380 inditum
3381 5326 3542 5384 nobis

1940 5412 2084 5483 quod
2109 5426 2207 5481 per
2238 5410 2440 5466 saecula
2462 5419 2610 5498 tanta
2636 5427 2744 5467 non
2770 5413 3018 5470 caderet.
3043 5416 3106 5472 fit
3132 5432 3266 5476 sane
3293 5423 3543 5492 gratulor

1942 5503 2086 5576 quod
2113 5501 2242 5558 licet
2263 5502 2401 5557 alios
2430 5505 2841 5575 anteposueris,
2864 5508 3023 5563 etiam
3048 5511 3194 5567 circa
3222 5528 3327 5570 nos
3355 5530 3544 5573 assen-

1943 5600 2080 5655 tiare
2109 5596 2178 5653 de
2210 5596 2458 5653 nomine.
2490 5597 2631 5665 Quid
2663 5599 2706 5653 si
2737 5602 3002 5671 negares?
3030 5601 3236 5662 Natura
3254 5608 3541 5668 clamaret.

314 5738 339 5802 ξι
375 5726 451 5802 De
480 5727 623 5781 omni
661 5726 946 5796 proposito.
999 5724 1282 5802 Perplacet
1319 5719 1527 5802 _l.atinii
1562 5716 2144 5802 conjecturalegentis
2190 5714 2254 5770 de
2295 5730 2493 5772 nouum
2543 5733 2695 5788 prop.
2744 5726 2803 5774 ut
2839 5718 2928 5777 hic
2975 5724 3232 5794 respiciat
3276 5725 3541 5793 Pacianus

240 5798 487 5871 epistola:
532 5793 959 5871 argumentum,
1023 5793 1409 5851 de’Cutltolico
1476 5793 1676 5848 nomine
1735 5793 2029 5864 inscriptae.
