4048 6350
555 292 696 350 1065

1922 295 2171 354 SANCTI
2210 295 2483 354 PACIANI

3673 308 3778 366 1064

551 406 680 475 bus,
711 415 767 463 ct
788 406 955 463 multa
988 406 1322 466 laceratione
1365 416 1620 477 vexatus,
1652 417 1707 464 et
1738 408 2035 465 novissime
2066 425 2152 465 sa-
2178 411 2230 474 Α
2257 412 2347 483 qui
2377 426 2673 485 numquam
2705 412 3006 471 Ecclesiam
3026 412 3352 483 deseruerit,
3375 416 3460 489 qui
3486 418 3549 475 ab
3565 419 3782 493 episcopis

550 502 718 559 lutari
740 503 914 558 calice
946 504 1271 576 propinatus
1298 513 1403 560 est.
1425 502 1539 559 Hoc
1562 503 1659 557 fuit
1685 504 1955 558 coronari.
1973 503 2152 572 Quare

545 596 654 653 sibi
677 596 877 653 habeat
896 596 1236 654 Novatianus
1252 597 1521 670 epistulas
1546 613 1696 666 suas;
1725 597 1827 654 sibi
1855 608 2148 664 tumorem,

546 691 653 748 sibi
685 690 1025 762 superbiam,
1078 707 1185 764 qua
1235 692 1361 748 dum
1394 695 1446 747 in
1478 692 1645 747 altum
1698 691 1928 759 levatur,
1982 692 2151 747 elisus

546 795 671 851 est;
715 784 846 839 dum
902 785 1109 841 nemini
1154 786 1352 857 parcit,
1408 784 1634 841 effusus.
1689 784 1769 841 En
1830 784 1923 855 qui
1954 783 2150 840 salutis

552 878 699 934 viam
729 876 995 934 fratribus
1032 878 1358 935 inexorabili
1388 878 1649 950 religione
1673 877 1975 949 prateludat
2004 878 2019 931 !
2068 878 2148 934 En

550 971 645 1042 qui
675 987 737 1027 se
765 980 792 1009 ι
820 971 1003 1043 palam
1031 971 1201 1042 ferre,
1227 982 1285 1029 et
1313 986 1500 1029 aream
1531 971 1742 1028 Domini
1770 985 2147 1043 purgarecon-

549 1064 717 1122 fidat!

624 1158 760 1216 VIII.
801 1158 1062 1217 Iliserere
1111 1160 1211 1228 tui,
1267 1159 1669 1233 Symproniane
1716 1157 1905 1225 frater,
1963 1167 2150 1215 necte

548 1253 886 1311 Novatianus
912 1254 1015 1309 sub
1045 1252 1151 1309 hac
1205 1253 1384 1310 fronte
1416 1253 1687 1325 decipiat;
1716 1262 1772 1309 et
1800 1251 1923 1308 ideo
1948 1249 2150 1322 justior

551 1359 798 1421 putetur,
856 1348 982 1420 quia
1041 1349 1286 1421 reliquos
1316 1349 1398 1404 sui
1426 1350 1839 1419 comparatione
1874 1345 2145 1417 despexit.

550 1444 708 1516 Saepe
732 1442 982 1499 fiduciam
1015 1443 1277 1499 mentitur
1321 1443 1582 1508 audacia;
1614 1451 1671 1498 et
1696 1440 2000 1511 desperatis
2030 1440 2152 1510 qni-

549 1539 757 1610 busque
781 1538 1183 1611 peccatoribus,
1214 1537 1345 1593 falsa
1377 1538 1536 1593 bona:
1591 1534 1943 1591 conscientiae
1972 1534 2150 1603 imago

551 1634 850 1691 blanditur.
876 1634 1083 1690 Contra
1112 1648 1262 1689 'vero
1310 1632 1486 1688 omnis
1517 1630 1794 1686 humilitas
1839 1626 2149 1683 innocentia

548 1732 844 1799 est,etiam
868 1730 960 1787 illa
988 1728 1245 1795 debitrix,
1280 1728 1443 1784 etiam
1499 1726 1586 1782 illa
1640 1724 1935 1795 peccatrix,
1983 1721 2146 1777 etiam

2253 505 2544 577 episcopus
2572 506 2746 563 factus
2770 509 2859 576 sit,
2885 510 2977 580 qui
3004 508 3129 580 jure
3152 509 3425 567 ordinario
3472 526 3781 584 consecratus,

2253 598 2345 669 qui
2399 609 2683 656 vacantem
2739 600 3056 659 cathedram
3087 601 3139 659 in
3190 603 3430 660 Ecclesia
3476 611 3784 665 consecutust

2254 689 2394 757 Quid
2423 691 2491 747 ad
2524 693 2613 750 te?
2642 693 2897 764 inquies;
2938 694 3275 752 Novatianus
3301 695 3404 752 hoc
3439 697 3621 755 docuit.
3642 702 3701 757 At
3719 702 3786 760 vel

2253 785 2496 854 quando.
2525 785 2714 856 frater,
2755 789 3023 860 quibusve
3059 789 3437 862 temporibus?
3485 791 3658 849 Statim
3693 804 3787 866 post

2256 876 2469 933 Domini
2500 880 2850 950 passionem?
2901 892 3024 954 post
3054 883 3203 939 Decii
3233 882 3600 955 principatum,
3638 886 3683 941 id
3703 899 3785 955 est,

2251 981 2377 1041 post
2418 980 2694 1030 trecentos
2746 990 2913 1045 prepe
2961 991 3135 1032 annos
3182 974 3470 1033 dominica:
3518 976 3780 1049 passionis.

2252 1063 2394 1132 Quid
2427 1080 2559 1138 ergo
2583 1066 2746 1124 tunc?
2772 1068 3073 1139 PrOphetas
3118 1080 3339 1126 secutus
3358 1079 3441 1126 est
3466 1082 3519 1126 ut
3542 1068 3790 1146 Cataphry-

2251 1173 2364 1231 ges,
2391 1175 2459 1215 an
2482 1159 2511 1200 ιι
2540 1161 2913 1220 Philomenem
2943 1164 3204 1236 aliquam,
3237 1177 3295 1222 ut
3341 1166 3583 1238 Apelles;
3612 1183 3670 1223 an
3700 1169 3790 1240 ipse

2253 1261 2462 1309 tantum
2513 1257 2861 1313 auctoritatis
2910 1259 3160 1329 accepit?
3186 1259 3412 1330 Linguis
3462 1261 3658 1319 locutus
3693 1266 3791 1320 esti

2251 1343 2940 1418 Pr0phetavit?Suscitare
2970 1360 3212 1408 mortuos
3240 1352 3448 1424 potuit?
3476 1353 3660 1410 Horum
3678 1355 3791 1411 enim

2251 1440 2459 1509 aliquid
2511 1441 2712 1500 habere
2750 1443 3035 1513 debuerat,
3084 1455 3145 1501 tit
3173 1447 3514 1517 evangelium
3561 1448 3794 1520 novijuris

2252 1534 2554 1591 induceret.
2585 1535 2653 1591 Et
2675 1537 2720 1592 si
2742 1547 2935 1593 contra
2966 1538 3167 1595 clamet
3187 1540 3511 1611 Apostolus;
3556 1539 3680 1596 Licet
3702 1559 3792 1609 nos,

2251 1636 2343 1681 aut
2367 1628 2582 1699 angelus
2611 1627 2676 1682 de
2705 1630 2831 1685 calo
2858 1632 3281 1704 eeangelizarerit
3315 1643 3647 1706 prseterquam
3688 1636 3796 1705 quod

2252 1721 2708 1792 euangelizarimus
2740 1725 2899 1790 vobis,
2925 1725 3200 1780 anathema
3220 1728 3286 1781 sit
3314 1725 3462 1800 (Gal.
3484 1744 3520 1794 ι,
3539 1727 3612 1800 8).
3653 1728 3798 1784 Nova-

550 1828 645 1886 illa
670 1843 793 1899 quas
824 1826 1058 1881 animam
1115 1839 1268 1879 suam
1323 1838 1444 1878 cum
1500 1830 1789 1892 peccatore
1841 1815 2141 1873 blanditur.
2172 1815 2222 1879 B
2252 1815 2434 1871 tianus
2449 1817 2526 1871 sic
2550 1815 2842 1884 intellexit,
2864 1819 3111 1889 inquies:
3138 1820 3233 1875 sed
3251 1818 3612 1877 Christushoc
3629 1820 3797 1877 docuit.

554 1917 685 1977 Dele
733 1937 835 1989 nte,
888 1918 1061 1989 inquit
1114 1916 1329 1991 Moyses
1358 1913 1557 1988 (Exod.
1612 1927 1744 1978 xxtt,
1778 1909 1896 1979 32),
1927 1909 1990 1963 de
2018 1908 2148 1964 libro

551 2029 705 2086 quem
734 2012 1019 2084 scripsisti;
1051 2025 1118 2065 ne
1143 2019 1463 2080 peccatores
1492 2005 1752 2078 perirent.
1811 2002 2143 2073 Optaverunt,

550 2107 739 2181 inquit
788 2107 1104 2177 Apostolus,
1155 2104 1428 2160 anathema
1466 2120 1574 2158 esse
1608 2104 1719 2172 ipse
1745 2117 1837 2172 ego
1862 2100 1916 2154 in
1944 2098 2148 2154 Christo

552 2217 648 2269 pro
675 2201 929 2272 fratribus
958 2200 1106 2266 meis,
1140 2198 1367 2270 cognatis
1408 2195 1686 2252 secundum
1734 2209 1939 2249 carnem
1964 2191 2143 2262 (Rom.

548 2307 626 2360 ιχ,
660 2292 739 2364 3).
770 2290 966 2363 Utique
995 2290 1159 2346 ambo
1188 2305 1287 2359 pro
1322 2286 1695 2360 peccatoribus
1739 2286 2103 2356 deprecantur
2129 2301 2144 2351 ;

550 2396 606 2442 et
638 2397 865 2457 propter
887 2384 1012 2449 hoc,
1045 2383 1216 2440 Deum
1248 2396 1349 2439 nec
1377 2380 1591 2454 Moyses
1621 2395 1720 2435 nec
1747 2378 1953 2435 Paulus
1979 2375 2150 2433 oﬂen-

550 2480 649 2536 dit.
680 2479 1017 2535 Novatianns
1058 2477 1144 2533 bis
1198 2474 1429 2531 melior?
1481 2472 1812 2530 Emendator
1852 2469 2150 2541 Propheta-

550 2574 714 2633 rum?
741 2574 936 2632 doctor
966 2569 1399 2646 Apostolorum?
1426 2568 1543 2625 Jam
1573 2583 1697 2623 cum
1728 2565 1947 2622 Christo
1988 2564 2147 2619 vide-

550 2676 640 2724 tur
671 2676 727 2724 ut
758 2667 899 2723 idem
928 2664 1182 2738 Moyses?
1202 2663 1321 2720 Jatn
1362 2671 1421 2717 ut
1460 2661 1660 2716 Paulus
1689 2659 1743 2715 in
1773 2660 1988 2715 tertium
2035 2672 2148 2713 cm—

550 2758 665 2815 lum
696 2758 947 2814 sublimis
969 2754 1256 2812 evehitur?
1276 2753 1393 2810 Jam
1416 2752 1675 2823 neglectis
1716 2750 1969 2805 omnibus
1998 2748 2146 2804 solus

549 2850 807 2907 auditur?
828 2850 955 2907 Haec
985 2850 1053 2904 ad
1083 2849 1297 2904 litteras
1321 2857 1440 2901 tuas
1469 2843 1821 2915 respondisse
1845 2841 2143 2898 suffecerit.

550 2945 659 3003 Sed
684 2936 807 3017 quia
836 2945 906 3001 de
938 2944 1253 3017 pwnitentia
1278 2958 1385 2999 non
1414 2939 1646 3012 agenda,
1678 2939 1766 2995 vel
1793 2946 1920 2995 ante
1942 2938 2147 3009 baptis-

549 3055 697 3096 mum
747 3038 955 3111 agenda
981 3039 1141 3093 latins
1181 3036 1505 3108 disputasti;
1564 3033 1859 3104 multisque
1888 3031 2147 3103 capitulis

546 3132 960 3203 exemplorum,
1014 3138 1279 3186 tractatus
1330 3129 1501 3201 ipsius
1551 3127 1799 3199 paginam
1843 3123 2140 3191 refersisti,

2252 1906 2397 1978 Ergo
2424 1920 2456 1961 a
2484 1906 2687 1965 Christi
2715 1920 2736 1949 ο
2767 1924 2942 1981 usque
2973 1911 3127 1968 Decii
3150 1914 3510 1984 principatum
3541 1914 3703 1969 nullus
3735 1915 3800 1969 in-

2252 1997 2497 2070 telligens
2519 1999 2544 2054 ἲ
2568 2000 2697 2057 Post
2721 2002 2943 2058 Decium
2972 2003 3208 2077 denique
3234 2006 3415 2063 omnis
3439 2007 3706 2079 episcopus
3726 2009 3803 2064 im-

2252 2092 2501 2164 patiens;
2525 2108 2715 2151 omnes
2746 2096 2837 2151 alii
2862 2095 3109 2153 dissoluti
3136 2099 3227 2169 qui
3254 2115 3315 2155 se
3336 2099 3565 2156 miscere
3614 2100 3802 2170 perditis

2252 2187 2497 2257 mallent,
2527 2191 2618 2260 qui
2649 2194 2828 2262 perire
2850 2208 2972 2247 cum
3007 2193 3245 2260 miseris,
3282 2195 3375 2266 qui
3411 2194 3590 2251 alieno
3617 2195 3804 2252 vulnere

2250 2284 2571 2341 vulnerari?
2615 2284 2925 2342 Novatiano
2983 2287 3220 2355 vindice,
3268 2288 3490 2357 jnstitia
3557 2288 3803 2353 liberatur;

2250 2386 2495 2443 auctore,
2522 2378 2818 2451 corrigitur
2844 2379 3107 2453 quidquid
3135 2380 3355 2437 erravit.

2322 2469 2387 2525 ll.
2429 2469 2566 2542 Age,
2602 2471 2839 2543 inquies,
2895 2481 3173 2529 certemus
3218 2472 3494 2545 exemplis
3540 2481 3594 2529 et
3631 2472 3807 2528 ratione

2252 2577 2573 2636 pugnemus.
2607 2562 2677 2625 At
2700 2580 2802 2637 ego
2824 2563 2930 2621 huc
2955 2579 3125 2636 usque
3148 2580 3373 2622 securus
3409 2583 3425 2620 :
3451 2566 3563 2638 ipsa
3594 2564 3809 2622 Ecclesia:

2250 2657 2409 2728 ferie,
2433 2659 2871 2731 congregationis
2897 2659 3136 2731 antiquas
3164 2676 3301 2733 pace
3326 2669 3620 2718 contentus
3648 2678 3659 2714 :
3687 2658 3807 2714 nulla

2249 2750 2539 2807 discordiae
2560 2750 2741 2808 studia
2756 2752 2949 2820 didici,
2971 2752 3117 2808 nulla
3132 2754 3503 2811 certaminum
3530 2761 3809 2826 argumenta

2250 2843 2498 2915 quaesivi.
2529 2843 2609 2900 'l‘u
2639 2855 2925 2916 postquam
2956 2862 2986 2901 a
3015 2846 3228 2917 reliquo
3253 2862 3492 2918 corpore
3532 2857 3809 2919 segregatus

2249 2951 2310 2992 es
2331 2945 2387 2992 et
2412 2952 2441 2990 a
2468 2945 2643 2993 matre
2659 2937 2901 3005 divisus;
2931 2950 2989 2996 ut
3014 2941 3283 2998 rationem
3302 2940 3437 2998 facti
3468 2941 3546 2997 tui
3568 2941 3809 3008 redderes,

2250 3039 2393 3085 totos
2425 3029 2690 3087 librorum
2713 3047 2965 3090 recessus
2992 3033 3248 3090 assiduus
3272 3044 3553 3091 scrutator
3583 3032 3808 3105 inquiris:

2246 3125 2453 3181 occulta
2485 3141 2713 3199 quicque
2737 3128 2999 3185 sollicitas
3026 3147 3039 3184 :
3068 3130 3327 3201 quidquid
3365 3130 3572 3187 exinde
3594 3143 3811 3187 securum

545 3226 897 3299 respondebo
926 3225 992 3281 ad
1020 3225 1229 3296 singula
1258 3239 1323 3280 ex
1355 3221 1650 3279 abundanti
1684 3235 1697 3274 :
1727 3235 1848 3292 quae
1885 3218 2019 3275 fides
2048 3233 2144 3273 ve-
2170 3215 2216 3278 C
2247 3227 2351 3287 est,
2376 3219 2667 3290 inquietas.
2689 3220 2871 3278 Nostri
2895 3223 3028 3279 nihil
3053 3223 3196 3279 ultro
3218 3225 3570 3296 disputavere
3588 3222 3808 3293 majores:

544 3322 659 3378 rior
684 3322 904 3388 habeat,
934 3336 1042 3377 non
1076 3319 1286 3376 lact-bo.
1315 3316 1417 3382 Tu,
1450 3328 1509 3372 ut
1540 3314 1744 3371 anditui
1800 3321 1990 3370 nostro
2037 3312 2141 3367 lar-

546 3416 687 3489 giter
708 3415 984 3487 imperare
1001 3412 1257 3484 dignatus
1302 3425 1384 3479 es,
1418 3409 1705 3480 benignam
1731 3422 1921 3462 rursus
1967 3405 2139 3462 vicem

544 3509 790 3581 praebeto
840 3509 1113 3563 tractatui.
1157 3502 1444 3561 Praestabit
1491 3502 1719 3558 fortasse
1749 3500 2031 3567 Dominus,
2080 3505 2145 3554 ut

551 3604 645 3677 qui
702 3619 801 3659 nos
858 3601 953 3659 tibi
985 3601 1257 3673 patienter
1292 3595 1614 3666 obtulimus,
1640 3595 1872 3651 fructum
1903 3592 2139 3664 aliquem

545 3696 616 3753 de.
675 3706 763 3751 tua
821 3696 986 3752 etiam
1020 3692 1278 3765 patientia
1321 3699 1677 3763 reportemus.
1710 3686 1973 3742 Dominus
2002 3696 2055 3741 te
2083 3685 2139 3740 in

553 3803 818 3848 aeternum
869 3787 1149 3845 custodire
1174 3796 1229 3843 et
1249 3796 1538 3858 protegere
1588 3782 1858 3855 dignetur,
1902 3791 1955 3837 et
1981 3779 2142 3836 Chri-

552 3886 790 3942 stianum
822 3894 987 3954 atque
1014 3881 1354 3939 Catholicum
1385 3878 1573 3935 vivere
1617 3875 1801 3944 faciat,
1832 3884 1886 3933 et
1906 3888 2137 3932 concor-

550 3982 684 4040 dare
712 3981 1017 4039 nobiscum.
1050 3979 1249 4034 Amen.

1092 4067 1427 4128 EPISTOLA
1477 4067 1561 4125 ΙΙΙ.

895 4167 1086 4223 Contra
1104 4172 1350 4219 tractatus
1399 4162 1831 4218 Novatianorum.

610 4261 878 4319 Pacianus
899 4262 1190 4331 episcopus
1216 4256 1625 4327 Sytnproniano
1648 4254 1802 4310 fratri
1825 4253 2079 4310 salutem.

608 4354 650 4409 l.
691 4354 979 4411 Tractatus
1032 4350 1213 4407 omnis
1256 4348 1684 4405 Novatianorum
1740 4364 1899 4419 quem
1943 4346 2011 4403 ad
2051 4361 2138 4402 me

532 4446 799 4504 confertis
827 4445 1069 4517 undique
1121 4442 1591 4516 propositionibus
1636 4439 1947 4503 destinasti,
1979 4438 2139 4510 Sym-

533 4542 795 4614 proniane
815 4541 1001 4602 frater,
1030 4538 1134 4594 hoc
1162 4536 1408 4592 continet
1434 4554 1447 4590 :
1476 4534 1631 4605 Quod
1663 4543 1783 4604 post
1807 4532 2133 4603 baptismum

2246 3312 2394 3369 nuda
2415 3322 2500 3370 est
2524 3314 2665 3387 apud
2695 3331 2793 3372 nos
2841 3317 2955 3387 ipsa
2985 3320 3250 3374 securitas
3278 3335 3292 3372 :
3324 3317 3456 3389 quid
3506 3316 3737 3373 attuleris
3757 3312 3814 3370 de

2247 3415 2335 3462 tua
2362 3416 2521 3477 parte
2549 3410 2851 3464 tnunitum?
2874 3410 2986 3482 Ego
3013 3411 3201 3467 nescio
3214 3409 3343 3483 quid
3360 3410 3692 3467 Novatianus
3709 3422 3812 3479 egeo

2246 3500 2338 3569 rit,
2368 3501 2496 3572 quid
2529 3501 2769 3559 Novatus
2792 3502 3099 3573 admiserit,
3126 3505 3254 3576 quid
3305 3505 3602 3562 Evaristus
3626 3514 3812 3561 tumue-

2244 3592 2337 3658 rit,
2370 3593 2497 3665 quid
2525 3593 2864 3651 Nicostratus
2893 3597 3225 3654 nuntiavcrit
3251 3614 3264 3650 :
3288 3612 3443 3654 arma
3496 3606 3669 3654 vestra
3707 3596 3811 3650 dum

2243 3685 2508 3757 despicio,
2539 3701 2645 3742 non
2665 3687 2834 3755 novi;
2860 3688 2985 3745 vide
3012 3690 3057 3745 si
3086 3703 3209 3745 cum
3232 3689 3435 3746 inermi
3459 3691 3685 3747 veritate
3706 3702 3814 3744 con-

2244 3776 2407 3850 fligis.
2439 3778 2833 3852 Exspeetemus
2864 3791 3045 3837 tamen
3069 3783 3195 3854 quid
3217 3782 3475 3854 obiicias,
3504 3784 3631 3855 quid
3657 3784 3814 3853 loqua-

2243 3870 2337 3926 ris.
2364 3870 2655 3929 Poteratue
2705 3875 2788 3929 vel
2811 3874 2951 3929 nuda
2972 3875 3193 3941 veritas,
3234 3874 3629 3931 innocentiave
3670 3872 3815 3944 impe-

2242 3963 2345 4018 rita
2362 3962 2703 4021 subsistere?
2723 3965 3008 4037 Pmponis,
3027 3975 3083 4021 et
3104 3974 3253 4023 recte
3278 3966 3528 4038 quidem,
3546 3964 3813 4021 Ecclesiarn

2242 4070 2367 4112 esse
2395 4058 2655 4128 pupulum
2686 4072 2752 4114 ex
2783 4074 2921 4130 aqua
2946 4070 3001 4116 et
3024 4058 3228 4131 Spiritu
3265 4071 3465 4116 sancto
3497 4066 3813 4119 renovatum.

2243 4152 2362 4209 sine
2392 4154 2680 4224 negatione
2726 4155 2963 4211 nominis
2989 4155 3213 4222 Christi,
3247 4157 3521 4227 templum
3545 4167 3601 4212 et
3625 4157 3813 4210 domum

2246 4245 2362 4313 Dei,
2410 4248 2699 4303 columnam
2728 4258 2776 4303 et
2800 4247 3204 4304 stabilimentum
3251 4251 3487 4304 veritatis
3520 4250 3566 4322 (Ι
3592 4248 3721 4305 Tim.
3744 4260 3812 4312 ttt,

2243 4341 2357 4412 15),
2387 4342 2653 4414 virginem
2676 4354 2919 4399 sanctam
2944 4344 3268 4401 castissimis
3286 4346 3569 4407 sensibus,
3593 4355 3813 4414 sponsam

2239 4432 2444 4492 Christi
2472 4452 2534 4491 ea:
2565 4438 2763 4493 ossibus
2810 4441 2923 4512 ejus
2951 4448 3000 4495 et
3030 4454 3183 4493 carne
3209 4437 3439 4510 (Ephes.
3492 4456 3550 4506 v,
3578 4439 3689 4509 50),
3731 4450 3817 4490 non

2241 4529 2508 4585 habentem
2535 4532 2793 4586 maculam
2821 4549 2984 4604 neque
3034 4549 3219 4605 rugam
3253 4531 3451 4603 (lbid.,
3472 4531 3593 4601 27),
3638 4532 3813 4599 integra

536 4634 805 4707 paenitere
837 4648 945 4687 non
980 4631 1180 4696 liceat;
1213 4630 1355 4702 quod
1388 4628 1619 4685 mortale
1640 4633 1920 4697 peccatum
1944 4624 2134 4679 Ecele-
2163 4616 2217 4676 Ι.)
2242 4623 2648 4694 evangeliorum
2669 4624 2791 4696 jura
2820 4635 3156 4682 servantem.
3187 4624 3323 4695 Quis
3343 4625 3451 4681 huc
3477 4637 3716 4682 nostrum
3738 4636 3816 4676 ne-

534 4728 618 4786 sia
646 4729 852 4783 donare
882 4738 986 4781 non
1017 4722 1213 4794 possit,
1246 4724 1415 4778 immo
1438 4721 1581 4792 quod
1621 4722 1734 4791 ipsa
1778 4726 1968 4790 pereat
1996 4718 2137 4774 reci-

536 4820 739 4895 piendo
770 4825 1084 4892 peccantes.
1109 4817 1417 4871 Praeclarus
1463 4815 1659 4877 Itonos,
1714 4811 2009 4883 singularis
2037 4826 2136 4867 au-

537 4921 786 4986 ctoritas,
813 4929 1005 4985 inagna
1032 4912 1372 4977 constantia;
1402 4911 1629 4981 rejicere
1651 4916 1938 4973 nocentes,
1988 4915 2133 4962 atta-

536 5022 659 5072 ctus
726 5010 1066 5083 peccantium
1147 5004 1333 5077 fugere
1364 5045 1379 5070 ,
1432 5002 1757 5059 innocentia:
1832 5016 1947 5057 suae
1992 4999 2132 5056 male

534 5104 831 5165 conlidere.
878 5103 1011 5171 Quis
1060 5099 1167 5159 hoc
1215 5097 1491 5161 vindicat,
1536 5094 1727 5163 frater,
1777 5095 2013 5168 Moyses,
2062 5110 2129 5149 an

536 5198 760 5264 Paulus,
810 5212 877 5252 an
925 5190 1217 5251 Chrisws?
1259 5191 1332 5247 At
1377 5187 1589 5261 Moyses
1609 5187 1783 5245 deleri
1812 5186 2003 5244 elibro
2032 5201 2133 5258 pro

535 5288 1070 5363 blasphematoribus
1092 5294 1244 5357 optat
1274 5282 1473 5358 (Exod.
1499 5281 1783 5354 xxxn,’52)
1816 5299 1829 5336 :
1856 5293 1908 5337 et
1929 5280 2132 5336 Paulus

536 5385 812 5442 anathema
833 5398 941 5437 esse
966 5396 1060 5454 pro
1085 5377 1333 5451 fratribus
1356 5374 1536 5450 (Rom.
1568 5391 1644 5443 ιι,
1667 5377 1746 5448 3);
1774 5384 1829 5432 et
1862 5377 1977 5447 ipse
2025 5374 2132 5429 Do-

535 5478 719 5537 minus
747 5491 843 5547 pro
869 5471 1088 5543 iniustis
1112 5471 1219 5541 pati
1244 5468 1468 5527 mavult.
1527 5467 1716 5523 Nullus
1772 5467 1989 5533 horum,
2047 5467 2134 5523 in-

533 5576 711 5647 quies.
737 5570 871 5640 Quis
898 5582 1030 5639 ergo
1054 5563 1081 5619 ἲ
1129 5564 1465 5620 Novatianus
1493 5564 1595 5617 hoc
1623 5561 1900 5633 praecepit.
1934 5562 2131 5619 Imma-

530 5668 744 5725 culatus
770 5662 968 5733 aliquis
994 5669 1049 5716 et
1071 5673 1262 5731 purus,
1295 5658 1386 5730 qui
1410 5657 1676 5713 Novatum
1707 5669 1814 5710 non
1864 5655 2123 5713 audierit.

602 5795 627 5822 ι
670 5783 859 5838 Palam
889 5780 1043 5849 ferre.
1075 5776 1184 5847 AL,
1215 5773 1420 5848 paleam
1440 5775 1646 5845 auferre
1679 5788 1693 5829 :
1724 5772 1905 5831 minus
1950 5784 2119 5846 recte,

525 5855 739 5919 Latinio
763 5851 965 5925 judice.

2237 4720 2370 4790 gat?
2396 4718 2536 4789 Quin
2566 4721 2730 4775 etiam
2776 4719 3052 4787 addimus,
3108 4720 3414 4778 Ecclesium
3446 4736 3578 4777 esse
3604 4720 3815 4788 reginam

2238 4812 2291 4866 in
2344 4824 2479 4868 veste
2523 4824 2707 4868 aurata
2732 4822 2783 4869 et
2812 4815 3073 4886 uariegata
3103 4811 3281 4883 (Psal.
3331 4829 3488 4880 xttv,
3522 4813 3637 4883 i0).
3670 4815 3816 4883 fecun-

2236 4904 2355 4960 dam
2378 4910 2528 4960 vitem
2555 4907 2609 4961 in
2639 4904 2881 4962 lateribus
2909 4908 3088 4962 domus
3110 4904 3322 4961 Domini
3338 4906 3515 4979 (l’sal.
3543 4902 3814 4973 cxxvtt,5);

2236 4997 2459 5054 Matrem
2505 4999 3021 5064 adolescentularum,
3071 5015 3289 5070 quarunt
3342 5015 3445 5053 non
3499 5009 3579 5053 est
3606 5009 3815 5054 numerus

2240 5092 2392 5147 Cant.
2425 5106 2503 5159 Vt,
2534 5091 2632 5159 7);
2665 5090 2836 5147 Unam
2860 5091 3143 5161 :peet'osam
3193 5089 3483 5146 columbam
3507 5092 3813 5149 matrissuae,

2242 5194 2392 5258 atque
2436 5188 2717 5259 perfectam
2738 5183 2930 5258 (Ibid,
2981 5184 3078 5256 6):
3108 5185 3283 5256 Ipsam
3313 5186 3567 5241 omnium
3614 5192 3813 5238 matrem

2240 5280 2554 5349 azdiﬁcatam
2584 5282 2637 5336 in
2659 5280 3006 5352 fundamentis
3038 5279 3415 5352 PrOphetarum
3473 5287 3527 5333 et
3570 5273 3817 5349 Apostolo-

2237 5394 2374 5441 rum,
2400 5386 2448 5432 et
2470 5376 2585 5450 ipso
2634 5375 2873 5450 angulari
2922 5373 3097 5448 lapide
3122 5372 3256 5428 Iesu
3282 5371 3493 5429 Christo
3527 5369 3739 5445 (Ephes.
3760 5378 3814 5428 tt,

2233 5471 2330 5543 20)
2354 5488 2370 5526 :
2395 5470 2627 5527 Domum
2651 5485 2902 5542 magnam
2934 5484 3188 5525 vasorum
3242 5466 3490 5523 omnium
3519 5463 3817 5522 diversitate

2234 5562 2645 5632 locupletatam.

2303 5656 2393 5714 Ill.
2438 5658 2545 5716 Sed
2572 5658 2691 5714 haec
2719 5666 2902 5714 nostra
2934 5656 3239 5729 posterius;
3268 5654 3488 5712 interim
3525 5664 3615 5711 tua
3643 5651 3725 5708 illa
3750 5646 3816 5701 vi-

2304 5774 2333 5815 ιι
2376 5775 2754 5834 Philumenam.
2786 5777 2917 5847 Leg.
2948 5774 3334 5847 Philumenam.
3365 5772 3470 5831 Til.

2291 5847 2316 5881 °
2361 5849 2407 5905 A
2433 5849 2648 5910 Christi.
2683 5845 2946 5919 Subaudi,
2973 5848 3217 5906 adventu.
3240 5845 3319 5905 Id.
