3858 6342
9 306 141 367 ιοθδ

1410 304 1743 362 EPISTULA
1787 301 1871 361 Ill.

3158 308 3297 369 I066

10 421 241 476 leamus.
277 418 509 475 Ecclesia
538 431 612 476 est
630 419 849 494 populus
873 436 937 477 ea:
958 436 1090 492 aqua
1110 430 1161 476 et
1193 420 1399 491 Spiritu
1413 431 1594 476 sancto
1620 424 1673 485 Α
1701 436 1807 477 non
1858 428 1917 475 ut
1962 434 2063 476 vos
2092 420 2225 476 estis
2253 421 2541 478 Novatiani
2565 463 2580 489 ,
2610 420 2858 493 quaedam
2899 423 3142 482 insolens
3169 440 3300 497 por-

9 523 226 570 renatus.
251 512 383 585 Age.
418 514 554 582 Quis
604 514 809 571 fontem
839 515 934 571 Dei
964 514 1202 571 clausit?
1252 513 1386 582 Quis
1419 514 1596 586 Spiri-

9 613 114 660 tum
169 606 393 678 rapuit?
446 605 587 674 Quin
642 608 808 662 immo
832 606 976 678 apud
1008 621 1107 662 nos
1133 622 1273 677 aqua
1312 607 1430 661 viva
1486 615 1592 673 est,

9 698 117 768 ipsa
141 711 260 768 quae
288 697 415 754 salit
442 713 471 753 a
500 696 717 755 Christo
747 715 761 753 :
786 707 867 766 tu,
895 714 927 752 a
954 698 1105 755 fonte
1145 706 1408 769 perpetuo
1435 712 1597 769 sepa-

10 799 175 856 ratus,
203 789 350 846 unde
394 792 725 861 generaris?
771 791 1009 862 Spiritus
1065 806 1285 864 quoque
1325 800 1597 847 sanctusa

9 883 286 955 principali
334 893 509 942 matre
560 899 669 942 non
716 885 849 942 abiit
880 904 895 943 :
928 886 997 943 ad
1023 898 1075 944 te
1115 887 1258 944 unde
1312 886 1603 959 pervenit?

10 979 115 1036 nisi
146 981 284 1036 forte
308 978 711 1037 discordantem
733 990 953 1038 secutus
983 990 1087 1049 est,
1123 989 1202 1037 tot
1223 980 1604 1037 sacerdotibus

10 1072 282 1130 derelictis
314 1088 420 1130 non
447 1084 767 1131 consecrata
799 1073 930 1131 sede
976 1082 1289 1142 contentus,
1333 1072 1596 1131 detritum

10 1165 184 1221 lacum
211 1164 504 1222 adulterini
530 1165 696 1222 fontis
722 1165 1018 1224 adamavit.
1050 1166 1259 1223 Vestra:
1279 1166 1427 1236 plebi
1459 1164 1606 1221 unde

9 1258 300 1330 Spiritum;
333 1274 496 1331 quam
524 1275 631 1315 non
658 1260 945 1332 consignat
965 1269 1161 1315 unctus
1174 1259 1472 1316 sacerdos?
1495 1257 1607 1315 Utt-

10 1350 73 1408 de
100 1365 320 1423 aquam,
350 1367 472 1424 qua:
493 1368 523 1407 ιι
542 1354 769 1412 matrice
793 1352 1091 1409 discessit?
1117 1351 1273 1409 Unde
1298 1352 1607 1407 innovatio-

15 1463 157 1516 nem,
182 1463 303 1519 qua:
331 1448 601 1505 cunabula
633 1450 899 1520 pronubas
921 1448 1072 1519 pacis
1098 1448 1327 1504 amisit?
1378 1445 1613 1502 Ecclesia

10 1553 80 1598 est
129 1543 351 1615 populus
392 1544 504 1599 sine
544 1544 815 1617 negatione
863 1543 1085 1599 nominis
1116 1541 1354 1599 Christi:
1382 1541 1519 1597 nulli
1543 1555 1613 1598 ne

11 1635 151 1708 apud
178 1650 280 1691 nos
306 1634 677 1704 confessores,
710 1651 849 1708 quos
866 1644 1099 1705 catenas,
1122 1650 1262 1708 quos
1280 1635 1456 1707 ignes,
1473 1649 1612 1707 quos

12 1728 169 1800 gladii
197 1729 608 1799 probaverunt?
640 1728 840 1797 Fuere,
890 1729 1124 1800 inquies,
1178 1727 1274 1785 sed
1323 1734 1614 1799 negatores

1701 514 1939 571 tiuncula
1992 514 2256 585 tuberque
2294 515 2605 583 collectum,
2638 524 2690 571 et
2714 515 2923 584 reliquo
2949 530 3185 587 corpore
3207 533 3300 573 se-

1697 618 1967 680 paratum.
2012 606 2252 663 Ecclesia
2289 616 2362 663 est
2413 607 2660 680 templum
2689 607 2785 664 Dei
2812 624 2830 664 :
2862 609 3123 680 templum
3150 592 3325 667 certe.

1700 700 2049 774 ampliﬁcum,
2080 700 2265 756 domus
2288 717 2493 773 magna,
2526 700 2732 757 habens
2753 700 2970 773 quidem
3000 716 3123 755 uasa
3148 717 3309 757 aurea

1701 804 1750 850 et
1778 804 2045 867 argentea,
2074 795 2165 850 sed
2208 803 2255 848 et
2277 795 2449 866 lignea
2478 805 2523 849 et
2552 795 2768 865 ﬁctilia,
2792 800 3029 866 quantum
3068 795 3124 849 in
3140 795 3306 851 hono-

1702 903 1829 955 rem,
1856 885 2028 942 multa
2057 899 2190 942 vero
2239 885 2527 958 magniﬁca
2563 886 2620 943 in
2663 885 2991 958 multiplices
3038 902 3166 943 usus
3194 902 3311 959 Lva-

1705 983 1910 1038 riorum
1934 995 2159 1053 operum
2181 980 2453 1037 destinata
2476 980 2545 1052 (ιι
2577 980 2713 1037 Tim.
2739 997 2801 1048 ιι,
2823 980 2940 1054 20).
2970 981 3207 1038 Ecclesia
3226 990 3306 1037 est

1636 1140 1651 1153 η
1706 1074 1848 1145 virgo
1874 1082 2075 1140 sancta,
2109 1074 2413 1129 castissimis
2434 1073 2692 1141 sensibus,
2723 1091 2917 1145 sponsa
2941 1075 3155 1132 Christi.
3184 1075 3311 1132 Viro

1707 1183 1807 1239 go;
1830 1183 2016 1225 verum
2048 1176 2133 1225 est
2177 1186 2190 1223 :
2239 1168 2334 1225 sed
2367 1176 2422 1225 et
2452 1177 2647 1225 mater.
2693 1168 2939 1236 Sponsa;
2963 1171 3308 1226 manifestum

1710 1268 1827 1317 est:
1860 1261 1956 1317 sed
1987 1270 2041 1318 et
2062 1277 2205 1317 uxor
2230 1271 2285 1318 et
2311 1260 2509 1332 coniux
2535 1261 2598 1316 de
2621 1262 2729 1316 viro
2760 1278 2852 1317 suo
2878 1271 3084 1331 sumpta
3116 1261 3305 1318 :ideo-

1710 1369 1815 1426 que
1846 1371 1902 1409 os
1930 1355 1993 1409 de
2018 1355 2215 1410 ossibus
2245 1355 2383 1426 ejus,
2405 1363 2455 1410 et
2482 1371 2602 1409 caro
2630 1355 2696 1409 de
2737 1372 2891 1409 carne
2913 1354 3069 1426 (Gen.
3103 1372 3160 1424 ιι,
3188 1355 3308 1426 25).

1711 1446 1848 1503 Nam
1875 1448 1943 1505 de
1960 1449 2063 1506 hac
2090 1449 2261 1505 David
2280 1449 2415 1505 dixit
2448 1467 2461 1504 :
2493 1448 2637 1505 Uxor
2674 1459 2763 1505 tua
2792 1450 2926 1504 sicut
2952 1451 3063 1505 t'itis
3089 1450 3314 1522 fecunda

1712 1540 1767 1595 in
1794 1542 2041 1598 lateribus
2062 1543 2245 1599 domus
2273 1551 2375 1598 tuae
2397 1559 2416 1597 :
2443 1543 2543 1613 ﬁlii
2564 1545 2643 1597 tui
2664 1544 2793 1598 sicut
2819 1542 3034 1599 novella:
3062 1545 3318 1600 olivarum

1713 1636 1769 1690 in
1796 1637 2014 1692 circuitu
2045 1647 2349 1694 ntenstetute
2372 1636 2550 1710 (Psal.
2580 1653 2786 1707 cxxvu,
2818 1638 2900 1711 5).
2924 1639 3126 1696 Multus
3151 1640 3317 1711 igitur

1717 1728 1843 1786 huic
1894 1730 2090 1802 virgini
2119 1740 2308 1801 partus
2336 1739 2391 1787 et
2432 1732 2612 1801 proles
2663 1731 2973 1800 innumera,
3010 1748 3118 1805 qua
3171 1741 3322 1790 totus

21 1821 351 1893 recipiendo,
382 1822 686 1894 perierunt.
711 1822 892 1879 Taceo
919 1838 1012 1891 ne,
1045 1821 1163 1878 haec
1201 1822 1421 1894 quidem
1448 1823 1618 1879 collc-
1646 1826 1696 1888 Β
1722 1823 1871 1879 orbis
1901 1823 2177 1895 impletur,
2208 1839 2313 1895 qua
2366 1823 2699 1880 circumﬂuis
2740 1839 2958 1895 semper
3014 1824 3324 1881 alvearibus

14 1916 131 1988 gio,
177 1915 324 1989 quod
373 1916 623 1973 libellum
654 1915 723 1973 de
747 1916 1100 1988 negatoribus
1126 1916 1211 1973 vel
1255 1917 1423 1990 lapsis
1478 1917 1621 1973 reci-

20 2008 227 2080 piendis
254 2008 589 2066 Novatiauus
637 2018 842 2075 vester,
885 2025 1008 2066 cum
1059 2010 1238 2067 adhuc
1287 2011 1342 2065 in
1374 2010 1623 2067 Ecclesia

22 2101 260 2173 degeret,
294 2110 349 2159 et
376 2101 594 2174 scripsit
620 2112 677 2160 et
723 2103 895 2160 suasit
923 2114 979 2160 et
1021 2103 1186 2177 legit?
1228 2103 1476 2173 Interim,
1533 2104 1622 2161 cui

22 2196 351 2267 persuadere
373 2198 599 2268 poteris,
618 2198 762 2270 quod
789 2199 954 2271 lapsis
976 2199 1211 2270 receptis
1234 2200 1483 2257 Ecclesia
1505 2208 1619 2256 tota

22 2288 362 2345 conciderit?
387 2289 543 2359 Quod
567 2290 822 2348 admissis
849 2292 1266 2364 pmnitentibus,
1324 2292 1621 2349 admitten-

26 2382 154 2439 tium
178 2384 412 2455 populus
444 2394 673 2457 negator
690 2384 920 2442 ell‘ectus
942 2388 1013 2443 sit
1034 2387 1058 2441 ?
1078 2386 1236 2455 Quod
1265 2387 1310 2443 si
1339 2396 1396 2445 et
1421 2387 1620 2444 remis-

23 2477 131 2532 sior
153 2478 314 2550 plebs
333 2478 514 2550 aliqua
539 2478 659 2547 luit,
695 2481 859 2536 etiam
891 2490 1108 2536 eceterae
1138 2496 1260 2551 qua:
1291 2495 1399 2537 non
1426 2480 1625 2536 factum

31 2573 147 2642 ejus
174 2571 484 2642 probarint,
508 2572 605 2629 sed
636 2573 1091 2630 consuetudinem
1116 2583 1172 2631 et
1194 2589 1383 2645 pacem
1422 2582 1628 2630 secuta:

26 2664 147 2731 sint,
171 2664 543 2721 Christianum
572 2682 640 2722 ne
667 2681 865 2723 nomen
893 2668 1235 2724 amiserunt?
1262 2667 1468 2739 Accipe
1498 2668 1625 2722 Ilie-

30 2757 212 2813 remizn
264 2772 454 2815 vocem
493 2758 606 2815 :In
656 2760 836 2815 diebus
891 2760 999 2816 illis
1048 2778 1152 2816 non
1192 2761 1406 2828 .dicent,
1440 2759 1627 2816 Patres

32 2851 465 2907 manducarerunt
495 2870 645 2907 uvam
675 2855 935 2923 acerbam,
963 2865 1010 2909 et
1038 2854 1212 2909 dentes
1254 2855 1488 2925 ﬁliorum
1518 2864 1629 2909 stu-

32 2956 245 3016 puerunt
275 2947 412 3002 :setl
468 2948 816 3017 unusquisque
869 2948 924 3002 in
976 2964 1071 3003 suo
1123 2955 1333 3018 peccato
1383 2948 1630 3000 morietur

32 3039 239 3111 (Jerem.
273 3058 421 3105 xxxi,
448 3041 541 3110 29,
574 3043 688 3112 50).
733 3041 842 3099 Nec
883 3043 1027 3112 apud
1082 3042 1432 3099 Ezechielem
1485 3050 1632 3097 tacet

35 3131 296 3189 Dominus
332 3152 344 3189 :
376 3133 647 3202 Quomodo
678 3135 852 3189 anima
875 3136 1062 3207 patris,
1093 3136 1167 3189 ita
1194 3143 1241 3188 et
1290 3134 1467 3188 anima
1510 3133 1630 3203 ﬁlii,

1723 1919 2045 1991 populosum
2073 1919 2249 1976 fervet
2268 1934 2524 1976 examen.
2558 1918 2752 1990 Magna
2798 1920 2851 1974 in
2881 1918 3025 1975 ﬁlios
3046 1933 3174 1975 cura
3203 1933 3322 1975 ma-

1724 2011 1822 2067 tris
1848 2011 2024 2078 istius,
2049 2020 2104 2067 et
2131 2011 2316 2069 mollis
2346 2012 2573 2068 allectus
2605 2029 2619 2066 :
2654 2010 2995 2067 inmorantur
3018 2011 3172 2076 boni,
3203 2026 3326 2067 cas-

1723 2106 1961 2180 ligantur
1990 2108 2234 2178 superbi,
2258 2116 2521 2164 curantur
2561 2106 2751 2179 (egroti
2784 2124 2796 2159 :
2828 2106 3012 2162 nullus
3046 2105 3207 2177 perit,
3231 2121 3329 2162 ne-

1724 2216 1815 2257 mo
1840 2201 2178 2272 despicitur:
2227 2201 2403 2257 securi
2450 2199 2591 2256 fetus
2632 2199 2736 2255 sub
2763 2198 3096 2269 indulgentia
3131 2202 3330 2255 matris
3418 2262 3421 2267 ν

1726 2293 2045 2351 retinentur.
2082 2293 2318 2348 Ecclesia
2358 2304 2432 2347 est
2477 2308 2577 2346 non
2621 2292 2810 2346 habens
2859 2290 3117 2345 maculam
3164 2306 3329 2360 neque

1724 2407 1908 2463 rugam
1934 2388 2157 2461 (Ephes.
2190 2404 2243 2455 v,
2265 2386 2361 2460 27)
2393 2404 2406 2439 :
2443 2384 2546 2441 hoc
2574 2394 2677 2451 est,
2707 2384 2945 2441 licereses
2969 2397 3075 2439 non
3095 2382 3326 2448 habens,

1727 2497 1835 2539 non
1868 2481 2211 2548 Valentinos,
2248 2495 2359 2535 non
2383 2476 2778 2550 Cataphrygas,
2814 2490 2925 2533 non
2966 2475 3322 2531 Novatianos.

1728 2575 1785 2631 In
1832 2575 1917 2630 his
1943 2584 2069 2630 sunt
2100 2572 2243 2630 enim
2292 2572 2515 2645 quidam
2555 2572 2707 2627 sinus
2739 2569 3005 2626 maculosi
3050 2578 3217 2640 atque
3237 2583 3334 2624 ru—

1727 2652 1869 2738 gosi,
1894 2665 2255 2736 pretiosarum
2287 2664 2520 2718 vestium
2538 2663 2824 2718 ornatibus
2856 2660 3181 2717 invidentes.
3212 2657 3334 2715 Ca:-

1732 2768 1931 2824 terum,
1961 2766 2215 2828 peccator
2243 2755 2627 2827 et'pteuitens,
2673 2771 2782 2810 non
2810 2764 2893 2809 est
2929 2752 3190 2810 Ecclesiae
3221 2766 3339 2807 ma-

1731 2852 1851 2907 cula
1873 2867 1888 2917 ;
1914 2851 2039 2922 quia
2064 2849 2093 2888 b
2120 2850 2380 2919 quamdiu
2408 2857 2617 2919 peccat,
2667 2856 2722 2901 et
2752 2862 2863 2901 non
2896 2844 3150 2916 pcenitet,
3183 2852 3338 2901 extra

1733 2945 2033 3001 Ecclesiam
2066 2944 2395 2998 constitutus
2420 2951 2523 2996 est.
2569 2940 2674 2996 Ubi
2715 2939 2919 2994 desinit
2946 2952 3197 3008 peccare,
3224 2937 3338 3006 jam

1734 3054 1901 3096 sanus
1930 3048 2033 3094 est.
2066 3038 2367 3092 ll;t-relit:us
2390 3051 2520 3091 vero
2545 3044 2744 3091 vestem
2776 3034 3012 3095 Domini,
3036 3032 3339 3087 Ecclesiam

1737 3132 1962 3196 ChriSti,
2002 3131 2219 3195 scindit,
2253 3130 2551 3199 intercipit,
2584 3128 2759 3187 vitiat.
2791 3129 3017 3197 irrugat.
3040 3124 3343 3180 Cumenim

37 3243 156 3281 mea:
221 3237 363 3282 sunt.
430 3226 792 3299 Unusquisque
863 3229 916 3281 in
987 3244 1081 3282 suo
1134 3235 1339 3298 peccato
1390 3227 1635 3280 morietur
1664 3224 1710 3289 C
1741 3226 2040 3291 schismata,
2074 3225 2271 3294 inquit,
2302 3233 2349 3277 et
2377 3223 2724 3275 contentiones
2752 3222 2805 3274 in
2836 3221 2975 3274 vobis
3014 3220 3139 3284 sint,
3174 3234 3345 3272 nonne

37 3318 245 3389 (Ezech.
279 3335 436 3389 xvnt,
472 3321 549 3392 Α).
576 3319 708 3375 Item
738 3318 880 3375 infra
906 3338 918 3374 :
946 3318 1115 3376 Filius
1136 3337 1242 3376 non
1266 3321 1487 3391 accipiet
1508 3320 1642 3391 faci-

37 3435 126 3472 nus
152 3417 340 3491 patris,
366 3432 529 3488 neque
572 3427 720 3487 pater
768 3416 987 3486 accipiet
1017 3416 1218 3488 facinus
1249 3415 1350 3486 ﬁlii
1387 3413 1644 3469 :Justitia

38 3512 333 3582 iustisuper
359 3526 474 3565 eum
501 3509 599 3564 erit
632 3508 828 3579 (Ibid,
855 3508 972 3581 20).
1020 3508 1141 3578 Ipse
1191 3519 1249 3564 tu
1300 3508 1432 3564 illud
1487 3506 1646 3578 ponis

41 3603 349 3673 exemplum
379 3619 391 3656 :
423 3601 494 3657 Et
516 3602 560 3656 si
610 3602 806 3674 fuerint
861 3614 960 3655 tres
992 3601 1045 3655 hi
1071 3602 1123 3655 in
1152 3601 1341 3669 medio,
1375 3599 1514 3669 Noe,
1544 3599 1645 3655 Job

44 3707 88 3751 et
138 3695 354 3763 Daniel,
400 3713 503 3752 non
547 3695 835 3751 liberabant
865 3696 1004 3766 ﬁlios
1032 3712 1192 3767 neque
1212 3697 1349 3767 ﬁlius
1382 3697 1523 3768 :ipsi
1546 3696 1645 3750 soli

43 3791 334 3847 salrierunt
359 3789 576 3863 (Exeo/1.
607 3806 722 3859 xiv,
751 3790 867 3861 I6).
894 3791 1037 3848 Ecce
1065 3792 1200 3848 salvi
1245 3800 1374 3847 sunt
1420 3791 1524 3862 ipsi
1554 3789 1648 3862 qui

45 3885 98 3941 in
127 3885 313 3942 medio
340 3887 681 3957 peccantium
711 3886 994 3943 constituti
1019 3894 1165 3955 sunt,
1197 3888 1291 3958 qui
1338 3887 1472 3942 alios
1514 3886 1649 3942 libe-

52 3998 177 4039 rare
200 3997 311 4039 non
342 3990 593 4053 possunt.
622 3980 707 4038 'I‘u
731 3990 906 4037 totum
938 3982 1125 4039 orbem
1177 3995 1475 4052 paucorum
1533 3981 1649 4037 viu-

49 4075 180 4131 culis
208 4075 401 4147 alligas
429 4092 444 4130 :
475 4084 534 4131 tu
561 4082 733 4132 totam
784 4074 1086 4130 Ecclesiam
1141 4075 1352 4145 exiguae
1383 4073 1651 4145 portionis

47 4168 364 4225 inlirmitate
391 4168 746 4225 condemnas.
794 4165 933 4236 Quid
985 4165 1129 4236 apud
1154 4174 1211 4221 te
1234 4166 1408 4221 sancti
1438 4178 1648 4230 omnes,

1743 3321 1978 3376 carnales
2008 3319 2217 3385 eslis,el
2248 3318 2529 3374 secundum
2551 3315 2808 3368 hominem
2836 3312 3115 3369 ambulatis
3148 3313 3189 3381 (Ι
3219 3311 3342 3366 Cor.

1743 3430 1823 3481 ιιι,
1864 3413 1968 3485 5)?
1997 3413 2104 3469 Sed
2152 3420 2228 3479 et,
2256 3427 2422 3466 sermo
2471 3424 2647 3464 eorum
2676 3408 2824 3479 quasi
2878 3423 3057 3462 cancer
3088 3407 3244 3476 serpit
3275 3405 3350 3475 (Il

1747 3507 1879 3563 Tim.
1914 3524 1970 3574 ιι,
2018 3507 2110 3577 17)
2153 3523 2165 3560 :
2214 3505 2332 3561 ιιωο
2373 3513 2456 3559 est
2500 3504 2707 3559 macula
2753 3500 3011 3565 unitatis,
3041 3499 3157 3555 haec
3186 3514 3343 3568 ruga.

1747 3600 1995 3671 Denique
2016 3599 2107 3655 ubi
2132 3613 2297 3669 super
2325 3598 2407 3653 his
2431 3597 2724 3668 Apostolus
2754 3595 2994 3665 loquitur
3023 3612 3035 3649 :
3063 3593 3131 3649 de
3155 3606 3345 3647 amore

1746 3693 1951 3749 Christi
1974 3701 2028 3748 et
2058 3693 2349 3749 dilectione
2378 3690 2649 3762 proponit.
2670 3689 2816 3746 Sicut
2847 3687 3105 3756 Christus,
3139 3686 3337 3756 inquit,

1748 3785 1930 3842 dilexit
1959 3784 2267 3851 Ecclesiam,
2296 3795 2346 3839 et
2372 3801 2427 3841 se
2450 3785 2621 3855 ipsum
2648 3782 2865 3837 tradidit
2889 3798 2984 3853 pro
3027 3796 3089 3835 ea
3118 3778 3343 3853 (Ephes.

1749 3896 1804 3948 v,
1826 3880 1940 3952 25);
1975 3892 2031 3936 ut
2058 3880 2348 3936 haereticos
2378 3886 2767 3945 sumntoveret,
2799 3876 2928 3948 quia
2961 3874 3190 3946 diligere
3238 3890 3348 3930 non

1750 3984 2043 4031 noverunt.
2072 3973 2365 4043 Caeterum,
2388 3988 2486 4029 cur
2515 3972 2631 4028 haec
2645 3964 2849 4028 misero
2878 3968 3199 4042 poenitenti?
3221 3971 3350 4040 quia

1751 4077 1805 4125 et
1831 4083 2014 4124 amare
2039 4077 2190 4140 optat
2216 4076 2271 4125 et
2293 4067 2484 4123 amari.

1825 4161 1892 4217 V.
1924 4161 2158 4217 Ecclesia
2195 4172 2291 4229 est,
2324 4162 2524 4234 integra
2563 4160 2964 4231 Evangeliorum
3008 4164 3141 4232 jura
3182 4168 3356 4214 custo-

52 4278 186 4334 quos
213 4262 460 4319 Novatus
488 4260 696 4328 erudit,
727 4272 865 4330 quos
891 4258 1180 4314 Evaristus
1202 4257 1540 4329 elegit,quos
1562 4256 1655 4310 Ni-
1754 4254 1922 4309 diens.
1952 4255 2167 4325 Integra
2196 4255 2384 4323 utique
2415 4254 2539 4322 quia
2573 4262 2704 4320 tota,
2729 4253 2853 4323 quia
2885 4252 3064 4322 plena.
3090 4250 3189 4307 Ubi
3215 4265 3354 4321 pra:-

52 4364 321 4412 costratus
348 4354 560 4423 docuit,
584 4367 721 4425 quos
749 4350 1084 4408 Novatianus
1105 4349 1381 4406 instituit?
1420 4349 1504 4405 Tu
1550 4349 1657 4419 spi-

1755 4348 1923 4403 mium
1954 4346 2204 4403 ﬁdelibus
2227 4346 2412 4412 datur,
2446 4344 2534 4400 ubi
2568 4344 2782 4400 miseris
2827 4342 3081 4415 lacrymie
3111 4358 3224 4399 non
3256 4358 3346 4399 ne-

54 4465 151 4507 nas
179 4459 236 4507 et
259 4448 489 4505 tribulos
513 4446 798 4518 refugisti:
832 4456 889 4502 ιιι
911 4459 1019 4500 non
1050 4444 1220 4501 habes
1267 4444 1322 4500 in
1373 4451 1462 4498 tua
1501 4442 1656 4514 fruge
1756 4449 1978 4513 gantur,
2011 4441 2102 4496 ubi
2129 4448 2395 4496 curantur
2423 4438 2637 4509 aegroti,
2672 4437 2761 4492 ubi
2788 4435 2925 4491 nihil
2973 4434 3078 4492 sibi
3105 4434 3347 4491 vindicat

57 4544 257 4599 zizania
293 4560 306 4596 :
336 4541 434 4600 tibi
484 4541 596 4612 jam
650 4554 820 4612 grana
875 4547 1102 4611 purgata
1151 4545 1321 4594 sunt:
1352 4536 1420 4593 ad
1453 4548 1506 4594 te
1534 4537 1655 4593 sine
1758 4533 1999 4589 insolens
2030 4533 2235 4589 sanitas
2274 4540 2331 4588 et
2375 4530 2608 4602 superba
2632 4529 2870 4600 iustitia,
2898 4526 2989 4585 ubi
3016 4527 3250 4584 sollicita
3273 4529 3355 4597 ,ιιι

58 4638 359 4694 ventilabro
382 4643 641 4707 purgator
668 4634 762 4691 ille
790 4642 1053 4690 venturus
1080 4640 1165 4689 est
1197 4630 1411 4703 (Matth.
1435 4646 1516 4701 ιιι,
1544 4629 1659 4703 12)ι
1681 4623 1737 4685 D
1764 4627 2017 4684 omnibus
2046 4625 2283 4682 cltaritas
2329 4632 2663 4697 perseverat,
2696 4622 2869 4677 omnia
2923 4621 3159 4690 credens,
3185 4622 3364 4677 omnia

60 4742 114 4788 tu
145 4732 299 4788 solus
320 4746 385 4787 ex
409 4732 663 4787 omnibus
689 4730 877 4802 paleas
900 4743 1009 4785 non
1040 4726 1305 4784 habebis?

130 4826 221 4881 IV.
252 4828 387 4897 Age,
413 4825 502 4883 dic
530 4825 736 4896 reliqua
788 4841 803 4879 :
836 4824 1073 4881 Ecclesia
1102 4832 1178 4880 est
1232 4838 1421 4894 corpus
1449 4821 1660 4879 Christi.

1140 4932 1342 4990 corpus
1378 4917 1566 4973 multis
1609 4916 1664 4972 in
1765 4905 2173 4972 scandalizatur,
2208 4915 2256 4960 et
2305 4922 2396 4978 ego
2422 4923 2524 4961 non
2549 4921 2671 4961 uror
2697 4904 2767 4978 (II
2816 4902 2936 4959 Cor.
2966 4918 3043 4969 xt,
3085 4900 3229 4984 29)?
3258 4898 3366 4956 Ubi

60 4922 274 4995 Corpus
320 4922 528 4994 utique,
561 4937 671 4977 non
717 4922 1021 4978 membrum
1070 4938 1085 4974 :

1759 4738 1997 4795 sperans,
2031 4722 2203 4777 omnia
2251 4720 2507 4777 sustinens
2531 4718 2577 4791 (ι
2604 4717 2722 4775 Cor.
2780 4732 2897 4786 xm,
2929 4715 2986 4789 7)
3010 4716 3185 4785 ,Unde
3223 4716 3359 4772 illud

1765 4814 2013 4887 Apostoli
2047 4832 2062 4871 :
2098 4813 2227 4883 Quis
2253 4813 2490 4884 inﬁrmus
2510 4820 2606 4880 est,
2628 4822 2672 4867 et
2701 4828 2801 4866 non
2824 4826 2918 4883 ego
2956 4810 3209 4880 inﬁrmor.
3235 4807 3363 4873 Quis

62 4994 230 5072 unum
286 5015 532 5086 partibus
583 5015 953 5087 membrisque
1010 5013 1305 5070 collectum
1336 5053 1351 5081 ,
1395 5010 1538 5067 sicut
1592 5009 1669 5064 ait
1768 5014 1937 5057 onera
1962 5014 2059 5055 sua
2091 5000 2461 5056 sustinellola
2490 4998 2803 5055 fraternitas
2850 4994 3219 5087 communilel‘
3269 4994 3368 5087 d9-

63 5108 361 5181 Apostolus
390 5127 404 5165 :
430 5107 568 5163 Nam
619 5118 667 5164 et
720 5125 909 5180 corpus
936 5124 1040 5163 non
1066 5116 1139 5161 est
1165 5122 1328 5162 unum
1361 5103 1664 5170 membrum,

65 5204 156 5258 sed
176 5201 343 5256 multa
373 5200 419 5274 (Ι
443 5198 567 5257 Cor.
591 5216 686 5269 xu,
731 5200 846 5271 M).
877 5199 1021 5270 Ergo
1048 5197 1296 5254 Ecclesia
1336 5196 1557 5269 plenum
1584 5201 1669 5249 est

68 5308 290 5365 corpus,
316 5302 343 5331 α
365 5302 419 5350 et
437 5306 636 5364 corpus
657 5303 714 5349 et
741 5290 1001 5355 solidum,
1022 5296 1082 5346 et
1101 5297 1216 5346 toto
1245 5289 1357 5360 iam
1395 5290 1527 5346 orbe
1564 5286 1670 5343 dil-

71 5388 276 5447 lusum.
303 5387 453 5446 Sicut
473 5386 683 5455 civitas,
714 5384 956 5457 inquam,
988 5381 1147 5455 cujus
1176 5390 1361 5455 partes
1395 5382 1451 5439 in
1475 5397 1665 5449 unum;

1771 5096 1910 5161 lens,
1942 5102 2124 5151 mutua
2178 5094 2379 5165 pietate
2434 5106 2649 5148 secura.
2691 5089 2887 5146 Cuncti
2916 5086 3150 5144 invicem
3206 5086 3374 5142 susti-

1775 5198 1970 5247 nentes
2001 5189 2056 5244 in
2108 5186 2423 5252 dilectione,
2472 5184 2597 5240 satis
2624 5192 2829 5255 agentes
2871 5197 3075 5238 servare
3120 5181 3374 5235 unitatem

1776 5284 2007 5356 Spiritus
2032 5282 2087 5337 in
2111 5279 2470 5354 conjunctione
2496 5276 2639 5349 pacis
2667 5272 2885 5347 (Ephes.
2917 5288 2991 5342 tv,
3010 5271 3089 5344 ὅ).
3122 5271 3241 5328 Hoc
3269 5272 3378 5327 erit

1779 5376 2049 5444 Ecclesia,
2078 5371 2477 5447 Symproniane
2518 5368 2721 5435 frater;
2753 5367 2855 5424 hoc
2884 5366 2991 5423 erit
3038 5365 3271 5438 populus
3311 5382 3382 5423 ex

79 5585 91 5594 ·
148 5591 173 5620 α
220 5578 287 5636 ει
529 5586 578 5633 ει
604 5570 1248 5653 ροιεαιιηι-Ειιειίηιρτίιη
1298 5571 1548 5644 cuidem
1586 5578 1682 5653 aut
1786 5550 3385 5653 N°Yeliae°EQE‘ltiuiiltlS‘.l?’£‘3.l‘1‘l93§§‘£93-?£9£3:

75 5653 373 5711 delendam
409 5644 794 5723 posteriorem
843 5645 1284 5723 coniunctionem
1306 5684 1322 5710 ,
1369 5655 1465 5723 aut
1500 5644 1682 5713 potius

78 5726 296 5781 duabus
318 5715 595 5795 prioribus
616 5720 830 5777 vocalis
850 5715 1162 5789 expunctis,
1189 5715 1482 5789 legendum
1514 5725 1562 5770 et
1593 5731 1682 5771 so-

85 5796 277 5852 (idum.

155 5868 184 5907 δ
237 5865 504 5936 Quamdiu
524 5874 695 5938 peccat
724 5865 1033 5923 constitutus
1061 5871 1161 5920 est.
1209 5860 1388 5920 Locus
1413 5856 1632 5917 videtur
1659 5872 1688 5912 a

453 5960 731 6024 Ρλτιιοι..
778 5957 958 6023 XIII.

1789 5639 2003 5695 toribus
2031 5637 2085 5692 in
2108 5624 2365 5690 haeresim
2391 5630 2586 5702 lapsis,
2610 5635 2669 5682 ut
2706 5624 2997 5702 adnotavit
3022 5624 3389 5686 Bellarminus

1790 5710 1888 5767 lib.
1933 5726 1994 5767 ιιι
2023 5708 2086 5762 de
2124 5704 2360 5761 Ecclesia
2384 5696 2510 5774 cap.
2562 5699 2620 5769 9,
2650 5696 2722 5756 ad
2770 5696 3066 5769 septimum
3093 5712 3390 5770 argumen.

1793 5792 1931 5842 tum.
1962 5782 2217 5843 ansrcn.

2877 5934 2955 5999 31s

3822 1114 3825 1257 ι
