4048 6350
547 275 688 334 1067

1923 252 2175 315 SANCTI
2213 247 2495 310 PACIANI

3656 256 3763 316 lilin

542 405 679 464 aqua
704 397 758 445 et
779 385 980 460 Spiritu
1001 389 1189 440 sancto
1213 381 1436 438 renatus
1457 376 1510 434 in
1532 373 1773 432 Christo.
1795 371 2012 438 Nescio,
2045 370 2146 434 ais,
2179 365 2232 432 Α
2260 364 2336 424 lio
2359 363 2639 464 conﬂaret
2658 361 2940 420 invidiam.
2985 359 3090 464 Dat
3125 373 3316 420 eorum
3349 360 3586 432 epistolas
3610 367 3664 422 ad
3681 367 3762 424 lto-

542 462 612 542 an
640 481 841 540 remitti
895 485 1179 550 peccatum
1209 473 1278 529 ab
1313 472 1586 544 episcopis
1619 467 1811 537 possit,
1844 480 1966 520 cum
1996 462 2149 518 dixe-

542 581 614 634 rit
648 576 906 634 Dominus
932 591 950 630 :
984 571 1090 638 Qui
1117 586 1196 634 me
1224 567 1486 640 negauerit
1507 579 1682 620 coram
1712 558 2144 622 hominibus,{ne-

544 671 676 746 gaba
707 686 822 724 eum
843 685 1016 724 coram
1061 643 1220 722 Patre
1241 680 1352 720 meo
1387 661 1477 733 qui
1502 661 1556 714 in
1577 656 1720 716 culis
1747 667 1821 710 est
1848 650 2069 746 (Mattlt.
2092 666 2146 719 x,

541 743 654 834 '33).
683 763 794 822 Cur
827 762 991 834 igitur
1035 758 1377 814 Novatianus
1432 764 1598 818 tuus,
1634 764 1702 806 ne
1745 747 1883 803 falso
1926 743 2147 815 quidem

538 855 716 912 adhuc
745 855 1064 926 episcOpatu
1097 848 1382 914 sacerdos,
1416 846 1582 916 longe
1604 852 1912 912 antequam
1937 838 2145 894 Corne-

543 949 651 1008 lius
682 948 871 1006 lioma:
921 946 1214 1016 episcopus
1247 941 1432 1005 lieres,
1465 947 1595 994 ante
1625 949 1786 1008 quam
1842 929 2151 987 sacerdotio

539 1041 688 1100 illius
749 1039 1046 1102 invideret.
1076 1037 1193 1092 hare
1223 1033 1428 1090 suasit?
1460 1029 1644 1088 Habes
1683 1022 1949 1098 Cypriani
1996 1018 2150 1076 testi—

544 1136 791 1194 monium
819 1150 834 1199 ;
863 1129 1122 1203 Cypriani
1167 1143 1331 1200 quem
1363 1140 1466 1180 nec
1498 1137 1594 1178 vos
1638 1133 1892 1192 umquam
1916 1113 2148 1172 infama-

541 1245 607 1287 re
637 1227 913 1299 potuistis.
947 1224 1081 1280 Nnm
1122 1221 1362 1294 quodam
1391 1219 1444 1273 in
1481 1217 1623 1278 loco,
1667 1212 1733 1268 ad
1781 1209 2148 1266 Antonianum

541 1324 654 1382 hoc
683 1323 847 1378 modo
868 1318 1132 1390 scripsit:
1180 1325 1204 1352 ι
1233 1315 1482 1370 Additum
1523 1319 1597 1366 est
1649 1308 1803 1362 etiam
1856 1301 2151 1358 Noratiano

543 1428 665 1474 tunc
706 1415 987 1480 scribente;
1020 1410 1225 1482 etquod
1269 1407 1570 1478 scripserat.
1597 1420 1689 1458 tua
1715 1415 1836 1456 voce
1883 1397 2151 1460 recitante;

541 1521 589 1569 et
635 1509 842 1582 Moyse,
873 1517 992 1564 tunc
1021 1508 1315 1576 coufessore
1337 1516 1473 1556 nunc
1501 1500 1617 1568 jam
1641 1504 1871 1566 martyre
1927 1488 2152 1546 subscri-

545 1605 727 1672 bente;
751 1612 807 1660 ut
846 1601 1010 1671 lapsis
1033 1598 1254 1670 inﬁrmis
1273 1605 1321 1652 et
1353 1596 1404 1650 in
1437 1595 1577 1650 exitu
1609 1588 1897 1646 constitutis
1922 1601 2023 1656 pax
2051 1583 2150 1636 da-

541 1710 686 1756 retur
712 1715 730 1754 :
756 1712 871 1770 qui:
891 1694 1080 1750 littera
1106 1709 1196 1765 per
1217 1703 1378 1746 totum
1406 1687 1654 1744 "tundunt
1677 1684 1846 1738 misste
1867 1689 2003 1743 sunt,
2030 1686 2076 1734 et
2098 1677 2153 1730 in

2253 457 2550 514 vatianum.
2580 455 2680 511 Ille
2729 471 2796 512 ex
2846 453 3173 510 auctoritate
3199 453 3552 524 epistularum,
3589 457 3765 518 sedente

2248 551 2361 621 jam
2390 551 2578 607 Romae
2597 548 3188 622 episcopo,adversum
3221 546 3299 602 ias
3326 549 3590 606 sacerdotii
3622 554 3765 623 singu-

2253 643 2403 712 laris,
2437 644 2663 700 alterius
2693 640 2939 712 episcOpi
2971 640 3076 697 sibi
3106 655 3304 696 nomen
3332 641 3542 700 assumit
3568 661 3579 697 :
3604 642 3764 703 Corne-

2251 737 2383 792 lium
2409 736 2576 808 lapsis
2601 733 3041 794 communicasse
3066 733 3241 801 arguit
3276 751 3288 786 :
3329 747 3388 788 se
3421 733 3632 796 vindieat
3652 739 3769 794 inno-

2251 838 2486 888 centem.
2511 828 2716 884 Contra
2736 829 2880 884 hunc
2897 825 3029 884 mihi
3055 824 3331 884 reddenda
3352 825 3482 884 ratio
3507 836 3599 894 est,
3623 840 3770 890 contra

2255 926 2399 984 hunc
2419 924 2749 982 asserendus
2771 923 2968 995 pudor,
3003 933 3196 978 contra
3222 920 3365 980 bune
3391 922 3491 978 vita
3533 925 3768 994 purganda.

2327 1019 2438 1078 VII.
2490 1020 2596 1077 Sed
2622 1029 2678 1076 et
2717 1035 2837 1083 vos,
2895 1017 3134 1088 inquies,
3160 1016 3401 1086 episcopi
3425 1017 3541 1076 talia
3579 1033 3660 1076 cur
3681 1034 3772 1090 pro-

2252 1113 2432 1170 batis?
2482 1114 2642 1172 Dicat
2684 1112 2786 1168 hoc
2836 1112 3024 1168 alius:
3077 1118 3134 1166 tu
3190 1109 3532 1170 Novatianttm
3575 1099 3772 1168 defendo.

2253 1205 2646 1262 lneacusabilis
2670 1203 2918 1260 videatur
2968 1202 3083 1258 haec
3114 1201 3330 1258 exteris
3357 1217 3530 1270 causa,
3567 1203 3648 1258 tibi
3682 1205 3777 1260 licet.

2251 1309 2404 1370 grata
2435 1301 2525 1354 sit.
2559 1299 2678 1354 Tibi
2711 1300 2976 1356 innocens
3004 1297 3097 1362 sit,
3151 1297 3396 1368 quisquis
3424 1304 3504 1354 est
3533 1313 3618 1368 pro
3643 1309 3684 1354 te
3706 1315 3778 1354 nor

2254 1407 2404 1448 cens.
2430 1390 2510 1450 Ne
2549 1391 2898 1450 accusaveris
2929 1389 3093 1445 alium
3122 1406 3188 1444 eo
3221 1389 3467 1456 crimine,
3495 1404 3590 1461 quo
3629 1399 3673 1445 tu
3698 1406 3776 1446 non

2258 1495 2412 1557 potes
2439 1485 2685 1542 liberari.
2709 1484 2848 1555 Age,
2873 1483 2985 1555 jam
3021 1493 3194 1540 totum
3223 1483 3478 1554 pudorem
3510 1499 3596 1542 nos
3619 1485 3780 1554 episeo-

2255 1578 2306 1648 pi
2337 1577 2654 1642 debeamus,
2708 1576 2835 1648 quia
2887 1586 2942 1632 et
2993 1575 3370 1646 apostolorum
3403 1590 3581 1631 nomen
3619 1577 3782 1647 accepi-

2258 1686 2402 1736 mus,
2434 1671 2560 1742 quia
2616 1669 2822 1726 Christi
2878 1667 3248 1740 appellatione
3294 1668 3578 1740 signantur.
3621 1668 3783 1739 Negan-

545 1763 785 1850 non-“an,
811 1789 1042 1848 εσοιεεείε
1069 1763 1305 1844 omni“.
1328 1785 1540 1853 ρεπιαιω
1563 1789 1702 1836 sunt.
1725 1777 1863 1845 Quid
1884 1778 1985 1835 ais.
2003 1774 2162 1846 Sym-
2193 1766 2241 1836 Β
2271 1776 2404 1831 tom,
2462 1765 2664 1836 inquis,
2717 1764 2978 1822 Dominus
3037 1773 3196 1836 negat
3227 1779 3240 1818 :
3277 1774 3359 1828 tu,
3404 1774 3659 1833 negantem
3690 1763 3785 1840 nolo

543 1888 814 1960 prouiane
837 1883 1004 1938 frater
1030 1882 1052 1935 ?
1082 1880 1417 1938 Novatianus
1445 1876 1563 1932 hate
1601 1872 1843 1943 scripsit,
1871 1878 2022 1926 et-ut
2055 1867 2150 1922 ob-

545 1959 799 2050 sequium
831 1993 994 2032 mera:
1026 1971 1317 2029 voluntatis
1365 1969 1707 2038 adjungeret,
1737 1963 1902 2020 etiam
1946 1959 2148 2028 scripta

542 2070 820 2129 recitavit.
852 2068 1030 2125 Testis
1053 2075 1138 2123 est
1161 2051 1286 2136 ejus
1315 2062 1566 2125 dextera,
1594 2057 1748 2116 testis
1769 2073 1888 2128 quae
1911 2053 2148 2124 scripsit,

543 2180 760 2222 manus:
789 2163 942 2220 testis
989 2162 1196 2231 lingua,
1225 2175 1346 2228 quae
1401 2157 1552 2226 legit.
1591 2152 1784 2210 Adhuc
1834 2147 2148 2212 Cornelius,

545 2273 650 2330 pro
671 2270 781 2328 quo
813 2252 993 2310 omnis
1024 2252 1139 2306 haec
1163 2261 1343 2306 vestra
1376 2248 1559 2318 erupit
1589 2243 1791 2300 invidia
1817 2284 1832 2307 ,
1861 2241 2151 2312 episcopus

547 2366 656 2406 uon
707 2358 844 2406 erat.
890 2346 1076 2417 Longe
1108 2342 1380 2414 posterius
1407 2356 1529 2396 cum
1571 2335 1820 2408 plurimis
1869 2333 2154 2403 coepisco-

549 2444 657 2513 pis,
691 2458 814 2498 cum
850 2440 1104 2510 plurimis
1150 2433 1582 2496 confessoribus,
1613 2431 1904 2501 Statimque
1949 2436 2154 2498 marty-

542 2539 718 2607 ribus,
753 2546 810 2594 ut
839 2536 986 2590 idem
1042 2533 1349 2604 Cyprianus
1392 2528 1604 2594 scribit,
1635 2538 1893 2582 assensus
1924 2531 2007 2578 est
2064 2535 2155 2576 se-

545 2649 678 2690 num
699 2627 962 2690 consilio,
992 2626 1161 2682 licere
1188 2624 1319 2679 dare
1363 2636 1572 2691 pacem.
1607 2618 1662 2674 Si
1694 2615 2032 2688 pmnitculite
2059 2628 2152 2670 ne-

545 2724 756 2797 gandus
788 2731 873 2778 est
929 2719 1132 2784 aditus,
1186 2714 1516 2772 Novatiauus
1561 2713 1616 2768 iu
1661 2711 1895 2772 crimine
1934 2705 2158 2776 est,qui

545 2818 668 2875 hmc
713 2817 958 2887 scripsit,
986 2814 1164 2870 suasit
1196 2821 1252 2866 et
1277 2810 1425 2881 legit.
1455 2808 1559 2868 Ubi
1606 2815 1736 2862 tunc
1765 2804 2056 2874 impatiens
2085 2801 2157 2860 ri-

548 2914 692 2986 gor?
737 2912 828 2968 ubi
875 2910 1028 2966 ferox
1059 2907 1150 2963 illa
1173 2903 1442 2962 censura?
1493 2903 1550 2960 Si
1581 2917 1742 2958 nemo
1765 2899 1920 2955 vobis
1949 2895 2155 2954 Corne-

542 3009 677 3065 lium
700 3005 1052 3077 praetulisset,
1084 3009 1332 3062 maneret
1383 2999 1474 3060 illa
1519 2995 1813 3054 scribentis
1834 2993 2152 3052 auctoritas.

547 3102 706 3158 Nunc
757 3100 1016 3169 displicet
1050 3108 1157 3154 tota
1190 3093 1486 3158 sententia,
1515 3109 1659 3148 nunc
1714 3091 1768 3146 in
1797 3107 1900 3146 nos
1940 3091 2046 3148 tela
2074 3089 2156 3162 ja-

2253 1859 2503 1916 fatearis.
2531 1857 2664 1928 Quis
2688 1872 2812 1914 eum
2838 1869 3128 1925 negantem
3159 1855 3492 1914 conﬁtetur?
3520 1855 3601 1926 qui
3626 1855 3679 1912 ad
3699 1869 3786 1925 pm-

2254 1953 2539 2010 nitentiant
2587 1951 2752 2023 cogit,
2787 1949 3061 2022 objurgat,
3116 1950 3332 2006 crimen
3367 1951 3607 2016 ostendit,
3637 1951 3785 2006 value-

2253 2062 2312 2102 ra
2365 2047 2558 2115 aperit,
2621 2044 2887 2114 supplicia
2937 2053 3139 2100 aeterna
3189 2052 3590 2110 commemorat,
3616 2045 3788 2098 interitu

2253 2145 2436 2196 carnis
2460 2137 2760 2198 emendat?
2790 2137 2902 2194 lloc
2927 2139 3194 2208 castigare
3251 2145 3361 2200 est.
3405 2153 3507 2196 non
3545 2135 3697 2192 fateri.
3723 2137 3790 2192 Ait

2258 2231 2416 2288 nobis
2464 2231 2728 2288 Dominus
2761 2248 2774 2284 :
2825 2229 2932 2286 Vos
2960 2230 3078 2286 estis
3105 2230 3184 2286 sal
3214 2240 3370 2284 terra:
3401 2228 3602 2302 (Matth.
3632 2246 3676 2292 v,
3705 2226 3787 2300 i5).

2256 2327 2428 2382 Recte
2480 2340 2612 2396 ergo
2647 2336 2666 2363 ε
2691 2324 2920 2386 salirnus
2976 2324 3076 2378 ista
3105 2323 3364 2388 dicendo,
3397 2337 3493 2378 nec
3515 2321 3576 2376 ad
3613 2321 3791 2376 nihilum

2259 2418 2464 2475 valebit
2489 2416 2732 2488 quisquis
2762 2415 3019 2472 audierit.
3052 2414 3218 2471 Vides
3245 2431 3358 2472 non
3383 2415 3658 2486 proculcari
3677 2431 3700 2466 a
3723 2430 3793 2468 no-

2257 2513 2344 2569 bis
2377 2511 2705 2568 sententiam
2750 2507 2990 2575 Domini,
3013 2508 3114 2568 sed
3147 2508 3412 2579 probari;
3445 2524 3548 2565 non
3574 2509 3706 2590 abjici
3731 2521 3794 2562 se-

2258 2605 2564 2666 veritatem.
2590 2601 2686 2660 sed
2710 2601 3048 2658 voluntatem
3067 2600 3187 2672 ejus
3209 2601 3438 2671 aperiri.
3461 2601 3562 2658 Sed
3589 2601 3795 2670 pauitan-

2257 2697 2320 2767 ti,
2355 2699 2590 2770 inquies.
2619 2706 2837 2768 peccata
2866 2693 3096 2754 dimittis
3126 2711 3288 2762 ;cum
3347 2706 3548 2752 tantum
3567 2697 3615 2750 in
3641 2695 3796 2763 baptis-

2259 2801 2402 2848 mate
2433 2790 2528 2850 tibi
2559 2791 2718 2846 liccat
2747 2789 2996 2846 relaxare
3029 2794 3340 2857 peccatum.
3372 2787 3488 2846 Non
3515 2787 3635 2842 mihi
3657 2787 3795 2857 plane,

2257 2883 2352 2940 sed
2381 2884 2491 2938 Deo
2515 2883 2640 2950 soli,
2667 2882 2756 2952 qui
2781 2889 2835 2936 et
2858 2881 2910 2938 in
2934 2880 3259 2952 baptismate
3279 2879 3451 2938 donat
3469 2879 3744 2942 admissum,
3758 2889 3799 2932 et

2259 2977 2643 3048 pteniteutium
2676 2975 2950 3047 lacrymas
2994 2989 3101 3030 non
3131 2974 3380 3044 repellit.
3409 2973 3655 3034 Cznterum
3694 2970 3800 3043 quod

2258 3085 2364 3142 ego
2385 3070 2545 3135 facio,
2578 3067 2628 3123 id
2661 3084 2773 3122 non
2807 3082 2930 3124 meo
2951 3067 3100 3139 jure,
3129 3067 3225 3128 sed
3256 3067 3481 3130 ﬂamini
3513 3084 3526 3120 :
3557 3066 3642 3122 Dei
3666 3080 3802 3122 stratus

545 3195 769 3253 ciuntur
789 3233 804 3260 ,
840 3193 924 3248 his
952 3193 1086 3260 ipsis
1112 3185 1660 3246 subministrautibus
1689 3197 1920 3256 quorum
1965 3191 2152 3238 aucto-

2260 3168 2547 3240 adjutores,
2577 3165 2778 3235 inquit,
2817 3162 3218 3233 Deiazdiﬁcatio
3243 3174 3318 3222 est
3345 3164 3388 3237 (l
3427 3163 3544 3222 Cor.
3575 3181 3644 3230 ιιι,
3667 3164 3733 3232 9).
3755 3161 3804 3217 Et

547 3288 716 3345 ritate
737 3285 1016 3342 convaluit
1053 3296 1219 3338 causa
1251 3281 1505 3336 telorum.

627 3378 714 3434 Vl.
747 3377 818 3434 At
851 3377 902 3432 in
957 3375 1094 3430 hanc
1146 3376 1320 3444 ipsam
1347 3369 1622 3435 bmresim,
1663 3366 1950 3422 Novatiani
1977 3379 2152 3436 quan-

547 3471 619 3528 do
643 3469 672 3510 ι’
704 3469 1032 3542 ceperunt?
1089 3465 1307 3529 Audite,
1337 3477 1554 3532 quasso,
1606 3473 1660 3518 et
1709 3470 1878 3516 totum
1907 3459 2154 3516 ordinem

550 3565 728 3622 vestri
775 3565 982 3621 erroris
1024 3561 1317 3617 advertite.
1368 3556 1662 3612 Cornelius
1683 3556 1792 3627 jam
1825 3555 2012 3614 Romic
2042 3553 2159 3623 epi-

550 3675 751 3732 scopus
791 3675 819 3713 a
852 3656 1089 3714 sedecim
1128 3652 1402 3728 episcopis
1448 3653 1641 3718 factus,
1679 3651 1854 3708 locum
1880 3649 2158 3706 cathedrae

552 3751 804 3808 vacantis
832 3757 1140 3818 acceperat,
1173 3755 1230 3803 et
1254 3747 1308 3801 in
1365 3746 1458 3802 illa
1489 3760 1593 3818 qua
1647 3745 1748 3800 fuit
1775 3743 2036 3816 prtcditns
2066 3759 2158 3802 ca-

558 3843 818 3899 stimonia
850 3841 1123 3912 virginali,
1154 3839 1379 3894 crebras
1409 3839 1819 3908 persecutiones
1853 3840 1971 3892 irati
2005 3837 2160 3908 princ-

560 3937 700 4008 cipis
729 3935 1060 3996 sustinebat.
1113 3932 1252 3990 Tum
1285 3931 1430 3988 forte
1461 3931 1682 4004 quidam
1735 3931 2020 4004 presbyter
2055 3932 2164 3988 Nc-

558 4036 718 4085 vatus
744 4043 810 4084 ex
841 4026 1045 4092 Africa,
1079 4023 1344 4080 fraudatis
1396 4025 1448 4079 iu
1504 4022 1942 4094 Carthaginiensi
1987 4025 2162 4082 eccle-

561 4127 641 4181 sia
674 4123 870 4188 viduis,
901 4121 1150 4193 spoliatis
1176 4120 1420 4191 pupillis,
1443 4120 1674 4190 pecunia
1721 4120 1970 4176 ecclesiae
1999 4120 2164 4176 deue-

559 4227 707 4290 gata,
752 4217 999 4287 projecto
1029 4223 1190 4270 extra
1223 4213 1445 4272 domum
1491 4221 1670 4286 patre,
1705 4224 1761 4272 et
1788 4213 1978 4271 eodem
2019 4215 2165 4278 tame

563 4319 781 4368 mortuo
807 4324 908 4366 nec
929 4311 1170 4380 sepulto,
1196 4310 1382 4366 uxoris
1410 4308 1652 4380 gravidae
1678 4319 1834 4366 utero
1868 4310 2016 4368 calce
2044 4327 2167 4381 per-

563 4418 725 4460 cusso
775 4412 1044 4474 partuque
1069 4401 1188 4474 ejus
1211 4401 1414 4469 eﬂ‘uso,
1445 4401 1676 4458 Romam
1704 4405 1870 4460 venit.
1934 4404 2003 4459 Et
2041 4419 2164 4460 cum

562 4496 706 4566 apud
736 4494 1144 4567 Carthaginem,
1172 4497 1494 4570 urgentibus
1523 4497 1579 4554 in
1611 4497 1849 4556 ecclesia
1875 4497 2160 4566 fratribus,

559 4587 678 4644 dies
722 4589 1049 4659 cognitionis
1099 4591 1270 4662 ipsius
1326 4591 1680 4658 immineret,
1712 4601 1768 4649 et
1791 4593 1876 4647 hic
1908 4592 2160 4650 latitavit.

559 4679 674 4738 Nec
704 4681 876 4734 multo
908 4688 1050 4750 post,
1084 4682 1443 4738 Novatiauutu
1483 4685 1648 4742 istum
1688 4684 2006 4756 episcopatu
2027 4685 2165 4742 Cor-

559 4774 692 4840 nelii
727 4775 948 4830 anxium
1003 4778 1154 4862 (nam
1211 4777 1313 4832 sibi
1365 4778 1708 4848 speraverat)
1737 4794 1860 4834 cum
1912 4779 2160 4850 aliquaa-

558 4867 651 4932 tis,
677 4876 741 4924 ut
768 4866 826 4930 iu
858 4865 950 4922 tali
993 4883 1053 4924 re
1097 4868 1260 4935 solet,
1293 4885 1358 4926 ex
1406 4884 1500 4924 sua
1533 4879 1690 4944 parte
1720 4869 2028 4932 fautoribus
2055 4887 2160 4930 nu»-
2271 4873 2417 4930 Deus
2443 4873 2668 4940 dixerit;
2697 4873 2844 4928 Malo
2868 4877 3222 4944 paenitentiam
3243 4877 3527 4946 peccatoris
3547 4888 3686 4945 quam
3709 4881 3814 4922 utor-

555 4968 764 5016 tantem
795 4959 1056 5030 impellit,
1085 4959 1422 5018 dubitantem
1457 4961 1635 5029 fovet;
1663 4973 1719 5018 ut
1771 4979 2026 5034 magnum
2063 4964 2164 5020 ali-

554 5053 685 5123 quid
716 5062 924 5123 speret,
954 5051 1226 5110 hortatur.
1261 5053 1470 5116 Invenit
1492 5056 1704 5126 aliquos
1735 5072 1803 5111 ex
1833 5073 2023 5116 eorum
2059 5075 2156 5113 nu-

554 5160 712 5201 mero
729 5147 818 5216 qui
846 5156 1226 5218 tempestatem
1253 5147 1656 5217 persecutionis
1672 5148 1816 5204 illius
1837 5161 2156 5217 evaserunt;

551 5238 694 5310 apud
719 5253 856 5310 quos
904 5238 1046 5304 hanc
1099 5241 1273 5312 ipsam
1313 5238 1386 5302 de.
1437 5239 1606 5310 lapsis
1635 5244 1900 5313 receptis,
1949 5242 2159 5306 Corae-

627 5438 651 5464 ει
693 5428 1046 5502 ᾼάιίὶιιιηιειι,
1073 5436 1178 5502 etc.
1209 5427 1393 5502 Locus
1408 5433 1591 5502 easint
1616 5425 1669 5480 in
1701 5428 1927 5502 epistola
1958 5428 2030 5484 52
2049 5428 2154 5502 Cy-

547 5500 724 5624 Briani
782 5501 849 5562 ad
874 5500 1258 5581 .Antonianum
1313 5499 1416 5554 sub
1448 5498 1693 5567 initium,
1723 5514 1846 5574 pag.
1874 5500 1964 5556 69.
2013 5498 2147 5558 edit.

589 5571 733 5624 alue.
767 5570 938 5624 Puris.

589 5571 733 5625 lahll.
767 5570 938 5626 Paris.

475 5672 484 5679 ι
545 5640 666 5764 Ti:
687 5641 910 5708 Quando
948 5641 1252 5708 creperum?
1281 5639 1730 5698 Subaudiendurn
1764 5655 1892 5702 reor
1917 5643 2138 5715 prolabi.

593 5725 666 5766 ILs

619 5791 641 5819 ο
685 5781 941 5838 Salimus.
971 5782 1049 5839 Ita
1077 5781 1302 5854 corrigit
1328 5783 1536 5853 Optime
1577 5781 1827 5842 Latinius
1862 5783 2137 5843 editorum

2257 3262 2454 3318 iterum
2489 3278 2502 3316 :
2532 3259 2642 3332 Ego
2675 3260 2905 3328 plantavi
2928 3300 2943 3324 ,
2982 3259 3170 3334 Apollo
3211 3259 3468 3331 irrigarit,
3497 3260 3579 3318 sed
3607 3257 3803 3313 Destiti-

2257 3371 2570 3422 creuteulum
2597 3361 2736 3416 dedit
2765 3377 2784 3416 .°
2826 3359 2970 3432 Erga
3002 3377 3162 3430 neque
3190 3362 3280 3432 qui
3306 3362 3508 3431 piatam
3533 3368 3600 3416 est
3630 3356 3800 3428 aliquid.

2259 3473 2420 3528 neque
2447 3458 2534 3527 qui
2556 3457 2724 3528 rigat;
2748 3457 2838 3512 sed
2861 3458 2951 3528 qui
2975 3458 3356 3517 incremeruitm
3381 3459 3494 3524 das,
3533 3454 3658 3512 Deus
3675 3451 3801 3524 (ltiti.

2259 3551 2314 3618 6,
2350 3551 2426 3624 7).
2459 3552 2640 3621 Quare
2662 3551 2778 3608 sive
2825 3552 3189 3624 baptizamus,
3229 3553 3350 3610 sive
3379 3551 3446 3607 ad
3492 3548 3805 3622 paenitentiam

2261 3647 2548 3715 cogimus,
2607 3662 2706 3706 seu
2777 3647 2998 3706 veniam
3064 3646 3470 3717 paenitentibus
3519 3645 3802 3702 releuatus;

2261 3744 2484 3802 Christo
2507 3746 2560 3802 id
2583 3755 2811 3802 auctore
2841 3757 3163 3804 tractamus.
3193 3746 3313 3802 Tibi
3352 3746 3634 3806 videndum
3655 3753 3807 3805 esus"

2263 3839 2518 3896 Christus
2548 3839 2650 3898 hoc
2679 3840 2886 3912 possit,
2905 3855 2976 3896 an
2999 3839 3256 3896 Christus
3277 3840 3390 3898 hoe
3418 3840 3618 3896 fecerit.

2339 3935 2473 3991 Vlll.
2508 3937 2566 3994 Si
2612 3937 3012 4008 pauitantibus
3055 3937 3310 3994 remissio
3356 3948 3686 4009 peccatorum
3721 3929 3806 3984 dari

2269 4031 2470 4100 potuit,
2495 4032 2598 4097 ais,
2630 4033 2904 4102 baptisma
2930 4049 3038 4088 non
3065 4032 3164 4088 fuit
3192 4033 3590 4090 necessarium.
3613 4024 3808 4084 insulsis-

2267 4124 2407 4184 sima
2455 4129 2802 4198 comparatio
2847 4130 2861 4184 l
2898 4128 3212 4200 Baptismus
3242 4131 3397 4186 enim
3421 4171 3437 4197 ,
3465 4133 3810 4185 sacramentu-

2267 4227 2351 4272 est
2379 4219 2670 4276 dominica:
2696 4220 2972 4291 passionis
3002 4237 3015 4274 :
3048 4222 3440 4293 pestilentium
3493 4221 3659 4284 venia,
3687 4214 3809 4272 ateri-

2270 4319 2382 4366 tum
2421 4313 2759 4369 aniteutis.
2789 4312 2928 4370 Illud
2976 4329 3170 4372 stones
3197 4315 3434 4387 adipisci
3463 4322 3692 4388 pessimi,
3715 4308 3808 4380 quia

2267 4405 2457 4474 gratiae
2485 4405 2579 4461 Dei
2608 4405 2812 4462 donum
2842 4416 2924 4463 est
2949 4423 2963 4472 ;
2991 4407 3042 4462 id
3075 4419 3179 4475 est,
3205 4411 3440 4478 gratuita
3491 4406 3726 4468 donatio;
3751 4401 3809 4456 ls-

2270 4499 2372 4554 hor
2402 4514 2530 4556 vero
2556 4499 2683 4564 iste,
2709 4515 3008 4570 paucorum
3045 4511 3132 4558 est
3156 4501 3254 4574 qui
3285 4512 3408 4571 post
3450 4512 3628 4557 casum
3669 4509 3810 4552 retur.

2267 4601 2420 4662 sunt,
2457 4593 2550 4662 ιιιιὶ
2581 4601 2702 4663 post
2727 4593 2952 4650 vulnera
2973 4595 3391 4662 convalescunt,
3423 4595 3512 4666 qui
3552 4586 3810 4662 lacrytnosis

2269 4684 2495 4738 vocibus
2533 4684 2887 4760 adjuvantur,
2912 4688 3004 4758 qui
3033 4688 3217 4744 carnis
3242 4688 3470 4744 interitu
3515 4685 3809 4742 reviviscunt.

2269 4779 2494 4838 Frustra
2524 4797 2612 4838 me
2645 4783 2896 4852 posuisse
2946 4784 3152 4840 asseris
3184 4783 3318 4840 illud
3361 4781 3662 4853 exemplum
3703 4770 3810 4846 Ψιοά

2270 4979 2370 5024 tem
2423 4967 2640 5042 (Ezech.
2689 4984 2900 5032 usus,
2951 4969 3068 5042 li).
3098 4969 3241 5039 Quid
3287 4973 3331 5025 si
3378 4969 3686 5040 adiecissem
3713 4957 3812 5016 illud

2268 5061 2448 5118 Esaia
2493 5078 2505 5115 :
2540 5059 2567 5098 ἀ
2593 5061 2724 5118 Cum
2748 5051 3024 5118 conversus
3059 5064 3397 5134 iugemueris,
3429 5073 3550 5117 tunc
3585 5053 3812 5116 saluteris

2266 5167 2314 5210 et
2339 5157 2466 5212 scies
2492 5156 2580 5210 ubi
2605 5157 2767 5228 fueris
2803 5155 2938 5227 (Isa.
2991 5173 3117 5223 xxx,
3155 5157 3244 5222 15,
3275 5175 3378 5214 sec.
3409 5155 3613 5228 LIX)?
3639 5148 3752 5220 Quid
3777 5145 3811 5200 si

2265 5249 2319 5306 id
2348 5249 2707 5322 Apoealypsis
2741 5268 2754 5306 :
2786 5250 3048 5310 Memento
3072 5254 3212 5309 unde
3237 5253 3504 5318 cecideris,
3529 5260 3577 5307 et
3620 5265 3704 5321 αρε
3737 5258 3814 5315 με·

2262 5432 2518 5508 mendum
2543 5437 2834 5506 psallimus.
3782 5499 3790 5508 ,

2331 5503 2356 5541 ἀ
2398 5502 2551 5560 ϐαιὴ
2575 5523 2847 5584 conuersus
2897 5509 3232 5584 ingeritueris,
3262 5522 3370 5584 etc.
3392 5509 3498 5584 illa
3526 5518 3722 5579 quoque
3744 5502 3812 5584 ,δέ’

2258 5584 2334 5652 tat
2360 5591 2444 5652 ex_
2469 5587 2668 5652 vetere
2686 5573 2988 5652 interprete
3027 5581 3172 5638 hunc
3201 5573 3350 5646 l'saige
3390 5573 3572 5639 locum
3595 5573 3810 5652 sip”.

2246 5646 2588 5732 ῘιξιιαμΧξλ
2631 5649 2694 5714 S.
2723 5646 3157 5732 Cyprignus‘iib.
3195 5655 3257 5732 de
3285 5653 3478 5732 Lgpsis
3531 5649 3628 5709 sub
3643 5646 3804 5706 tinem.

2250 5727 2305 5774 et
2331 5719 2492 5790 epist.
2525 5719 2614 5791 54,
2647 5719 2783 5795 pag.
2808 5719 2916 5781 138
2945 5736 2998 5782 et
3023 5724 3118 5781 67.
3149 5727 3284 5783 edit.
3320 5719 3495 5786 Oxon.
