4048 6350
239 269 373 329 1069

1684 256 2026 320 ΕΡῦὃΤΟΙιΑ
2063 260 2149 319 ill.

3399 263 3543 324 ιοτθ

237 390 530 457 nitentium,
552 402 599 445 et
624 395 707 463 [ac
734 391 912 463 priora
932 405 1089 461 opera
1113 391 1133 461 (
1161 389 1322 461 Apoc.
1362 404 1424 456 tt,
1454 388 1554 459 δη
1582 388 1734 455 Haec,
1760 389 1840 443 in-
1868 382 1926 446 Δ
1947 393 2096 439 ratus
2120 385 2325 442 viveret
2359 404 2371 442 :
2407 389 2670 445 innocens
2694 402 2983 458 coronam,
3011 390 3289 461 paenitens
3313 390 3531 447 veniam

234 485 415 557 quies,
448 484 701 556 gentibus
751 484 895 539 dicta
948 493 1081 539 sunt
1129 491 1260 538 ante
1313 482 1663 552 baptismum.
1699 479 1841 535 Audi

236 577 560 647 Apostolnm
594 595 607 632 :
642 576 850 633 Scimus
879 586 1072 641 autem,
1099 576 1350 647 quoniam
1389 590 1718 647 quacumque
1758 572 1843 627 lea:

238 671 384 738 dicit,
419 671 483 725 iis
513 670 601 741 qui
627 670 680 724 in
710 668 823 741 lege
872 678 1016 733 sunt,
1044 668 1167 722 dicit
1201 678 1251 722 et
1296 668 1523 738 loquitur
1554 665 1733 737 (Rom.
1757 680 1838 729 ιιι,

237 762 350 835 19).
380 764 523 835 Ergo
546 778 644 819 eos
670 763 764 833 qui
792 763 912 818 sine
930 763 1049 833 lege
1073 762 1350 826 vixerunt,
1380 760 1678 831 paenitendi
1710 774 1845 815 con-

237 854 375 910 ditio
400 870 507 911 non
552 854 780 910 tenebit.
809 854 913 922 Qui
954 862 1010 910 et
1037 854 1085 908 si
1134 853 1543 923 pmnituissent,
1587 852 1760 908 libera
1790 851 1841 907 id

239 948 346 1006 ﬁde
375 948 638 1013 fecerant,
660 965 766 1004 non
796 949 1056 1019 imposito
1080 962 1176 1019 per
1204 948 1379 1019 legem
1419 947 1643 1002 vinculo
1670 947 1844 1017 paeni—

160 1068 165 1071 »
241 1041 413 1099 tendi.
453 1040 602 1112 Ergo
631 1050 685 1097 et
737 1043 820 1097 vel
852 1040 1055 1108 Judzei,
1089 1039 1325 1111 inquies,
1367 1039 1461 1109 qui
1488 1048 1611 1095 ante
1640 1039 1847 1110 baptis-

240 1151 392 1192 mum
424 1136 840 1207 pmnituerunt,
876 1141 1002 1204 post
1042 1132 1372 1203 baptismum
1426 1134 1691 1202 poenitere
1736 1148 1845 1186 non

239 1238 494 1301 possunt.
531 1229 667 1297 Quis
703 1228 807 1283 hoc
835 1239 886 1282 te
929 1225 1143 1293 docuit,
1198 1226 1370 1283 frater
1399 1228 1846 1301 Symproniane?

242 1322 376 1393 Quis
399 1322 594 1383 suasit,
620 1330 678 1376 ut
710 1321 802 1393 qni
831 1329 960 1376 ante
998 1320 1346 1391 paenituerit,
1369 1330 1553 1387 postea
1584 1320 1849 1390 poenitere

242 1430 353 1473 non
377 1414 576 1471 debeat
600 1414 622 1467 ?
646 1414 755 1471 Sed
799 1414 1074 1485 posterius
1101 1412 1201 1467 hoc
1246 1413 1574 1469 videbimus.
1605 1411 1846 1476 Interim,

243 1510 291 1567 si
321 1510 527 1567 Judmis
556 1520 680 1581 post
708 1510 1077 1579 baptismum:
1098 1508 1365 1580 prmclusa
1393 1517 1478 1564 est
1510 1510 1847 1578 ptenitentia,

244 1603 370 1675 quia
395 1602 546 1657 illam
573 1612 702 1657 ante
725 1601 1089 1672 persolverint
1109 1617 1124 1666 ;
1148 1600 1392 1658 concede
1405 1603 1490 1656 vel
1513 1610 1708 1672 gentes
1731 1616 1849 1671 quae

247 1695 783 1768 paenitentiielegem
820 1702 950 1750 ante
1006 1694 1324 1757 nescierint,
1355 1695 1626 1765 posterius
1682 1694 1848 1763 poeni-

1947 480 2159 535 subiret
2197 498 2210 534 :
2258 482 2349 537 ille
2397 486 2703 552 praemium,
2746 486 2851 541 iste
2883 484 3207 541 medicinam
3238 486 3530 556 acciperet.

1946 572 2195 645 Denique
2245 573 2387 630 idem
2444 576 2736 645 Apostolus
2764 577 2899 632 dicit
2928 597 2942 634 :
2976 577 3127 657 .Nam
3153 580 3199 634 si
3228 595 3340 633 cum
3370 579 3546 632 adhuc

1947 674 2246 736 peccatores
2277 683 2520 734 essemus,
2552 667 2790 726 Christus
2825 685 2921 741 pro
2947 672 3091 725 nobis
3136 674 3372 727 mortuus
3416 681 3491 725 est
3520 688 3541 736 ς

1946 756 2110 811 multo
2162 759 2334 830 magis
2369 760 2655 833 justiﬁcati
2686 778 2823 818 nunc
2865 764 2921 817 in
2959 763 3213 833 sanguine
3239 767 3375 837 ejus,
3402 763 3535 818 satri

1948 852 2140 906 erimus
2169 869 2262 924 per
2290 870 2404 908 eum
2433 854 2498 908 ab
2536 854 2618 910 ira
2646 854 2822 926 (Rom.
2840 872 2892 923 v,
2923 856 3098 927 9-10).
3117 856 3200 912 Ab
3224 856 3304 912 ira
3329 858 3536 928 utique,

1948 962 2071 1015 quac
2127 949 2484 1017 peccantibus
2525 948 2846 1007 debebatur.
2894 950 3051 1020 Quod
3094 951 3140 1008 si
3170 952 3425 1023 gentllem
3452 968 3542 1025 po-

1950 1041 2134 1111 pulum
2161 1058 2268 1097 non
2301 1058 2497 1114 passus
2522 1054 2608 1102 est
2626 1046 2788 1113 mori;
2805 1047 2979 1103 multo
3001 1046 3172 1120 magis
3198 1050 3539 1121 redemptum

1951 1150 2058 1191 non
2114 1135 2351 1204 patietur
2394 1138 2697 1208 exstingui.
2730 1138 2843 1195 Nec
2884 1139 3123 1210 abjiciet,
3169 1157 3307 1212 quos
3347 1154 3544 1212 magno

1952 1227 2192 1284 redemit
2218 1245 2234 1295 ;
2265 1245 2366 1285 nec
2390 1230 2539 1286 enim
2571 1231 2710 1287 levis
2748 1231 2828 1287 illi
2850 1240 2938 1287 est
2959 1233 3167 1304 jactura
3202 1233 3546 1292 famulorum.

1952 1319 2073 1375 Non
2103 1323 2378 1391 morietur
2416 1322 2640 1393 quidem
2670 1324 2902 1393 amplius
2929 1325 3022 1395 qui
3040 1327 3297 1398 resurgit,
3332 1336 3392 1383 ut
3421 1329 3555 1384 scri-

1956 1422 2106 1480 ptum
2131 1422 2213 1469 est
2248 1413 2426 1488 (Rom.
2458 1430 2569 1481 xiv,
2592 1416 2673 1487 4).
2707 1415 2812 1473 Sed
2839 1417 2955 1488 ipse
2977 1426 3057 1473 est
3088 1417 3382 1475 advocatus
3405 1420 3545 1489 apud
3638 1444 3661 1451 κ

1959 1506 2219 1572 Patrem;
2261 1507 2355 1564 sed
2404 1510 2518 1578 ipse
2563 1510 2876 1580 interpellat
2914 1524 3017 1582 pro
3063 1512 3297 1581 peccatis
3325 1515 3546 1579 nostris,

1957 1598 2103 1656 haud
2149 1601 2501 1672 despicabilis
2554 1605 2878 1662 miserorum
2927 1615 3231 1677 patronus,
3284 1624 3546 1681 parumve

1958 1693 2187 1752 idoneus
2212 1696 2559 1767 deprecator.

247 1796 364 1844 tere
385 1787 610 1844 debere.
642 1787 749 1844 Sed
794 1797 852 1843 et
910 1786 977 1842 de
1020 1786 1259 1852 Judteis,
1292 1785 1440 1850 nolo,
1493 1785 1721 1841 fallaris.
1766 1785 1849 1840 illi
1880 1771 1927 1831 Β
2028 1785 2096 1841 Χ.
2152 1786 2471 1858 Responde,
2504 1790 2713 1857 frater,
2766 1808 2835 1849 an
2873 1792 3106 1850 famulos
3164 1794 3256 1850 Dei
3300 1795 3550 1853 diabolus

249 1882 396 1938 enim
432 1889 718 1952 preptcrea
745 1879 897 1950 prius
926 1880 1298 1949 puenitucrunt
1327 1920 1341 1944 ,
1372 1879 1500 1951 quia
1536 1887 1694 1934 vetus
1722 1878 1853 1947 bap-

252 1975 411 2030 tisma
444 1984 828 2045 corruperant,
859 1983 914 2030 et
941 1974 1097 2044 quasi
1154 1980 1277 2041 post
1314 1972 1474 2029 fidem
1502 1972 1607 2028 ﬁde
1640 1972 1852 2041 prodita

254 2067 613 2139 paenitebant.
659 2067 800 2123 Audi
858 2065 1181 2137 Apostolum
1209 2084 1222 2119 :
1251 2064 1394 2120 Nolo
1443 2068 1577 2120 enim
1615 2068 1855 2136 ignorare

256 2177 362 2228 vos,
390 2163 599 2230 fratres,
629 2160 751 2230 quia
783 2170 952 2230 patres
969 2161 1132 2214 nostri
1150 2176 1323 2214 omnes
1346 2160 1439 2214 sub
1466 2159 1597 2234 nube
1622 2164 1853 2230 fuerunt,

254 2262 301 2307 ct
325 2268 499 2307 omnes
521 2268 769 2322 permare
792 2254 1128 2318 transierunt,
1163 2264 1209 2308 et
1236 2270 1411 2308 omnes
1442 2254 1492 2307 in
1522 2252 1577 2307 Μ
1584 2270 1703 2325 oysc
1731 2252 1856 2321 bap—

256 2346 402 2401 tizati
418 2356 537 2401 sunt
567 2356 612 2400 et
635 2348 691 2401 in
720 2346 851 2402 nube
873 2358 920 2401 et
948 2349 1003 2402 in
1026 2348 1157 2403 mari
1182 2364 1201 2403 :
1247 2358 1293 2402 et
1320 2364 1493 2402 omnes
1524 2347 1756 2401 eumdem
1787 2348 1859 2400 ci-

258 2438 378 2494 bum
407 2438 698 2510 spiritalem
722 2441 957 2508 ederunt,
982 2450 1028 2496 et
1066 2458 1238 2496 omnes
1260 2440 1497 2495 eumdem
1524 2450 1702 2510 potunt
1748 2440 1856 2508 spi-

258 2531 464 2587 ritalem
515 2532 777 2587 biberunt.
809 2533 1060 2588 Bibcbant
1104 2543 1274 2587 autem
1315 2535 1379 2588 de
1435 2535 1660 2603 spiritali
1715 2545 1861 2608 petra

259 2637 503 2700 sequente
531 2644 548 2682 :
573 2625 733 2681 Petra
759 2637 929 2683 autem
975 2636 1085 2681 crat
1139 2626 1375 2682 Christus
1407 2627 1452 2699 (l
1480 2626 1598 2684 Cor.
1632 2645 1686 2694 χ,
1720 2628 1857 2701 1-4).

262 2722 375 2779 lloc
400 2739 532 2794 ergo
558 2722 826 2794 baptisma
858 2724 1216 2787 violaverant,
1249 2732 1305 2780 et
1328 2724 1451 2780 ideo
1496 2726 1861 2794 pmnitebant.

332 2815 429 2874 IX.
460 2816 751 2872 Videamus
783 2816 979 2873 deinde
1010 2817 1139 2888 quid
1172 2817 1322 2872 dicas
1352 2835 1365 2871 :
1400 2818 1461 2873 Si
1496 2818 1636 2874 Deus
1674 2820 1866 2892 swpius

258 2912 404 2983 jubet
437 2913 699 2968 hominem
740 2914 1003 2984 poenitere,
1056 2914 1257 2984 inquis,
1289 2914 1480 2985 sapius
1511 2931 1719 2985 peccare
1749 2930 1866 2983 per-

266 3008 443 3062 ntittit.
473 3008 615 3078 Quid
646 3008 758 3063 ais?
788 3008 933 3079 Ergo
960 3009 1050 3080 qui
1074 3011 1277 3081 saepius
1292 3010 1590 3066 remedium
1617 3012 1865 3068 criminis

268 3111 556 3169 monstrat,
571 3102 777 3158 crimen
796 3103 1083 3160 ostendit?
1108 3104 1173 3159 Et
1199 3103 1445 3161 medicus
1467 3104 1557 3159 ille
1574 3118 1697 3159 cum
1712 3112 1868 3160 curat

269 3196 490 3253 assidue
532 3197 809 3255 vulnerari
858 3199 1063 3255 docet?
1120 3200 1265 3255 Deus
1312 3214 1413 3255 nec
1470 3214 1695 3270 peccare
1747 3199 1868 3255 vult

271 3290 548 3349 hominem
587 3293 784 3360 semel,
829 3302 886 3350 et
936 3304 1117 3351 tamen
1168 3294 1362 3350 liberat
1401 3311 1432 3351 a
1479 3306 1726 3367 peccato.
1756 3294 1868 3352 Nec

273 3387 457 3455 utique
486 3403 610 3443 cum
655 3389 882 3457 liberat,
931 3401 1214 3462 peccatum
1246 3393 1438 3459 docet;
1471 3393 1613 3449 sicut
1650 3407 1750 3448 nec
1776 3392 1869 3463 qui

273 3477 343 3532 ab
378 3478 637 3535 incendio
679 3480 893 3547 liberat,
931 3484 1243 3539 incendium
1290 3496 1593 3547 monstrat;
1627 3499 1730 3541 nec
1779 3484 1870 3553 qui

275 3568 598 3642 naufragum
623 3573 785 3644 eripit
828 3576 1091 3645 sc0pnlis,
1138 3577 1189 3631 in
1220 3592 1350 3632 saxa
1375 3578 1676 3647 compellit.
1711 3576 1872 3633 Aliud

277 3673 359 3718 est
385 3662 453 3717 de
485 3665 734 3736 periculo
765 3666 1011 3733 liberari,
1038 3669 1186 3724 aliud
1216 3670 1283 3725 ad
1312 3670 1611 3739 periculum
1640 3670 1782 3741 cogi.
1811 3671 1876 3725 Et

277 3753 510 3812 fortasse
559 3768 775 3829 paterer
827 3761 930 3817 hoc
982 3762 1157 3829 credi,
1204 3764 1251 3819 si
1285 3764 1630 3833 poenitentia,
1665 3763 1877 3819 delicia:

278 3859 631 3919 putarentur;
660 3852 817 3924 cujus
840 3854 995 3911 labor
1023 3864 1204 3911 tantus
1231 3857 1548 3928 imponitur,
1578 3856 1662 3912 cui
1699 3857 1878 3912 carnis

280 3943 537 4001 interitus
580 3946 898 4016 imperatur,
923 3950 1010 4005 cui
1036 3949 1196 4021 jnges
1229 3951 1501 4022 laerymaz,
1533 3951 1618 4006 cui
1645 3950 1880 4022 gemitus

282 4037 626 4108 sempiterni.
656 4038 817 4095 Volet
843 4056 973 4110 ergo
1003 4041 1091 4098 ille
1116 4052 1339 4098 sanatus
1367 4044 1561 4099 iterum
1594 4059 1654 4099 se
1678 4044 1880 4110 secari,

284 4142 476 4182 rursus
504 4131 693 4186 exuri?
720 4130 881 4188 Volet
903 4147 1129 4203 peccare
1158 4135 1377 4201 iterum,
1399 4145 1455 4191 et
1477 4135 1675 4192 iterum
1709 4138 1884 4206 potni-

287 4224 421 4297 tere,
457 4236 578 4276 cum
614 4224 878 4294 scriptum
920 4224 990 4280 sit
1022 4244 1035 4280 :
1083 4225 1212 4282 Noli
1247 4228 1475 4300 adjicere
1503 4239 1786 4299 peccatum,
1821 4246 1885 4285 ne

286 4313 409 4381 quid
445 4314 537 4369 tibi
567 4315 791 4374 deterius
819 4321 1079 4393 contingat
1111 4319 1293 4392 (Joan.
1318 4338 1371 4390 v,
1399 4321 1533 4393 14)?
1566 4323 1629 4377 Et
1658 4323 1835 4378 adhuc
1868 4342 1880 4378 :

288 4403 513 4463 Assidue
533 4412 765 4480 peccanti
782 4428 885 4467 non
912 4413 1158 4469 misereor
1178 4413 1370 4488 (Eccli.
1396 4431 1501 4482 xu,
1523 4414 1602 4488 5).
1631 4416 1786 4485 Quod
1812 4416 1883 4481 si,

291 4512 351 4555 ut
391 4502 494 4570 ais,
531 4503 598 4560 ad
630 4517 913 4576 peccatum
958 4510 1192 4580 cogitur,
1224 4509 1314 4565 cui
1349 4511 1682 4580 ptenitentia:
1711 4512 1888 4567 medi-

289 4594 414 4651 cina
457 4607 819 4665 monstratur;
851 4600 981 4672 quid
1017 4600 1234 4657 tandem
1279 4602 1370 4660 ille
1397 4602 1641 4659 facturus
1666 4613 1770 4669 est,
1797 4604 1887 4658 cui

292 4687 615 4758 ptenitentia
642 4690 760 4759 ipsa
782 4693 1133 4762 prazcluditur
1152 4710 1169 4761 ;
1189 4695 1276 4750 cui
1302 4694 1596 4766 desperato
1618 4696 1887 4764 remedio,

297 4786 471 4836 totum
522 4782 718 4838 vulnus
746 4792 773 4821 α
806 4786 1089 4857 operitur;
1138 4788 1225 4842 cui
1274 4803 1500 4858 prorsus
1542 4804 1609 4843 ex
1656 4789 1888 4859 integro,

294 4873 420 4928 vita:
441 4873 621 4930 aditus
650 4874 994 4946 denegatur?
1036 4878 1092 4934 In
1132 4880 1422 4950 baptismo,
1458 4880 1686 4951 inquies,
1721 4880 1895 4936 semel

296 4967 583 5038 morimur,
617 4970 759 5026 sicut
784 4972 858 5025 ait
884 4969 1230 5043 Apostolus:
1274 4973 1356 5029 An
1404 4974 1608 5029 nescitis
1653 4974 1896 5045 quoniam

295 5062 601 5133 quicumque
646 5063 893 5136 baptizati
933 5067 1054 5121 estis
1092 5066 1147 5120 in
1174 5066 1376 5121 Christo
1433 5065 1584 5134 Iesu,
1626 5067 1678 5121 in
1732 5075 1895 5121 morte

298 5156 409 5222 eius
439 5156 686 5227 baptizati
718 5159 885 5215 estis?
935 5157 1237 5228 Consepulti
1285 5178 1407 5233 ergo
1430 5163 1551 5217 estis
1573 5163 1623 5218 ei
1653 5179 1743 5231 per
1769 5163 1896 5232 bap-

301 5249 508 5305 tismum
552 5252 609 5305 in
653 5262 900 5320 mortem,
956 5264 1015 5308 ut
1056 5254 1188 5308 sicut
1236 5253 1470 5311 Christus
1515 5257 1795 5311 resurrexit
1834 5272 1897 5311 ex

301 5344 539 5410 mortuis,
588 5347 661 5399 sic
702 5356 749 5401 et
778 5363 865 5403 vos
905 5346 959 5401 itt
1000 5348 1225 5402 novitate
1255 5350 1372 5405 vita:
1406 5350 1678 5407 ambuletis
1714 5352 1893 5422 (Rom.

303 5452 378 5505 vt,
438 5437 579 5514 5-4).
630 5441 769 5510 Quid
831 5442 1075 5499 mirum?
1124 5444 1365 5500 Docebat
1414 5445 1714 5517 Apostolus
1750 5446 1897 5518 quod

304 5546 553 5588 essemus
579 5536 737 5603 novi;
772 5546 829 5590 ut
853 5551 1015 5593 nemo
1042 5547 1291 5608 peccaret
1321 5556 1333 5592 :
1361 5540 1691 5610 sequebatur
1715 5550 1898 5598 tamen

306 5633 366 5681 ut
388 5626 481 5698 qui
505 5639 865 5700 peccaverat,
898 5631 1207 5703 pmniteret.
1252 5630 1351 5687 Hic
1386 5630 1627 5704 integer,
1667 5633 1760 5691 ille
1803 5650 1899 5692 cu-

1956 1878 2138 1948 possit
2159 1880 2496 1951 opprimere,
2521 1897 2591 1938 an
2624 1899 2731 1939 non
2765 1886 2939 1955 possit
2957 1885 3210 1943 Christus
3235 1888 3553 1945 absolvere?

1955 1970 2103 2029 Petri
2153 1974 2531 2043 paenitentiam
2600 1976 2740 2033 dicis
2792 1988 2921 2034 ante
2975 1980 3187 2036 Domini
3240 1983 3552 2052 passionem

1958 2066 2166 2123 fuisse?
2195 2068 2309 2123 iloc
2356 2069 2452 2124 tibi
2491 2085 2654 2125 nemo
2687 2072 2986 2142 proposuit.
3033 2074 3098 2128 Et
3124 2081 3304 2129 tamen
3360 2074 3551 2131 Petrus

1954 2160 2065 2232 jam
2098 2162 2400 2232 baptizatus
2439 2173 2558 2219 erat
2599 2182 2611 2217 ε
2661 2164 2788 2221 huic
2818 2167 2964 2221 enim
2994 2166 3208 2221 dixerat
3238 2168 3505 2236 Dominus
3536 2184 3550 2223 :

1962 2257 2066 2322 Qui
2097 2258 2235 2313 lotus
2266 2269 2339 2313 est
2383 2260 2563 2323 semel,
2614 2277 2714 2315 non
2755 2277 2959 2316 necesse
2985 2261 3138 2316 habet
3164 2263 3351 2317 iterum
3394 2263 3557 2318 lavari

1962 2348 2145 2421 (Joan.
2206 2367 2323 2410 ιιιιι.
2374 2352 2490 2422 10).
2520 2354 2743 2421 Accepit
2797 2362 2979 2409 tamen
3020 2363 3208 2424 postea
3252 2354 3555 2411 remedium
3593 2371 3601 2379 '

1962 2442 2189 2511 Christi,
2217 2444 2312 2500 sed
2337 2454 2462 2501 ante
2488 2446 2781 2516 paenituit;
2820 2456 2878 2503 et
2905 2457 3033 2503 ante
3059 2457 3279 2504 sanctus
3324 2457 3412 2503 est
3461 2448 3558 2503 ha-

1961 2535 2130 2600 bitus,
2176 2553 2339 2608 quam
2386 2538 2454 2593 ad
2500 2539 2802 2595 remedium
2857 2539 3187 2609 perveniret.
3228 2540 3342 2597 Nec
3388 2541 3563 2611 pinni-

1965 2630 2131 2685 tentia
2160 2630 2283 2700 ejus
2314 2632 2367 2687 in
2400 2633 2721 2689 memoriam
2769 2633 3127 2700 scriberetur,
3162 2634 3218 2689 ni
3269 2633 3559 2705 profuisset

1965 2722 2166 2793 aliquid
2200 2725 2511 2793 pmnitenti.
2549 2725 2742 2795 Flevit,
2775 2728 2968 2797 inquit,
2996 2727 3560 2789 amarissimelMattIt.

1967 2831 2115 2881 xxvi,
2148 2817 2263 2886 75).
2288 2816 2407 2873 Non
2430 2819 2512 2873 vis
2536 2817 2719 2875 facere
2741 2820 2978 2886 ﬁdelem,
3004 2821 3150 2892 quod
3176 2821 3372 2878 Petrus
3394 2822 3521 2879 fecit
3540 2824 3565 2876 ?

1971 2924 2078 2964 non
2107 2910 2193 2965 vis
2218 2911 2481 2980 prodesse
2530 2913 2711 2979 nobis,
2745 2914 2888 2983 quod
2922 2913 3085 2970 Petro
3132 2915 3384 2985 βιοὼίιῖ
3426 2915 3561 2988 Age,

1969 3004 2209 3060 Thomas
2240 3020 2393 3061 meus
2436 3021 2622 3062 nonne
2672 3016 2795 3077 post
2826 3007 3044 3062 Domini
3105 3009 3563 3065 resurrectionem

1969 3099 2038 3153 de
2082 3100 2491 3155 resurrectione
2541 3100 2850 3155 dubitavit?
2895 3101 3086 3157 Nonne
3144 3103 3391 3173 perﬁdiae
3439 3117 3567 3158 reus

1895 3165 1942 3230 α
1972 3202 2196 3248 notatur
2243 3208 2270 3245 τι
2320 3192 2577 3259 Domino,
2624 3192 2863 3248 camilli
2903 3195 3180 3249 clavorum
3225 3202 3401 3260 none,
3444 3206 3566 3249 cum

1974 3288 2240 3362 perfossa:
2268 3304 2485 3353 manus,
2515 3305 2641 3345 cum
2671 3289 2857 3345 lateris
2871 3290 3071 3344 vulnus
3097 3286 3424 3352 ostenditur,
3446 3303 3569 3343 cum
3622 3318 3625 3323 ν

1974 3384 2055 3439 sic
2085 3382 2153 3438 ad
2176 3396 2305 3438 eum
2336 3383 2414 3437 ait
2456 3382 2721 3437 Dominus
2756 3399 2771 3434 :
2804 3379 2934 3435 Noli
2964 3396 3075 3436 esse
3116 3380 3439 3446 incredulus,
3482 3380 3575 3437 sed

1976 3474 2152 3544 ﬁdelis
2186 3474 2477 3546 (Joan.xx,
2508 3472 2797 3543 27)?Quid
2829 3473 2998 3543 ergo?
3026 3472 3246 3528 erubuit
3273 3473 3577 3543 pmnitere?

1978 3584 2161 3627 nonne
2219 3568 2536 3623 humiliatus
2576 3566 2700 3623 est?
2752 3581 2935 3622 nonne
2984 3566 3153 3621 Deum
3187 3574 3243 3622 et
3288 3566 3573 3621 Dominum

1979 3678 2138 3719 suum
2189 3662 2341 3718 illico
2365 3660 2692 3717 confitetur?
2721 3659 2981 3726 numquid
3025 3675 3133 3715 non
3163 3658 3314 3714 illum
3343 3672 3576 3713 exomo-

1981 3758 2184 3828 logesis
2230 3757 2333 3812 ista
2379 3754 2722 3811 commendat
2743 3756 2767 3808 ?

2054 3852 2144 3908 XI.
2177 3852 2295 3908 Jam
2326 3868 2487 3923 quam
2527 3861 2717 3924 argute
2747 3859 2912 3921 caput
2945 3850 3079 3906 illud
3130 3850 3397 3916 absolvis,
3433 3849 3576 3921 quod

1984 3959 2084 4015 ego
2111 3946 2300 4015 posui;
2344 3946 2527 4000 datam
2576 3944 2853 4015 episcopis
2882 3952 3243 4014 potestatem,
3279 3952 3341 3997 ut
3369 3958 3491 4013 quas
3516 3942 3583 3997 li-

1984 4048 2205 4111 gassent
2257 4039 2313 4094 in
2364 4048 2545 4103 terra,
2580 4038 2745 4108 ligata
2797 4048 2984 4093 essent
3015 4044 3070 4091 et
3102 4036 3155 4090 in
3201 4036 3375 4091 ctelis.
3417 4032 3580 4095 Dicis,

1987 4133 2092 4188 hoc
2117 4132 2314 4189 nonad
2348 4132 2562 4198 fideles,
2596 4131 2690 4185 sed
2720 4130 2787 4184 ad
2819 4128 3248 4184 catechumenos
3277 4127 3581 4195 pertinere;

1988 4234 2048 4280 ut
2088 4222 2427 4294 baptizandis
2466 4222 2642 4277 adhuc
2671 4220 2882 4275 scilicet
2919 4218 3169 4291 populis,
3225 4216 3364 4272 solvi
3397 4216 3590 4271 liceret

1990 4318 2245 4381 crimina,
2274 4316 2362 4371 vel
2404 4315 2597 4371 teneri.
2646 4314 2886 4368 Duorum
2924 4311 3159 4381 denique
3213 4309 3588 4379 Evangelista-

1993 4428 2111 4468 rum
2143 4409 2382 4482 capitula
2410 4407 2714 4479 conjungis,
2744 4419 2801 4462 nt
2824 4421 2992 4461 unum
3033 4418 3158 4461 esse
3186 4403 3505 4467 videantur;
3535 4411 3590 4457 ct

1992 4502 2363 4575 adjicis,quod
2387 4501 2674 4557 Mattiacas
2702 4502 2881 4555 minus
2905 4499 3117 4569 integre
3145 4505 3468 4564 prosecutus
3494 4495 3586 4559 sit,

1992 4595 2299 4666 complesse
2340 4592 2604 4650 Joannem
2642 4611 2656 4646 :
2690 4603 2749 4647 ut
2776 4593 2903 4662 quia
2932 4589 3074 4660 apud
3107 4589 3416 4645 Matthzeum
3447 4586 3596 4642 dixe-

1995 4699 2080 4745 rat
2104 4688 2404 4753 Dominus;
2433 4684 2515 4740 Ite
2554 4694 2607 4744 et
2645 4685 2823 4740 docete
2849 4700 3025 4738 omnes
3052 4692 3247 4753 gentes,
3277 4682 3591 4752 baptizantes

1994 4799 2081 4839 eas
2121 4784 2176 4836 in
2222 4782 2429 4836 nomine
2483 4780 2683 4847 Patris,
2730 4788 2780 4834 et
2827 4776 2992 4848 Filii,
3052 4787 3099 4833 et
3148 4777 3381 4849 Spiritus
3429 4774 3596 4830 sancti

1997 4874 2214 4948 (Matth.
2260 4889 2455 4942 xxvut,
2500 4872 2625 4945 i9);
2657 4871 2802 4943 apud
2849 4871 3117 4927 Joannem
3160 4868 3464 4939 impleverit
3507 4866 3592 4922 di-

1998 4983 2130 5024 cens
2154 4987 2166 5022 :
2195 4968 2256 5024 Si
2276 4970 2426 5040 cujus
2455 4966 2754 5021 dimiseritis
2781 4974 3012 5038 peccata,
3035 4960 3476 5026 dimittenttrrtlli;
3504 4976 3596 5012 cu-

1994 5063 2085 5134 jus
2123 5059 2460 5125 retinueritis,
2491 5068 2539 5113 et
2565 5060 2869 5113 tenebuntur
2896 5056 3075 5127 (Joan.
3108 5070 3206 5116 xx,
3235 5050 3329 5125 25)
3364 5070 3377 5106 :
3412 5061 3472 5107 ut
3495 5051 3598 5105 hoc

2003 5152 2280 5208 dimittere
2302 5154 2384 5207 vel
2410 5152 2579 5222 ligare
2606 5150 2674 5206 ad
2700 5158 2893 5221 gentes
2914 5164 3037 5218 qua:
3058 5144 3396 5216 baptizandus
3417 5154 3594 5210 erant,

1994 5250 2335 5319 pertinuisse
2366 5247 2640 5312 videatur,
2670 5245 2797 5315 quia
2822 5245 2972 5314 prior
2999 5242 3343 5313 Evangelista
3377 5242 3442 5296 de
3464 5254 3597 5311 gen-

2008 5346 2155 5401 tibus
2186 5343 2512 5414 praelocutus
2544 5342 2645 5408 sit;
2695 5340 2760 5394 de
2798 5339 3063 5395 solvendo
3087 5348 3264 5393 autem
3298 5347 3351 5393 et
3380 5336 3600 5409 ligando

2007 5440 2281 5513 posterior
2321 5438 2652 5509 impleverit.
2685 5436 2823 5504 Quid
2852 5436 2967 5492 ais?
3000 5436 3361 5507 Evangelistze
3390 5434 3496 5491 duo
3522 5433 3605 5488 di-

2006 5538 2260 5595 midiatos
2303 5534 2537 5591 invicem
2591 5545 2807 5599 sensus,
2860 5538 2914 5586 et
2953 5532 3093 5587 semi
3125 5531 3367 5602 integros
3399 5528 3603 5585 retuleo

2007 5634 2167 5691 runt?
2200 5630 2374 5689 Verba
2403 5630 2491 5685 his
2522 5628 2773 5695 invicem,
2817 5627 3030 5684 ratiove
3062 5624 3340 5691 defuerat;
3374 5635 3466 5680 aut
3494 5639 3606 5679 non

381 5836 407 5865 ι
449 5825 712 5887 Oneritur.
773 5829 850 5885 Ex
900 5827 1101 5885 Latiuil
1130 5828 1448 5901 conjectura
1488 5825 1570 5888 sic
1599 5828 2015 5902 rescripsimus,
2043 5828 2132 5887 ubi
2178 5826 2311 5886 editi
2359 5825 2621 5883 exhibent
2658 5825 2921 5898 aperitur,
2950 5837 3290 5899 repttgnsnte
3327 5835 3610 5887 contextu.
