4048 6350
470 214 608 273 1071

1849 200 2103 262 SANCTI
2147 201 2422 263 PACIANI

3614 207 3728 267 1072
3741 193 3744 196 ’

461 331 520 385 in
539 325 795 385 omnibus
825 331 998 382 totum
1035 322 1271 396 Spiritus
1299 320 1836 393 sanctus-implebat,
1878 335 2079 393 propo-
2106 323 2159 382 Α
2183 320 2407 378 sicutad
2425 318 2645 377 Samuel
2662 321 2777 390 ipse
2795 319 3065 392 signiﬁcat
3089 321 3242 377 :Non
3261 322 3508 379 tenullius
3522 330 3733 382 momenti

463 423 602 479 sitos
656 420 932 493 perferens
981 433 1209 488 sensus,
1269 430 1324 476 et
1362 418 1432 475 ad
1487 419 1706 490 plenum
1747 417 1892 474 dicta
1937 416 2072 472 defl-

467 517 670 574 niens?
737 514 986 570 Hominis
1034 501 1417 571 confirmatum
1477 521 1864 570 testamentum
1910 529 2073 568 nemo

462 607 850 678 superordiuat
881 625 894 661 :
931 607 1028 664 Dei
1058 608 1527 677 tabulam,tabula
1558 608 1777 665 diversa
1809 606 2073 664 mutabit?

465 701 814 770 Qumnamin
851 701 1008 757 vobis
1054 701 1172 758 hate
1221 701 1477 759 vincendi
1521 703 1723 773 cupido
1748 711 1852 768 est,
1875 713 1936 757 ιιι
1965 701 2073 757 tale

461 794 670 866 aliquid
694 794 984 850 audeatis?
1009 794 1150 862 Quid
1198 794 1344 866 quod
1369 794 1510 866 apud
1539 796 1857 851 Matthaeum
1889 794 2072 865 ipsum

460 893 589 941 ante
616 885 927 956 passionem
951 901 1108 943 suam
1127 886 1350 944 dixerat
1379 887 1644 943 Dominus
1671 904 1685 941 :
1723 887 2074 958 Quaecumque

461 981 746 1055 ligaveritis
790 982 846 1036 in
869 989 1028 1049 terra,
1066 990 1216 1036 erunt
1246 981 1406 1053 ligata
1430 990 1481 1036 et
1507 982 1560 1035 in
1589 981 1717 1037 calo
1732 989 1782 1036 et
1817 995 2075 1052 quacum-

464 1092 566 1147 quc
604 1075 861 1131 solveritis
901 1077 955 1130 in
985 1085 1146 1143 terra,
1173 1085 1322 1131 erunt
1350 1077 1520 1132 soluta
1542 1087 1590 1132 et
1611 1076 1666 1131 in
1703 1077 1828 1131 calo
1854 1073 2069 1146 (Matth.

461 1183 578 1234 xvi,
613 1167 744 1239 i9)?
768 1168 930 1239 Apud
956 1168 1271 1224 Matthtcum
1297 1168 1404 1224 hoc
1432 1167 1762 1240 praedixerat
1785 1165 2072 1236 Dominus,

462 1267 520 1315 et
547 1259 750 1314 nullam
775 1257 852 1314 ibi
874 1259 1120 1330 gentium
1154 1259 1366 1316 fecerat
1395 1261 1732 1318 mentionem
1771 1278 1784 1316 :
1819 1275 1918 1316 cur
1944 1275 2076 1332 ergo

462 1351 542 1407 illi
565 1353 864 1424 capitulum
899 1352 1132 1409 Joannis
1154 1352 1436 1426 adjuugis,
1470 1353 1562 1411 ubi
1599 1369 1759 1410 suum
1788 1353 1989 1424 posuit,
2017 1361 2075 1408 et

464 1445 542 1502 ita
569 1445 754 1515 posuit
777 1456 836 1501 ut
860 1463 889 1500 a
917 1447 1173 1518 gentibus
1193 1446 1522 1518 separaret?
1548 1447 1691 1518 quod
1723 1445 1911 1518 utique
1932 1445 1978 1501 si
2007 1445 2076 1502 ad

463 1547 660 1608 gentes
689 1540 966 1609 pertinere
1015 1538 1317 1604 voluisset,
1361 1540 1537 1612 potuit
1577 1541 1693 1605 ipse
1741 1539 2077 1611 conjungere

461 1632 607 1702 quod
632 1632 749 1704 ipse
774 1633 1030 1704 ponebat.
1065 1633 1268 1689 Totum
1319 1648 1451 1705 ergo
1485 1633 1632 1705 quod
1669 1634 1898 1703 quaeris,
1931 1631 2074 1704 apud

2176 417 2425 486 fecerunt,
2456 416 2547 468 sed
2563 428 2644 467 me
2668 412 2721 484 (l
2749 411 2882 486 Reg.
2913 428 3034 481 vui,
3069 413 3149 485 7).
3173 414 3502 472 Conceditur
3523 432 3643 489 ergo
3663 420 3734 477 vel

2173 511 2342 568 semel
2371 509 2654 578 Ecclesiae,
2684 509 2833 582 quod
2864 509 3021 566 nobis
3051 510 3182 580 ipsis
3228 513 3427 567 totiens
3447 513 3733 583 imperatur.

2246 601 2384 658 Xlll.
2419 601 2570 658 Nunc
2598 602 2665 657 ad
2695 602 2983 662 erraticam
3031 618 3212 672 ovem,
3244 603 3553 660 drachmam
3580 605 3734 675 illam,

2173 705 2229 753 et
2281 695 2768 753 adolescentiorem
2821 696 2992 753 lilium
3043 706 3388 754 revertamur
3431 717 3444 753 :
3482 715 3597 771 qua:
3647 716 3734 773 ego

2174 788 2422 860 exempla
2442 803 2564 846 cum
2613 788 2845 845 strictim
2893 790 3098 860 scripto
3129 792 3313 860 priore
3357 791 3665 864 tetigissem,
3691 803 3737 850 tu

2176 882 2334 954 plena
2362 881 2608 953 repetisti
2631 924 2647 950 ,
2675 880 2914 940 edocens
2960 893 3019 939 et
3055 883 3354 940 ostendens
3379 883 3673 941 drachmam
3695 895 3740 942 et

2175 992 2338 1034 ovem
2370 987 2422 1033 et
2454 977 2623 1033 filium
2679 978 2950 1035 minorem
2983 977 3051 1034 ad
3097 979 3418 1050 publicanos
3442 990 3498 1038 et
3527 993 3742 1054 peccato-

2176 1084 2294 1136 res;
2321 1055 2426 1126 hoc
2456 1079 2561 1137 est,
2595 1069 2856 1127 humilem
2881 1073 3164 1144 populum,
3206 1088 3313 1130 non
3354 1073 3422 1129 ad
3449 1072 3743 1133 Christiana

2175 1161 2356 1232 plebis
2384 1160 2675 1235 imaginem
2691 1207 2708 1232 ,
2739 1157 2840 1220 nec
2864 1163 2930 1219 ad
2963 1163 3196 1221 formam
3218 1163 3458 1223 ﬁdelium
3483 1168 3740 1239 pertinere.

2178 1254 2438 1313 Gratulor
2463 1271 2550 1312 me
2571 1254 2790 1323 doceri;
2825 1256 3162 1313 intellectum
3192 1273 3327 1316 vero
3356 1275 3465 1315 non
3490 1275 3623 1327 esse,
3651 1276 3746 1318 mo-

2179 1352 2318 1409 leste
2346 1353 2482 1408 fero.
2527 1350 2662 1407 Nam
2715 1351 2845 1424 quid
2889 1353 3174 1410 asseram?
3202 1351 3285 1408 Ea
3329 1370 3649 1428 qua’cumque
3678 1355 3746 1411 les

2178 1445 2354 1512 dicat,
2395 1443 2477 1500 his
2509 1445 2598 1516 qui
2631 1444 2725 1499 sub
2770 1446 2881 1519 lege
2921 1455 3063 1514 sunt,
3113 1443 3284 1501 dicere
3322 1445 3514 1520 (Rom.
3547 1448 3742 1519 111,19);

2177 1539 2364 1610 utique
2396 1547 2451 1594 et
2493 1537 2599 1594 hoc
2652 1537 3032 1610 principaliter
3061 1537 3129 1594 ad
3160 1539 3376 1610 priores
3405 1538 3602 1596 dictum
3645 1553 3745 1598 esse

2179 1631 2492 1699 consentio,
2544 1630 2639 1687 sed
2668 1630 2721 1686 in
2773 1628 2947 1687 forma
2995 1630 3268 1698 fidelium,
3319 1630 3423 1689 sed
3454 1633 3506 1688 in
3546 1633 3747 1704 imagine

463 1725 777 1782 Matthaum
806 1725 1004 1783 habes.
1036 1723 1147 1781 Cur
1177 1742 1288 1783 non
1321 1727 1576 1782 universa
1608 1726 1810 1798 legisti,
1840 1726 1932 1797 qui
1960 1725 2079 1796 epi-
2106 1723 2156 1785 B
2181 1717 2508 1792 futurorum,
2539 1727 2680 1782 sicut
2704 1725 3002 1797 Apostolus
3021 1725 3152 1782 dicit
3179 1743 3194 1781 :
3222 1725 3354 1782 Htec
3374 1735 3545 1780 autem
3564 1727 3614 1780 in
3631 1726 3748 1797 ﬁgu-

460 1832 690 1887 seopum
721 1818 924 1874 doces?
971 1818 1214 1874 Primum
1263 1817 1529 1890 praecepti
1577 1819 1734 1874 istius
1780 1827 1942 1889 caput
1987 1832 2074 1874 re-

459 1918 608 1979 pete.
639 1909 763 1981 lpso
792 1908 1069 1966 referente
1100 1910 1378 1978 Matthteo,
1405 1910 1570 1981 paulo
1598 1910 1852 1981 superius
1875 1909 1942 1966 ad
1973 1909 2076 1966 Pe-

457 2011 604 2059 trum
635 2001 852 2058 locutus
892 2010 979 2058 est
1008 2003 1305 2069 Dominus;
1339 2003 1407 2058 ad
1438 2019 1630 2071 unum,
1665 2003 1786 2059 ideo
1817 2012 1876 2058 ut
1899 2003 2076 2058 unita-

459 2106 573 2154 tem
633 2096 886 2152 funtlaret
915 2112 982 2152 ex
1017 2113 1156 2165 uno;
1208 2112 1338 2153 mox
1381 2097 1434 2152 id
1467 2097 1644 2168 ipsum
1693 2098 1747 2152 in
1783 2111 2076 2154 commune

456 2189 804 2261 praecipiens,
836 2197 864 2227 α
893 2188 1133 2259 qualiter
1157 2197 1340 2246 tamen
1369 2189 1436 2246 ad
1465 2189 1690 2246 Petrum
1732 2189 1932 2260 incipit
1960 2207 1975 2245 :
2005 2187 2077 2243 Et

460 2299 554 2358 ego
575 2285 665 2338 tibi
707 2285 848 2351 dico,
875 2284 1069 2355 inquit,
1099 2286 1226 2356 quia
1255 2294 1310 2339 tu
1331 2301 1383 2339 es
1411 2283 1624 2348 Petrus,
1664 2294 1713 2339 et
1741 2301 1896 2357 super
1921 2285 2077 2338 istam

460 2389 658 2447 petram
681 2367 956 2449 mdiﬁcabo
973 2376 1260 2433 Ecclesium
1279 2394 1468 2446 meam,
1495 2388 1544 2432 et
1569 2388 1732 2448 porta:
1753 2379 2078 2450 infernarum

460 2489 567 2528 non
589 2473 1203 2528 conualescentaduersus
1225 2490 1360 2527 eam.
1383 2472 1450 2527 Et
1475 2472 1564 2527 tibi
1586 2473 1721 2527 dabo
1735 2473 1912 2528 claves
1930 2472 2077 2544 regni

462 2565 711 2619 caelorum
741 2579 760 2619 :
791 2574 839 2618 et
865 2580 1199 2638 quiscumque
1222 2566 1462 2635 ligaveris
1489 2582 1646 2635 super
1677 2575 1890 2629 terram,
1919 2565 2080 2634 ligata

463 2668 614 2711 erunt
631 2665 680 2710 et
703 2658 758 2711 in
787 2658 964 2722 caelis;
993 2667 1042 2710 et
1064 2673 1400 2728 quietumque
1427 2657 1638 2711 solveris
1677 2673 1835 2724 super
1862 2665 2076 2721 terram,

464 2759 616 2803 erunt
665 2750 836 2804 soluta
893 2760 938 2803 et
981 2751 1036 2804 in
1063 2750 1202 2805 cretis
1257 2748 1424 2824 (Ibid.
1465 2751 1553 2816 18,
1591 2751 1701 2819 l9).
1749 2750 1843 2806 Die
1873 2750 2076 2818 frater;

464 2841 537 2898 de
559 2842 692 2896 solis
721 2841 979 2913 gentibus
1003 2841 1108 2896 hoc
1139 2843 1354 2898 loculus
1374 2851 1455 2898 est
1476 2859 1489 2896 :
1524 2843 1698 2913 Super
1717 2841 1853 2897 hanc
1877 2854 2080 2915 petram

465 2934 759 3006 mdiﬁcabo.
791 2937 987 3002 inquit,
1026 2934 1308 2989 Ecclesium
1352 2938 1558 2991 meum?
1591 2937 1887 2992 Ecclesiatu
1910 2981 1924 3005 ,
1971 2953 2079 2994 nou

463 3027 766 3099 baptizatus
793 3036 983 3098 gentes
1012 3028 1213 3081 vocat?
1239 3028 1403 3084 homo
1425 3028 1656 3085 necdum
1685 3039 1928 3096 renatus,
1958 3045 2082 3086 cor-

2178 1837 2239 1875 ra
2264 1819 2623 1891 contingebant
2653 1819 2798 1874 illis:
2827 1819 3025 1890 scripta
3056 1827 3178 1874 sunt
3203 1828 3379 1874 autem
3405 1819 3475 1873 ad
3502 1819 3750 1888 correptio-

2178 1930 2296 1970 nem
2341 1922 2602 1977 nostram,
2646 1913 2699 1967 in
2725 1927 2875 1984 quos,
2920 1913 3050 1982 ﬁnes
3095 1912 3411 1968 sa'culorum
3456 1913 3746 1968 devenerunt.

2183 2006 2241 2079 (Ι
2271 2005 2392 2063 Cor.
2426 2022 2482 2073 x,
2517 2007 2630 2077 Η).
2677 2005 2744 2062 Et
2790 2006 2986 2062 iterum
3021 2022 3035 2060 :
3074 2005 3204 2072 Qua:
3232 2005 3410 2062 omnia
3449 2005 3554 2059 illis
3589 2005 3752 2059 umbra

2178 2110 2324 2158 erant
2376 2101 2670 2172 futurorum
2711 2101 2960 2156 bonorum
2999 2099 3188 2169 (Hebr.
3241 2116 3297 2165 x,
3336 2100 3420 2170 1).
3459 2098 3613 2156 Certe
3655 2099 3749 2170 ipse

2179 2197 2396 2264 adnuis,
2433 2197 2498 2251 ad
2522 2196 2842 2268 publicanos
2871 2204 2927 2252 et
2951 2204 3294 2268 peccatores,
3319 2195 3427 2250 hoc
3454 2204 3570 2260 est,
3604 2191 3750 2249 humi-

2179 2289 2286 2347 lem
2313 2290 2598 2362 populum,
2632 2297 2688 2344 et
2718 2289 2840 2345 ideo
2867 2289 3162 2361 juniorem,
3197 2289 3291 2344 illa
3312 2287 3540 2344 dictata.
3571 2287 3659 2342 Dic
3681 2301 3750 2342 er-

2178 2397 2247 2453 go
2283 2398 2296 2434 :
2327 2396 2394 2436 an
2421 2382 2653 2452 populus
2675 2380 3018 2437 Christianus
3037 2382 3156 2450 ipse
3178 2391 3262 2438 est
3279 2381 3498 2451 junior?
3518 2396 3581 2436 an
3611 2381 3658 2436 in
3682 2393 3752 2434 ra-

2180 2476 2357 2532 dicem
2408 2473 2732 2532 cohaeserit?
2780 2490 2847 2530 an
2886 2473 2915 2514 ι’
2973 2475 3066 2532 illa
3118 2475 3366 2531 membra
3424 2471 3753 2546 compegeritl

2180 2571 2498 2641 adiﬁcatas,
2529 2580 2587 2625 ut
2609 2569 2875 2640 scriptum
2906 2580 3024 2638 est,
3098 2570 3153 2625 in
3179 2569 3537 2642 [undamcntis
3573 2578 3751 2639 apostoo

2183 2664 2356 2717 larunt
2381 2671 2430 2716 et
2471 2663 2866 2733 prophetarum,
2896 2673 2945 2717 et
2969 2663 3083 2734 ipso
3107 2664 3355 2734 angulari
3399 2663 3570 2732 lapide
3587 2660 3754 2717 Christo

2181 2754 2308 2810 Jesu
2361 2755 2582 2828 (Ep/tes.
2612 2771 2682 2823 Il,
2711 2756 2830 2827 20).
2873 2756 2953 2811 An
2993 2754 3300 2811 Judworum
3363 2756 3508 2814 Deus
3553 2756 3756 2811 tantum?

2185 2849 2377 2905 Nonne
2401 2859 2450 2905 et
2471 2851 2738 2922 gentium!
2779 2851 2947 2905 Immo
2990 2859 3037 2905 et
3087 2853 3331 2922 gentium.
3356 2852 3620 2924 Siquidem
3650 2863 3756 2906 unus

2185 2944 2352 3010 Deus,
2397 2945 2487 3016 qui
2533 2945 2794 3015 justiﬁcat
2845 2945 3062 3016 impium
3111 2961 3175 3000 ea:
3220 2946 3350 3016 ﬁde,
3410 2957 3460 3002 et
3508 2962 3593 3019 per
3633 2945 3756 3014 ﬁdem

2188 3042 2365 3113 (Rom.
2397 3056 2476 3106 ιιι,
2509 3041 2600 3104 29.
2633 3040 2749 3108 50).
2779 3038 2940 3097 Certe
2973 3041 3064 3097 ille
3095 3041 3320 3096 humilis
3344 3040 3597 3112 populus,
3624 3052 3756 3111 quem

467 3137 573 3192 pus
600 3128 685 3177 est
715 3119 952 3175 Christi?
979 3119 1120 3188 Quid
1166 3121 1320 3176 solvo
1348 3123 1624 3190 gentibus,
1659 3123 1802 3193 quod
1838 3139 1947 3178 non
1995 3133 2082 3179 est

2188 3127 2353 3200 Deus,
2379 3134 2652 3191 draclimze
2671 3177 2684 3200 ,
2734 3135 2844 3190 filio
2870 3136 3070 3191 minori
3100 3147 3154 3191 et
3183 3136 3418 3193 aviculae
3455 3134 3755 3198 conferebat,

464 3214 716 3285 ligatum?
764 3212 897 3268 Nam
926 3213 972 3268 si
1025 3229 1134 3268 non
1183 3225 1497 3284 reputatqu
1539 3228 1644 3278 est.
1677 3233 1776 3272 nec
1826 3219 2075 3288 ligatum.

471 3307 615 3375 Quid
660 3308 854 3378 alligo,
895 3307 1039 3376 quod
1094 3308 1246 3364 nullo
1273 3309 1396 3380 jure
1447 3312 1800 3382 cunstriugo?
1847 3311 2082 3370 Gentilis

471 3401 660 3465 homo,
688 3400 824 3456 liber
849 3411 934 3455 est
965 3399 1120 3470 Legi.
1154 3401 1289 3457 Vide
1335 3420 1482 3459 nunc
1511 3421 1542 3459 e
1572 3406 1872 3472 contrario,
1907 3424 1975 3462 an
2026 3407 2080 3464 iu

468 3493 804 3565 baptizatum
833 3502 1065 3564 utraque
1093 3495 1445 3550 conveniant.
1477 3495 1721 3552 Solvitur
1745 3499 1930 3567 venia,
1955 3500 2082 3569 quia

469 3595 696 3658 peccato
717 3585 1038 3649 tenebatur;
1071 3587 1270 3657 ligatur
1314 3589 1687 3659 anathemate,
1715 3594 1841 3663 quia
1873 3593 2084 3651 solutus

475 3679 655 3734 fuerat
678 3677 787 3733 fide
808 3686 863 3733 et
890 3694 983 3747 per
1004 3682 1231 3749 gratiam
1253 3681 1537 3738 liberatus.
1562 3685 1715 3752 Quod
1739 3687 1782 3740 si
1810 3686 1876 3740 ad
1896 3698 2086 3756 gentes

474 3773 617 3828 hanc
644 3772 889 3827 solvendi
922 3773 1200 3829 licentiam
1230 3778 1317 3831 vel
1349 3777 1549 3848 ligandi
1581 3789 1862 3849 spectasse
1889 3797 2086 3838 conce-

481 3864 646 3932 dam;
680 3866 852 3921 multo
885 3867 1059 3937 magis
1089 3867 1155 3922 ad
1179 3870 1480 3940 baptizatos
1507 3875 1837 3940 pertinuisse
1862 3877 2090 3931 convin-

480 3972 624 4014 cam.
647 3956 781 4014 Nztm
812 3959 858 4013 si
892 3959 937 4015 is
965 3959 1102 4014 solvi
1126 3965 1301 4030 potuit
1330 3967 1415 4020 vel
1447 3964 1628 4034 ligari,
1652 3966 1746 4037 qui
1772 3982 1876 4023 non
1903 3969 2091 4026 habuit

479 4052 780 4118 vinculum;
798 4063 1004 4124 quanto
1017 4054 1190 4124 magis
1208 4055 1300 4112 ille
1314 4072 1476 4127 quem
1493 4058 1617 4115 tldei
1632 4059 1749 4131 jura
1769 4065 2089 4119 tenuerunt?

562 4144 678 4201 XII.
714 4147 808 4202 Ais
838 4147 1085 4215 posuisse
1133 4148 1448 4205 Matthaaum
1481 4167 1496 4207 :
1526 4151 1589 4207 Si
1634 4156 1918 4225 peccaverit
1954 4157 2008 4210 in
2041 4165 2092 4211 te

489 4244 651 4310 frater
674 4249 812 4307 tuus,
835 4241 962 4294 vade
989 4251 1038 4295 et
1065 4243 1271 4312 corripe
1301 4259 1418 4297 eum
1441 4245 1584 4299 solus
1606 4262 1722 4300 cum
1743 4247 2088 4320 solo(Matth.

488 4334 802 4404 xviu,15);
849 4349 914 4390 ac
959 4336 1142 4391 statim
1188 4337 1538 4407 subjunxisse
1571 4339 1897 4396 Dominum:
1931 4343 2091 4412 Quie-

490 4438 708 4494 cumque
727 4424 938 4480 solveris
957 4427 1010 4480 in
1040 4435 1201 4494 terra,
1231 4429 1406 4484 soluta
1433 4439 1583 4485 erunt
1605 4439 1652 4484 et
1673 4431 1728 4486 in
1749 4433 1920 4500 caelis;
1945 4443 2002 4490 ut
2021 4435 2091 4492 ad

2187 3227 2434 3284 Ecclesia
2460 3228 2604 3284 fuit:
2638 3228 2779 3284 unde
2827 3229 3009 3285 omnis
3052 3229 3208 3286 turba
3249 3230 3618 3296 credentium,
3643 3225 3759 3283 unde

2187 3323 2420 3394 populus
2448 3321 2817 3378 Christianus.
2843 3323 2977 3378 Huic
2997 3323 3214 3394 corpori
3240 3332 3432 3378 nostra
3449 3322 3603 3379 etiam
3621 3334 3759 3376 mem-

2187 3418 2283 3474 bra
2310 3416 2597 3488 conjuncta
2639 3427 2796 3479 sunt,
2830 3426 2885 3472 et
2935 3425 3062 3472 tota:
3109 3416 3459 3472 credentium
3501 3415 3758 3486 portiones,

2191 3519 2246 3565 ut
2277 3509 2331 3564 in
2380 3509 2577 3564 bonam
2614 3510 2814 3564 olivam
2861 3525 2928 3567 ex
2969 3511 3212 3566 oleaSIro
3253 3501 3502 3582 gentium
3539 3508 3758 3568 conveni-

2189 3608 2342 3665 reut,
2389 3600 2529 3655 sicut
2574 3600 2868 3671 Aposmlus
2907 3600 3090 3655 dicit:
3129 3599 3429 3673 Participes
3482 3599 3760 3678 pinguedinit

2189 3693 2304 3764 ejus
2351 3690 2547 3757 eﬂectte
2602 3691 2784 3763 (Rom.
2816 3708 2889 3759 xl,
2931 3692 3063 3763 l7)?
3091 3702 3255 3764 atque
3301 3697 3374 3750 ita
3428 3712 3584 3751 unum
3623 3708 3760 3749 omnes

2191 3799 2416 3839 essemus
2438 3786 2492 3839 in
2514 3784 2744 3853 Christo,
2799 3785 3020 3842 Judams
3045 3797 3096 3843 et
3125 3786 3365 3857 Gra'cus,
3399 3807 3569 3846 servus
3590 3799 3635 3846 et
3660 3787 3760 3844 liber

2193 3874 2340 3950 (Gal.
2369 3893 2450 3945 tu,
2478 3878 2597 3949 28).
2624 3879 2680 3935 Si
2709 3895 2839 3952 ergo
2859 3895 2980 3936 cum
3011 3881 3122 3937 illis
3155 3881 3460 3941 humilibus
3493 3899 3644 3940 unum
3663 3897 3761 3938 cor-

2194 3985 2293 4040 pus
2319 3985 2529 4038 sumus,
2551 3972 2695 4028 dicta
2726 3982 2854 4029 sunt
2881 3983 2938 4030 et
2963 3974 3030 4030 ad
3057 3990 3158 4031 nos
3185 3991 3307 4048 quae
3340 3987 3582 4036 veterum
3617 3974 3760 4032 humi-

2195 4064 2277 4121 les
2302 4065 2634 4122 audierunt:
2669 4077 2834 4139 atque
2861 4068 2931 4124 ita
2956 4069 3343 4144 omnicorpori
3374 4075 3758 4134 nuntiatumest.

2195 4158 2457 4230 quidquid
2479 4159 2550 4216 de
2574 4162 2823 4234 corporis
2848 4173 3003 4234 parte
3031 4166 3391 4236 praedicatum
3418 4179 3522 4226 est.

2269 4251 2408 4309 XIV.
2449 4254 2633 4311 Dicam
2667 4255 2918 4325 planius:
2952 4257 3047 4314 ille
3096 4261 3371 4330 posterior
3415 4262 3650 4334 populus,
3687 4257 3762 4314 ille

2196 4359 2425 4416 pauper,
2449 4345 2543 4403 ille
2582 4346 2898 4416 mediocris,
2940 4347 3122 4422 imago
3171 4351 3438 4409 Ecclesitc
3471 4353 3592 4418 fuit,
3618 4351 3762 4406 anima

2201 4436 2426 4494 humilis
2470 4448 2526 4495 et
2579 4441 2824 4497 modesta
2845 4484 2861 4510 ,
2894 4443 3074 4499 anima
3127 4443 3356 4502 liberata
3388 4462 3488 4519 per
3511 4447 3759 4504 Christum.

491 4513 679 4613 fratris
706 4514 968 4613 (mensam
1006 4520 1286 4613 pertinere
1322 4520 1591 4578 videatur.
1636 4525 1773 4596 Age,
1803 4542 1912 4582 non
1942 4529 2095 4587 vides
2120 4514 2176 4577 Ι)
2201 4531 2352 4590 Hanc
2378 4535 2528 4590 venit
2567 4535 2830 4592 Dominus
2861 4537 3068 4594 salvam
3115 4539 3330 4608 facere,
3363 4513 3503 4598 h-anc
3549 4540 3672 4613 apud
3699 4537 3761 4592 in-

495 4606 641 4679 quod
672 4623 834 4677 supra
861 4610 1020 4666 dicit:
1043 4611 1105 4669 Si
1131 4613 1189 4668 in
1215 4622 1263 4668 te
1289 4618 1573 4683 peccaverit
1597 4620 1760 4690 frater
1779 4629 1896 4676 tuus
1917 4638 1937 4678 :
1975 4621 2098 4681 heic

496 4715 629 4755 vero
657 4699 839 4756 addit:
866 4701 1030 4758 Amen
1059 4704 1175 4760 dico
1193 4707 1354 4762 vobis.
1389 4710 1740 4784 Quaecumque
1766 4715 2016 4770 solveritis
2044 4719 2102 4773 in

501 4805 663 4862 terra,
694 4803 800 4851 etc.
836 4793 973 4850 lllud
1002 4797 1094 4852 uni
1137 4797 1332 4869 jussit,
1366 4801 1470 4859 hoc
1517 4805 1764 4874 pluribus
1801 4808 2098 4867 relaxavit:

495 4888 630 4945 illud
673 4889 794 4961 ipse
838 4890 1005 4948 solvit
1035 4893 1091 4948 in
1119 4908 1281 4964 quem
1309 4895 1644 4968 admittitur;
1685 4903 1790 4960 hoc
1815 4919 1965 4973 vero,
1995 4906 2102 4962 Ec-

503 4981 671 5036 clesia
704 4997 719 5036 :
754 4981 908 5051 illud,
935 4984 1057 5040 sine
1101 4986 1405 5055 sacerdote,
1440 4990 1561 5047 sine
1589 4992 1874 5064 fratribus;
1901 4997 2005 5056 hoc
2033 5001 2103 5057 ab

504 5074 761 5130 omnibus
799 5077 1145 5147 impetratur.
1181 5077 1530 5153 Quazcumque
1563 5086 1844 5156 solveritis,
1893 5091 2100 5163 inquit;

505 5167 730 5224 omnino
775 5168 909 5224 nihil
956 5169 1178 5240 excipit.
1212 5170 1576 5246 Quacumque,
1620 5177 1795 5249 inquit
1827 5200 1841 5238 :
1875 5184 1958 5240 vel
1989 5201 2105 5242 ma-

502 5273 629 5330 gua,
655 5258 741 5315 vel
770 5259 1003 5317 modica.
1039 5260 1275 5320 Attende
1303 5266 1448 5336 quod
1491 5267 1559 5323 ad
1591 5268 1811 5330 Petrum
1839 5275 1984 5332 dicat
2015 5279 2102 5334 in-

501 5350 677 5408 ferius
706 5351 759 5407 id
781 5353 926 5422 quod
964 5363 1219 5424 peccatur
1261 5356 1315 5412 in
1359 5357 1663 5430 hominem,
1716 5371 2020 5440 septuagies
2050 5382 2105 5428 et

502 5445 708 5514 septies
738 5444 1131 5515 relaxandum;
1189 5457 1248 5504 ut
1289 5452 1566 5520 ostendat,
1611 5455 1747 5513 alias
1795 5460 1884 5516 vel
1933 5466 2104 5522 semel

505 5537 911 5608 posse.Tamen
929 5541 1020 5612 qui
1044 5541 1100 5597 in
1127 5541 1351 5625 Petrum
1381 5558 1591 5618 peccat,
1609 5548 1899 5608 Dominum
1920 5555 2100 5614 laedit:

579 5688 604 5768 ε
647 5680 908 5768 Qualiter1
918 5683 1098 5768 .Forte
1129 5684 1418 5768 legendum
1444 5705 1568 5746 cum
1604 5675 1842 5762 Latinio,
1875 5699 2098 5768 «equali-

503 5759 606 5821 ter,
649 5761 706 5810 et
746 5753 826 5812 sic
875 5753 1322 5829 distinguendum
1353 5776 1367 5818 :
1397 5762 1452 5818 in
1493 5779 1764 5823 commune
1797 5753 2102 5842 pracipiens

2201 4624 2351 4682 feros
2379 4641 2486 4682 non
2516 4627 2738 4699 reliquit
2770 4645 2785 4685 :
2813 4628 2934 4685 hare
2981 4639 3065 4687 est
3114 4633 3234 4690 ovis
3274 4633 3367 4689 illa
3415 4649 3536 4706 qua:
3562 4628 3762 4690 humeris

2203 4730 2566 4791 reportatur:
2598 4721 2653 4778 id
2696 4735 2816 4791 est,
2848 4725 2974 4782 nisu
3003 4735 3059 4783 et
3102 4727 3290 4800 vigore
3341 4727 3629 4800 patientia}.
3665 4725 3762 4782 Haec

2205 4822 2291 4870 est
2345 4813 2643 4882 drachma,
2689 4832 2812 4889 qua:
2855 4819 3174 4890 quaeritur:
3215 4831 3272 4876 et
3300 4822 3535 4889 vicinis,
3583 4823 3762 4878 inventa

2206 4918 2563 4966 monstratur.
2601 4909 2764 4967 Vides
2805 4911 3036 4970 formam
3073 4914 3193 4986 ejus
3247 4915 3583 4973 similitudini
3625 4911 3762 4986 paui-

2209 5004 2436 5058 tentium
2489 5005 2816 5060 convenire?
2857 5005 3025 5063 Vides
3065 5009 3495 5066 misericordiam
3529 5021 3678 5080 usque
3711 4999 3763 5060 ad

2209 5094 2314 5152 hoc
2352 5105 2569 5169 tempus
2614 5097 2873 5156 extendi?
2921 5098 3090 5158 Vides
3139 5117 3499 5176 quaecumque
3546 5097 3762 5158 Ecclesia:

2207 5189 2453 5245 nascenti
2479 5190 2621 5246 dicta
2652 5202 2800 5258 sunt,
2829 5192 2897 5248 ad
2928 5193 3328 5263 plenitudinem
3350 5196 3604 5252 Ecclesia:
3623 5188 3759 5266 perti-

2209 5283 2381 5340 nere?
2404 5284 2534 5342 Inde
2561 5285 2634 5342 ibi
2657 5286 2924 5344 Dominus
2953 5288 3155 5360 adjecit
3179 5307 3193 5346 :
3241 5291 3332 5347 Sic
3354 5291 3452 5347 erit
3476 5288 3698 5363 gaudium
3719 5282 3759 5336 in

2210 5380 2335 5434 caelo
2382 5396 2538 5451 super
2583 5397 2744 5436 unum
2799 5392 3115 5454 peccatorem
3164 5385 3510 5456 penitentiam
3547 5387 3755 5454 egeram

2209 5488 2366 5542 quam
2393 5490 2546 5546 super
2574 5477 2857 5548 nonaginta
2899 5494 3077 5534 novent
3118 5480 3327 5550 justas,
3371 5477 3548 5552 quibus
3574 5490 3661 5529 non
3684 5466 3760 5542 fuit

2210 5581 2342 5635 opus
2387 5567 2684 5640 paenitentia
2712 5567 2871 5642 (Luc.
2902 5586 2993 5640 xv,
3024 5570 3102 5643 7).
3135 5569 3271 5628 Nam
3320 5571 3367 5630 si
3407 5570 3582 5628 omnia
3605 5566 3681 5624 illa
3705 5557 3755 5616 ad

2206 5703 2492 5776 (equaliter,
2523 5716 2714 5776 tamen,
2741 5718 2849 5767 etc.
3039 5757 3042 5760 .

2279 5775 2308 5817 δ
2348 5773 2457 5834 Illa
2478 5773 2738 5839 membra.
2770 5781 2927 5856 Legit
2952 5780 3221 5856 Latinius,
3252 5801 3322 5842 an
3358 5799 3407 5842 ut
3435 5779 3525 5840 illa
3549 5777 3750 5838 mentm.
