4048 6350
312 356 454 415 1075

1668 364 1687 435 ι
1715 364 2053 426 EPISTOLA
2091 366 2182 425 Ill.

3484 379 3623 439 1074

310 475 740 570 commonendos
771 490 873 534 nos
899 478 1105 547 scripta
1134 487 1290 547 sunt;
1322 481 1408 538 cui
1438 481 1655 540 tandem
1676 485 1910 558 populus
1935 489 1989 552 Α
2014 502 2113 559 per
2137 496 2385 547 sanctum
2408 489 2673 563 Spiritum
2702 494 3057 566 gerebantur.
3092 495 3151 553 in
3171 498 3392 554 cieteris
3421 501 3623 570 quippe

309 569 404 626 ille
424 579 676 641 peccator
715 571 939 630 humilis
965 575 1398 647 comparabitur,
1430 577 1536 634 nisi
1564 581 1767 650 populo
1794 596 1911 650 poe-

307 664 539 721 nitenti?
562 668 642 722 Ac
666 667 711 723 si
744 667 930 739 ﬁguris
962 668 1014 723 in
1044 668 1293 726 ordinem
1323 664 1776 740 recurrentibus,
1807 690 1910 730 no-

306 758 525 830 naginta
558 775 754 817 novem
781 776 928 818 sanie
949 804 966 831 ,
1013 763 1193 820 omnis
1226 765 1471 822 Ecclesia
1499 776 1612 835 est;
1645 785 1753 825 una
1780 786 1910 827 vero

284 854 558 922 erratica,
584 854 1021 927 delinquentium
1048 859 1387 928 portiuncula
1418 871 1500 917 est
1526 881 1536 914 :
1562 878 1625 919 ac
1653 863 1908 922 drachma

302 962 425 1019 quin
451 949 634 1019 periit,
669 950 842 1006 miser
862 951 956 1007 ille
981 963 1236 1023 peccator
1260 964 1343 1010 est
1371 973 1385 1009 :
1410 956 1629 1012 rediens
1652 969 1775 1028 post
1804 975 1911 1015 ma-

301 1047 355 1097 ta
383 1057 481 1098 sua
512 1043 676 1112 ﬁlius,
724 1044 1009 1117 redempto
1052 1047 1135 1102 illi
1178 1049 1378 1105 similis
1420 1051 1743 1108 aestimatur.
1788 1052 1907 1109 Jam

280 1145 452 1194 recte
492 1153 523 1194 a
545 1154 634 1196 me
662 1140 899 1211 positum
926 1141 1104 1210 vides,
1135 1158 1261 1198 cum
1297 1144 1365 1199 de
1397 1147 1776 1216 paenitentiam
1807 1163 1905 1204 cu-

282 1233 516 1289 ratione
544 1243 872 1300 tractarem,
921 1236 1126 1292 dixisse
1154 1238 1485 1293 Dominum:
1536 1240 1658 1295 Non
1681 1251 1757 1296 est
1780 1259 1907 1313 apus

284 1324 441 1383 sanis
492 1324 715 1395 medico,
768 1328 860 1381 sed
906 1328 1040 1383 male
1089 1329 1390 1384 habentibus
1435 1331 1650 1400 (Matth.
1686 1348 1759 1397 ix,
1788 1333 1901 1405 l2).

278 1414 466 1472 Recte
503 1426 558 1472 et
586 1417 719 1472 illud
749 1434 763 1471 :
788 1417 935 1474 Beati
970 1419 1227 1491 lugentes,
1250 1423 1496 1492 quoniam
1519 1424 1619 1495 ipsi
1664 1427 1905 1481 consola-

297 1509 490 1566 buntur
518 1509 734 1582 (Matth.
768 1527 822 1580 v,
849 1511 929 1584 5).
955 1512 1232 1582 Quidquid
1264 1514 1333 1571 de
1366 1516 1675 1584 publicanis
1694 1528 1749 1573 et
1779 1534 1901 1589 pec-

297 1606 576 1661 caloribus
604 1606 809 1662 dictum
837 1618 943 1673 est,
972 1608 1041 1663 ad
1082 1622 1260 1679 aegros
1288 1626 1480 1666 omnes
1507 1623 1561 1666 et
1581 1628 1777 1668 omnes
1801 1614 1905 1669 mi-

298 1710 454 1752 seros
484 1696 803 1768 pertinebit.

374 1792 488 1847 XV.
523 1793 600 1850 De
628 1795 788 1860 solis,
817 1795 898 1849 ais
924 1796 1185 1865 scriptum
1212 1813 1333 1854 esse
1354 1800 1684 1873 martyribus
1715 1818 1727 1854 :
1757 1800 1905 1856 Beati

2016 583 2282 652 peccatis,
2330 595 2421 640 aut
2448 600 2638 642 errore
2692 588 2951 652 labimur,
2998 599 3095 645 aut.
3120 600 3266 647 metu
3297 592 3619 664 frangimur,

2013 682 2102 728 aut
2134 675 2316 730 carnis
2346 676 2667 735 inﬁrmitate
2710 695 3050 750 superamur.
3108 682 3234 739 llaec
3282 688 3499 739 ca'citas
3540 696 3627 743 est

2014 782 2122 823 non
2172 767 2360 823 videre
2407 770 2553 839 quod
2586 771 2798 839 videas,
2856 781 2913 827 ct
2951 776 3125 830 sancti
3172 774 3406 847 Spiritus
3460 794 3627 847 opera

2013 859 2231 915 diabolo
2259 860 2543 931 deputare,
2575 878 2807 935 eamque
2834 866 3062 936 gloriam
3114 867 3326 923 Domini
3373 886 3474 939 qua
3507 872 3623 925 dia-

2014 951 2169 1007 bolus
2219 952 2335 1026 ipse
2386 965 2710 1031 superatur,
2761 957 2965 1013 diaboli
3013 959 3290 1030 appellare
3335 962 3614 1019 virtutem.

2014 1042 2039 1082 ι)
2071 1044 2180 1100 llnc
2217 1056 2300 1101 est
2327 1060 2460 1115 ergo
2488 1047 2633 1117 qttod
2687 1064 2793 1103 non
2824 1048 3174 1106 dimittetur:
3200 1052 3409 1125 reliqua
3461 1054 3621 1111 bonis

2011 1141 2425 1209 paenitentibus,
2452 1140 2621 1197 frater
2660 1143 3084 1215 Symprmiiane,
3111 1147 3402 1204 donantur.

2083 1234 2221 1290 XVI.
2254 1235 2525 1301 Postharc,
2577 1239 2646 1294 de
2682 1239 2972 1295 sarmentis
2997 1251 3051 1295 et
3081 1244 3189 1300 rite
3214 1242 3471 1313 proponis
3495 1245 3573 1299 sic
3601 1262 3615 1300 :

2008 1325 2100 1382 Ait
2132 1328 2393 1385 Dominus
2421 1330 2563 1400 apud
2593 1330 2859 1407 Joannem
2894 1352 2908 1387 :
2943 1332 3059 1406 Ego
3103 1352 3215 1389 sum
3265 1338 3377 1389 vitis
3404 1352 3541 1403 rem,
3571 1348 3619 1391 et

2010 1417 2171 1474 Pater
2193 1438 2331 1475 meus
2355 1422 2637 1492 agricttltor
2661 1435 2755 1479 est.
2780 1424 2941 1480 Onme
2961 1438 3273 1482 sarmentum
3301 1429 3353 1481 iu
3382 1444 3461 1481 me
3479 1428 3620 1499 quod

2009 1527 2109 1564 non
2140 1511 2293 1577 a/fert
2330 1515 2590 1584 fructum,
2635 1515 2778 1570 tollet
2798 1515 2965 1583 illud;
2993 1529 3040 1570 et
3084 1536 3231 1573 omne
3268 1524 3618 1591 frttt'liferuttt,

2006 1606 2244 1677 purgali'
2268 1605 2398 1689 illud
2429 1606 2609 1676 (Joan.
2641 1626 2737 1676 xv,
2768 1611 2845 1680 l).
2877 1611 3042 1665 Vides
3093 1613 3258 1683 igitur
3290 1614 3342 1668 in
3373 1630 3621 1669 sarmen»
3716 1644 3719 1645 ν

2007 1695 2077 1749 tis
2102 1699 2333 1751 lructutn
2364 1702 2589 1767 requiri,
2646 1700 2697 1755 id
2750 1714 2832 1757 est
2879 1694 3027 1757 bona
3054 1720 3225 1774 opera
3260 1707 3617 1773 gmnitentitc,

2007 1788 2146 1843 sicut
2174 1788 2414 1845 Joannes
2444 1794 2519 1846 ait
2550 1811 2563 1848 :
2596 1791 2779 1848 Facite
2810 1811 2929 1867 ergo
2952 1799 3177 1867 fructum
3215 1799 3427 1870 dignum
3456 1800 3620 1871 paeni-

295 1888 549 1957 lugentes.
579 1885 756 1943 Nemo
798 1904 929 1959 ergo
965 1899 1164 1959 pra-ter
1194 1891 1337 1959 illos,
1382 1902 1606 1963 peccata
1634 1910 1728 1949 sua
1759 1896 1902 1965 plan-

2014 1882 2183 1936 tentitc
2208 1883 2425 1945 (Matth.
2461 1877 2541 1953 tu,
2573 1886 2651 1959 8).
2686 1888 2851 1946 Vides
2890 1903 3167 1946 Sarmenta
3200 1896 3454 1963 purgari,
3499 1909 3620 1966 qua:

292 1978 408 2050 git?
436 1978 555 2034 Non
605 1980 770 2035 David
804 1981 1042 2036 clamat:
1094 1981 1301 2038 Larabo
1340 2000 1429 2053 per
1468 1986 1701 2056 singulas
1731 1996 1904 2041 noctes

294 2073 483 2129 lectum
505 2090 675 2129 meum
713 2072 887 2147 (Psal.
920 2091 995 2140 vt,
1026 2076 1105 2147 7).
1138 2077 1206 2132 Et
1252 2079 1449 2133 iterum
1493 2098 1506 2135 :
1543 2080 1802 2148 Quoniam
1828 2082 1905 2136 ci-

290 2185 487 2236 nerem,
519 2170 654 2225 sicut
676 2186 864 2241 panem
886 2172 1003 2237 edi;
1032 2182 1080 2226 et
1112 2184 1290 2240 potum
1313 2188 1482 2228 meum
1512 2191 1627 2228 cum
1656 2176 1780 2244 ﬂetu
1807 2176 1905 2229 mi-

288 2262 494 2318 scebam
523 2261 703 2333 (Psal.
730 2278 805 2330 Cl,
832 2261 943 2335 10).
964 2262 1081 2319 Non
1099 2262 1268 2319 Jacob
1288 2264 1423 2319 dicit
1444 2284 1458 2321 :
1486 2265 1621 2319 Anni
1644 2266 1761 2320 vine
1780 2282 1906 2321 mea:

290 2356 557 2410 durissimi
584 2355 759 2427 (Psul.
791 2372 955 2421 XLVII,
996 2356 1075 2428 9).
1130 2356 1246 2411 Non
1279 2357 1577 2427 Apostolus
1619 2358 1684 2411 ad
1715 2358 1902 2413 Timo-

291 2447 478 2503 theum
506 2464 520 2501 :
552 2446 865 2527 Desiderans
893 2458 941 2502 te
968 2448 1163 2514 videre,
1190 2463 1386 2503 memor
1413 2449 1760 2521 lacrymarum
1790 2461 1904 2504 tua-

286 2556 407 2595 rum
436 2538 507 2610 (ll
536 2538 675 2595 Tim.
706 2557 746 2608 ι,
772 2540 866 2612 4)?
886 2541 999 2596 Nec
1027 2550 1207 2597 tamen
1234 2540 1339 2597 hoc
1360 2542 1429 2597 de
1453 2554 1694 2613 martyre
1719 2543 1902 2614 loque-

288 2634 474 2691 batur.
503 2633 646 2701 Quid
675 2636 853 2690 nunc?
887 2635 1069 2690 Miseri
1116 2635 1445 2706 ptenitentes
1482 2635 1662 2691 siccos
1703 2636 1905 2693 habent

287 2715 521 2786 oculos?
542 2728 611 2784 Et
632 2729 722 2799 qui
747 2743 1007 2799 peccasse
1042 2744 1103 2785 se
1131 2728 1348 2796 dolent,
1376 2729 1509 2785 ﬂere
1532 2744 1640 2785 non
1671 2732 1904 2786 norunt?

289 2822 396 2893 lpsi
435 2823 933 2891 communicantes,
966 2824 1069 2894 ipsi
1100 2822 1332 2888 ﬁdeles,
1365 2823 1634 2897 lacrymas
1668 2840 1774 2881 non
1808 2825 1904 2879 ba-

266 2917 522 2973 bemus?
550 2916 872 2987 Quempiam
899 2925 1146 2973 nostrum
1172 2960 1186 2983 ,
1218 2917 1493 2988 gaudente
1521 2919 1746 2985 mundo,
1771 2936 1901 2990 gau-

285 3010 420 3067 dere
445 3010 719 3068 delectati
752 3011 859 3067 Vos
882 3011 1195 3078 Novatiani,
1220 3013 1328 3081 iam
1348 3012 1525 3067 satiati
1551 3014 1695 3077 estis,
1721 3014 1902 3069 divites

288 3104 413 3177 facti
434 3092 715 3172 estis,'sine
732 3105 877 3160 nobis
895 3122 1112 3177 regnare
1134 3106 1359 3178 coepistis
1383 3105 1425 3171 (Ι
1444 3104 1562 3161 Cor.
1587 3122 1661 3170 tr,
1681 3106 1762 3177 8).
1782 3105 1899 3162 Non

285 3212 420 3267 ergo
442 3207 467 3235 ³
498 3198 730 3269 quisque
770 3197 1094 3255 miserabilis
1127 3207 1233 3266 est,
1267 3202 1341 3253 ita
1370 3198 1565 3267 incipit
1586 3212 1710 3254 esse
1736 3199 1902 3255 mise-

2004 1992 2127 2031 sunt
2155 1977 2483 2035 detrimenta
2508 1984 2719 2049 carnis,
2741 1984 2937 2039 damna
2964 1986 3190 2053 laetitiae,
3219 1987 3418 2042 damna
3445 1989 3618 2057 patri-

2005 2070 2170 2124 monii
2194 2112 2208 2131 ,
2244 2071 2365 2126 vita:
2392 2073 2640 2141 labores;
2671 2080 2759 2146 qui
2801 2089 2958 2133 actus
2991 2081 3209 2149 proprie
3240 2081 3619 2148 ptenitenlium

2003 2171 2150 2219 sunt.
2178 2164 2344 2220 Vides
2389 2171 2552 2222 etiam
2608 2169 2999 2240 agriculturam
3057 2172 3311 2239 Domini,
3354 2176 3448 2245 qui
3503 2176 3621 2245 ipsa

2004 2256 2169 2311 etiam
2216 2269 2494 2315 sarmenta
2543 2277 2649 2317 nun
2684 2265 2899 2332 perdat,
2931 2265 3025 2320 scd
3071 2276 3263 2335 purget
3290 2277 3345 2322 ct
3371 2268 3619 2338 colligat,

2006 2349 2183 2419 aliqua
2214 2350 2372 2421 plane
2410 2353 2462 2406 in
2508 2354 2683 2424 ignem
2705 2397 2721 2421 ,
2754 2355 2935 2427 aliqua
2964 2359 3307 2412 novellandis
3335 2360 3621 2431 pastinan-

2005 2444 2199 2511 disque
2229 2446 2421 2501 vineis.
2452 2447 2531 2502 Eli
2562 2448 2845 2515 sacerdos,
2874 2451 2973 2515 ais,
3004 2451 3242 2521 loquitur
3266 2464 3319 2508 et
3347 2452 3480 2509 dicit
3508 2470 3521 2507 :
3556 2452 3619 2509 Si

2005 2538 2083 2592 vir
2104 2540 2160 2593 in
2182 2540 2345 2593 virum
2389 2543 2709 2613 peccaverit,
2764 2543 2987 2598 orabunt
3038 2561 3133 2615 pro
3178 2563 3268 2612 eo;
3300 2546 3533 2602 siautem
3563 2549 3618 2603 in

2004 2628 2171 2685 Deunt
2212 2635 2494 2714 peccaverit
2523 2635 2637 2705 quis
2683 2636 2851 2690 orabit
2903 2653 2997 2704 pro
3031 2653 3091 2691 eo
3131 2637 3189 2709 (Ι
3219 2638 3346 2709 Reg.
3378 2654 3442 2706 tt,
3471 2639 3566 2711 25)
3596 2643 3619 2693 ?

2007 2726 2248 2782 Joannes
2304 2728 2491 2784 itidem
2530 2750 2545 2786 :
2580 2730 2643 2787 Si
2681 2732 2796 2803 quis
2840 2732 2936 2787 scit
2966 2748 3179 2804 peccare
3218 2738 3433 2804 fratrem
3467 2751 3621 2790 suum

2006 2832 2266 2893 peccatum
2294 2840 2400 2878 non
2426 2824 2604 2894 utique
2630 2825 2699 2879 ad
2729 2837 2966 2893 mortem,
2997 2826 3276 2896 postulabit
3308 2845 3403 2899 pro
3445 2845 3526 2895 eo,
3570 2839 3620 2882 et

2005 2914 2148 2969 dabit
2178 2914 2260 2970 illi
2302 2918 2460 2972 vitam
2490 2917 2652 2972 Deus.
2690 2917 2786 2974 Est
2833 2929 3006 2974 autem
3052 2935 3321 2990 peccatum
3364 2925 3503 2989 quod
3554 2924 3623 2975 ad

2007 3016 2223 3061 mortem
2246 3008 2409 3072 ducit,
2440 3025 2542 3063 non
2563 3025 2659 3080 pro
2684 3009 2779 3063 illo
2804 3010 2918 3064 dico
2938 3021 2993 3064 ut
3020 3011 3306 3081 depreceris
3328 3011 3543 3079 (lJoau.
3565 3029 3615 3079 ν,

2009 3096 2122 3170 16).
2157 3098 2323 3154 Vides
2352 3102 2455 3155 hoc
2486 3109 2657 3155 totum
2680 3100 2748 3155 ad
2771 3111 2989 3170 peccata
3010 3105 3290 3158 manentia
3315 3106 3619 3174 pertinere,

2004 3207 2111 3247 non
2145 3192 2210 3247 ad
2242 3207 2340 3248 eos
2378 3192 2470 3264 qui
2511 3193 2808 3265 aliquando
2842 3196 3221 3264 peccaverint,
3263 3205 3319 3251 et
3354 3198 3624 3267 «aperiat

287 3290 516 3347 randus.
546 3290 676 3347 Post
717 3290 834 3347 haec
881 3290 1168 3362 proponis,
1217 3298 1275 3347 et
1310 3290 1449 3346 dicis
1484 3291 1747 3361 scriptum
1779 3305 1901 3347 esse
1930 3283 1975 3347 C
2007 3287 2302 3357 poenitere,
2333 3295 2460 3341 ante
2487 3302 2649 3357 quam
2682 3287 2968 3357 quisquam
2997 3303 3097 3358 pro
3128 3286 3240 3342 illis
3273 3300 3448 3359 roget.
3476 3288 3623 3343 Lnn-

289 3400 389 3457 per
422 3384 711 3439 Dominum
746 3402 761 3439 :
795 3382 960 3439 Omne
992 3394 1260 3454 peccatum
1303 3392 1353 3439 et
1380 3382 1702 3452 blasphemia
1726 3384 1902 3438 remit-

288 3486 425 3533 tetur
443 3476 771 3544 hominibus;
797 3476 901 3544 Qui
937 3486 1113 3531 autem
1147 3477 1204 3530 in
1246 3476 1505 3546 Spiritum
1529 3485 1763 3530 sanctum
1783 3491 1901 3547 pec-

288 3570 498 3636 caverit,
550 3586 656 3625 non
685 3569 973 3624 dintittetur
1013 3570 1060 3625 ei
1104 3586 1267 3639 neque
1303 3570 1408 3637 hic,
1458 3585 1621 3641 neque
1647 3571 1701 3624 in
1724 3570 1899 3641 futuro

290 3663 514 3735 (Matth.
543 3679 641 3732 xu,
670 3662 905 3733 51,32).
938 3664 1170 3734 Autego
1198 3663 1377 3723 fallor.
1417 3671 1511 3719 aut
1535 3663 1678 3718 istud
1719 3678 1903 3719 exem—

290 3757 438 3829 plum
478 3767 666 3814 contra
709 3765 764 3813 te
815 3757 981 3813 valet.
1028 3755 1161 3812 Nam
1220 3757 1263 3811 si
1313 3771 1475 3812 omne
1518 3764 1803 3827 peccatum
1845 3764 1900 3811 ct

290 3849 629 3922 blasphemia
679 3850 1030 3917 relaxabitur,
1079 3851 1234 3907 vides
1263 3850 1476 3907 veniam
1506 3850 1901 3921 paenitentibus

289 3957 400 3999 non
440 3944 646 4015 negari.
678 3941 827 4015 Ergo
870 3957 1033 3999 omne
1054 3955 1357 4014 peccatum,
1388 3958 1523 4016 ergo
1544 3943 1662 4013 ipsa
1688 3959 1902 4015 quoque

290 4036 648 4107 blasphemia.
701 4037 882 4092 Habes
923 4036 1165 4092 additum
1200 4037 1508 4093 'sccuudum
1540 4036 1743 4091 Lucam
1782 4054 1795 4091 :
1831 4035 1901 4089 Et

288 4130 344 4183 in
363 4130 532 4200 ﬁlium
550 4129 773 4185 hominis
793 4131 1077 4200 peccaverit
1095 4132 1380 4184 remittetur
1406 4131 1451 4182 ei
1483 4128 1636 4200 (Luc.
1658 4144 1752 4194 xu,
1785 4129 1895 4200 10).

289 4222 428 4289 Quid
457 4222 559 4277 hoc
586 4223 819 4292 amplius
845 4222 913 4278 de
960 4222 1336 4278 misericordia
1382 4222 1515 4287 Dei,
1549 4220 1617 4275 de
1659 4221 1900 4276 clemen-

292 4316 361 4372 tia
386 4316 712 4387 judicautis?
744 4318 824 4372 An
872 4332 980 4372 non
1012 4315 1220 4371 invidet
1249 4315 1441 4371 oculus
1474 4324 1621 4380 tuus,
1645 4315 1775 4384 quia
1801 4314 1900 4370 bo-

291 4427 394 4468 nus
431 4422 516 4468 est
560 4410 955 4484 paterfamilias
981 4409 1200 4483 (Jlatth.
1234 4426 1337 4477 xx,
1364 4408 1491 4481 i5)?
1519 4408 1637 4464 Non
1669 4408 1795 4463 licet
1818 4408 1899 4464 illi

291 4505 493 4572 facere,
517 4505 660 4576 quod
692 4504 844 4559 vult?
875 4506 1013 4573 Quin
1044 4505 1213 4559 inuno
1234 4545 1249 4570 ,
1289 4514 1343 4557 tu
1363 4504 1477 4575 quis
1501 4520 1553 4557 es
1580 4502 1668 4574 qui
1685 4502 1899 4575 judicas

291 4600 532 4655 servum?
559 4598 781 4655 Domino
806 4616 898 4654 suo
921 4608 1042 4666 stat,
1083 4608 1175 4653 aut
1196 4599 1333 4653 cadit
1357 4614 1376 4653 :
1402 4597 1596 4653 Potens
1622 4607 1695 4652 est
1723 4607 1898 4652 autem

2002 3394 2129 3451 gum
2156 3388 2261 3445 est,
2294 3388 2354 3435 ut
2400 3380 2647 3450 exempla
2697 3380 3047 3451 replicemus.
3081 3380 3323 3437 Attende
3360 3383 3615 3437 universa

2004 3482 2225 3543 peccata
2255 3474 2456 3544 quibus
2496 3474 2765 3531 Dominus
2810 3476 3177 3531 comminatur
3208 3494 3220 3529 :
3248 3476 3361 3547 jam
3404 3477 3619 3532 videbis

2001 3580 2127 3623 esse
2157 3568 2468 3637 prtesentia.
2498 3567 2653 3635 Quod
2704 3570 2750 3623 si
2788 3583 2898 3624 non
2948 3568 3193 3639 proderit
3218 3569 3367 3639 justo
3394 3569 3449 3624 in
3480 3578 3618 3625 tem-

2001 3674 2133 3729 pore
2171 3658 2475 3729 iniquitatis
2528 3675 2642 3716 sua:
2698 3662 2969 3731 praeterita
3012 3662 3261 3732 justitia;
3307 3678 3414 3718 non
3442 3662 3620 3718 oberit

2002 3752 2168 3824 impio
2211 3755 2267 3809 in
2324 3763 2570 3825 tempore
2610 3754 2838 3825 iustitia:
2899 3770 3012 3810 sure
3054 3754 3313 3826 iniquitas
3357 3754 3618 3811 derelicta

2004 3847 2222 3921 (Ezech.
2248 3863 2403 3917 svnt,
2426 3848 2544 3920 2t),
2572 3863 2693 3904 cum
2745 3848 3007 3919 scriptum
3060 3849 3133 3903 sit
3163 3866 3176 3903 :
3210 3848 3491 3921 Relinquat
3521 3848 3619 3904 im-

2003 3943 2119 4011 pius
2143 3942 2256 3996 vias
2286 3957 2430 4007 suos,
2464 3951 2512 3996 et
2560 3941 2638 3995 uir
2668 3942 2994 4013 facinorosus
3022 3942 3361 4016 cogitationes
3391 3956 3546 4007 suos;
3567 3950 3618 3995 et

2001 4044 2326 4090 convertatur
2368 4035 2437 4089 ad
2492 4032 2665 4090 Deum
2712 4044 2761 4089 et
2820 4035 3231 4090 misericordiam
3277 4044 3615 4106 consequetur

2001 4126 2138 4198 (lsa.
2174 4143 2261 4193 LV,
2289 4125 2369 4197 7).
2414 4126 2570 4194 Quod
2601 4127 2647 4181 si
2694 4126 2838 4182 Deus
2864 4126 3029 4183 etiam
3076 4135 3296 4197 peccata
3339 4126 3616 4197 prieterita

2001 4220 2240 4291 punivit,
2274 4228 2296 4257 ο
2320 4218 2499 4289 deque
2550 4218 2840 4273 transactis
2884 4227 2936 4273 ct
2977 4218 3365 4288 praetermissis
3394 4231 3610 4287 ptnnam

2000 4311 2436 4383 suppliciumque
2457 4310 2776 4376 constituit;
2802 4325 2924 4381 age,
2957 4324 3064 4365 non
3113 4308 3277 4365 habet
3306 4310 3360 4365 in
3390 4324 3486 4364 sua
3515 4324 3611 4379 po-

2001 4411 2198 4458 testate
2231 4410 2445 4457 mutare
2488 4400 2856 4456 sententiam?
2882 4398 3002 4455 Non
3030 4399 3237 4467 Rahab,
3266 4415 3374 4455 non
3418 4398 3605 4455 Nabu-

2000 4496 2350 4552 chodonosor
2376 4509 2588 4565 regem,
2624 4508 2735 4550 non
2766 4493 3125 4561 Gabaonitas,
3174 4509 3283 4551 non
3322 4492 3616 4561 Ninivitas,

2002 4606 2109 4647 non
2160 4590 2336 4661 Segor
2370 4604 2414 4643 ia
2464 4586 2725 4658 praedicto
2765 4586 2991 4643 interitu
3022 4585 3307 4642 liberavit?
3347 4585 3469 4642 Non
3511 4600 3613 4657 per

294 4691 433 4748 Deus
453 4701 677 4748 statuere
698 4693 848 4747 illum
873 4692 1049 4763 (Rom.
1077 4708 1190 4760 xw,
1218 4692 1298 4763 4).
1329 4690 1434 4747 Sed
1475 4692 1562 4762 qui
1606 4691 1660 4745 in
1690 4689 1897 4758 Spiritu
1924 4676 1979 4738 D
2004 4685 2204 4755 ipsum,
2232 4681 2352 4738 Joel
2376 4689 2525 4735 vates
2553 4680 2670 4736 haec
2698 4679 2877 4735 intulit
2904 4698 2916 4733 :
2950 4678 3323 4735 Convertimini
3341 4678 3408 4734 ad
3431 4676 3616 4734 Domi-

274 4793 470 4840 .sancto
483 4784 934 4855 blasphemarerit,
954 4784 1056 4852 ais,
1079 4800 1181 4839 non
1207 4784 1494 4838 remittetur
1510 4783 1559 4835 ei
1571 4780 1786 4853 (Matth.
1803 4797 1899 4850 xtl,

294 4883 422 4955 32).
464 4883 639 4949 Soles,
675 4891 821 4938 totas
841 4897 1169 4953 percurrere
1205 4882 1508 4937 lectiones:
1536 4894 1635 4934 cur
1672 4878 1761 4933 hic
1791 4895 1898 4935 non

296 4974 505 5046 legisti,
540 4975 671 5045 quid
702 4976 774 5030 sit
803 4974 967 5041 istud,
1004 4972 1070 5029 In
1098 4974 1302 5046 Spiritu
1322 4974 1348 5028 ?
1369 4972 1548 5029 Habes
1576 4987 1739 5043 supra
1765 4971 1902 5027 scri-

296 5078 445 5141 ptum
464 5110 480 5137 ,
508 5084 633 5124 cum
664 5068 928 5123 Dominus
955 5066 1223 5122 daemonia
1253 5066 1421 5121 verbo
1445 5066 1677 5137 fugaret,
1710 5074 1766 5120 et
1786 5065 1898 5120 vir-

280 5170 441 5217 .tutcs
469 5161 668 5216 multas
698 5159 923 5230 speciali
948 5160 1136 5229 vigore
1163 5156 1506 5228 compleret,
1528 5158 1736 5213 dixisse
1760 5157 1901 5212 Pha-

295 5256 527 5312 risaeos:
575 5253 679 5309 Hic
703 5270 807 5308 non
828 5251 1040 5325 expellit
1081 5252 1337 5307 dtemonia
1385 5250 1485 5305 nisi
1531 5252 1585 5305 in
1616 5249 1901 5305 Beelzebub

296 5348 531 5419 principe
551 5345 928 5401 daemoniorum
968 5341 1158 5417 (Ibid.,
1183 5341 1280 5414 24)
1313 5359 1327 5397 :
1358 5340 1462 5397 hoc
1484 5350 1589 5407 est,
1636 5343 1690 5396 in
1731 5342 1903 5413 Spiri-

299 5448 413 5495 tum
442 5448 691 5496 sanctum
742 5437 1060 5509 deliquisse,
1096 5437 1161 5507 in
1207 5450 1270 5492 ea
1318 5435 1729 5506 blaspliemasse
1779 5452 1902 5508 qua!

372 5608 399 5639 ι
442 5599 686 5670 Quisque.
720 5597 850 5669 Leg.
874 5606 930 5650 ut
947 5596 1188 5670 quisque.

369 5671 398 5711 δ
428 5663 631 5727 Hocest
651 5663 917 5743 ergo,etc.
943 5663 1342 5743 R‘ite’intellige
1362 5663 1524 5743 verba
1554 5663 1609 5720 S.
1639 5663 1857 5719 Paciaui
1882 5680 1895 5717 :

297 5744 505 5815 reliqua
532 5735 749 5815 peccata
778 5735 1171 5815 'dimittibonis
1200 5735 1613 5806 paenitentibus,
1655 5751 1761 5815 non
1801 5752 1899 5815 atr-

301 5806 830 5885 tem'blaspliemiam
882 5813 934 5865 in
977 5810 1239 5876 Spiritum
1272 5816 1521 5885 sanctum
1556 5822 1568 5858 :
1604 5809 1727 5874 quia
1755 5806 1902 5862 ordi-

304 5887 454 5943 naric
473 5895 528 5943 et
558 5876 615 5942 ut
639 5885 929 5957 plurimum
955 5891 1232 5953 peccatum
1252 5876 1520 5950 ejusmodi
1551 5892 1655 5933 non
1681 5890 1902 5931 curatur

2003 4793 2127 4832 num
2161 4776 2326 4831 Deum
2383 4784 2642 4838 vestrum,
2690 4773 2944 4843 simulque
2979 4773 3209 4847 jejunio,
3266 4782 3314 4827 et
3357 4772 3511 4841 ﬂetu,
3565 4780 3615 4826 et

2002 4869 2250 4941 planctu;
2275 4867 2401 4939 quia
2430 4866 2721 4920 misericors
2768 4874 2862 4933 est,
2894 4867 3119 4936 patiens,
3160 4872 3208 4918 et
3258 4863 3609 4935 longanimus,

2001 4974 2052 5021 et
2073 4962 2247 5016 mu‘ltte
2284 4959 2658 5025 miserationis,
2701 4966 2749 5012 et
2775 4958 3024 5027 paenitens
3050 4958 3105 5010 in
3131 4954 3365 5009 malitiis.
3399 4953 3469 5008 Et
3496 4954 3614 5026 quis

1988 5061 2098 5125 scit
2124 5060 2168 5113 si
2197 5072 2428 5113 reversus
2469 5054 2816 5125 paenitebitur,
2859 5062 2906 5107 et
2936 5053 3187 5122 relinquet
3216 5057 3333 5122 post
3374 5065 3429 5103 se
3461 5048 3613 5103 bene-

2008 5153 2283 5207 dictionem
2310 5148 2471 5222 (Joel.
2502 5164 2564 5216 ιι,
2598 5145 2826 5218 12-14)ἳ
2852 5145 3037 5215 Quare
3053 5142 3227 5199 sicubi
3258 5142 3614 5197 constitutam

2009 5244 2364 5319 peccantibus
2376 5258 2592 5315 pmnam
2616 5240 2959 5313 probaveris,
2988 5238 3094 5292 hoc
3120 5235 3355 5304 tenebis,
3373 5245 3469 5290 aut
3488 5250 3616 5306 pec.

1992 5340 2149 5397 catis
2172 5335 2655 5409 perseverantibus
2667 5331 3051 5397 constitutam,
3069 5336 3159 5382 aut
3173 5326 3482 5383 libertatem
3497 5325 3614 5383 Deo

2012 5433 2257 5490 relictam
2276 5429 2572 5496 mutandas,
2590 5428 2635 5483 si
2660 5427 2949 5497 pteniteas,
2972 5421 3039 5478 ad
3060 5420 3285 5477 meliora
3299 5418 3612 5476 sententiae.

2008 5600 2303 5661 pcrveram
2324 5581 2700 5661 paenitentiam
2724 5578 2911 5661 :Ajusto
2933 5575 3158 5661 judicio,
3188 5574 3481 5661 deserente
3502 5574 3619 5661 Deo

2009 5648 2073 5716 ac
2102 5662 2156 5715 in
2187 5648 2483 5727 reprobum
2510 5666 2729 5727 sensum
2744 5648 2999 5727 tradente
3014 5663 3116 5727 eos
3146 5648 3338 5727 quiita
3357 5655 3615 5727 peccant.

2012 5731 2131 5787 Viti.
2168 5719 2557 5786 Bellarminum
2580 5725 2673 5777 lib.
2709 5737 2749 5776 ιι
2789 5722 2853 5776 de
2875 5719 3207 5789 Ptenit.cap.
3240 5719 3327 5774 16.
3356 5719 3612 5774 Βιιιειοιι.

2086 5814 2108 5842 ο
2157 5801 2327 5872 Deque
2357 5810 2519 5872 trans.
2556 5794 2645 5872 Sic
2696 5792 2901 5872 optime
2940 5793 3179 5847 restituit
3208 5790 3452 5847 Latinius
3491 5807 3614 5860 prae

2010 5889 2130 5929 vam
2162 5869 2431 5927 editorum
2477 5869 2787 5932 lectionem,
2819 5869 2882 5918 de
2908 5880 3009 5934 quo
3036 5875 3199 5918 trans.
