  <div class='ocr_page' id='page_1' title='image "/cluster/home/n/w/nwhite01/storage/ocr_20150623/13/hvd.32044015471295/543.png"; bbox 0 0 4048 6350; ppageno 0'>
   <div class='ocr_carea' id='block_1_1' title="bbox 547 369 691 426">
    <p class='ocr_par' dir='ltr' id='par_1_1' title="bbox 547 369 691 426">
     <span class='ocr_line' id='line_1_1' title="bbox 547 369 691 426; baseline -0.014 0"><span class='ocrx_word' id='word_1_1' title='bbox 547 369 691 426; x_wconf 79' lang='grc'><strong>1075</strong></span> 
     </span>
    </p>
   </div>
   <div class='ocr_carea' id='block_1_2' title="bbox 1843 361 2416 424">
    <p class='ocr_par' dir='ltr' id='par_1_2' title="bbox 1843 361 2416 424">
     <span class='ocr_line' id='line_1_2' title="bbox 1843 361 2416 424; baseline 0 0"><span class='ocrx_word' id='word_1_2' title='bbox 1843 365 2102 424; x_wconf 83' lang='lat' dir='ltr'><strong>SANCTI</strong></span> <span class='ocrx_word' id='word_1_3' title='bbox 2139 361 2416 424; x_wconf 77' lang='lat' dir='ltr'><strong>PACIANI</strong></span> 
     </span>
    </p>
   </div>
   <div class='ocr_carea' id='block_1_3' title="bbox 3655 371 3760 428">
    <p class='ocr_par' dir='ltr' id='par_1_3' title="bbox 3655 371 3760 428">
     <span class='ocr_line' id='line_1_3' title="bbox 3655 371 3760 428; baseline 0.01 -1"><span class='ocrx_word' id='word_1_4' title='bbox 3655 371 3760 428; x_wconf 72' lang='lat' dir='ltr'><strong>lil&#39;lb</strong></span> 
     </span>
    </p>
   </div>
   <div class='ocr_carea' id='block_1_4' title="bbox 615 479 3762 552">
    <p class='ocr_par' dir='ltr' id='par_1_4' title="bbox 615 479 3762 552">
     <span class='ocr_line' id='line_1_4' title="bbox 615 479 3762 552; baseline -0 -10"><span class='ocrx_word' id='word_1_5' title='bbox 615 484 778 542; x_wconf 77' lang='lat' dir='ltr'><strong>XVII.</strong></span> <span class='ocrx_word' id='word_1_6' title='bbox 811 485 905 540; x_wconf 87' lang='lat' dir='ltr'><strong>Ais</strong></span> <span class='ocrx_word' id='word_1_7' title='bbox 942 483 1121 538; x_wconf 81' lang='lat' dir='ltr'><strong>adhuc</strong></span> <span class='ocrx_word' id='word_1_8' title='bbox 1145 524 1160 549; x_wconf 94' lang='lat'><strong>,</strong></span> <span class='ocrx_word' id='word_1_9' title='bbox 1190 481 1492 552; x_wconf 87' lang='lat' dir='ltr'><strong>scriptum:</strong></span> <span class='ocrx_word' id='word_1_10' title='bbox 1539 480 1694 549; x_wconf 83' lang='lat' dir='ltr'><strong>Quod</strong></span> <span class='ocrx_word' id='word_1_11' title='bbox 1732 481 1778 533; x_wconf 86' lang='lat' dir='ltr'><strong>si</strong></span> <span class='ocrx_word' id='word_1_12' title='bbox 1817 495 2004 533; x_wconf 87' lang='lat' dir='ltr'><strong>manus</strong></span> <span class='ocrx_word' id='word_1_13' title='bbox 2047 487 2135 534; x_wconf 89' lang='lat' dir='ltr'><strong>tua</strong></span> <span class='ocrx_word' id='word_1_14' title='bbox 2162 481 2212 540; x_wconf 76' lang='grc' dir='ltr'><strong>Α</strong></span> <span class='ocrx_word' id='word_1_15' title='bbox 2238 495 2311 534; x_wconf 78' lang='lat' dir='ltr'><strong>vn</strong></span> <span class='ocrx_word' id='word_1_16' title='bbox 2340 523 2354 544; x_wconf 90' lang='lat'><strong>,</strong></span> <span class='ocrx_word' id='word_1_17' title='bbox 2383 479 2500 551; x_wconf 73' lang='lat'><strong>28).</strong></span> <span class='ocrx_word' id='word_1_18' title='bbox 2535 479 2627 536; x_wconf 79' lang='lat' dir='ltr'><strong>Vis</strong></span> <span class='ocrx_word' id='word_1_19' title='bbox 2675 479 2778 536; x_wconf 84' lang='lat' dir='ltr'><strong>hoc</strong></span> <span class='ocrx_word' id='word_1_20' title='bbox 2819 481 3000 536; x_wconf 79' lang='lat' dir='ltr'><strong>scire?</strong></span> <span class='ocrx_word' id='word_1_21' title='bbox 3029 481 3079 535; x_wconf 93' lang='lat' dir='ltr'><strong>in</strong></span> <span class='ocrx_word' id='word_1_22' title='bbox 3110 481 3343 536; x_wconf 78' lang='lat' dir='ltr'><strong>secunda</strong></span> <span class='ocrx_word' id='word_1_23' title='bbox 3380 481 3762 551; x_wconf 79' lang='lat' dir='ltr'><strong>Corinthiorum,</strong></span> 
     </span>
    </p>
   </div>
   <div class='ocr_carea' id='block_1_5' title="bbox 542 573 1526 648">
    <p class='ocr_par' dir='ltr' id='par_1_5' title="bbox 542 573 1526 648">
     <span class='ocr_line' id='line_1_5' title="bbox 542 573 1526 648; baseline -0.002 -18"><span class='ocrx_word' id='word_1_24' title='bbox 542 578 622 632; x_wconf 78' lang='lat' dir='ltr'><strong>uel</strong></span> <span class='ocrx_word' id='word_1_25' title='bbox 660 592 748 648; x_wconf 81' lang='lat' dir='ltr'><strong>pes</strong></span> <span class='ocrx_word' id='word_1_26' title='bbox 786 585 909 630; x_wconf 85' lang='lat' dir='ltr'><strong>tuus</strong></span> <span class='ocrx_word' id='word_1_27' title='bbox 945 573 1381 630; x_wconf 77' lang='lat' dir='ltr'><strong>scandalizauerit</strong></span> <span class='ocrx_word' id='word_1_28' title='bbox 1426 583 1473 628; x_wconf 91' lang='lat' dir='ltr'><strong>te</strong></span> <span class='ocrx_word' id='word_1_29' title='bbox 1511 615 1526 640; x_wconf 95' lang='lat'><strong>,</strong></span> 
     </span>
    </p>
   </div>
   <div class='ocr_carea' id='block_1_6' title="bbox 545 664 2142 739">
    <p class='ocr_par' dir='ltr' id='par_1_6' title="bbox 545 664 2142 739">
     <span class='ocr_line' id='line_1_6' title="bbox 545 664 2142 739; baseline -0.001 -17"><span class='ocrx_word' id='word_1_30' title='bbox 545 666 765 739; x_wconf 72' lang='lat' dir='ltr'><strong>(Matth.</strong></span> <span class='ocrx_word' id='word_1_31' title='bbox 793 683 846 735; x_wconf 73' lang='grc' dir='ltr'><strong>ν,</strong></span> <span class='ocrx_word' id='word_1_32' title='bbox 874 667 987 738; x_wconf 76' lang='lat'><strong>29).</strong></span> <span class='ocrx_word' id='word_1_33' title='bbox 1018 667 1158 735; x_wconf 84' lang='lat' dir='ltr'><strong>Quid</strong></span> <span class='ocrx_word' id='word_1_34' title='bbox 1190 669 1262 722; x_wconf 84' lang='lat' dir='ltr'><strong>sit</strong></span> <span class='ocrx_word' id='word_1_35' title='bbox 1289 667 1413 732; x_wconf 81' lang='lat' dir='ltr'><strong>lioc,</strong></span> <span class='ocrx_word' id='word_1_36' title='bbox 1438 665 1674 737; x_wconf 79' lang='lat' dir='ltr'><strong>Moyses.</strong></span> <span class='ocrx_word' id='word_1_37' title='bbox 1712 664 2142 721; x_wconf 87' lang='lat' dir='ltr'><strong>Deuteronomio</strong></span> 
     </span>
    </p>
   </div>
   <div class='ocr_carea' id='block_1_7' title="bbox 546 757 2144 830">
    <p class='ocr_par' dir='ltr' id='par_1_7' title="bbox 546 757 2144 830">
     <span class='ocr_line' id='line_1_7' title="bbox 546 757 2144 830; baseline -0.003 -16"><span class='ocrx_word' id='word_1_38' title='bbox 546 761 871 816; x_wconf 82' lang='lat' dir='ltr'><strong>testiﬁcante</strong></span> <span class='ocrx_word' id='word_1_39' title='bbox 890 800 905 825; x_wconf 92' lang='lat'><strong>,</strong></span> <span class='ocrx_word' id='word_1_40' title='bbox 937 757 1215 830; x_wconf 64' lang='lat' dir='ltr'><strong>praedixit:</strong></span> <span class='ocrx_word' id='word_1_41' title='bbox 1246 757 1308 814; x_wconf 90' lang='lat' dir='ltr'><strong>Si</strong></span> <span class='ocrx_word' id='word_1_42' title='bbox 1334 766 1505 812; x_wconf 86' lang='lat' dir='ltr'><strong>autem</strong></span> <span class='ocrx_word' id='word_1_43' title='bbox 1527 768 1763 828; x_wconf 86' lang='lat' dir='ltr'><strong>precatus</strong></span> <span class='ocrx_word' id='word_1_44' title='bbox 1786 757 1939 827; x_wconf 79' lang='lat' dir='ltr'><strong>fuerit</strong></span> <span class='ocrx_word' id='word_1_45' title='bbox 1967 768 2015 810; x_wconf 89' lang='lat' dir='ltr'><strong>te</strong></span> <span class='ocrx_word' id='word_1_46' title='bbox 2034 757 2144 826; x_wconf 79' lang='lat' dir='ltr'><strong>fra-</strong></span> 
     </span>
    </p>
   </div>
   <div class='ocr_carea' id='block_1_8' title="bbox 545 847 2144 921">
    <p class='ocr_par' dir='ltr' id='par_1_8' title="bbox 545 847 2144 921">
     <span class='ocr_line' id='line_1_8' title="bbox 545 847 2144 921; baseline -0.001 -17"><span class='ocrx_word' id='word_1_47' title='bbox 545 862 621 906; x_wconf 85' lang='lat' dir='ltr'><strong>ter</strong></span> <span class='ocrx_word' id='word_1_48' title='bbox 661 861 780 905; x_wconf 86' lang='lat' dir='ltr'><strong>tuus</strong></span> <span class='ocrx_word' id='word_1_49' title='bbox 821 850 902 921; x_wconf 88' lang='lat' dir='ltr'><strong>(hi</strong></span> <span class='ocrx_word' id='word_1_50' title='bbox 949 861 1074 906; x_wconf 86' lang='lat' dir='ltr'><strong>sunt</strong></span> <span class='ocrx_word' id='word_1_51' title='bbox 1113 850 1260 906; x_wconf 91' lang='lat' dir='ltr'><strong>enim</strong></span> <span class='ocrx_word' id='word_1_52' title='bbox 1301 849 1444 904; x_wconf 84' lang='lat' dir='ltr'><strong>oculi</strong></span> <span class='ocrx_word' id='word_1_53' title='bbox 1488 860 1540 902; x_wconf 89' lang='lat' dir='ltr'><strong>et</strong></span> <span class='ocrx_word' id='word_1_54' title='bbox 1575 864 1766 903; x_wconf 84' lang='lat' dir='ltr'><strong>manus</strong></span> <span class='ocrx_word' id='word_1_55' title='bbox 1795 847 2020 919; x_wconf 64' lang='lat' dir='ltr'><strong>nostras)</strong></span> <span class='ocrx_word' id='word_1_56' title='bbox 2051 856 2144 902; x_wconf 89' lang='lat' dir='ltr'><strong>aut</strong></span> 
     </span>
    </p>
   </div>
   <div class='ocr_carea' id='block_1_9' title="bbox 545 940 2144 1014">
    <p class='ocr_par' dir='ltr' id='par_1_9' title="bbox 545 940 2144 1014">
     <span class='ocr_line' id='line_1_9' title="bbox 545 940 2144 1014; baseline -0.002 -16"><span class='ocrx_word' id='word_1_57' title='bbox 545 944 658 1014; x_wconf 75' lang='lat' dir='ltr'><strong>[ilia</strong></span> <span class='ocrx_word' id='word_1_58' title='bbox 678 952 790 1008; x_wconf 86' lang='lat' dir='ltr'><strong>tua,</strong></span> <span class='ocrx_word' id='word_1_59' title='bbox 818 953 909 998; x_wconf 86' lang='lat' dir='ltr'><strong>aut</strong></span> <span class='ocrx_word' id='word_1_60' title='bbox 937 958 1066 998; x_wconf 68' lang='lat' dir='ltr'><strong>uxor</strong></span> <span class='ocrx_word' id='word_1_61' title='bbox 1094 953 1182 997; x_wconf 87' lang='lat' dir='ltr'><strong>tua</strong></span> <span class='ocrx_word' id='word_1_62' title='bbox 1207 957 1324 1014; x_wconf 70' lang='lat' dir='ltr'><strong>qua:</strong></span> <span class='ocrx_word' id='word_1_63' title='bbox 1341 951 1419 997; x_wconf 85' lang='lat' dir='ltr'><strong>est</strong></span> <span class='ocrx_word' id='word_1_64' title='bbox 1450 942 1503 995; x_wconf 88' lang='lat' dir='ltr'><strong>in</strong></span> <span class='ocrx_word' id='word_1_65' title='bbox 1531 941 1649 996; x_wconf 88' lang='lat' dir='ltr'><strong>sinu</strong></span> <span class='ocrx_word' id='word_1_66' title='bbox 1678 951 1788 1006; x_wconf 88' lang='lat' dir='ltr'><strong>tuo,</strong></span> <span class='ocrx_word' id='word_1_67' title='bbox 1818 951 1907 994; x_wconf 91' lang='lat' dir='ltr'><strong>aut</strong></span> <span class='ocrx_word' id='word_1_68' title='bbox 1930 940 2144 1010; x_wconf 64' lang='lat' dir='ltr'><strong>aequalis</strong></span> 
     </span>
    </p>
   </div>
   <div class='ocr_carea' id='block_1_10' title="bbox 547 1034 2143 1104">
    <p class='ocr_par' dir='ltr' id='par_1_10' title="bbox 547 1034 2143 1104">
     <span class='ocr_line' id='line_1_10' title="bbox 547 1034 2143 1104; baseline -0.003 -12"><span class='ocrx_word' id='word_1_69' title='bbox 547 1039 737 1092; x_wconf 75' lang='lat' dir='ltr'><strong>anima:</strong></span> <span class='ocrx_word' id='word_1_70' title='bbox 757 1046 884 1102; x_wconf 71' lang='lat' dir='ltr'><strong>tuae,</strong></span> <span class='ocrx_word' id='word_1_71' title='bbox 911 1036 1120 1091; x_wconf 86' lang='lat' dir='ltr'><strong>dicens:</strong></span> <span class='ocrx_word' id='word_1_72' title='bbox 1149 1034 1346 1090; x_wconf 84' lang='lat' dir='ltr'><strong>Eamus</strong></span> <span class='ocrx_word' id='word_1_73' title='bbox 1375 1043 1420 1088; x_wconf 89' lang='lat' dir='ltr'><strong>et</strong></span> <span class='ocrx_word' id='word_1_74' title='bbox 1448 1035 1736 1090; x_wconf 70' lang='lat' dir='ltr'><strong>serviamus</strong></span> <span class='ocrx_word' id='word_1_75' title='bbox 1764 1034 1869 1087; x_wconf 88' lang='lat' dir='ltr'><strong>diis</strong></span> <span class='ocrx_word' id='word_1_76' title='bbox 1891 1050 2018 1104; x_wconf 84' lang='lat' dir='ltr'><strong>quos</strong></span> <span class='ocrx_word' id='word_1_77' title='bbox 2042 1048 2143 1088; x_wconf 91' lang='lat' dir='ltr'><strong>non</strong></span> 
     </span>
    </p>
   </div>
   <div class='ocr_carea' id='block_1_11' title="bbox 544 1125 2145 1201">
    <p class='ocr_par' dir='ltr' id='par_1_11' title="bbox 544 1125 2145 1201">
     <span class='ocr_line' id='line_1_11' title="bbox 544 1125 2145 1201; baseline -0.001 -17"><span class='ocrx_word' id='word_1_78' title='bbox 544 1145 757 1185; x_wconf 82' lang='lat' dir='ltr'><strong>noveras</strong></span> <span class='ocrx_word' id='word_1_79' title='bbox 784 1127 963 1201; x_wconf 87' lang='lat' dir='ltr'><strong>(Deut.</strong></span> <span class='ocrx_word' id='word_1_80' title='bbox 1000 1144 1114 1197; x_wconf 84' lang='lat' dir='ltr'><strong>xm,</strong></span> <span class='ocrx_word' id='word_1_81' title='bbox 1155 1126 1233 1200; x_wconf 87' lang='lat'><strong>6).</strong></span> <span class='ocrx_word' id='word_1_82' title='bbox 1273 1126 1476 1186; x_wconf 81' lang='lat' dir='ltr'><strong>Deinde</strong></span> <span class='ocrx_word' id='word_1_83' title='bbox 1504 1127 1706 1196; x_wconf 80' lang='lat' dir='ltr'><strong>adjecit</strong></span> <span class='ocrx_word' id='word_1_84' title='bbox 1748 1125 2012 1182; x_wconf 75' lang='lat' dir='ltr'><strong>inferius:</strong></span> <span class='ocrx_word' id='word_1_85' title='bbox 2042 1126 2145 1182; x_wconf 88' lang='lat' dir='ltr'><strong>De-</strong></span> 
     </span>
    </p>
   </div>
   <div class='ocr_carea' id='block_1_12' title="bbox 547 1219 2144 1292">
    <p class='ocr_par' dir='ltr' id='par_1_12' title="bbox 547 1219 2144 1292">
     <span class='ocr_line' id='line_1_12' title="bbox 547 1219 2144 1292; baseline -0.001 -14"><span class='ocrx_word' id='word_1_86' title='bbox 547 1225 678 1291; x_wconf 71' lang='grc' dir='ltr'><strong>[ει-οε</strong></span> <span class='ocrx_word' id='word_1_87' title='bbox 705 1240 817 1278; x_wconf 88' lang='lat' dir='ltr'><strong>eum</strong></span> <span class='ocrx_word' id='word_1_88' title='bbox 845 1266 859 1291; x_wconf 90' lang='lat'><strong>,</strong></span> <span class='ocrx_word' id='word_1_89' title='bbox 886 1233 934 1277; x_wconf 89' lang='lat' dir='ltr'><strong>et</strong></span> <span class='ocrx_word' id='word_1_90' title='bbox 948 1241 1143 1287; x_wconf 68' lang='lat' dir='ltr'><strong>manus</strong></span> <span class='ocrx_word' id='word_1_91' title='bbox 1174 1231 1263 1277; x_wconf 87' lang='lat' dir='ltr'><strong>tua</strong></span> <span class='ocrx_word' id='word_1_92' title='bbox 1295 1223 1390 1277; x_wconf 86' lang='lat' dir='ltr'><strong>erit</strong></span> <span class='ocrx_word' id='word_1_93' title='bbox 1421 1238 1576 1291; x_wconf 82' lang='lat' dir='ltr'><strong>super</strong></span> <span class='ocrx_word' id='word_1_94' title='bbox 1603 1222 1777 1292; x_wconf 88' lang='lat' dir='ltr'><strong>ipsum</strong></span> <span class='ocrx_word' id='word_1_95' title='bbox 1800 1219 1871 1275; x_wconf 87' lang='lat' dir='ltr'><strong>ad</strong></span> <span class='ocrx_word' id='word_1_96' title='bbox 1901 1222 2144 1277; x_wconf 85' lang='lat' dir='ltr'><strong>occiden-</strong></span> 
     </span>
    </p>
   </div>
   <div class='ocr_carea' id='block_1_13' title="bbox 545 1317 2142 1390">
    <p class='ocr_par' dir='ltr' id='par_1_13' title="bbox 545 1317 2142 1390">
     <span class='ocr_line' id='line_1_13' title="bbox 545 1317 2142 1390; baseline -0.001 -18"><span class='ocrx_word' id='word_1_97' title='bbox 545 1319 672 1372; x_wconf 86' lang='lat' dir='ltr'><strong>dum</strong></span> <span class='ocrx_word' id='word_1_98' title='bbox 695 1334 830 1373; x_wconf 83' lang='lat' dir='ltr'><strong>eum.</strong></span> <span class='ocrx_word' id='word_1_99' title='bbox 867 1318 1032 1375; x_wconf 86' lang='lat' dir='ltr'><strong>Vides</strong></span> <span class='ocrx_word' id='word_1_100' title='bbox 1056 1333 1222 1390; x_wconf 80' lang='lat' dir='ltr'><strong>ergo,</strong></span> <span class='ocrx_word' id='word_1_101' title='bbox 1255 1333 1362 1374; x_wconf 92' lang='lat' dir='ltr'><strong>non</strong></span> <span class='ocrx_word' id='word_1_102' title='bbox 1393 1318 1461 1374; x_wconf 91' lang='lat' dir='ltr'><strong>de</strong></span> <span class='ocrx_word' id='word_1_103' title='bbox 1491 1317 1884 1388; x_wconf 71' lang='lat' dir='ltr'><strong>pmniIentibus</strong></span> <span class='ocrx_word' id='word_1_104' title='bbox 1911 1317 2142 1384; x_wconf 88' lang='lat' dir='ltr'><strong>dictum,</strong></span> 
     </span>
    </p>
   </div>
   <div class='ocr_carea' id='block_1_14' title="bbox 543 1411 2143 1484">
    <p class='ocr_par' dir='ltr' id='par_1_14' title="bbox 543 1411 2143 1484">
     <span class='ocr_line' id='line_1_14' title="bbox 543 1411 2143 1484; baseline -0.003 -16"><span class='ocrx_word' id='word_1_105' title='bbox 543 1412 638 1468; x_wconf 80' lang='lat' dir='ltr'><strong>sed</strong></span> <span class='ocrx_word' id='word_1_106' title='bbox 666 1414 736 1468; x_wconf 89' lang='lat' dir='ltr'><strong>de</strong></span> <span class='ocrx_word' id='word_1_107' title='bbox 758 1411 841 1468; x_wconf 86' lang='lat' dir='ltr'><strong>his</strong></span> <span class='ocrx_word' id='word_1_108' title='bbox 859 1414 947 1484; x_wconf 87' lang='lat' dir='ltr'><strong>qui</strong></span> <span class='ocrx_word' id='word_1_109' title='bbox 967 1428 1074 1468; x_wconf 89' lang='lat' dir='ltr'><strong>non</strong></span> <span class='ocrx_word' id='word_1_110' title='bbox 1098 1413 1273 1468; x_wconf 82' lang='lat' dir='ltr'><strong>solum</strong></span> <span class='ocrx_word' id='word_1_111' title='bbox 1305 1413 1406 1483; x_wconf 84' lang='lat' dir='ltr'><strong>ipsi</strong></span> <span class='ocrx_word' id='word_1_112' title='bbox 1431 1413 1481 1467; x_wconf 93' lang='lat' dir='ltr'><strong>in</strong></span> <span class='ocrx_word' id='word_1_113' title='bbox 1507 1412 1747 1468; x_wconf 82' lang='lat' dir='ltr'><strong>facinore</strong></span> <span class='ocrx_word' id='word_1_114' title='bbox 1771 1419 2143 1482; x_wconf 77' lang='lat' dir='ltr'><strong>perseverant,</strong></span> 
     </span>
    </p>
   </div>
   <div class='ocr_carea' id='block_1_15' title="bbox 547 1505 2144 1563">
    <p class='ocr_par' dir='ltr' id='par_1_15' title="bbox 547 1505 2144 1563">
     <span class='ocr_line' id='line_1_15' title="bbox 547 1505 2144 1563; baseline -0.001 -2"><span class='ocrx_word' id='word_1_115' title='bbox 547 1521 740 1563; x_wconf 79' lang='lat' dir='ltr'><strong>verum</strong></span> <span class='ocrx_word' id='word_1_116' title='bbox 785 1507 946 1563; x_wconf 89' lang='lat' dir='ltr'><strong>etiam</strong></span> <span class='ocrx_word' id='word_1_117' title='bbox 1009 1522 1109 1563; x_wconf 90' lang='lat' dir='ltr'><strong>nos</strong></span> <span class='ocrx_word' id='word_1_118' title='bbox 1158 1507 1531 1563; x_wconf 86' lang='lat' dir='ltr'><strong>scandalizare</strong></span> <span class='ocrx_word' id='word_1_119' title='bbox 1577 1522 1685 1562; x_wconf 94' lang='lat' dir='ltr'><strong>non</strong></span> <span class='ocrx_word' id='word_1_120' title='bbox 1745 1506 2022 1562; x_wconf 92' lang='lat' dir='ltr'><strong>desinunt.</strong></span> <span class='ocrx_word' id='word_1_121' title='bbox 2082 1505 2144 1561; x_wconf 90' lang='lat' dir='ltr'><strong>Hi</strong></span> 
     </span>
    </p>
   </div>
   <div class='ocr_carea' id='block_1_16' title="bbox 549 1600 2148 1672">
    <p class='ocr_par' dir='ltr' id='par_1_16' title="bbox 549 1600 2148 1672">
     <span class='ocr_line' id='line_1_16' title="bbox 549 1600 2148 1672; baseline 0.001 -18"><span class='ocrx_word' id='word_1_122' title='bbox 549 1600 853 1670; x_wconf 91' lang='lat' dir='ltr'><strong>quamlibet</strong></span> <span class='ocrx_word' id='word_1_123' title='bbox 881 1600 1034 1656; x_wconf 75' lang='lat' dir='ltr'><strong>citari</strong></span> <span class='ocrx_word' id='word_1_124' title='bbox 1062 1601 1193 1668; x_wconf 86' lang='lat' dir='ltr'><strong>sint,</strong></span> <span class='ocrx_word' id='word_1_125' title='bbox 1224 1600 1568 1672; x_wconf 80' lang='lat' dir='ltr'><strong>relinquendi</strong></span> <span class='ocrx_word' id='word_1_126' title='bbox 1597 1619 1610 1656; x_wconf 92' lang='lat'><strong>:</strong></span> <span class='ocrx_word' id='word_1_127' title='bbox 1643 1600 1943 1670; x_wconf 86' lang='lat' dir='ltr'><strong>quamlibet</strong></span> <span class='ocrx_word' id='word_1_128' title='bbox 1983 1601 2148 1655; x_wconf 84' lang='lat' dir='ltr'><strong>utiles</strong></span> 
     </span>
    </p>
   </div>
   <div class='ocr_carea' id='block_1_17' title="bbox 551 1693 2146 1766">
    <p class='ocr_par' dir='ltr' id='par_1_17' title="bbox 551 1693 2146 1766">
     <span class='ocr_line' id='line_1_17' title="bbox 551 1693 2146 1766; baseline 0.001 -17"><span class='ocrx_word' id='word_1_129' title='bbox 551 1694 839 1749; x_wconf 89' lang='lat' dir='ltr'><strong>deserendi</strong></span> <span class='ocrx_word' id='word_1_130' title='bbox 880 1703 1024 1750; x_wconf 91' lang='lat' dir='ltr'><strong>sunt.</strong></span> <span class='ocrx_word' id='word_1_131' title='bbox 1073 1693 1340 1765; x_wconf 70' lang='grc' dir='ltr'><strong>Ρι-οροιιίς</strong></span> <span class='ocrx_word' id='word_1_132' title='bbox 1379 1694 1560 1751; x_wconf 90' lang='lat' dir='ltr'><strong>adhuc</strong></span> <span class='ocrx_word' id='word_1_133' title='bbox 1591 1695 1798 1751; x_wconf 77' lang='lat' dir='ltr'><strong>dixisse</strong></span> <span class='ocrx_word' id='word_1_134' title='bbox 1836 1696 2146 1766; x_wconf 87' lang='lat' dir='ltr'><strong>apostolum</strong></span> 
     </span>
    </p>
   </div>
   <div class='ocr_carea' id='block_1_18' title="bbox 554 1787 2145 1861">
    <p class='ocr_par' dir='ltr' id='par_1_18' title="bbox 554 1787 2145 1861">
     <span class='ocr_line' id='line_1_18' title="bbox 554 1787 2145 1861; baseline -0.001 -17"><span class='ocrx_word' id='word_1_135' title='bbox 554 1788 1043 1861; x_wconf 77' lang='lat' dir='ltr'><strong>PaulumzAuferte</strong></span> <span class='ocrx_word' id='word_1_136' title='bbox 1071 1789 1266 1843; x_wconf 90' lang='lat' dir='ltr'><strong>malum</strong></span> <span class='ocrx_word' id='word_1_137' title='bbox 1295 1801 1362 1844; x_wconf 82' lang='lat' dir='ltr'><strong>ea:</strong></span> <span class='ocrx_word' id='word_1_138' title='bbox 1387 1788 1528 1843; x_wconf 83' lang='lat' dir='ltr'><strong>robis</strong></span> <span class='ocrx_word' id='word_1_139' title='bbox 1556 1789 1681 1861; x_wconf 81' lang='lat' dir='ltr'><strong>ipsis</strong></span> <span class='ocrx_word' id='word_1_140' title='bbox 1713 1788 1755 1861; x_wconf 88' lang='grc' dir='ltr'>(Ι</span> <span class='ocrx_word' id='word_1_141' title='bbox 1786 1787 1908 1842; x_wconf 86' lang='lat' dir='ltr'><strong>Cor.</strong></span> <span class='ocrx_word' id='word_1_142' title='bbox 1931 1804 1985 1854; x_wconf 78' lang='grc' dir='ltr'><strong>ν,</strong></span> <span class='ocrx_word' id='word_1_143' title='bbox 2019 1788 2145 1858; x_wconf 78' lang='lat' dir='ltr'><strong>l5):</strong></span> 
     </span>
    </p>
   </div>
   <div class='ocr_carea' id='block_1_19' title="bbox 554 1882 2148 1954">
    <p class='ocr_par' dir='ltr' id='par_1_19' title="bbox 554 1882 2148 1954">
     <span class='ocr_line' id='line_1_19' title="bbox 554 1882 2148 1954; baseline 0.002 -19"><span class='ocrx_word' id='word_1_144' title='bbox 554 1884 754 1938; x_wconf 85' lang='lat' dir='ltr'><strong>malum</strong></span> <span class='ocrx_word' id='word_1_145' title='bbox 796 1883 1003 1954; x_wconf 88' lang='lat' dir='ltr'><strong>utique,</strong></span> <span class='ocrx_word' id='word_1_146' title='bbox 1039 1897 1420 1953; x_wconf 82' lang='lat' dir='ltr'><strong>perseverans.</strong></span> <span class='ocrx_word' id='word_1_147' title='bbox 1467 1883 1737 1939; x_wconf 67' lang='lat' dir='ltr'><strong>(la-terum</strong></span> <span class='ocrx_word' id='word_1_148' title='bbox 1767 1923 1780 1948; x_wconf 94' lang='lat'><strong>,</strong></span> <span class='ocrx_word' id='word_1_149' title='bbox 1825 1882 2148 1953; x_wconf 77' lang='lat' dir='ltr'><strong>pteoitentia</strong></span> 
     </span>
    </p>
   </div>
   <div class='ocr_carea' id='block_1_20' title="bbox 556 1975 2155 2052">
    <p class='ocr_par' dir='ltr' id='par_1_20' title="bbox 556 1975 2155 2052">
     <span class='ocr_line' id='line_1_20' title="bbox 556 1975 2155 2052; baseline 0.002 -26"><span class='ocrx_word' id='word_1_150' title='bbox 556 1975 756 2029; x_wconf 87' lang='lat' dir='ltr'><strong>malum</strong></span> <span class='ocrx_word' id='word_1_151' title='bbox 789 1989 895 2029; x_wconf 90' lang='lat' dir='ltr'><strong>non</strong></span> <span class='ocrx_word' id='word_1_152' title='bbox 923 1984 1040 2042; x_wconf 87' lang='lat' dir='ltr'><strong>est,</strong></span> <span class='ocrx_word' id='word_1_153' title='bbox 1069 1990 1192 2030; x_wconf 89' lang='lat' dir='ltr'><strong>cum</strong></span> <span class='ocrx_word' id='word_1_154' title='bbox 1225 1975 1396 2052; x_wconf 79' lang='lat' dir='ltr'><strong>David</strong></span> <span class='ocrx_word' id='word_1_155' title='bbox 1419 1975 1595 2032; x_wconf 85' lang='lat' dir='ltr'><strong>dicat:</strong></span> <span class='ocrx_word' id='word_1_156' title='bbox 1623 1975 1829 2030; x_wconf 88' lang='lat' dir='ltr'><strong>Bonum</strong></span> <span class='ocrx_word' id='word_1_157' title='bbox 1853 1986 1923 2030; x_wconf 83' lang='lat' dir='ltr'><strong>est</strong></span> <span class='ocrx_word' id='word_1_158' title='bbox 1945 1992 2155 2031; x_wconf 73' lang='lat' dir='ltr'><strong>exorno-</strong></span> 
     </span>
    </p>
   </div>
   <div class='ocr_carea' id='block_1_21' title="bbox 556 2066 2152 2139">
    <p class='ocr_par' dir='ltr' id='par_1_21' title="bbox 556 2066 2152 2139">
     <span class='ocr_line' id='line_1_21' title="bbox 556 2066 2152 2139; baseline 0.001 -19"><span class='ocrx_word' id='word_1_159' title='bbox 556 2068 770 2137; x_wconf 87' lang='lat' dir='ltr'><strong>logesim</strong></span> <span class='ocrx_word' id='word_1_160' title='bbox 798 2069 968 2138; x_wconf 73' lang='lat' dir='ltr'><strong>facere</strong></span> <span class='ocrx_word' id='word_1_161' title='bbox 994 2066 1104 2121; x_wconf 86' lang='lat' dir='ltr'><strong>Deo</strong></span> <span class='ocrx_word' id='word_1_162' title='bbox 1133 2067 1308 2139; x_wconf 86' lang='lat' dir='ltr'><strong>(Psal.</strong></span> <span class='ocrx_word' id='word_1_163' title='bbox 1331 2083 1443 2135; x_wconf 82' lang='lat' dir='ltr'><strong>cxi,</strong></span> <span class='ocrx_word' id='word_1_164' title='bbox 1472 2066 1553 2138; x_wconf 68' lang='grc' dir='ltr'><strong>ει).</strong></span> <span class='ocrx_word' id='word_1_165' title='bbox 1589 2067 1698 2123; x_wconf 85' lang='lat' dir='ltr'><strong>Nec</strong></span> <span class='ocrx_word' id='word_1_166' title='bbox 1722 2075 1904 2122; x_wconf 90' lang='lat' dir='ltr'><strong>tamen</strong></span> <span class='ocrx_word' id='word_1_167' title='bbox 1936 2083 2152 2123; x_wconf 91' lang='lat' dir='ltr'><strong>mecum</strong></span> 
     </span>
    </p>
   </div>
   <div class='ocr_carea' id='block_1_22' title="bbox 557 2161 2154 2232">
    <p class='ocr_par' dir='ltr' id='par_1_22' title="bbox 557 2161 2154 2232">
     <span class='ocr_line' id='line_1_22' title="bbox 557 2161 2154 2232; baseline 0.001 -16"><span class='ocrx_word' id='word_1_168' title='bbox 557 2171 640 2216; x_wconf 81' lang='lat' dir='ltr'><strong>est</strong></span> <span class='ocrx_word' id='word_1_169' title='bbox 661 2161 754 2216; x_wconf 84' lang='lat' dir='ltr'><strong>ille</strong></span> <span class='ocrx_word' id='word_1_170' title='bbox 775 2177 937 2230; x_wconf 86' lang='lat' dir='ltr'><strong>quem</strong></span> <span class='ocrx_word' id='word_1_171' title='bbox 968 2163 1218 2230; x_wconf 62' lang='lat' dir='ltr'><strong>poenitet.</strong></span> <span class='ocrx_word' id='word_1_172' title='bbox 1235 2175 1336 2216; x_wconf 86' lang='lat' dir='ltr'><strong>nec</strong></span> <span class='ocrx_word' id='word_1_173' title='bbox 1359 2167 1511 2232; x_wconf 86' lang='lat' dir='ltr'><strong>parte</strong></span> <span class='ocrx_word' id='word_1_174' title='bbox 1533 2170 1871 2226; x_wconf 89' lang='lat' dir='ltr'><strong>sanctorum,</strong></span> <span class='ocrx_word' id='word_1_175' title='bbox 1898 2176 1999 2216; x_wconf 91' lang='lat' dir='ltr'><strong>nec</strong></span> <span class='ocrx_word' id='word_1_176' title='bbox 2023 2174 2154 2231; x_wconf 84' lang='lat' dir='ltr'><strong>pace</strong></span> 
     </span>
    </p>
   </div>
   <div class='ocr_carea' id='block_1_23' title="bbox 555 2253 2157 2327">
    <p class='ocr_par' dir='ltr' id='par_1_23' title="bbox 555 2253 2157 2327">
     <span class='ocr_line' id='line_1_23' title="bbox 555 2253 2157 2327; baseline -0.001 -17"><span class='ocrx_word' id='word_1_177' title='bbox 555 2255 924 2327; x_wconf 75' lang='lat' dir='ltr'><strong>conjungitur.</strong></span> <span class='ocrx_word' id='word_1_178' title='bbox 959 2254 1066 2311; x_wconf 88' lang='lat' dir='ltr'><strong>Sed</strong></span> <span class='ocrx_word' id='word_1_179' title='bbox 1103 2254 1239 2310; x_wconf 89' lang='lat' dir='ltr'><strong>dicit</strong></span> <span class='ocrx_word' id='word_1_180' title='bbox 1268 2255 1563 2321; x_wconf 85' lang='lat' dir='ltr'><strong>Apostolus</strong></span> <span class='ocrx_word' id='word_1_181' title='bbox 1587 2273 1598 2308; x_wconf 95' lang='lat'><strong>:</strong></span> <span class='ocrx_word' id='word_1_182' title='bbox 1645 2253 1708 2308; x_wconf 93' lang='lat' dir='ltr'><strong>Si</strong></span> <span class='ocrx_word' id='word_1_183' title='bbox 1737 2255 1851 2323; x_wconf 92' lang='lat' dir='ltr'><strong>quis</strong></span> <span class='ocrx_word' id='word_1_184' title='bbox 1878 2257 2038 2326; x_wconf 79' lang='lat' dir='ltr'><strong>frater</strong></span> <span class='ocrx_word' id='word_1_185' title='bbox 2063 2271 2157 2309; x_wconf 91' lang='lat' dir='ltr'><strong>no-</strong></span> 
     </span>
    </p>
   </div>
   <div class='ocr_carea' id='block_1_24' title="bbox 556 2347 2149 2424">
    <p class='ocr_par' dir='ltr' id='par_1_24' title="bbox 556 2347 2149 2424">
     <span class='ocr_line' id='line_1_24' title="bbox 556 2347 2149 2424; baseline -0.001 -22"><span class='ocrx_word' id='word_1_186' title='bbox 556 2350 800 2424; x_wconf 77' lang='lat' dir='ltr'><strong>minatur,</strong></span> <span class='ocrx_word' id='word_1_187' title='bbox 832 2357 881 2403; x_wconf 87' lang='lat' dir='ltr'><strong>et</strong></span> <span class='ocrx_word' id='word_1_188' title='bbox 910 2350 976 2403; x_wconf 86' lang='lat' dir='ltr'><strong>sit</strong></span> <span class='ocrx_word' id='word_1_189' title='bbox 1003 2358 1090 2402; x_wconf 84' lang='lat' dir='ltr'><strong>aut</strong></span> <span class='ocrx_word' id='word_1_190' title='bbox 1119 2349 1406 2421; x_wconf 78' lang='lat' dir='ltr'><strong>fornicator</strong></span> <span class='ocrx_word' id='word_1_191' title='bbox 1426 2389 1441 2412; x_wconf 89' lang='lat'><strong>,</strong></span> <span class='ocrx_word' id='word_1_192' title='bbox 1472 2357 1561 2402; x_wconf 88' lang='lat' dir='ltr'><strong>aut</strong></span> <span class='ocrx_word' id='word_1_193' title='bbox 1589 2347 1885 2401; x_wconf 77' lang='lat' dir='ltr'><strong>simulacris</strong></span> <span class='ocrx_word' id='word_1_194' title='bbox 1908 2347 2149 2414; x_wconf 75' lang='lat' dir='ltr'><strong>seruiens,</strong></span> 
     </span>
    </p>
   </div>
   <div class='ocr_carea' id='block_1_25' title="bbox 553 2440 2154 2511">
    <p class='ocr_par' dir='ltr' id='par_1_25' title="bbox 553 2440 2154 2511">
     <span class='ocr_line' id='line_1_25' title="bbox 553 2440 2154 2511; baseline -0.001 -15"><span class='ocrx_word' id='word_1_195' title='bbox 553 2453 643 2496; x_wconf 90' lang='lat' dir='ltr'><strong>aut</strong></span> <span class='ocrx_word' id='word_1_196' title='bbox 670 2457 887 2508; x_wconf 85' lang='lat' dir='ltr'><strong>avarus,</strong></span> <span class='ocrx_word' id='word_1_197' title='bbox 917 2450 1005 2496; x_wconf 85' lang='lat' dir='ltr'><strong>aut</strong></span> <span class='ocrx_word' id='word_1_198' title='bbox 1031 2442 1333 2506; x_wconf 85' lang='lat' dir='ltr'><strong>maledicus,</strong></span> <span class='ocrx_word' id='word_1_199' title='bbox 1367 2451 1456 2494; x_wconf 88' lang='lat' dir='ltr'><strong>aut</strong></span> <span class='ocrx_word' id='word_1_200' title='bbox 1479 2440 1672 2507; x_wconf 89' lang='lat' dir='ltr'><strong>ebrius,</strong></span> <span class='ocrx_word' id='word_1_201' title='bbox 1700 2449 1788 2494; x_wconf 90' lang='lat' dir='ltr'><strong>aut</strong></span> <span class='ocrx_word' id='word_1_202' title='bbox 1815 2455 2002 2511; x_wconf 69' lang='lat' dir='ltr'><strong>rapax,</strong></span> <span class='ocrx_word' id='word_1_203' title='bbox 2037 2456 2154 2494; x_wconf 87' lang='lat' dir='ltr'><strong>cum</strong></span> 
     </span>
    </p>
   </div>
   <div class='ocr_carea' id='block_1_26' title="bbox 555 2530 2152 2604">
    <p class='ocr_par' dir='ltr' id='par_1_26' title="bbox 555 2530 2152 2604">
     <span class='ocr_line' id='line_1_26' title="bbox 555 2530 2152 2604; baseline 0 -16"><span class='ocrx_word' id='word_1_204' title='bbox 555 2533 811 2604; x_wconf 76' lang='lat' dir='ltr'><strong>ejusmodi</strong></span> <span class='ocrx_word' id='word_1_205' title='bbox 837 2549 928 2588; x_wconf 85' lang='lat' dir='ltr'><strong>nec</strong></span> <span class='ocrx_word' id='word_1_206' title='bbox 958 2533 1130 2588; x_wconf 82' lang='lat' dir='ltr'><strong>cibum</strong></span> <span class='ocrx_word' id='word_1_207' title='bbox 1157 2549 1360 2590; x_wconf 81' lang='lat' dir='ltr'><strong>sumere</strong></span> <span class='ocrx_word' id='word_1_208' title='bbox 1388 2532 1432 2604; x_wconf 88' lang='grc' dir='ltr'><strong>(Ι</strong></span> <span class='ocrx_word' id='word_1_209' title='bbox 1461 2531 1584 2588; x_wconf 86' lang='lat' dir='ltr'><strong>Cor.</strong></span> <span class='ocrx_word' id='word_1_210' title='bbox 1613 2549 1668 2600; x_wconf 84' lang='lat' dir='ltr'><strong>v,</strong></span> <span class='ocrx_word' id='word_1_211' title='bbox 1706 2534 1818 2601; x_wconf 88' lang='grc'><strong>11).</strong></span> <span class='ocrx_word' id='word_1_212' title='bbox 1854 2530 2017 2588; x_wconf 82' lang='lat' dir='ltr'><strong>Vides</strong></span> <span class='ocrx_word' id='word_1_213' title='bbox 2045 2547 2152 2588; x_wconf 90' lang='lat' dir='ltr'><strong>non</strong></span> 
     </span>
    </p>
   </div>
   <div class='ocr_carea' id='block_1_27' title="bbox 554 2626 2154 2699">
    <p class='ocr_par' dir='ltr' id='par_1_27' title="bbox 554 2626 2154 2699">
     <span class='ocr_line' id='line_1_27' title="bbox 554 2626 2154 2699; baseline -0.001 -17"><span class='ocrx_word' id='word_1_214' title='bbox 554 2629 672 2683; x_wconf 90' lang='lat' dir='ltr'><strong>sine</strong></span> <span class='ocrx_word' id='word_1_215' title='bbox 696 2642 860 2683; x_wconf 83' lang='lat' dir='ltr'><strong>causa</strong></span> <span class='ocrx_word' id='word_1_216' title='bbox 884 2643 1008 2684; x_wconf 88' lang='lat' dir='ltr'><strong>esse</strong></span> <span class='ocrx_word' id='word_1_217' title='bbox 1038 2630 1272 2699; x_wconf 88' lang='lat' dir='ltr'><strong>positum</strong></span> <span class='ocrx_word' id='word_1_218' title='bbox 1298 2671 1312 2694; x_wconf 96' lang='lat'><strong>,</strong></span> <span class='ocrx_word' id='word_1_219' title='bbox 1348 2637 1395 2683; x_wconf 89' lang='lat' dir='ltr'><strong>et</strong></span> <span class='ocrx_word' id='word_1_220' title='bbox 1417 2629 1482 2681; x_wconf 87' lang='lat' dir='ltr'><strong>sit</strong></span> <span class='ocrx_word' id='word_1_221' title='bbox 1508 2671 1523 2695; x_wconf 94' lang='lat'><strong>,</strong></span> <span class='ocrx_word' id='word_1_222' title='bbox 1564 2626 1616 2682; x_wconf 92' lang='lat' dir='ltr'><strong>id</strong></span> <span class='ocrx_word' id='word_1_223' title='bbox 1640 2635 1724 2682; x_wconf 89' lang='lat' dir='ltr'><strong>est</strong></span> <span class='ocrx_word' id='word_1_224' title='bbox 1750 2669 1763 2692; x_wconf 91' lang='lat'><strong>,</strong></span> <span class='ocrx_word' id='word_1_225' title='bbox 1797 2627 1890 2697; x_wconf 88' lang='lat' dir='ltr'><strong>qui</strong></span> <span class='ocrx_word' id='word_1_226' title='bbox 1921 2626 2154 2682; x_wconf 88' lang='lat' dir='ltr'><strong>necdum</strong></span> 
     </span>
    </p>
   </div>
   <div class='ocr_carea' id='block_1_28' title="bbox 549 2721 2154 2794">
    <p class='ocr_par' dir='ltr' id='par_1_28' title="bbox 549 2721 2154 2794">
     <span class='ocr_line' id='line_1_28' title="bbox 549 2721 2154 2794; baseline 0 -17"><span class='ocrx_word' id='word_1_227' title='bbox 549 2722 811 2791; x_wconf 70' lang='lat' dir='ltr'><strong>pmnitea‘t</strong></span> <span class='ocrx_word' id='word_1_228' title='bbox 842 2763 856 2790; x_wconf 89' lang='lat'><strong>,</strong></span> <span class='ocrx_word' id='word_1_229' title='bbox 897 2723 988 2794; x_wconf 89' lang='lat' dir='ltr'><strong>qui</strong></span> <span class='ocrx_word' id='word_1_230' title='bbox 1020 2723 1250 2778; x_wconf 86' lang='lat' dir='ltr'><strong>necdum</strong></span> <span class='ocrx_word' id='word_1_231' title='bbox 1291 2723 1573 2792; x_wconf 88' lang='lat' dir='ltr'><strong>improbus</strong></span> <span class='ocrx_word' id='word_1_232' title='bbox 1611 2737 1735 2776; x_wconf 86' lang='lat' dir='ltr'><strong>esse</strong></span> <span class='ocrx_word' id='word_1_233' title='bbox 1779 2721 2026 2776; x_wconf 84' lang='lat' dir='ltr'><strong>desierit.</strong></span> <span class='ocrx_word' id='word_1_234' title='bbox 2085 2721 2154 2777; x_wconf 86' lang='lat' dir='ltr'><strong>Et</strong></span> 
     </span>
    </p>
   </div>
   <div class='ocr_carea' id='block_1_29' title="bbox 549 2816 2155 2888">
    <p class='ocr_par' dir='ltr' id='par_1_29' title="bbox 549 2816 2155 2888">
     <span class='ocr_line' id='line_1_29' title="bbox 549 2816 2155 2888; baseline 0.002 -17"><span class='ocrx_word' id='word_1_235' title='bbox 549 2826 700 2872; x_wconf 88' lang='lat' dir='ltr'><strong>certe</strong></span> <span class='ocrx_word' id='word_1_236' title='bbox 731 2817 798 2873; x_wconf 88' lang='lat' dir='ltr'><strong>de</strong></span> <span class='ocrx_word' id='word_1_237' title='bbox 847 2819 1025 2872; x_wconf 73' lang='lat' dir='ltr'><strong>avaris</strong></span> <span class='ocrx_word' id='word_1_238' title='bbox 1050 2860 1065 2885; x_wconf 93' lang='lat'><strong>,</strong></span> <span class='ocrx_word' id='word_1_239' title='bbox 1117 2829 1172 2874; x_wconf 90' lang='lat' dir='ltr'><strong>et</strong></span> <span class='ocrx_word' id='word_1_240' title='bbox 1211 2819 1445 2874; x_wconf 86' lang='lat' dir='ltr'><strong>ebriosis</strong></span> <span class='ocrx_word' id='word_1_241' title='bbox 1474 2860 1490 2888; x_wconf 86' lang='lat'><strong>,</strong></span> <span class='ocrx_word' id='word_1_242' title='bbox 1531 2829 1586 2874; x_wconf 89' lang='lat' dir='ltr'><strong>et</strong></span> <span class='ocrx_word' id='word_1_243' title='bbox 1617 2816 1902 2873; x_wconf 90' lang='lat' dir='ltr'><strong>maledicis</strong></span> <span class='ocrx_word' id='word_1_244' title='bbox 1927 2859 1942 2883; x_wconf 94' lang='lat'><strong>,</strong></span> <span class='ocrx_word' id='word_1_245' title='bbox 1991 2819 2155 2875; x_wconf 85' lang='lat' dir='ltr'><strong>simul</strong></span> 
     </span>
    </p>
   </div>
   <div class='ocr_carea' id='block_1_30' title="bbox 552 2911 2152 2985">
    <p class='ocr_par' dir='ltr' id='par_1_30' title="bbox 552 2911 2152 2985">
     <span class='ocr_line' id='line_1_30' title="bbox 552 2911 2152 2985; baseline 0.004 -21"><span class='ocrx_word' id='word_1_246' title='bbox 552 2911 758 2966; x_wconf 86' lang='lat' dir='ltr'><strong>dictum</strong></span> <span class='ocrx_word' id='word_1_247' title='bbox 788 2920 890 2967; x_wconf 89' lang='lat' dir='ltr'><strong>est.</strong></span> <span class='ocrx_word' id='word_1_248' title='bbox 925 2913 1236 2982; x_wconf 77' lang='lat' dir='ltr'><strong>Responde,</strong></span> <span class='ocrx_word' id='word_1_249' title='bbox 1258 2913 1426 2969; x_wconf 81' lang='lat' dir='ltr'><strong>frater</strong></span> <span class='ocrx_word' id='word_1_250' title='bbox 1454 2957 1468 2981; x_wconf 91' lang='lat'><strong>,</strong></span> <span class='ocrx_word' id='word_1_251' title='bbox 1513 2929 1581 2968; x_wconf 90' lang='lat' dir='ltr'><strong>an</strong></span> <span class='ocrx_word' id='word_1_252' title='bbox 1626 2913 1809 2969; x_wconf 85' lang='lat' dir='ltr'><strong>nullus</strong></span> <span class='ocrx_word' id='word_1_253' title='bbox 1839 2915 2108 2985; x_wconf 79' lang='lat' dir='ltr'><strong>eiusmodi</strong></span> <span class='ocrx_word' id='word_1_254' title='bbox 2138 2959 2152 2981; x_wconf 93' lang='lat'><strong>,</strong></span> 
     </span>
    </p>
   </div>
   <div class='ocr_carea' id='block_1_31' title="bbox 553 3005 2157 3078">
    <p class='ocr_par' dir='ltr' id='par_1_31' title="bbox 553 3005 2157 3078">
     <span class='ocr_line' id='line_1_31' title="bbox 553 3005 2157 3078; baseline 0.005 -22"><span class='ocrx_word' id='word_1_255' title='bbox 553 3011 735 3059; x_wconf 87' lang='lat' dir='ltr'><strong>vestra</strong></span> <span class='ocrx_word' id='word_1_256' title='bbox 785 3019 915 3074; x_wconf 85' lang='lat' dir='ltr'><strong>pace</strong></span> <span class='ocrx_word' id='word_1_257' title='bbox 953 3012 1221 3060; x_wconf 86' lang='lat' dir='ltr'><strong>teneatur.</strong></span> <span class='ocrx_word' id='word_1_258' title='bbox 1270 3005 1413 3077; x_wconf 81' lang='lat' dir='ltr'><strong>Ergo</strong></span> <span class='ocrx_word' id='word_1_259' title='bbox 1456 3006 1580 3062; x_wconf 91' lang='lat' dir='ltr'><strong>inde</strong></span> <span class='ocrx_word' id='word_1_260' title='bbox 1620 3014 1748 3071; x_wconf 87' lang='lat' dir='ltr'><strong>est,</strong></span> <span class='ocrx_word' id='word_1_261' title='bbox 1795 3015 1849 3062; x_wconf 90' lang='lat' dir='ltr'><strong>et</strong></span> <span class='ocrx_word' id='word_1_262' title='bbox 1879 3007 2024 3077; x_wconf 90' lang='lat' dir='ltr'><strong>quod</strong></span> <span class='ocrx_word' id='word_1_263' title='bbox 2058 3023 2157 3078; x_wconf 90' lang='lat' dir='ltr'><strong>per</strong></span> 
     </span>
    </p>
   </div>
   <div class='ocr_carea' id='block_1_32' title="bbox 559 3099 2155 3172">
    <p class='ocr_par' dir='ltr' id='par_1_32' title="bbox 559 3099 2155 3172">
     <span class='ocr_line' id='line_1_32' title="bbox 559 3099 2155 3172; baseline 0.003 -20"><span class='ocrx_word' id='word_1_264' title='bbox 559 3099 769 3153; x_wconf 87' lang='lat' dir='ltr'><strong>Esaiam</strong></span> <span class='ocrx_word' id='word_1_265' title='bbox 801 3099 947 3154; x_wconf 86' lang='lat' dir='ltr'><strong>Deus</strong></span> <span class='ocrx_word' id='word_1_266' title='bbox 968 3100 1194 3156; x_wconf 85' lang='lat' dir='ltr'><strong>clamat:</strong></span> <span class='ocrx_word' id='word_1_267' title='bbox 1228 3100 1400 3155; x_wconf 86' lang='lat' dir='ltr'><strong>Simul</strong></span> <span class='ocrx_word' id='word_1_268' title='bbox 1426 3101 1591 3172; x_wconf 86' lang='lat' dir='ltr'><strong>iniqui</strong></span> <span class='ocrx_word' id='word_1_269' title='bbox 1621 3113 1667 3154; x_wconf 82' lang='lat' dir='ltr'><strong>et</strong></span> <span class='ocrx_word' id='word_1_270' title='bbox 1700 3110 1990 3170; x_wconf 66' lang='lat' dir='ltr'><strong>peccatores</strong></span> <span class='ocrx_word' id='word_1_271' title='bbox 2019 3103 2155 3172; x_wconf 81' lang='lat' dir='ltr'><strong>peri-</strong></span> 
     </span>
    </p>
   </div>
   <div class='ocr_carea' id='block_1_33' title="bbox 553 3192 2154 3265">
    <p class='ocr_par' dir='ltr' id='par_1_33' title="bbox 553 3192 2154 3265">
     <span class='ocr_line' id='line_1_33' title="bbox 553 3192 2154 3265; baseline 0.002 -18"><span class='ocrx_word' id='word_1_272' title='bbox 553 3194 678 3248; x_wconf 88' lang='lat' dir='ltr'><strong>bunt</strong></span> <span class='ocrx_word' id='word_1_273' title='bbox 705 3192 838 3265; x_wconf 86' lang='lat' dir='ltr'><strong>(Isa.</strong></span> <span class='ocrx_word' id='word_1_274' title='bbox 875 3211 912 3256; x_wconf 86' lang='grc' dir='ltr'><strong>ι,</strong></span> <span class='ocrx_word' id='word_1_275' title='bbox 943 3193 1073 3262; x_wconf 72' lang='grc'><strong>28);</strong></span> <span class='ocrx_word' id='word_1_276' title='bbox 1101 3211 1204 3250; x_wconf 85' lang='lat' dir='ltr'><strong>non</strong></span> <span class='ocrx_word' id='word_1_277' title='bbox 1233 3195 1586 3262; x_wconf 46' lang='lat' dir='ltr'><strong>poinitcntes,</strong></span> <span class='ocrx_word' id='word_1_278' title='bbox 1620 3211 1728 3249; x_wconf 91' lang='lat' dir='ltr'><strong>non</strong></span> <span class='ocrx_word' id='word_1_279' title='bbox 1761 3194 2154 3252; x_wconf 67' lang='lat' dir='ltr'><strong>misericordia:</strong></span> 
     </span>
    </p>
   </div>
   <div class='ocr_carea' id='block_1_34' title="bbox 551 3286 2154 3356">
    <p class='ocr_par' dir='ltr' id='par_1_34' title="bbox 551 3286 2154 3356">
     <span class='ocr_line' id='line_1_34' title="bbox 551 3286 2154 3356; baseline 0.005 -20"><span class='ocrx_word' id='word_1_280' title='bbox 551 3299 714 3352; x_wconf 86' lang='lat' dir='ltr'><strong>opera</strong></span> <span class='ocrx_word' id='word_1_281' title='bbox 771 3297 1129 3356; x_wconf 82' lang='lat' dir='ltr'><strong>procurantes</strong></span> <span class='ocrx_word' id='word_1_282' title='bbox 1163 3329 1177 3352; x_wconf 91' lang='lat'><strong>,</strong></span> <span class='ocrx_word' id='word_1_283' title='bbox 1227 3287 1424 3356; x_wconf 77' lang='lat' dir='ltr'><strong>quibus</strong></span> <span class='ocrx_word' id='word_1_284' title='bbox 1468 3286 1609 3356; x_wconf 86' lang='lat' dir='ltr'><strong>apud</strong></span> <span class='ocrx_word' id='word_1_285' title='bbox 1658 3287 1910 3341; x_wconf 88' lang='lat' dir='ltr'><strong>eumdem</strong></span> <span class='ocrx_word' id='word_1_286' title='bbox 1963 3302 2154 3344; x_wconf 87' lang='lat' dir='ltr'><strong>rursus</strong></span> 
     </span>
    </p>
   </div>
   <div class='ocr_carea' id='block_1_35' title="bbox 556 3376 2154 3448">
    <p class='ocr_par' dir='ltr' id='par_1_35' title="bbox 556 3376 2154 3448">
     <span class='ocr_line' id='line_1_35' title="bbox 556 3376 2154 3448; baseline 0.001 -16"><span class='ocrx_word' id='word_1_287' title='bbox 556 3378 765 3432; x_wconf 77' lang='lat' dir='ltr'><strong>Esaiam</strong></span> <span class='ocrx_word' id='word_1_288' title='bbox 805 3377 949 3432; x_wconf 88' lang='lat' dir='ltr'><strong>Deus</strong></span> <span class='ocrx_word' id='word_1_289' title='bbox 991 3378 1159 3432; x_wconf 68' lang='lat' dir='ltr'><strong>diclt:</strong></span> <span class='ocrx_word' id='word_1_290' title='bbox 1193 3376 1261 3431; x_wconf 87' lang='lat' dir='ltr'><strong>Et</strong></span> <span class='ocrx_word' id='word_1_291' title='bbox 1305 3379 1352 3432; x_wconf 87' lang='lat' dir='ltr'><strong>si</strong></span> <span class='ocrx_word' id='word_1_292' title='bbox 1393 3378 1586 3448; x_wconf 81' lang='lat' dir='ltr'><strong>fuerint</strong></span> <span class='ocrx_word' id='word_1_293' title='bbox 1631 3389 1842 3447; x_wconf 82' lang='lat' dir='ltr'><strong>peccata</strong></span> <span class='ocrx_word' id='word_1_294' title='bbox 1894 3379 2058 3433; x_wconf 83' lang='lat' dir='ltr'><strong>restra</strong></span> <span class='ocrx_word' id='word_1_295' title='bbox 2098 3389 2154 3434; x_wconf 85' lang='lat' dir='ltr'><strong>ut</strong></span> 
     </span>
    </p>
   </div>
   <div class='ocr_carea' id='block_1_36' title="bbox 553 3469 2152 3539">
    <p class='ocr_par' dir='ltr' id='par_1_36' title="bbox 553 3469 2152 3539">
     <span class='ocr_line' id='line_1_36' title="bbox 553 3469 2152 3539; baseline 0.004 -20"><span class='ocrx_word' id='word_1_296' title='bbox 553 3469 953 3539; x_wconf 58' lang='lat' dir='ltr'><strong>pltwniciummt</strong></span> <span class='ocrx_word' id='word_1_297' title='bbox 982 3471 1143 3524; x_wconf 81' lang='lat' dir='ltr'><strong>nirem</strong></span> <span class='ocrx_word' id='word_1_298' title='bbox 1165 3469 1447 3524; x_wconf 83' lang='lat' dir='ltr'><strong>dealbabo:</strong></span> <span class='ocrx_word' id='word_1_299' title='bbox 1468 3481 1515 3522; x_wconf 88' lang='lat' dir='ltr'><strong>et</strong></span> <span class='ocrx_word' id='word_1_300' title='bbox 1543 3471 1590 3523; x_wconf 88' lang='lat' dir='ltr'><strong>si</strong></span> <span class='ocrx_word' id='word_1_301' title='bbox 1621 3480 1676 3525; x_wconf 88' lang='lat' dir='ltr'><strong>ut</strong></span> <span class='ocrx_word' id='word_1_302' title='bbox 1716 3487 1946 3537; x_wconf 86' lang='lat' dir='ltr'><strong>coccum,</strong></span> <span class='ocrx_word' id='word_1_303' title='bbox 1980 3481 2035 3524; x_wconf 89' lang='lat' dir='ltr'><strong>ut</strong></span> <span class='ocrx_word' id='word_1_304' title='bbox 2069 3472 2152 3526; x_wconf 86' lang='lat' dir='ltr'><strong>la-</strong></span> 
     </span>
    </p>
   </div>
   <div class='ocr_carea' id='block_1_37' title="bbox 554 3559 1655 3634">
    <p class='ocr_par' dir='ltr' id='par_1_37' title="bbox 554 3559 1655 3634">
     <span class='ocr_line' id='line_1_37' title="bbox 554 3559 1655 3634; baseline 0.006 -22"><span class='ocrx_word' id='word_1_305' title='bbox 554 3575 674 3614; x_wconf 87' lang='lat' dir='ltr'><strong>nam</strong></span> <span class='ocrx_word' id='word_1_306' title='bbox 699 3562 976 3615; x_wconf 80' lang='lat' dir='ltr'><strong>candidam</strong></span> <span class='ocrx_word' id='word_1_307' title='bbox 1007 3576 1068 3614; x_wconf 87' lang='lat' dir='ltr'><strong>ea</strong></span> <span class='ocrx_word' id='word_1_308' title='bbox 1097 3563 1326 3632; x_wconf 77' lang='lat' dir='ltr'><strong>efﬁciam</strong></span> <span class='ocrx_word' id='word_1_309' title='bbox 1350 3559 1515 3633; x_wconf 88' lang='lat' dir='ltr'><strong>(Ibid.</strong></span> <span class='ocrx_word' id='word_1_310' title='bbox 1546 3563 1655 3634; x_wconf 88' lang='grc'><strong>18).</strong></span> 
     </span>
    </p>
   </div>
   <div class='ocr_carea' id='block_1_38' title="bbox 625 3653 2154 3725">
    <p class='ocr_par' dir='ltr' id='par_1_38' title="bbox 625 3653 2154 3725">
     <span class='ocr_line' id='line_1_38' title="bbox 625 3653 2154 3725; baseline 0.003 -18"><span class='ocrx_word' id='word_1_311' title='bbox 625 3653 811 3708; x_wconf 83' lang='lat' dir='ltr'><strong>XVIII.</strong></span> <span class='ocrx_word' id='word_1_312' title='bbox 855 3653 1109 3708; x_wconf 80' lang='lat' dir='ltr'><strong>Attamen</strong></span> <span class='ocrx_word' id='word_1_313' title='bbox 1137 3695 1151 3718; x_wconf 90' lang='lat'><strong>,</strong></span> <span class='ocrx_word' id='word_1_314' title='bbox 1184 3663 1239 3707; x_wconf 86' lang='lat' dir='ltr'><strong>nt</strong></span> <span class='ocrx_word' id='word_1_315' title='bbox 1275 3657 1354 3709; x_wconf 86' lang='lat' dir='ltr'><strong>ais</strong></span> <span class='ocrx_word' id='word_1_316' title='bbox 1381 3697 1396 3721; x_wconf 91' lang='lat'><strong>,</strong></span> <span class='ocrx_word' id='word_1_317' title='bbox 1445 3657 1740 3725; x_wconf 73' lang='lat' dir='ltr'><strong>Apostolus</strong></span> <span class='ocrx_word' id='word_1_318' title='bbox 1768 3656 2154 3712; x_wconf 79' lang='lat' dir='ltr'><strong>condemnavit</strong></span> 
     </span>
    </p>
   </div>
   <div class='ocr_carea' id='block_1_39' title="bbox 551 3745 2152 3818">
    <p class='ocr_par' dir='ltr' id='par_1_39' title="bbox 551 3745 2152 3818">
     <span class='ocr_line' id='line_1_39' title="bbox 551 3745 2152 3818; baseline 0.002 -19"><span class='ocrx_word' id='word_1_319' title='bbox 551 3755 845 3799; x_wconf 86' lang='lat' dir='ltr'><strong>errantem.</strong></span> <span class='ocrx_word' id='word_1_320' title='bbox 888 3745 1020 3798; x_wconf 82' lang='lat' dir='ltr'><strong>Nam</strong></span> <span class='ocrx_word' id='word_1_321' title='bbox 1064 3745 1132 3799; x_wconf 90' lang='lat' dir='ltr'><strong>ad</strong></span> <span class='ocrx_word' id='word_1_322' title='bbox 1165 3745 1484 3801; x_wconf 85' lang='lat' dir='ltr'><strong>Corinthios</strong></span> <span class='ocrx_word' id='word_1_323' title='bbox 1516 3748 1690 3813; x_wconf 86' lang='lat' dir='ltr'><strong>prima</strong></span> <span class='ocrx_word' id='word_1_324' title='bbox 1722 3749 1795 3802; x_wconf 93' lang='lat' dir='ltr'><strong>ita</strong></span> <span class='ocrx_word' id='word_1_325' title='bbox 1826 3748 1992 3803; x_wconf 87' lang='lat' dir='ltr'><strong>dicit:</strong></span> <span class='ocrx_word' id='word_1_326' title='bbox 2027 3747 2152 3818; x_wconf 85' lang='lat' dir='ltr'><strong>Ipse</strong></span> 
     </span>
    </p>
   </div>
   <div class='ocr_carea' id='block_1_40' title="bbox 551 3837 2147 3912">
    <p class='ocr_par' dir='ltr' id='par_1_40' title="bbox 551 3837 2147 3912">
     <span class='ocr_line' id='line_1_40' title="bbox 551 3837 2147 3912; baseline 0.004 -21"><span class='ocrx_word' id='word_1_327' title='bbox 551 3855 646 3908; x_wconf 85' lang='lat' dir='ltr'><strong>ego</strong></span> <span class='ocrx_word' id='word_1_328' title='bbox 674 3837 882 3908; x_wconf 79' lang='lat' dir='ltr'><strong>quidem</strong></span> <span class='ocrx_word' id='word_1_329' title='bbox 911 3837 1092 3892; x_wconf 80' lang='lat' dir='ltr'><strong>absens</strong></span> <span class='ocrx_word' id='word_1_330' title='bbox 1137 3855 1351 3909; x_wconf 83' lang='lat' dir='ltr'><strong>corpore</strong></span> <span class='ocrx_word' id='word_1_331' title='bbox 1375 3880 1391 3906; x_wconf 89' lang='lat'><strong>,</strong></span> <span class='ocrx_word' id='word_1_332' title='bbox 1441 3855 1668 3909; x_wconf 64' lang='lat' dir='ltr'><strong>praesens</strong></span> <span class='ocrx_word' id='word_1_333' title='bbox 1713 3851 1882 3896; x_wconf 83' lang='lat' dir='ltr'><strong>autem</strong></span> <span class='ocrx_word' id='word_1_334' title='bbox 1918 3843 2104 3910; x_wconf 80' lang='lat' dir='ltr'><strong>spiritu</strong></span> <span class='ocrx_word' id='word_1_335' title='bbox 2129 3883 2147 3912; x_wconf 86' lang='lat'><strong>,</strong></span> 
     </span>
    </p>
   </div>
   <div class='ocr_carea' id='block_1_41' title="bbox 541 3928 2148 4002">
    <p class='ocr_par' dir='ltr' id='par_1_41' title="bbox 541 3928 2148 4002">
     <span class='ocr_line' id='line_1_41' title="bbox 541 3928 2148 4002; baseline 0.006 -22"><span class='ocrx_word' id='word_1_336' title='bbox 541 3934 658 4002; x_wconf 78' lang='lat' dir='ltr'><strong>jam</strong></span> <span class='ocrx_word' id='word_1_337' title='bbox 675 3928 917 4000; x_wconf 75' lang='lat' dir='ltr'><strong>judicaui</strong></span> <span class='ocrx_word' id='word_1_338' title='bbox 943 3944 1059 3982; x_wconf 85' lang='lat' dir='ltr'><strong>eum</strong></span> <span class='ocrx_word' id='word_1_339' title='bbox 1099 3931 1186 3998; x_wconf 82' lang='lat' dir='ltr'><strong>qui</strong></span> <span class='ocrx_word' id='word_1_340' title='bbox 1217 3931 1317 3984; x_wconf 71' lang='lat' dir='ltr'><strong>tale</strong></span> <span class='ocrx_word' id='word_1_341' title='bbox 1339 3931 1543 4001; x_wconf 79' lang='lat' dir='ltr'><strong>facinus</strong></span> <span class='ocrx_word' id='word_1_342' title='bbox 1573 3931 1788 3986; x_wconf 84' lang='lat' dir='ltr'><strong>admisit</strong></span> <span class='ocrx_word' id='word_1_343' title='bbox 1819 3949 1837 3987; x_wconf 91' lang='lat'><strong>:</strong></span> <span class='ocrx_word' id='word_1_344' title='bbox 1866 3936 1918 3988; x_wconf 89' lang='lat' dir='ltr'><strong>in</strong></span> <span class='ocrx_word' id='word_1_345' title='bbox 1941 3935 2148 3990; x_wconf 84' lang='lat' dir='ltr'><strong>nomine</strong></span> 
     </span>
    </p>
   </div>
   <div class='ocr_carea' id='block_1_42' title="bbox 550 4019 2147 4095">
    <p class='ocr_par' dir='ltr' id='par_1_42' title="bbox 550 4019 2147 4095">
     <span class='ocr_line' id='line_1_42' title="bbox 550 4019 2147 4095; baseline 0.005 -21"><span class='ocrx_word' id='word_1_346' title='bbox 550 4020 762 4076; x_wconf 80' lang='lat' dir='ltr'><strong>Domini</strong></span> <span class='ocrx_word' id='word_1_347' title='bbox 790 4023 954 4075; x_wconf 82' lang='lat' dir='ltr'><strong>nostri</strong></span> <span class='ocrx_word' id='word_1_348' title='bbox 975 4019 1102 4075; x_wconf 75' lang='lat' dir='ltr'><strong>Iesu</strong></span> <span class='ocrx_word' id='word_1_349' title='bbox 1127 4020 1320 4076; x_wconf 82' lang='lat' dir='ltr'><strong>Christi</strong></span> <span class='ocrx_word' id='word_1_350' title='bbox 1345 4064 1358 4088; x_wconf 89' lang='lat'><strong>,</strong></span> <span class='ocrx_word' id='word_1_351' title='bbox 1393 4025 1715 4095; x_wconf 74' lang='lat' dir='ltr'><strong>congregatis</strong></span> <span class='ocrx_word' id='word_1_352' title='bbox 1745 4026 1883 4080; x_wconf 80' lang='lat' dir='ltr'><strong>vobis</strong></span> <span class='ocrx_word' id='word_1_353' title='bbox 1912 4028 2147 4082; x_wconf 87' lang='lat' dir='ltr'><strong>omnibus</strong></span> 
     </span>
    </p>
   </div>
   <div class='ocr_carea' id='block_1_43' title="bbox 545 4111 2147 4186">
    <p class='ocr_par' dir='ltr' id='par_1_43' title="bbox 545 4111 2147 4186">
     <span class='ocr_line' id='line_1_43' title="bbox 545 4111 2147 4186; baseline 0.005 -20"><span class='ocrx_word' id='word_1_354' title='bbox 545 4113 601 4167; x_wconf 89' lang='lat' dir='ltr'><strong>in</strong></span> <span class='ocrx_word' id='word_1_355' title='bbox 635 4114 824 4168; x_wconf 75' lang='lat' dir='ltr'><strong>virtute</strong></span> <span class='ocrx_word' id='word_1_356' title='bbox 849 4111 949 4168; x_wconf 81' lang='lat' dir='ltr'><strong>Dei</strong></span> <span class='ocrx_word' id='word_1_357' title='bbox 975 4153 991 4180; x_wconf 91' lang='lat'><strong>,</strong></span> <span class='ocrx_word' id='word_1_358' title='bbox 1019 4111 1222 4168; x_wconf 77' lang='lat' dir='ltr'><strong>tradere</strong></span> <span class='ocrx_word' id='word_1_359' title='bbox 1247 4115 1504 4186; x_wconf 82' lang='lat' dir='ltr'><strong>ejusmodi</strong></span> <span class='ocrx_word' id='word_1_360' title='bbox 1533 4126 1732 4170; x_wconf 81' lang='lat' dir='ltr'><strong>satante</strong></span> <span class='ocrx_word' id='word_1_361' title='bbox 1757 4157 1771 4181; x_wconf 90' lang='lat'><strong>,</strong></span> <span class='ocrx_word' id='word_1_362' title='bbox 1802 4115 1858 4171; x_wconf 85' lang='lat' dir='ltr'><strong>in</strong></span> <span class='ocrx_word' id='word_1_363' title='bbox 1885 4118 2147 4174; x_wconf 85' lang='lat' dir='ltr'><strong>interitum</strong></span> 
     </span>
    </p>
   </div>
   <div class='ocr_carea' id='block_1_44' title="bbox 545 4206 2142 4292">
    <p class='ocr_par' dir='ltr' id='par_1_44' title="bbox 545 4206 2142 4292">
     <span class='ocr_line' id='line_1_44' title="bbox 545 4206 2142 4292; baseline 0.005 -34"><span class='ocrx_word' id='word_1_364' title='bbox 545 4207 718 4260; x_wconf 83' lang='lat' dir='ltr'><strong>carnis</strong></span> <span class='ocrx_word' id='word_1_365' title='bbox 744 4248 759 4273; x_wconf 92' lang='lat'><strong>,</strong></span> <span class='ocrx_word' id='word_1_366' title='bbox 789 4216 846 4261; x_wconf 87' lang='lat' dir='ltr'><strong>ut</strong></span> <span class='ocrx_word' id='word_1_367' title='bbox 873 4209 1087 4277; x_wconf 82' lang='lat' dir='ltr'><strong>spiritus</strong></span> <span class='ocrx_word' id='word_1_368' title='bbox 1107 4206 1281 4262; x_wconf 80' lang='lat' dir='ltr'><strong>saluus</strong></span> <span class='ocrx_word' id='word_1_369' title='bbox 1303 4208 1373 4262; x_wconf 85' lang='lat' dir='ltr'><strong>sit</strong></span> <span class='ocrx_word' id='word_1_370' title='bbox 1397 4208 1449 4262; x_wconf 87' lang='lat' dir='ltr'><strong>in</strong></span> <span class='ocrx_word' id='word_1_371' title='bbox 1469 4208 1552 4263; x_wconf 84' lang='lat' dir='ltr'><strong>die</strong></span> <span class='ocrx_word' id='word_1_372' title='bbox 1583 4207 1796 4265; x_wconf 88' lang='lat' dir='ltr'><strong>Domini</strong></span> <span class='ocrx_word' id='word_1_373' title='bbox 1825 4211 1868 4283; x_wconf 96' lang='lat' dir='ltr'><strong>(l</strong></span> <span class='ocrx_word' id='word_1_374' title='bbox 1891 4210 2024 4292; x_wconf 39' lang='lat' dir='ltr'><strong>.Cor.</strong></span> <span class='ocrx_word' id='word_1_375' title='bbox 2069 4227 2098 4266; x_wconf 79' lang='grc' dir='ltr'>ν</span> <span class='ocrx_word' id='word_1_376' title='bbox 2129 4256 2142 4281; x_wconf 90' lang='grc'><em>,</em></span> 
     </span>
    </p>
   </div>
   <div class='ocr_carea' id='block_1_45' title="bbox 541 4299 2145 4375">
    <p class='ocr_par' dir='ltr' id='par_1_45' title="bbox 541 4299 2145 4375">
     <span class='ocr_line' id='line_1_45' title="bbox 541 4299 2145 4375; baseline 0.006 -19"><span class='ocrx_word' id='word_1_377' title='bbox 541 4299 690 4373; x_wconf 79' lang='grc'><strong>5-5).</strong></span> <span class='ocrx_word' id='word_1_378' title='bbox 715 4301 852 4357; x_wconf 85' lang='lat' dir='ltr'><strong>Nota</strong></span> <span class='ocrx_word' id='word_1_379' title='bbox 880 4344 895 4370; x_wconf 90' lang='lat'><strong>,</strong></span> <span class='ocrx_word' id='word_1_380' title='bbox 927 4303 1097 4359; x_wconf 77' lang='lat' dir='ltr'><strong>frater</strong></span> <span class='ocrx_word' id='word_1_381' title='bbox 1119 4345 1134 4369; x_wconf 95' lang='lat'><strong>,</strong></span> <span class='ocrx_word' id='word_1_382' title='bbox 1171 4305 1403 4374; x_wconf 90' lang='lat' dir='ltr'><strong>primum</strong></span> <span class='ocrx_word' id='word_1_383' title='bbox 1431 4346 1446 4371; x_wconf 93' lang='lat'><strong>,</strong></span> <span class='ocrx_word' id='word_1_384' title='bbox 1479 4306 1622 4375; x_wconf 92' lang='lat' dir='ltr'><strong>quod</strong></span> <span class='ocrx_word' id='word_1_385' title='bbox 1646 4323 1752 4362; x_wconf 91' lang='lat' dir='ltr'><strong>non</strong></span> <span class='ocrx_word' id='word_1_386' title='bbox 1793 4307 2016 4363; x_wconf 83' lang='lat' dir='ltr'><strong>damnat</strong></span> <span class='ocrx_word' id='word_1_387' title='bbox 2046 4323 2145 4365; x_wconf 88' lang='lat' dir='ltr'><strong>eos</strong></span> 
     </span>
    </p>
   </div>
   <div class='ocr_carea' id='block_1_46' title="bbox 539 4395 2146 4472">
    <p class='ocr_par' dir='ltr' id='par_1_46' title="bbox 539 4395 2146 4472">
     <span class='ocr_line' id='line_1_46' title="bbox 539 4395 2146 4472; baseline 0.007 -25"><span class='ocrx_word' id='word_1_388' title='bbox 539 4407 664 4448; x_wconf 87' lang='lat' dir='ltr'><strong>cum</strong></span> <span class='ocrx_word' id='word_1_389' title='bbox 705 4395 904 4466; x_wconf 88' lang='lat' dir='ltr'><strong>quibus</strong></span> <span class='ocrx_word' id='word_1_390' title='bbox 949 4395 1054 4453; x_wconf 88' lang='lat' dir='ltr'><strong>iste</strong></span> <span class='ocrx_word' id='word_1_391' title='bbox 1096 4398 1496 4454; x_wconf 87' lang='lat' dir='ltr'><strong>communicat:</strong></span> <span class='ocrx_word' id='word_1_392' title='bbox 1541 4401 1691 4455; x_wconf 91' lang='lat' dir='ltr'><strong>solus</strong></span> <span class='ocrx_word' id='word_1_393' title='bbox 1743 4402 1862 4470; x_wconf 92' lang='lat' dir='ltr'><strong>ipse</strong></span> <span class='ocrx_word' id='word_1_394' title='bbox 1904 4402 1996 4472; x_wconf 89' lang='lat' dir='ltr'><strong>qui</strong></span> <span class='ocrx_word' id='word_1_395' title='bbox 2041 4402 2146 4458; x_wconf 85' lang='lat' dir='ltr'><strong>tale</strong></span> 
     </span>
    </p>
   </div>
   <div class='ocr_carea' id='block_1_47' title="bbox 537 4486 2143 4562">
    <p class='ocr_par' dir='ltr' id='par_1_47' title="bbox 537 4486 2143 4562">
     <span class='ocr_line' id='line_1_47' title="bbox 537 4486 2143 4562; baseline 0.006 -22"><span class='ocrx_word' id='word_1_396' title='bbox 537 4486 750 4542; x_wconf 82' lang='lat' dir='ltr'><strong>facinus</strong></span> <span class='ocrx_word' id='word_1_397' title='bbox 780 4489 1100 4558; x_wconf 84' lang='lat' dir='ltr'><strong>admiserat,</strong></span> <span class='ocrx_word' id='word_1_398' title='bbox 1127 4500 1333 4547; x_wconf 68' lang='lat' dir='ltr'><strong>satana:</strong></span> <span class='ocrx_word' id='word_1_399' title='bbox 1353 4493 1610 4558; x_wconf 88' lang='lat' dir='ltr'><strong>traditur,</strong></span> <span class='ocrx_word' id='word_1_400' title='bbox 1635 4493 1786 4548; x_wconf 89' lang='lat' dir='ltr'><strong>solus</strong></span> <span class='ocrx_word' id='word_1_401' title='bbox 1811 4493 2143 4562; x_wconf 81' lang='lat' dir='ltr'><strong>excluditur,</strong></span> 
     </span>
    </p>
   </div>
   <div class='ocr_carea' id='block_1_48' title="bbox 537 4580 2144 4655">
    <p class='ocr_par' dir='ltr' id='par_1_48' title="bbox 537 4580 2144 4655">
     <span class='ocr_line' id='line_1_48' title="bbox 537 4580 2144 4655; baseline 0.005 -22"><span class='ocrx_word' id='word_1_402' title='bbox 537 4580 690 4634; x_wconf 80' lang='lat' dir='ltr'><strong>salva</strong></span> <span class='ocrx_word' id='word_1_403' title='bbox 725 4593 858 4649; x_wconf 92' lang='lat' dir='ltr'><strong>pace</strong></span> <span class='ocrx_word' id='word_1_404' title='bbox 879 4593 1213 4638; x_wconf 89' lang='lat' dir='ltr'><strong>sanctorum.</strong></span> <span class='ocrx_word' id='word_1_405' title='bbox 1235 4583 1370 4652; x_wconf 88' lang='lat' dir='ltr'><strong>Vos,</strong></span> <span class='ocrx_word' id='word_1_406' title='bbox 1402 4599 1594 4640; x_wconf 86' lang='lat' dir='ltr'><strong>omnes</strong></span> <span class='ocrx_word' id='word_1_407' title='bbox 1623 4585 1881 4641; x_wconf 82' lang='lat' dir='ltr'><strong>ecclesias</strong></span> <span class='ocrx_word' id='word_1_408' title='bbox 1912 4601 2011 4655; x_wconf 91' lang='lat' dir='ltr'><strong>pro</strong></span> <span class='ocrx_word' id='word_1_409' title='bbox 2037 4601 2144 4641; x_wconf 91' lang='lat' dir='ltr'><strong>uno</strong></span> 
     </span>
    </p>
   </div>
   <div class='ocr_carea' id='block_1_49' title="bbox 1577 570 2176 646">
    <p class='ocr_par' dir='ltr' id='par_1_49' title="bbox 1577 570 2176 646">
     <span class='ocr_line' id='line_1_49' title="bbox 1577 570 2176 646; baseline 0.002 -21"><span class='ocrx_word' id='word_1_410' title='bbox 1577 571 1747 646; x_wconf 86' lang='lat' dir='ltr'><strong>abjice</strong></span> <span class='ocrx_word' id='word_1_411' title='bbox 1793 586 1911 626; x_wconf 87' lang='lat' dir='ltr'><strong>eum</strong></span> <span class='ocrx_word' id='word_1_412' title='bbox 1957 570 2048 626; x_wconf 89' lang='lat' dir='ltr'><strong>abs</strong></span> <span class='ocrx_word' id='word_1_413' title='bbox 2093 581 2176 626; x_wconf 63' lang='lat' dir='ltr'><strong>te‘</strong></span> 
     </span>
    </p>
   </div>
   <div class='ocr_carea' id='block_1_50' title="bbox 2245 572 3766 644">
    <p class='ocr_par' dir='ltr' id='par_1_50' title="bbox 2245 572 3766 644">
     <span class='ocr_line' id='line_1_50' title="bbox 2245 572 3766 644; baseline 0.006 -18"><span class='ocrx_word' id='word_1_414' title='bbox 2245 572 2391 628; x_wconf 87' lang='lat' dir='ltr'><strong>hunc</strong></span> <span class='ocrx_word' id='word_1_415' title='bbox 2419 574 2592 644; x_wconf 83' lang='lat' dir='ltr'><strong>ipsum</strong></span> <span class='ocrx_word' id='word_1_416' title='bbox 2641 574 2867 644; x_wconf 89' lang='lat' dir='ltr'><strong>impium</strong></span> <span class='ocrx_word' id='word_1_417' title='bbox 2916 573 3287 642; x_wconf 71' lang='lat' dir='ltr'><strong>idemPaulns</strong></span> <span class='ocrx_word' id='word_1_418' title='bbox 3316 575 3552 630; x_wconf 77' lang='lat' dir='ltr'><strong>absolvit.</strong></span> <span class='ocrx_word' id='word_1_419' title='bbox 3579 576 3692 632; x_wconf 75' lang='lat' dir='ltr'><strong>Nam</strong></span> <span class='ocrx_word' id='word_1_420' title='bbox 3714 579 3766 636; x_wconf 85' lang='lat' dir='ltr'><strong>de</strong></span> 
     </span>
    </p>
   </div>
   <div class='ocr_carea' id='block_1_51' title="bbox 2244 665 3768 740">
    <p class='ocr_par' dir='ltr' id='par_1_51' title="bbox 2244 665 3768 740">
     <span class='ocr_line' id='line_1_51' title="bbox 2244 665 3768 740; baseline 0.005 -21"><span class='ocrx_word' id='word_1_421' title='bbox 2244 665 2363 736; x_wconf 88' lang='lat' dir='ltr'><strong>ipso</strong></span> <span class='ocrx_word' id='word_1_422' title='bbox 2396 665 2502 719; x_wconf 89' lang='lat' dir='ltr'><strong>ait:</strong></span> <span class='ocrx_word' id='word_1_423' title='bbox 2539 666 2753 737; x_wconf 76' lang='lat' dir='ltr'><strong>Sufﬁcit</strong></span> <span class='ocrx_word' id='word_1_424' title='bbox 2775 667 2856 720; x_wconf 87' lang='lat' dir='ltr'><strong>illi</strong></span> <span class='ocrx_word' id='word_1_425' title='bbox 2895 667 2984 736; x_wconf 88' lang='lat' dir='ltr'><strong>qui</strong></span> <span class='ocrx_word' id='word_1_426' title='bbox 3011 666 3265 740; x_wconf 75' lang='lat' dir='ltr'><strong>ejusmodi</strong></span> <span class='ocrx_word' id='word_1_427' title='bbox 3302 676 3412 735; x_wconf 87' lang='lat' dir='ltr'><strong>est,</strong></span> <span class='ocrx_word' id='word_1_428' title='bbox 3442 667 3692 740; x_wconf 83' lang='lat' dir='ltr'><strong>objurgatio</strong></span> <span class='ocrx_word' id='word_1_429' title='bbox 3721 687 3768 726; x_wconf 83' lang='lat' dir='ltr'><strong>ea</strong></span> 
     </span>
    </p>
   </div>
   <div class='ocr_carea' id='block_1_52' title="bbox 2242 757 3768 828">
    <p class='ocr_par' dir='ltr' id='par_1_52' title="bbox 2242 757 3768 828">
     <span class='ocr_line' id='line_1_52' title="bbox 2242 757 3768 828; baseline 0.005 -19"><span class='ocrx_word' id='word_1_430' title='bbox 2242 773 2358 828; x_wconf 74' lang='lat' dir='ltr'><strong>qum</strong></span> <span class='ocrx_word' id='word_1_431' title='bbox 2380 757 2438 825; x_wconf 80' lang='lat' dir='ltr'><strong>[it</strong></span> <span class='ocrx_word' id='word_1_432' title='bbox 2457 773 2488 809; x_wconf 89' lang='lat' dir='ltr'><strong>a</strong></span> <span class='ocrx_word' id='word_1_433' title='bbox 2517 757 2782 825; x_wconf 76' lang='lat' dir='ltr'><strong>pluribus;</strong></span> <span class='ocrx_word' id='word_1_434' title='bbox 2811 766 2867 811; x_wconf 90' lang='lat' dir='ltr'><strong>ut</strong></span> <span class='ocrx_word' id='word_1_435' title='bbox 2893 773 2921 809; x_wconf 92' lang='lat' dir='ltr'><strong>e</strong></span> <span class='ocrx_word' id='word_1_436' title='bbox 2942 758 3203 811; x_wconf 89' lang='lat' dir='ltr'><strong>contrario</strong></span> <span class='ocrx_word' id='word_1_437' title='bbox 3225 759 3383 828; x_wconf 89' lang='lat' dir='ltr'><strong>magis</strong></span> <span class='ocrx_word' id='word_1_438' title='bbox 3413 758 3592 814; x_wconf 73' lang='lat' dir='ltr'><strong>donatis</strong></span> <span class='ocrx_word' id='word_1_439' title='bbox 3615 770 3654 814; x_wconf 91' lang='lat' dir='ltr'><strong>et</strong></span> <span class='ocrx_word' id='word_1_440' title='bbox 3677 777 3768 816; x_wconf 84' lang='lat' dir='ltr'><strong>con-</strong></span> 
     </span>
    </p>
   </div>
   <div class='ocr_carea' id='block_1_53' title="bbox 2242 844 3770 926">
    <p class='ocr_par' dir='ltr' id='par_1_53' title="bbox 2242 844 3770 926">
     <span class='ocr_line' id='line_1_53' title="bbox 2242 844 3770 926; baseline 0.003 -24"><span class='ocrx_word' id='word_1_441' title='bbox 2242 849 2499 914; x_wconf 86' lang='lat' dir='ltr'><strong>solemini,</strong></span> <span class='ocrx_word' id='word_1_442' title='bbox 2517 865 2579 903; x_wconf 89' lang='lat' dir='ltr'><strong>ne</strong></span> <span class='ocrx_word' id='word_1_443' title='bbox 2609 852 2743 920; x_wconf 81' lang='lat' dir='ltr'><strong>forte</strong></span> <span class='ocrx_word' id='word_1_444' title='bbox 2767 851 2964 918; x_wconf 79' lang='lat' dir='ltr'><strong>maiore</strong></span> <span class='ocrx_word' id='word_1_445' title='bbox 2984 850 3194 904; x_wconf 88' lang='lat' dir='ltr'><strong>tristitia</strong></span> <span class='ocrx_word' id='word_1_446' title='bbox 3215 844 3551 918; x_wconf 76' lang='lat' dir='ltr'><strong>absorbeatur,</strong></span> <span class='ocrx_word' id='word_1_447' title='bbox 3573 855 3648 924; x_wconf 83' lang='lat' dir='ltr'><strong>qui</strong></span> <span class='ocrx_word' id='word_1_448' title='bbox 3663 856 3770 926; x_wconf 83' lang='lat' dir='ltr'><strong>ejus-</strong></span> 
     </span>
    </p>
   </div>
   <div class='ocr_carea' id='block_1_54' title="bbox 2245 941 3768 1013">
    <p class='ocr_par' dir='ltr' id='par_1_54' title="bbox 2245 941 3768 1013">
     <span class='ocr_line' id='line_1_54' title="bbox 2245 941 3768 1013; baseline 0.006 -19"><span class='ocrx_word' id='word_1_449' title='bbox 2245 941 2385 994; x_wconf 85' lang='lat' dir='ltr'><strong>modi</strong></span> <span class='ocrx_word' id='word_1_450' title='bbox 2416 951 2525 994; x_wconf 85' lang='lat' dir='ltr'><strong>est:</strong></span> <span class='ocrx_word' id='word_1_451' title='bbox 2562 941 2782 1012; x_wconf 85' lang='lat' dir='ltr'><strong>Propter</strong></span> <span class='ocrx_word' id='word_1_452' title='bbox 2801 943 2944 1013; x_wconf 85' lang='lat' dir='ltr'><strong>quod</strong></span> <span class='ocrx_word' id='word_1_453' title='bbox 2965 945 3179 997; x_wconf 87' lang='lat' dir='ltr'><strong>obsecro</strong></span> <span class='ocrx_word' id='word_1_454' title='bbox 3202 961 3288 999; x_wconf 79' lang='lat' dir='ltr'><strong>uos</strong></span> <span class='ocrx_word' id='word_1_455' title='bbox 3306 986 3320 1009; x_wconf 96' lang='lat'><strong>,</strong></span> <span class='ocrx_word' id='word_1_456' title='bbox 3351 954 3406 999; x_wconf 90' lang='lat' dir='ltr'><strong>ut</strong></span> <span class='ocrx_word' id='word_1_457' title='bbox 3433 947 3711 1001; x_wconf 84' lang='lat' dir='ltr'><strong>constituatis</strong></span> <span class='ocrx_word' id='word_1_458' title='bbox 3729 949 3768 1003; x_wconf 80' lang='lat' dir='ltr'><strong>is</strong></span> 
     </span>
    </p>
   </div>
   <div class='ocr_carea' id='block_1_55' title="bbox 2246 1034 3773 1108">
    <p class='ocr_par' dir='ltr' id='par_1_55' title="bbox 2246 1034 3773 1108">
     <span class='ocr_line' id='line_1_55' title="bbox 2246 1034 3773 1108; baseline 0.003 -18"><span class='ocrx_word' id='word_1_459' title='bbox 2246 1053 2363 1090; x_wconf 86' lang='lat' dir='ltr'><strong>eum</strong></span> <span class='ocrx_word' id='word_1_460' title='bbox 2391 1035 2696 1090; x_wconf 81' lang='lat' dir='ltr'><strong>charitatem</strong></span> <span class='ocrx_word' id='word_1_461' title='bbox 2741 1037 2805 1105; x_wconf 92' lang='lat' dir='ltr'><strong>(ll</strong></span> <span class='ocrx_word' id='word_1_462' title='bbox 2837 1034 2960 1090; x_wconf 84' lang='lat' dir='ltr'><strong>Cor.</strong></span> <span class='ocrx_word' id='word_1_463' title='bbox 2996 1052 3034 1092; x_wconf 91' lang='grc' dir='ltr'><strong>ιι</strong></span> <span class='ocrx_word' id='word_1_464' title='bbox 3060 1080 3074 1103; x_wconf 83' lang='grc'>,</span> <span class='ocrx_word' id='word_1_465' title='bbox 3109 1037 3256 1108; x_wconf 88' lang='grc'><strong>6-8).</strong></span> <span class='ocrx_word' id='word_1_466' title='bbox 3288 1036 3418 1094; x_wconf 80' lang='lat' dir='ltr'><strong>Item</strong></span> <span class='ocrx_word' id='word_1_467' title='bbox 3450 1038 3603 1094; x_wconf 75' lang='lat' dir='ltr'><strong>intra:</strong></span> <span class='ocrx_word' id='word_1_468' title='bbox 3631 1039 3682 1095; x_wconf 86' lang='lat' dir='ltr'><strong>Si</strong></span> <span class='ocrx_word' id='word_1_469' title='bbox 3711 1042 3773 1095; x_wconf 81' lang='lat' dir='ltr'><strong>tui</strong></span> 
     </span>
    </p>
   </div>
   <div class='ocr_carea' id='block_1_56' title="bbox 2247 1128 3774 1203">
    <p class='ocr_par' dir='ltr' id='par_1_56' title="bbox 2247 1128 3774 1203">
     <span class='ocr_line' id='line_1_56' title="bbox 2247 1128 3774 1203; baseline 0 -18"><span class='ocrx_word' id='word_1_470' title='bbox 2247 1140 2420 1185; x_wconf 84' lang='lat' dir='ltr'><strong>autem</strong></span> <span class='ocrx_word' id='word_1_471' title='bbox 2449 1128 2649 1200; x_wconf 83' lang='lat' dir='ltr'><strong>aliquid</strong></span> <span class='ocrx_word' id='word_1_472' title='bbox 2677 1129 2906 1183; x_wconf 85' lang='lat' dir='ltr'><strong>donastis</strong></span> <span class='ocrx_word' id='word_1_473' title='bbox 2930 1169 2946 1194; x_wconf 89' lang='lat'><strong>,</strong></span> <span class='ocrx_word' id='word_1_474' title='bbox 2978 1137 3025 1180; x_wconf 88' lang='lat' dir='ltr'><strong>et</strong></span> <span class='ocrx_word' id='word_1_475' title='bbox 3056 1145 3180 1202; x_wconf 85' lang='lat' dir='ltr'><strong>ego:</strong></span> <span class='ocrx_word' id='word_1_476' title='bbox 3227 1145 3344 1183; x_wconf 79' lang='lat' dir='ltr'><strong>nam</strong></span> <span class='ocrx_word' id='word_1_477' title='bbox 3386 1139 3432 1184; x_wconf 89' lang='lat' dir='ltr'><strong>et</strong></span> <span class='ocrx_word' id='word_1_478' title='bbox 3463 1146 3548 1203; x_wconf 85' lang='lat' dir='ltr'><strong>ego</strong></span> <span class='ocrx_word' id='word_1_479' title='bbox 3571 1131 3686 1201; x_wconf 86' lang='lat' dir='ltr'><strong>quod</strong></span> <span class='ocrx_word' id='word_1_480' title='bbox 3703 1131 3774 1185; x_wconf 82' lang='lat' dir='ltr'><strong>do-</strong></span> 
     </span>
    </p>
   </div>
   <div class='ocr_carea' id='block_1_57' title="bbox 2249 1221 3775 1294">
    <p class='ocr_par' dir='ltr' id='par_1_57' title="bbox 2249 1221 3775 1294">
     <span class='ocr_line' id='line_1_57' title="bbox 2249 1221 3775 1294; baseline 0.001 -18"><span class='ocrx_word' id='word_1_481' title='bbox 2249 1223 2387 1288; x_wconf 79' lang='lat' dir='ltr'><strong>naui,</strong></span> <span class='ocrx_word' id='word_1_482' title='bbox 2413 1231 2623 1294; x_wconf 82' lang='lat' dir='ltr'><strong>propter</strong></span> <span class='ocrx_word' id='word_1_483' title='bbox 2649 1237 2735 1276; x_wconf 87' lang='lat' dir='ltr'><strong>vos</strong></span> <span class='ocrx_word' id='word_1_484' title='bbox 2755 1222 2809 1275; x_wconf 89' lang='lat' dir='ltr'><strong>in</strong></span> <span class='ocrx_word' id='word_1_485' title='bbox 2831 1237 3051 1291; x_wconf 85' lang='lat' dir='ltr'><strong>persona</strong></span> <span class='ocrx_word' id='word_1_486' title='bbox 3077 1221 3292 1287; x_wconf 72' lang='lat' dir='ltr'><strong>Christi,</strong></span> <span class='ocrx_word' id='word_1_487' title='bbox 3311 1232 3365 1276; x_wconf 88' lang='lat' dir='ltr'><strong>ut</strong></span> <span class='ocrx_word' id='word_1_488' title='bbox 3394 1239 3491 1278; x_wconf 86' lang='lat' dir='ltr'><strong>non</strong></span> <span class='ocrx_word' id='word_1_489' title='bbox 3515 1223 3775 1294; x_wconf 66' lang='lat' dir='ltr'><strong>possideatur</strong></span> 
     </span>
    </p>
   </div>
   <div class='ocr_carea' id='block_1_58' title="bbox 2248 1314 3772 1386">
    <p class='ocr_par' dir='ltr' id='par_1_58' title="bbox 2248 1314 3772 1386">
     <span class='ocr_line' id='line_1_58' title="bbox 2248 1314 3772 1386; baseline -0.001 -13"><span class='ocrx_word' id='word_1_490' title='bbox 2248 1327 2491 1373; x_wconf 83' lang='lat' dir='ltr'><strong>asatana</strong></span> <span class='ocrx_word' id='word_1_491' title='bbox 2539 1314 2701 1386; x_wconf 85' lang='lat' dir='ltr'><strong>(Ibid.</strong></span> <span class='ocrx_word' id='word_1_492' title='bbox 2751 1315 2864 1386; x_wconf 85' lang='grc'><strong>10).</strong></span> <span class='ocrx_word' id='word_1_493' title='bbox 2909 1315 3070 1370; x_wconf 83' lang='lat' dir='ltr'><strong>Vides</strong></span> <span class='ocrx_word' id='word_1_494' title='bbox 3117 1317 3363 1386; x_wconf 86' lang='lat' dir='ltr'><strong>Apostoli</strong></span> <span class='ocrx_word' id='word_1_495' title='bbox 3403 1316 3772 1386; x_wconf 71' lang='lat' dir='ltr'><strong>indulgentiam,</strong></span> 
     </span>
    </p>
   </div>
   <div class='ocr_carea' id='block_1_59' title="bbox 2250 1407 3776 1480">
    <p class='ocr_par' dir='ltr' id='par_1_59' title="bbox 2250 1407 3776 1480">
     <span class='ocr_line' id='line_1_59' title="bbox 2250 1407 3776 1480; baseline -0.001 -16"><span class='ocrx_word' id='word_1_496' title='bbox 2250 1410 2501 1480; x_wconf 88' lang='lat' dir='ltr'><strong>pr0prias</strong></span> <span class='ocrx_word' id='word_1_497' title='bbox 2536 1407 2700 1464; x_wconf 86' lang='lat' dir='ltr'><strong>etiam</strong></span> <span class='ocrx_word' id='word_1_498' title='bbox 2731 1411 3043 1475; x_wconf 79' lang='lat' dir='ltr'><strong>sententias</strong></span> <span class='ocrx_word' id='word_1_499' title='bbox 3081 1409 3508 1479; x_wconf 83' lang='lat' dir='ltr'><strong>temperantem?</strong></span> <span class='ocrx_word' id='word_1_500' title='bbox 3535 1407 3674 1474; x_wconf 84' lang='lat' dir='ltr'><strong>Vides</strong></span> <span class='ocrx_word' id='word_1_501' title='bbox 3704 1407 3776 1463; x_wconf 88' lang='lat' dir='ltr'><strong>mi-</strong></span> 
     </span>
    </p>
   </div>
   <div class='ocr_carea' id='block_1_60' title="bbox 2252 1505 3779 1577">
    <p class='ocr_par' dir='ltr' id='par_1_60' title="bbox 2252 1505 3779 1577">
     <span class='ocr_line' id='line_1_60' title="bbox 2252 1505 3779 1577; baseline 0.001 -17"><span class='ocrx_word' id='word_1_502' title='bbox 2252 1507 2516 1562; x_wconf 90' lang='lat' dir='ltr'><strong>tissimam</strong></span> <span class='ocrx_word' id='word_1_503' title='bbox 2551 1505 2830 1561; x_wconf 86' lang='lat' dir='ltr'><strong>lenitatem</strong></span> <span class='ocrx_word' id='word_1_504' title='bbox 2861 1506 3018 1576; x_wconf 81' lang='lat' dir='ltr'><strong>longe</strong></span> <span class='ocrx_word' id='word_1_505' title='bbox 3047 1522 3074 1558; x_wconf 86' lang='lat' dir='ltr'><strong>a</strong></span> <span class='ocrx_word' id='word_1_506' title='bbox 3098 1516 3284 1562; x_wconf 83' lang='lat' dir='ltr'><strong>vestro</strong></span> <span class='ocrx_word' id='word_1_507' title='bbox 3314 1505 3590 1577; x_wconf 87' lang='lat' dir='ltr'><strong>supercilio</strong></span> <span class='ocrx_word' id='word_1_508' title='bbox 3608 1521 3779 1576; x_wconf 81' lang='lat' dir='ltr'><strong>separa-</strong></span> 
     </span>
    </p>
   </div>
   <div class='ocr_carea' id='block_1_61' title="bbox 2251 1597 3780 1670">
    <p class='ocr_par' dir='ltr' id='par_1_61' title="bbox 2251 1597 3780 1670">
     <span class='ocr_line' id='line_1_61' title="bbox 2251 1597 3780 1670; baseline 0.001 -17"><span class='ocrx_word' id='word_1_509' title='bbox 2251 1600 2402 1654; x_wconf 87' lang='lat' dir='ltr'><strong>tam?</strong></span> <span class='ocrx_word' id='word_1_510' title='bbox 2430 1599 2592 1670; x_wconf 87' lang='lat' dir='ltr'><strong>longe</strong></span> <span class='ocrx_word' id='word_1_511' title='bbox 2613 1613 2640 1650; x_wconf 87' lang='lat' dir='ltr'><strong>a</strong></span> <span class='ocrx_word' id='word_1_512' title='bbox 2667 1597 2954 1653; x_wconf 84' lang='lat' dir='ltr'><strong>Novatiani</strong></span> <span class='ocrx_word' id='word_1_513' title='bbox 2991 1597 3171 1654; x_wconf 82' lang='lat' dir='ltr'><strong>fronte</strong></span> <span class='ocrx_word' id='word_1_514' title='bbox 3195 1599 3534 1664; x_wconf 77' lang='lat' dir='ltr'><strong>diSsimilem,</strong></span> <span class='ocrx_word' id='word_1_515' title='bbox 3562 1599 3780 1655; x_wconf 83' lang='lat' dir='ltr'><strong>communi</strong></span> 
     </span>
    </p>
   </div>
   <div class='ocr_carea' id='block_1_62' title="bbox 2253 1694 3533 1750">
    <p class='ocr_par' dir='ltr' id='par_1_62' title="bbox 2253 1694 3533 1750">
     <span class='ocr_line' id='line_1_62' title="bbox 2253 1694 3533 1750; baseline -0.002 -1"><span class='ocrx_word' id='word_1_516' title='bbox 2253 1709 2381 1750; x_wconf 82' lang='lat' dir='ltr'><strong>vero</strong></span> <span class='ocrx_word' id='word_1_517' title='bbox 2407 1695 2532 1749; x_wconf 84' lang='lat' dir='ltr'><strong>vitae</strong></span> <span class='ocrx_word' id='word_1_518' title='bbox 2561 1709 2622 1748; x_wconf 87' lang='lat' dir='ltr'><strong>ac</strong></span> <span class='ocrx_word' id='word_1_519' title='bbox 2653 1694 2816 1748; x_wconf 84' lang='lat' dir='ltr'><strong>saluti</strong></span> <span class='ocrx_word' id='word_1_520' title='bbox 2848 1695 3095 1749; x_wconf 90' lang='lat' dir='ltr'><strong>omnium</strong></span> <span class='ocrx_word' id='word_1_521' title='bbox 3125 1694 3533 1749; x_wconf 81' lang='lat' dir='ltr'><strong>consulentem?</strong></span> 
     </span>
    </p>
   </div>
   <div class='ocr_carea' id='block_1_63' title="bbox 2327 1784 3783 1848">
    <p class='ocr_par' dir='ltr' id='par_1_63' title="bbox 2327 1784 3783 1848">
     <span class='ocr_line' id='line_1_63' title="bbox 2327 1784 3783 1848; baseline -0.001 -6"><span class='ocrx_word' id='word_1_522' title='bbox 2327 1785 2466 1843; x_wconf 79' lang='lat' dir='ltr'><strong>XIX.</strong></span> <span class='ocrx_word' id='word_1_523' title='bbox 2500 1789 2564 1843; x_wconf 83' lang='lat' dir='ltr'><strong>At</strong></span> <span class='ocrx_word' id='word_1_524' title='bbox 2603 1787 2768 1848; x_wconf 83' lang='lat' dir='ltr'><strong>etiam</strong></span> <span class='ocrx_word' id='word_1_525' title='bbox 2808 1787 2864 1842; x_wconf 92' lang='lat' dir='ltr'><strong>in</strong></span> <span class='ocrx_word' id='word_1_526' title='bbox 2904 1801 3005 1842; x_wconf 87' lang='lat' dir='ltr'><strong>nos</strong></span> <span class='ocrx_word' id='word_1_527' title='bbox 3047 1802 3276 1843; x_wconf 78' lang='lat' dir='ltr'><strong>severus</strong></span> <span class='ocrx_word' id='word_1_528' title='bbox 3317 1802 3510 1842; x_wconf 84' lang='lat' dir='ltr'><strong>censor</strong></span> <span class='ocrx_word' id='word_1_529' title='bbox 3545 1784 3783 1842; x_wconf 75' lang='lat' dir='ltr'><strong>inveharis.</strong></span> 
     </span>
    </p>
   </div>
   <div class='ocr_carea' id='block_1_64' title="bbox 2181 1881 3784 1952">
    <p class='ocr_par' dir='ltr' id='par_1_64' title="bbox 2181 1881 3784 1952">
     <span class='ocr_line' id='line_1_64' title="bbox 2181 1881 3784 1952; baseline -0.001 -16"><span class='ocrx_word' id='word_1_530' title='bbox 2181 1884 2226 1944; x_wconf 88' lang='lat' dir='ltr'><strong>B</strong></span> <span class='ocrx_word' id='word_1_531' title='bbox 2258 1882 2505 1949; x_wconf 75' lang='lat' dir='ltr'><strong>Dicis,ex</strong></span> <span class='ocrx_word' id='word_1_532' title='bbox 2538 1881 2656 1952; x_wconf 88' lang='lat' dir='ltr'><strong>lege</strong></span> <span class='ocrx_word' id='word_1_533' title='bbox 2683 1882 2891 1937; x_wconf 78' lang='lat' dir='ltr'><strong>ccelesti</strong></span> <span class='ocrx_word' id='word_1_534' title='bbox 2916 1898 3081 1936; x_wconf 90' lang='lat' dir='ltr'><strong>unum</strong></span> <span class='ocrx_word' id='word_1_535' title='bbox 3111 1897 3176 1937; x_wconf 88' lang='lat' dir='ltr'><strong>ex</strong></span> <span class='ocrx_word' id='word_1_536' title='bbox 3207 1883 3476 1936; x_wconf 88' lang='lat' dir='ltr'><strong>mandatis</strong></span> <span class='ocrx_word' id='word_1_537' title='bbox 3505 1881 3687 1936; x_wconf 82' lang='lat' dir='ltr'><strong>solvere</strong></span> <span class='ocrx_word' id='word_1_538' title='bbox 3703 1893 3784 1935; x_wconf 83' lang='lat' dir='ltr'><strong>non</strong></span> 
     </span>
    </p>
   </div>
   <div class='ocr_carea' id='block_1_65' title="bbox 2257 1973 3788 2048">
    <p class='ocr_par' dir='ltr' id='par_1_65' title="bbox 2257 1973 3788 2048">
     <span class='ocr_line' id='line_1_65' title="bbox 2257 1973 3788 2048; baseline -0.001 -18"><span class='ocrx_word' id='word_1_539' title='bbox 2257 1977 2444 2042; x_wconf 75' lang='lat' dir='ltr'><strong>licere,</strong></span> <span class='ocrx_word' id='word_1_540' title='bbox 2473 1991 2572 2032; x_wconf 91' lang='lat' dir='ltr'><strong>nec</strong></span> <span class='ocrx_word' id='word_1_541' title='bbox 2599 1975 3009 2032; x_wconf 86' lang='lat' dir='ltr'><strong>communicare</strong></span> <span class='ocrx_word' id='word_1_542' title='bbox 3031 1976 3174 2048; x_wconf 83' lang='lat' dir='ltr'><strong>lupis</strong></span> <span class='ocrx_word' id='word_1_543' title='bbox 3201 1992 3395 2047; x_wconf 82' lang='lat' dir='ltr'><strong>agnos,</strong></span> <span class='ocrx_word' id='word_1_544' title='bbox 3425 1983 3476 2030; x_wconf 88' lang='lat' dir='ltr'><strong>et</strong></span> <span class='ocrx_word' id='word_1_545' title='bbox 3501 1975 3627 2046; x_wconf 89' lang='lat' dir='ltr'><strong>quod</strong></span> <span class='ocrx_word' id='word_1_546' title='bbox 3654 1973 3788 2029; x_wconf 79' lang='lat' dir='ltr'><strong>omnis</strong></span> 
     </span>
    </p>
   </div>
   <div class='ocr_carea' id='block_1_66' title="bbox 2255 2065 3787 2140">
    <p class='ocr_par' dir='ltr' id='par_1_66' title="bbox 2255 2065 3787 2140">
     <span class='ocr_line' id='line_1_66' title="bbox 2255 2065 3787 2140; baseline -0.003 -18"><span class='ocrx_word' id='word_1_547' title='bbox 2255 2082 2559 2122; x_wconf 87' lang='lat' dir='ltr'><strong>consensus</strong></span> <span class='ocrx_word' id='word_1_548' title='bbox 2588 2069 2638 2122; x_wconf 90' lang='lat' dir='ltr'><strong>in</strong></span> <span class='ocrx_word' id='word_1_549' title='bbox 2671 2068 2903 2123; x_wconf 85' lang='lat' dir='ltr'><strong>crimine</strong></span> <span class='ocrx_word' id='word_1_550' title='bbox 2934 2068 3038 2135; x_wconf 87' lang='lat' dir='ltr'><strong>sit;</strong></span> <span class='ocrx_word' id='word_1_551' title='bbox 3064 2079 3118 2124; x_wconf 88' lang='lat' dir='ltr'><strong>et</strong></span> <span class='ocrx_word' id='word_1_552' title='bbox 3140 2068 3266 2124; x_wconf 86' lang='lat' dir='ltr'><strong>ideo</strong></span> <span class='ocrx_word' id='word_1_553' title='bbox 3295 2067 3389 2140; x_wconf 88' lang='lat' dir='ltr'><strong>qui</strong></span> <span class='ocrx_word' id='word_1_554' title='bbox 3417 2067 3571 2138; x_wconf 86' lang='lat' dir='ltr'><strong>picem</strong></span> <span class='ocrx_word' id='word_1_555' title='bbox 3587 2065 3787 2135; x_wconf 81' lang='lat' dir='ltr'><strong>tetigerit,</strong></span> 
     </span>
    </p>
   </div>
   <div class='ocr_carea' id='block_1_67' title="bbox 2255 2157 3789 2233">
    <p class='ocr_par' dir='ltr' id='par_1_67' title="bbox 2255 2157 3789 2233">
     <span class='ocr_line' id='line_1_67' title="bbox 2255 2157 3789 2233; baseline -0.001 -21"><span class='ocrx_word' id='word_1_556' title='bbox 2255 2161 2554 2232; x_wconf 81' lang='lat' dir='ltr'><strong>inquinetur</strong></span> <span class='ocrx_word' id='word_1_557' title='bbox 2575 2160 2767 2228; x_wconf 85' lang='lat' dir='ltr'><strong>(Eccli.</strong></span> <span class='ocrx_word' id='word_1_558' title='bbox 2796 2176 2919 2227; x_wconf 80' lang='lat' dir='ltr'><strong>xui,</strong></span> <span class='ocrx_word' id='word_1_559' title='bbox 2951 2163 3006 2233; x_wconf 93' lang='grc'><strong>1)</strong></span> <span class='ocrx_word' id='word_1_560' title='bbox 3026 2179 3045 2228; x_wconf 89' lang='grc'><strong><em>;</em></strong></span> <span class='ocrx_word' id='word_1_561' title='bbox 3069 2176 3161 2215; x_wconf 86' lang='lat' dir='ltr'><strong>nec</strong></span> <span class='ocrx_word' id='word_1_562' title='bbox 3183 2162 3248 2214; x_wconf 87' lang='lat' dir='ltr'><strong>sit</strong></span> <span class='ocrx_word' id='word_1_563' title='bbox 3273 2161 3390 2214; x_wconf 89' lang='lat' dir='ltr'><strong>ulla</strong></span> <span class='ocrx_word' id='word_1_564' title='bbox 3409 2161 3610 2214; x_wconf 84' lang='lat' dir='ltr'><strong>societas</strong></span> <span class='ocrx_word' id='word_1_565' title='bbox 3636 2157 3720 2211; x_wconf 80' lang='lat' dir='ltr'><strong>luci</strong></span> <span class='ocrx_word' id='word_1_566' title='bbox 3740 2157 3789 2211; x_wconf 81' lang='lat' dir='ltr'><strong>till</strong></span> 
     </span>
    </p>
   </div>
   <div class='ocr_carea' id='block_1_68' title="bbox 2257 2250 3789 2323">
    <p class='ocr_par' dir='ltr' id='par_1_68' title="bbox 2257 2250 3789 2323">
     <span class='ocr_line' id='line_1_68' title="bbox 2257 2250 3789 2323; baseline 0 -17"><span class='ocrx_word' id='word_1_567' title='bbox 2257 2254 2490 2307; x_wconf 72' lang='lat' dir='ltr'><strong>tenebras</strong></span> <span class='ocrx_word' id='word_1_568' title='bbox 2519 2294 2533 2319; x_wconf 90' lang='lat'><strong>,</strong></span> <span class='ocrx_word' id='word_1_569' title='bbox 2583 2263 2672 2306; x_wconf 89' lang='lat' dir='ltr'><strong>aut</strong></span> <span class='ocrx_word' id='word_1_570' title='bbox 2701 2253 2894 2323; x_wconf 85' lang='lat' dir='ltr'><strong>templo</strong></span> <span class='ocrx_word' id='word_1_571' title='bbox 2929 2253 3022 2308; x_wconf 88' lang='lat' dir='ltr'><strong>Dei</strong></span> <span class='ocrx_word' id='word_1_572' title='bbox 3053 2271 3168 2308; x_wconf 85' lang='lat' dir='ltr'><strong>cum</strong></span> <span class='ocrx_word' id='word_1_573' title='bbox 3215 2254 3376 2308; x_wconf 76' lang='lat' dir='ltr'><strong>idolis</strong></span> <span class='ocrx_word' id='word_1_574' title='bbox 3405 2295 3420 2318; x_wconf 87' lang='lat'><strong>,</strong></span> <span class='ocrx_word' id='word_1_575' title='bbox 3462 2263 3546 2306; x_wconf 84' lang='lat' dir='ltr'><strong>aut</strong></span> <span class='ocrx_word' id='word_1_576' title='bbox 3584 2250 3789 2306; x_wconf 67' lang='lat' dir='ltr'><strong>canentia</strong></span> 
     </span>
    </p>
   </div>
   <div class='ocr_carea' id='block_1_69' title="bbox 2255 2340 3791 2416">
    <p class='ocr_par' dir='ltr' id='par_1_69' title="bbox 2255 2340 3791 2416">
     <span class='ocr_line' id='line_1_69' title="bbox 2255 2340 3791 2416; baseline -0.003 -16"><span class='ocrx_word' id='word_1_577' title='bbox 2255 2342 2451 2400; x_wconf 77' lang='lat' dir='ltr'><strong>Christi</strong></span> <span class='ocrx_word' id='word_1_578' title='bbox 2477 2345 2546 2398; x_wconf 81' lang='lat' dir='ltr'><strong>ad</strong></span> <span class='ocrx_word' id='word_1_579' title='bbox 2564 2343 2734 2399; x_wconf 84' lang='lat' dir='ltr'><strong>Belial</strong></span> <span class='ocrx_word' id='word_1_580' title='bbox 2762 2345 2831 2416; x_wconf 92' lang='lat' dir='ltr'><strong>(ll</strong></span> <span class='ocrx_word' id='word_1_581' title='bbox 2863 2346 2983 2400; x_wconf 82' lang='lat' dir='ltr'><strong>Cor.</strong></span> <span class='ocrx_word' id='word_1_582' title='bbox 3014 2363 3065 2402; x_wconf 69' lang='grc' dir='ltr'><strong>γι</strong></span> <span class='ocrx_word' id='word_1_583' title='bbox 3085 2389 3100 2413; x_wconf 89' lang='grc'><em>,</em></span> <span class='ocrx_word' id='word_1_584' title='bbox 3138 2345 3236 2411; x_wconf 64' lang='grc'><strong>14,</strong></span> <span class='ocrx_word' id='word_1_585' title='bbox 3275 2345 3391 2416; x_wconf 82' lang='grc'><strong>15).</strong></span> <span class='ocrx_word' id='word_1_586' title='bbox 3421 2344 3637 2414; x_wconf 81' lang='lat' dir='ltr'><strong>Ideoque</strong></span> <span class='ocrx_word' id='word_1_587' title='bbox 3662 2340 3791 2396; x_wconf 79' lang='lat' dir='ltr'><strong>David</strong></span> 
     </span>
    </p>
   </div>
   <div class='ocr_carea' id='block_1_70' title="bbox 2256 2432 3792 2504">
    <p class='ocr_par' dir='ltr' id='par_1_70' title="bbox 2256 2432 3792 2504">
     <span class='ocr_line' id='line_1_70' title="bbox 2256 2432 3792 2504; baseline -0.003 -14"><span class='ocrx_word' id='word_1_588' title='bbox 2256 2436 2421 2492; x_wconf 87' lang='lat' dir='ltr'><strong>dicit:</strong></span> <span class='ocrx_word' id='word_1_589' title='bbox 2457 2436 2647 2491; x_wconf 81' lang='lat' dir='ltr'><strong>Furem</strong></span> <span class='ocrx_word' id='word_1_590' title='bbox 2670 2438 2898 2499; x_wconf 70' lang='lat' dir='ltr'><strong>videbas,</strong></span> <span class='ocrx_word' id='word_1_591' title='bbox 2918 2447 2964 2490; x_wconf 86' lang='lat' dir='ltr'><strong>ct</strong></span> <span class='ocrx_word' id='word_1_592' title='bbox 2984 2436 3225 2491; x_wconf 85' lang='lat' dir='ltr'><strong>currebas</strong></span> <span class='ocrx_word' id='word_1_593' title='bbox 3253 2452 3374 2490; x_wconf 82' lang='lat' dir='ltr'><strong>cum</strong></span> <span class='ocrx_word' id='word_1_594' title='bbox 3397 2452 3473 2504; x_wconf 87' lang='lat' dir='ltr'><strong>eo,</strong></span> <span class='ocrx_word' id='word_1_595' title='bbox 3493 2443 3662 2490; x_wconf 78' lang='lat' dir='ltr'><strong>etcum</strong></span> <span class='ocrx_word' id='word_1_596' title='bbox 3677 2432 3792 2486; x_wconf 80' lang='lat' dir='ltr'><strong>adul-</strong></span> 
     </span>
    </p>
   </div>
   <div class='ocr_carea' id='block_1_71' title="bbox 2256 2525 3790 2602">
    <p class='ocr_par' dir='ltr' id='par_1_71' title="bbox 2256 2525 3790 2602">
     <span class='ocr_line' id='line_1_71' title="bbox 2256 2525 3790 2602; baseline -0.001 -19"><span class='ocrx_word' id='word_1_597' title='bbox 2256 2531 2377 2584; x_wconf 85' lang='lat' dir='ltr'><strong>teris</strong></span> <span class='ocrx_word' id='word_1_598' title='bbox 2418 2531 2704 2602; x_wconf 89' lang='lat' dir='ltr'><strong>portionem</strong></span> <span class='ocrx_word' id='word_1_599' title='bbox 2753 2542 2894 2584; x_wconf 88' lang='lat' dir='ltr'><strong>tuam</strong></span> <span class='ocrx_word' id='word_1_600' title='bbox 2932 2531 3156 2601; x_wconf 89' lang='lat' dir='ltr'><strong>ponebas</strong></span> <span class='ocrx_word' id='word_1_601' title='bbox 3194 2529 3374 2599; x_wconf 85' lang='lat' dir='ltr'><strong>(Psal.</strong></span> <span class='ocrx_word' id='word_1_602' title='bbox 3403 2546 3518 2586; x_wconf 66' lang='grc' dir='ltr'><strong>χιιι</strong></span> <span class='ocrx_word' id='word_1_603' title='bbox 3545 2571 3558 2594; x_wconf 89' lang='grc'><em>,</em></span> <span class='ocrx_word' id='word_1_604' title='bbox 3599 2525 3693 2599; x_wconf 88' lang='grc'><strong>18).</strong></span> <span class='ocrx_word' id='word_1_605' title='bbox 3724 2527 3790 2582; x_wconf 82' lang='lat' dir='ltr'><strong>Ais</strong></span> 
     </span>
    </p>
   </div>
   <div class='ocr_carea' id='block_1_72' title="bbox 2259 2622 3789 2695">
    <p class='ocr_par' dir='ltr' id='par_1_72' title="bbox 2259 2622 3789 2695">
     <span class='ocr_line' id='line_1_72' title="bbox 2259 2622 3789 2695; baseline -0.004 -18"><span class='ocrx_word' id='word_1_606' title='bbox 2259 2624 2474 2679; x_wconf 86' lang='lat' dir='ltr'><strong>tandem</strong></span> <span class='ocrx_word' id='word_1_607' title='bbox 2507 2665 2522 2691; x_wconf 93' lang='lat'><strong>,</strong></span> <span class='ocrx_word' id='word_1_608' title='bbox 2573 2626 2697 2695; x_wconf 88' lang='lat' dir='ltr'><strong>quia</strong></span> <span class='ocrx_word' id='word_1_609' title='bbox 2743 2639 2844 2679; x_wconf 84' lang='lat' dir='ltr'><strong>nos</strong></span> <span class='ocrx_word' id='word_1_610' title='bbox 2900 2625 3114 2679; x_wconf 87' lang='lat' dir='ltr'><strong>Domini</strong></span> <span class='ocrx_word' id='word_1_611' title='bbox 3165 2624 3421 2678; x_wconf 86' lang='lat' dir='ltr'><strong>mandata</strong></span> <span class='ocrx_word' id='word_1_612' title='bbox 3471 2622 3789 2679; x_wconf 84' lang='lat' dir='ltr'><strong>rescindimus.</strong></span> 
     </span>
    </p>
   </div>
   <div class='ocr_carea' id='block_1_73' title="bbox 2257 2714 3809 2788">
    <p class='ocr_par' dir='ltr' id='par_1_73' title="bbox 2257 2714 3809 2788">
     <span class='ocr_line' id='line_1_73' title="bbox 2257 2714 3809 2788; baseline -0.003 -15"><span class='ocrx_word' id='word_1_613' title='bbox 2257 2719 2366 2774; x_wconf 85' lang='lat' dir='ltr'><strong>Nos</strong></span> <span class='ocrx_word' id='word_1_614' title='bbox 2397 2727 2423 2756; x_wconf 74' lang='grc' dir='ltr'>ι</span> <span class='ocrx_word' id='word_1_615' title='bbox 2447 2760 2462 2784; x_wconf 91' lang='lat'><strong>,</strong></span> <span class='ocrx_word' id='word_1_616' title='bbox 2495 2734 2660 2774; x_wconf 89' lang='lat' dir='ltr'><strong>unum</strong></span> <span class='ocrx_word' id='word_1_617' title='bbox 2688 2719 2900 2788; x_wconf 87' lang='lat' dir='ltr'><strong>apicem</strong></span> <span class='ocrx_word' id='word_1_618' title='bbox 2947 2718 3109 2788; x_wconf 82' lang='lat' dir='ltr'><strong>Legis</strong></span> <span class='ocrx_word' id='word_1_619' title='bbox 3153 2717 3513 2783; x_wconf 84' lang='lat' dir='ltr'><strong>intiectimus;</strong></span> <span class='ocrx_word' id='word_1_620' title='bbox 3558 2732 3617 2770; x_wconf 88' lang='lat' dir='ltr'><strong>an</strong></span> <span class='ocrx_word' id='word_1_621' title='bbox 3650 2714 3809 2787; x_wconf 83' lang='lat' dir='ltr'><strong>potius.</strong></span> 
     </span>
    </p>
   </div>
   <div class='ocr_carea' id='block_1_74' title="bbox 2257 2808 3790 2880">
    <p class='ocr_par' dir='ltr' id='par_1_74' title="bbox 2257 2808 3790 2880">
     <span class='ocr_line' id='line_1_74' title="bbox 2257 2808 3790 2880; baseline -0.003 -16"><span class='ocrx_word' id='word_1_622' title='bbox 2257 2811 2540 2865; x_wconf 83' lang='lat' dir='ltr'><strong>Novatiani</strong></span> <span class='ocrx_word' id='word_1_623' title='bbox 2569 2852 2584 2878; x_wconf 90' lang='lat'><strong>,</strong></span> <span class='ocrx_word' id='word_1_624' title='bbox 2616 2811 2706 2880; x_wconf 90' lang='lat' dir='ltr'><strong>qui</strong></span> <span class='ocrx_word' id='word_1_625' title='bbox 2735 2821 2842 2864; x_wconf 78' lang='lat' dir='ltr'><strong>tota</strong></span> <span class='ocrx_word' id='word_1_626' title='bbox 2891 2810 3158 2866; x_wconf 70' lang='lat' dir='ltr'><strong>Ecclesiae</strong></span> <span class='ocrx_word' id='word_1_627' title='bbox 3182 2851 3198 2876; x_wconf 87' lang='lat'><strong>,</strong></span> <span class='ocrx_word' id='word_1_628' title='bbox 3232 2820 3346 2865; x_wconf 90' lang='lat' dir='ltr'><strong>tota</strong></span> <span class='ocrx_word' id='word_1_629' title='bbox 3393 2809 3672 2866; x_wconf 76' lang='lat' dir='ltr'><strong>concordia:</strong></span> <span class='ocrx_word' id='word_1_630' title='bbox 3698 2808 3790 2874; x_wconf 85' lang='lat' dir='ltr'><strong>jura</strong></span> 
     </span>
    </p>
   </div>
   <div class='ocr_carea' id='block_1_75' title="bbox 2255 2903 3794 2974">
    <p class='ocr_par' dir='ltr' id='par_1_75' title="bbox 2255 2903 3794 2974">
     <span class='ocr_line' id='line_1_75' title="bbox 2255 2903 3794 2974; baseline -0.003 -16"><span class='ocrx_word' id='word_1_631' title='bbox 2255 2905 2546 2969; x_wconf 76' lang='lat' dir='ltr'><strong>violarunt,</strong></span> <span class='ocrx_word' id='word_1_632' title='bbox 2575 2907 2668 2974; x_wconf 85' lang='lat' dir='ltr'><strong>qui</strong></span> <span class='ocrx_word' id='word_1_633' title='bbox 2697 2916 2820 2973; x_wconf 87' lang='lat' dir='ltr'><strong>post</strong></span> <span class='ocrx_word' id='word_1_634' title='bbox 2849 2913 2928 2959; x_wconf 89' lang='lat' dir='ltr'><strong>tot</strong></span> <span class='ocrx_word' id='word_1_635' title='bbox 2961 2906 3108 2974; x_wconf 82' lang='lat' dir='ltr'><strong>pacis</strong></span> <span class='ocrx_word' id='word_1_636' title='bbox 3140 2920 3340 2968; x_wconf 89' lang='lat' dir='ltr'><strong>annos,</strong></span> <span class='ocrx_word' id='word_1_637' title='bbox 3373 2915 3453 2959; x_wconf 90' lang='lat' dir='ltr'><strong>tot</strong></span> <span class='ocrx_word' id='word_1_638' title='bbox 3473 2903 3657 2960; x_wconf 72' lang='lat' dir='ltr'><strong>lmdcra</strong></span> <span class='ocrx_word' id='word_1_639' title='bbox 3675 2915 3794 2956; x_wconf 77' lang='lat' dir='ltr'><strong>sanc-</strong></span> 
     </span>
    </p>
   </div>
   <div class='ocr_carea' id='block_1_76' title="bbox 2257 2997 3793 3070">
    <p class='ocr_par' dir='ltr' id='par_1_76' title="bbox 2257 2997 3793 3070">
     <span class='ocr_line' id='line_1_76' title="bbox 2257 2997 3793 3070; baseline -0.003 -15"><span class='ocrx_word' id='word_1_640' title='bbox 2257 2999 2456 3065; x_wconf 83' lang='lat' dir='ltr'><strong>titatis,</strong></span> <span class='ocrx_word' id='word_1_641' title='bbox 2484 3013 2651 3054; x_wconf 84' lang='lat' dir='ltr'><strong>novas</strong></span> <span class='ocrx_word' id='word_1_642' title='bbox 2680 2999 2783 3054; x_wconf 83' lang='lat' dir='ltr'><strong>sibi</strong></span> <span class='ocrx_word' id='word_1_643' title='bbox 2814 2998 2962 3070; x_wconf 75' lang='lat' dir='ltr'><strong>leges</strong></span> <span class='ocrx_word' id='word_1_644' title='bbox 2987 3041 3000 3065; x_wconf 93' lang='lat'><strong>,</strong></span> <span class='ocrx_word' id='word_1_645' title='bbox 3043 3017 3178 3054; x_wconf 83' lang='lat' dir='ltr'><strong>nova</strong></span> <span class='ocrx_word' id='word_1_646' title='bbox 3210 3000 3480 3060; x_wconf 85' lang='lat' dir='ltr'><strong>instituta,</strong></span> <span class='ocrx_word' id='word_1_647' title='bbox 3515 3012 3664 3052; x_wconf 83' lang='lat' dir='ltr'><strong>novos</strong></span> <span class='ocrx_word' id='word_1_648' title='bbox 3688 2997 3793 3050; x_wconf 82' lang='lat' dir='ltr'><strong>ritus</strong></span> 
     </span>
    </p>
   </div>
   <div class='ocr_carea' id='block_1_77' title="bbox 2257 3087 3792 3163">
    <p class='ocr_par' dir='ltr' id='par_1_77' title="bbox 2257 3087 3792 3163">
     <span class='ocr_line' id='line_1_77' title="bbox 2257 3087 3792 3163; baseline -0.005 -16"><span class='ocrx_word' id='word_1_649' title='bbox 2257 3100 2586 3163; x_wconf 87' lang='lat' dir='ltr'><strong>pepererunt</strong></span> <span class='ocrx_word' id='word_1_650' title='bbox 2630 3130 2645 3155; x_wconf 89' lang='lat'><strong>,</strong></span> <span class='ocrx_word' id='word_1_651' title='bbox 2706 3106 2961 3145; x_wconf 87' lang='lat' dir='ltr'><strong>arcanum</strong></span> <span class='ocrx_word' id='word_1_652' title='bbox 3021 3093 3253 3161; x_wconf 76' lang='lat' dir='ltr'><strong>justitize</strong></span> <span class='ocrx_word' id='word_1_653' title='bbox 3299 3089 3614 3146; x_wconf 79' lang='lat' dir='ltr'><strong>inexorabili</strong></span> <span class='ocrx_word' id='word_1_654' title='bbox 3655 3087 3792 3141; x_wconf 78' lang='lat' dir='ltr'><strong>fronte</strong></span> 
     </span>
    </p>
   </div>
   <div class='ocr_carea' id='block_1_78' title="bbox 2256 3179 3792 3257">
    <p class='ocr_par' dir='ltr' id='par_1_78' title="bbox 2256 3179 3792 3257">
     <span class='ocr_line' id='line_1_78' title="bbox 2256 3179 3792 3257; baseline -0.002 -16"><span class='ocrx_word' id='word_1_655' title='bbox 2256 3185 2622 3242; x_wconf 78' lang='lat' dir='ltr'><strong>simulantes?</strong></span> <span class='ocrx_word' id='word_1_656' title='bbox 2651 3183 2762 3240; x_wconf 79' lang='lat' dir='ltr'><strong>Nos</strong></span> <span class='ocrx_word' id='word_1_657' title='bbox 2792 3187 2843 3240; x_wconf 90' lang='lat' dir='ltr'><strong>in</strong></span> <span class='ocrx_word' id='word_1_658' title='bbox 2879 3185 3182 3242; x_wconf 83' lang='lat' dir='ltr'><strong>Ecclesiatn</strong></span> <span class='ocrx_word' id='word_1_659' title='bbox 3217 3188 3380 3257; x_wconf 88' lang='lat' dir='ltr'><strong>lupos</strong></span> <span class='ocrx_word' id='word_1_660' title='bbox 3409 3187 3702 3255; x_wconf 77' lang='lat' dir='ltr'><strong>recepimus,</strong></span> <span class='ocrx_word' id='word_1_661' title='bbox 3725 3179 3792 3250; x_wconf 84' lang='lat' dir='ltr'><strong>qui</strong></span> 
     </span>
    </p>
   </div>
   <div class='ocr_carea' id='block_1_79' title="bbox 2180 3269 3792 3354">
    <p class='ocr_par' dir='ltr' id='par_1_79' title="bbox 2180 3269 3792 3354">
     <span class='ocr_line' id='line_1_79' title="bbox 2180 3269 3792 3354; baseline -0.005 -18"><span class='ocrx_word' id='word_1_662' title='bbox 2180 3269 2224 3330; x_wconf 84' lang='lat' dir='ltr'><strong>C</strong></span> <span class='ocrx_word' id='word_1_663' title='bbox 2261 3282 2641 3336; x_wconf 68' lang='lat' dir='ltr'><strong>haereticorum</strong></span> <span class='ocrx_word' id='word_1_664' title='bbox 2673 3295 2764 3335; x_wconf 90' lang='lat' dir='ltr'><strong>ora</strong></span> <span class='ocrx_word' id='word_1_665' title='bbox 2790 3282 3060 3345; x_wconf 78' lang='lat' dir='ltr'><strong>vitamus;</strong></span> <span class='ocrx_word' id='word_1_666' title='bbox 3091 3297 3160 3337; x_wconf 90' lang='lat' dir='ltr'><strong>an</strong></span> <span class='ocrx_word' id='word_1_667' title='bbox 3192 3279 3668 3354; x_wconf 47' lang='lat' dir='ltr'><strong>potiusﬁovatiani</strong></span> <span class='ocrx_word' id='word_1_668' title='bbox 3688 3317 3701 3342; x_wconf 95' lang='lat'><strong>,</strong></span> <span class='ocrx_word' id='word_1_669' title='bbox 3723 3273 3792 3345; x_wconf 85' lang='lat' dir='ltr'><strong>qui</strong></span> 
     </span>
    </p>
   </div>
   <div class='ocr_carea' id='block_1_80' title="bbox 2259 3370 3790 3443">
    <p class='ocr_par' dir='ltr' id='par_1_80' title="bbox 2259 3370 3790 3443">
     <span class='ocr_line' id='line_1_80' title="bbox 2259 3370 3790 3443; baseline -0.005 -15"><span class='ocrx_word' id='word_1_670' title='bbox 2259 3388 2380 3428; x_wconf 88' lang='lat' dir='ltr'><strong>cum</strong></span> <span class='ocrx_word' id='word_1_671' title='bbox 2415 3372 2514 3442; x_wconf 78' lang='lat' dir='ltr'><strong>ipsi</strong></span> <span class='ocrx_word' id='word_1_672' title='bbox 2546 3373 2656 3427; x_wconf 87' lang='lat' dir='ltr'><strong>sint</strong></span> <span class='ocrx_word' id='word_1_673' title='bbox 2687 3387 2914 3442; x_wconf 81' lang='lat' dir='ltr'><strong>rapaces</strong></span> <span class='ocrx_word' id='word_1_674' title='bbox 2943 3373 3052 3443; x_wconf 87' lang='lat' dir='ltr'><strong>lupi</strong></span> <span class='ocrx_word' id='word_1_675' title='bbox 3081 3415 3097 3440; x_wconf 90' lang='lat'><strong>,</strong></span> <span class='ocrx_word' id='word_1_676' title='bbox 3134 3374 3296 3442; x_wconf 86' lang='lat' dir='ltr'><strong>paulo</strong></span> <span class='ocrx_word' id='word_1_677' title='bbox 3319 3373 3621 3430; x_wconf 87' lang='lat' dir='ltr'><strong>miseriores</strong></span> <span class='ocrx_word' id='word_1_678' title='bbox 3643 3370 3790 3422; x_wconf 77' lang='lat' dir='ltr'><strong>oricu-</strong></span> 
     </span>
    </p>
   </div>
   <div class='ocr_carea' id='block_1_81' title="bbox 2261 3463 3792 3533">
    <p class='ocr_par' dir='ltr' id='par_1_81' title="bbox 2261 3463 3792 3533">
     <span class='ocr_line' id='line_1_81' title="bbox 2261 3463 3792 3533; baseline -0.003 -13"><span class='ocrx_word' id='word_1_679' title='bbox 2261 3468 2340 3522; x_wconf 89' lang='lat' dir='ltr'><strong>las</strong></span> <span class='ocrx_word' id='word_1_680' title='bbox 2371 3465 2772 3521; x_wconf 80' lang='lat' dir='ltr'><strong>reformidant?</strong></span> <span class='ocrx_word' id='word_1_681' title='bbox 2795 3465 2902 3520; x_wconf 78' lang='lat' dir='ltr'><strong>Nos</strong></span> <span class='ocrx_word' id='word_1_682' title='bbox 2931 3469 3310 3524; x_wconf 83' lang='lat' dir='ltr'><strong>consentimus</strong></span> <span class='ocrx_word' id='word_1_683' title='bbox 3343 3468 3516 3531; x_wconf 73' lang='lat' dir='ltr'><strong>“talis,</strong></span> <span class='ocrx_word' id='word_1_684' title='bbox 3537 3481 3632 3520; x_wconf 85' lang='lat' dir='ltr'><strong>nos</strong></span> <span class='ocrx_word' id='word_1_685' title='bbox 3657 3463 3792 3533; x_wconf 79' lang='lat' dir='ltr'><strong>picem</strong></span> 
     </span>
    </p>
   </div>
   <div class='ocr_carea' id='block_1_82' title="bbox 2260 3559 3796 3630">
    <p class='ocr_par' dir='ltr' id='par_1_82' title="bbox 2260 3559 3796 3630">
     <span class='ocr_line' id='line_1_82' title="bbox 2260 3559 3796 3630; baseline -0.002 -17"><span class='ocrx_word' id='word_1_686' title='bbox 2260 3560 2534 3629; x_wconf 84' lang='lat' dir='ltr'><strong>tangimus</strong></span> <span class='ocrx_word' id='word_1_687' title='bbox 2560 3601 2574 3624; x_wconf 93' lang='lat'><strong>,</strong></span> <span class='ocrx_word' id='word_1_688' title='bbox 2629 3573 2729 3613; x_wconf 92' lang='lat' dir='ltr'><strong>nos</strong></span> <span class='ocrx_word' id='word_1_689' title='bbox 2772 3559 3012 3614; x_wconf 87' lang='lat' dir='ltr'><strong>tenebris</strong></span> <span class='ocrx_word' id='word_1_690' title='bbox 3057 3562 3406 3616; x_wconf 67' lang='lat' dir='ltr'><strong>cohaeremus</strong></span> <span class='ocrx_word' id='word_1_691' title='bbox 3433 3605 3447 3630; x_wconf 96' lang='lat'><strong>,</strong></span> <span class='ocrx_word' id='word_1_692' title='bbox 3481 3575 3573 3617; x_wconf 85' lang='lat' dir='ltr'><strong>nos</strong></span> <span class='ocrx_word' id='word_1_693' title='bbox 3611 3559 3728 3614; x_wconf 84' lang='lat' dir='ltr'><strong>idolo</strong></span> <span class='ocrx_word' id='word_1_694' title='bbox 3755 3565 3796 3610; x_wconf 85' lang='lat' dir='ltr'><strong>et</strong></span> 
     </span>
    </p>
   </div>
   <div class='ocr_carea' id='block_1_83' title="bbox 2257 3652 3792 3726">
    <p class='ocr_par' dir='ltr' id='par_1_83' title="bbox 2257 3652 3792 3726">
     <span class='ocr_line' id='line_1_83' title="bbox 2257 3652 3792 3726; baseline -0.001 -20"><span class='ocrx_word' id='word_1_695' title='bbox 2257 3652 2424 3708; x_wconf 89' lang='lat' dir='ltr'><strong>Belial</strong></span> <span class='ocrx_word' id='word_1_696' title='bbox 2467 3653 2783 3723; x_wconf 82' lang='lat' dir='ltr'><strong>jnnginiur;</strong></span> <span class='ocrx_word' id='word_1_697' title='bbox 2818 3668 2885 3707; x_wconf 88' lang='lat' dir='ltr'><strong>an</strong></span> <span class='ocrx_word' id='word_1_698' title='bbox 2918 3654 2995 3709; x_wconf 91' lang='lat' dir='ltr'><strong>illi</strong></span> <span class='ocrx_word' id='word_1_699' title='bbox 3032 3656 3121 3724; x_wconf 91' lang='lat' dir='ltr'><strong>qui</strong></span> <span class='ocrx_word' id='word_1_700' title='bbox 3157 3654 3467 3712; x_wconf 78' lang='lat' dir='ltr'><strong>Evaristum</strong></span> <span class='ocrx_word' id='word_1_701' title='bbox 3493 3698 3508 3724; x_wconf 85' lang='lat'><strong>,</strong></span> <span class='ocrx_word' id='word_1_702' title='bbox 3538 3655 3623 3726; x_wconf 89' lang='lat' dir='ltr'><strong>qui</strong></span> <span class='ocrx_word' id='word_1_703' title='bbox 3668 3652 3792 3708; x_wconf 51' lang='lat' dir='ltr'><strong>Nico.</strong></span> 
     </span>
    </p>
   </div>
   <div class='ocr_carea' id='block_1_84' title="bbox 2255 3749 3794 3820">
    <p class='ocr_par' dir='ltr' id='par_1_84' title="bbox 2255 3749 3794 3820">
     <span class='ocr_line' id='line_1_84' title="bbox 2255 3749 3794 3820; baseline 0.001 -20"><span class='ocrx_word' id='word_1_704' title='bbox 2255 3757 2486 3801; x_wconf 87' lang='lat' dir='ltr'><strong>stratum</strong></span> <span class='ocrx_word' id='word_1_705' title='bbox 2507 3759 3193 3820; x_wconf 82' lang='lat' dir='ltr'><strong>receperunt,caeterosque</strong></span> <span class='ocrx_word' id='word_1_706' title='bbox 3221 3752 3290 3804; x_wconf 79' lang='lat' dir='ltr'><strong>ab</strong></span> <span class='ocrx_word' id='word_1_707' title='bbox 3319 3750 3560 3806; x_wconf 79' lang='lat' dir='ltr'><strong>Ecclesia</strong></span> <span class='ocrx_word' id='word_1_708' title='bbox 3587 3749 3794 3806; x_wconf 82' lang='lat' dir='ltr'><strong>receden-</strong></span> 
     </span>
    </p>
   </div>
   <div class='ocr_carea' id='block_1_85' title="bbox 2257 3839 3792 3913">
    <p class='ocr_par' dir='ltr' id='par_1_85' title="bbox 2257 3839 3792 3913">
     <span class='ocr_line' id='line_1_85' title="bbox 2257 3839 3792 3913; baseline 0.001 -21"><span class='ocrx_word' id='word_1_709' title='bbox 2257 3846 2340 3892; x_wconf 87' lang='lat' dir='ltr'><strong>tes</strong></span> <span class='ocrx_word' id='word_1_710' title='bbox 2368 3879 2382 3904; x_wconf 94' lang='lat'><strong>,</strong></span> <span class='ocrx_word' id='word_1_711' title='bbox 2416 3839 2596 3908; x_wconf 80' lang='lat' dir='ltr'><strong>lingua</strong></span> <span class='ocrx_word' id='word_1_712' title='bbox 2622 3882 2636 3905; x_wconf 95' lang='lat'><strong>,</strong></span> <span class='ocrx_word' id='word_1_713' title='bbox 2671 3855 2835 3894; x_wconf 90' lang='lat' dir='ltr'><strong>manu</strong></span> <span class='ocrx_word' id='word_1_714' title='bbox 2859 3884 2872 3908; x_wconf 92' lang='lat'><strong>,</strong></span> <span class='ocrx_word' id='word_1_715' title='bbox 2911 3841 3157 3896; x_wconf 90' lang='lat' dir='ltr'><strong>moribus</strong></span> <span class='ocrx_word' id='word_1_716' title='bbox 3199 3842 3550 3913; x_wconf 84' lang='lat' dir='ltr'><strong>inquinatos?</strong></span> <span class='ocrx_word' id='word_1_717' title='bbox 3583 3843 3677 3898; x_wconf 80' lang='lat' dir='ltr'><strong>Nos</strong></span> <span class='ocrx_word' id='word_1_718' title='bbox 3699 3853 3792 3895; x_wconf 84' lang='lat' dir='ltr'><strong>cum</strong></span> 
     </span>
    </p>
   </div>
   <div class='ocr_carea' id='block_1_86' title="bbox 2254 3929 3790 4008">
    <p class='ocr_par' dir='ltr' id='par_1_86' title="bbox 2254 3929 3790 4008">
     <span class='ocr_line' id='line_1_86' title="bbox 2254 3929 3790 4008; baseline 0.002 -26"><span class='ocrx_word' id='word_1_719' title='bbox 2254 3929 2520 3986; x_wconf 85' lang='lat' dir='ltr'><strong>adulteris</strong></span> <span class='ocrx_word' id='word_1_720' title='bbox 2539 3939 2593 3987; x_wconf 89' lang='lat' dir='ltr'><strong>et</strong></span> <span class='ocrx_word' id='word_1_721' title='bbox 2616 3929 2829 3986; x_wconf 79' lang='lat' dir='ltr'><strong>furibus</strong></span> <span class='ocrx_word' id='word_1_722' title='bbox 2845 3935 3197 3988; x_wconf 80' lang='lat' dir='ltr'><strong>convenimus</strong></span> <span class='ocrx_word' id='word_1_723' title='bbox 3219 3950 3234 4002; x_wconf 90' lang='lat'><strong>;</strong></span> <span class='ocrx_word' id='word_1_724' title='bbox 3253 3952 3320 3989; x_wconf 90' lang='lat' dir='ltr'><strong>an</strong></span> <span class='ocrx_word' id='word_1_725' title='bbox 3339 3935 3423 3992; x_wconf 88' lang='lat' dir='ltr'><strong>illi</strong></span> <span class='ocrx_word' id='word_1_726' title='bbox 3449 3937 3537 4008; x_wconf 90' lang='lat' dir='ltr'><strong>qui</strong></span> <span class='ocrx_word' id='word_1_727' title='bbox 3556 3936 3790 3998; x_wconf 77' lang='lat' dir='ltr'><strong>Novatum,</strong></span> 
     </span>
    </p>
   </div>
   <div class='ocr_carea' id='block_1_87' title="bbox 2255 4025 3791 4097">
    <p class='ocr_par' dir='ltr' id='par_1_87' title="bbox 2255 4025 3791 4097">
     <span class='ocr_line' id='line_1_87' title="bbox 2255 4025 3791 4097; baseline 0.001 -21"><span class='ocrx_word' id='word_1_728' title='bbox 2255 4025 2380 4078; x_wconf 74' lang='lat' dir='ltr'><strong>vita:</strong></span> <span class='ocrx_word' id='word_1_729' title='bbox 2420 4039 2535 4078; x_wconf 68' lang='lat' dir='ltr'><strong>sua:</strong></span> <span class='ocrx_word' id='word_1_730' title='bbox 2581 4034 2636 4079; x_wconf 92' lang='lat' dir='ltr'><strong>et</strong></span> <span class='ocrx_word' id='word_1_731' title='bbox 2676 4025 2841 4094; x_wconf 90' lang='lat' dir='ltr'><strong>capiti</strong></span> <span class='ocrx_word' id='word_1_732' title='bbox 2889 4027 3278 4095; x_wconf 61' lang='lat' dir='ltr'><strong>praetulerunt;</strong></span> <span class='ocrx_word' id='word_1_733' title='bbox 3319 4041 3444 4097; x_wconf 88' lang='lat' dir='ltr'><strong>post</strong></span> <span class='ocrx_word' id='word_1_734' title='bbox 3491 4030 3791 4097; x_wconf 84' lang='lat' dir='ltr'><strong>intercepta</strong></span> 
     </span>
    </p>
   </div>
   <div class='ocr_carea' id='block_1_88' title="bbox 2258 4117 3792 4191">
    <p class='ocr_par' dir='ltr' id='par_1_88' title="bbox 2258 4117 3792 4191">
     <span class='ocr_line' id='line_1_88' title="bbox 2258 4117 3792 4191; baseline 0.005 -25"><span class='ocrx_word' id='word_1_735' title='bbox 2258 4117 2543 4186; x_wconf 86' lang='lat' dir='ltr'><strong>pecuniam</strong></span> <span class='ocrx_word' id='word_1_736' title='bbox 2579 4117 2908 4188; x_wconf 81' lang='lat' dir='ltr'><strong>pupillorum</strong></span> <span class='ocrx_word' id='word_1_737' title='bbox 2941 4127 3106 4191; x_wconf 85' lang='lat' dir='ltr'><strong>atque</strong></span> <span class='ocrx_word' id='word_1_738' title='bbox 3153 4122 3478 4191; x_wconf 84' lang='lat' dir='ltr'><strong>viduarum;</strong></span> <span class='ocrx_word' id='word_1_739' title='bbox 3523 4121 3683 4178; x_wconf 85' lang='lat' dir='ltr'><strong>miseri</strong></span> <span class='ocrx_word' id='word_1_740' title='bbox 3719 4133 3792 4189; x_wconf 79' lang='lat' dir='ltr'><strong>ps-</strong></span> 
     </span>
    </p>
   </div>
   <div class='ocr_carea' id='block_1_89' title="bbox 2253 4211 3789 4284">
    <p class='ocr_par' dir='ltr' id='par_1_89' title="bbox 2253 4211 3789 4284">
     <span class='ocr_line' id='line_1_89' title="bbox 2253 4211 3789 4284; baseline -0.001 -18"><span class='ocrx_word' id='word_1_741' title='bbox 2253 4211 2430 4266; x_wconf 87' lang='lat' dir='ltr'><strong>rentis</strong></span> <span class='ocrx_word' id='word_1_742' title='bbox 2469 4221 2522 4266; x_wconf 90' lang='lat' dir='ltr'><strong>et</strong></span> <span class='ocrx_word' id='word_1_743' title='bbox 2550 4219 2739 4281; x_wconf 89' lang='lat' dir='ltr'><strong>partus</strong></span> <span class='ocrx_word' id='word_1_744' title='bbox 2767 4213 2955 4268; x_wconf 87' lang='lat' dir='ltr'><strong>uxoris</strong></span> <span class='ocrx_word' id='word_1_745' title='bbox 2987 4215 3310 4284; x_wconf 87' lang='lat' dir='ltr'><strong>parricidam</strong></span> <span class='ocrx_word' id='word_1_746' title='bbox 3344 4259 3358 4283; x_wconf 94' lang='lat'><strong>,</strong></span> <span class='ocrx_word' id='word_1_747' title='bbox 3393 4233 3499 4272; x_wconf 89' lang='lat' dir='ltr'><strong>non</strong></span> <span class='ocrx_word' id='word_1_748' title='bbox 3544 4215 3684 4270; x_wconf 87' lang='lat' dir='ltr'><strong>modo</strong></span> <span class='ocrx_word' id='word_1_749' title='bbox 3711 4226 3789 4266; x_wconf 90' lang='lat' dir='ltr'><strong>non</strong></span> 
     </span>
    </p>
   </div>
   <div class='ocr_carea' id='block_1_90' title="bbox 2255 4305 3792 4380">
    <p class='ocr_par' dir='ltr' id='par_1_90' title="bbox 2255 4305 3792 4380">
     <span class='ocr_line' id='line_1_90' title="bbox 2255 4305 3792 4380; baseline 0.005 -24"><span class='ocrx_word' id='word_1_750' title='bbox 2255 4305 2610 4372; x_wconf 74' lang='lat' dir='ltr'><strong>pmnitentem</strong></span> <span class='ocrx_word' id='word_1_751' title='bbox 2629 4345 2646 4373; x_wconf 89' lang='lat'><strong>,</strong></span> <span class='ocrx_word' id='word_1_752' title='bbox 2676 4321 2861 4361; x_wconf 85' lang='lat' dir='ltr'><strong>verum</strong></span> <span class='ocrx_word' id='word_1_753' title='bbox 2891 4309 3051 4363; x_wconf 82' lang='lat' dir='ltr'><strong>etiam</strong></span> <span class='ocrx_word' id='word_1_754' title='bbox 3083 4310 3451 4380; x_wconf 80' lang='lat' dir='ltr'><strong>gloriantem?</strong></span> <span class='ocrx_word' id='word_1_755' title='bbox 3483 4312 3660 4366; x_wconf 77' lang='lat' dir='ltr'><strong>Verum</strong></span> <span class='ocrx_word' id='word_1_756' title='bbox 3684 4307 3792 4362; x_wconf 79' lang='lat' dir='ltr'><strong>Pau-</strong></span> 
     </span>
    </p>
   </div>
   <div class='ocr_carea' id='block_1_91' title="bbox 2251 4393 3788 4467">
    <p class='ocr_par' dir='ltr' id='par_1_91' title="bbox 2251 4393 3788 4467">
     <span class='ocr_line' id='line_1_91' title="bbox 2251 4393 3788 4467; baseline 0.004 -19"><span class='ocrx_word' id='word_1_757' title='bbox 2251 4393 2337 4449; x_wconf 90' lang='lat' dir='ltr'><strong>lus</strong></span> <span class='ocrx_word' id='word_1_758' title='bbox 2388 4396 2685 4465; x_wconf 79' lang='lat' dir='ltr'><strong>Apostolus</strong></span> <span class='ocrx_word' id='word_1_759' title='bbox 2747 4398 2928 4454; x_wconf 86' lang='lat' dir='ltr'><strong>dixit:</strong></span> <span class='ocrx_word' id='word_1_760' title='bbox 2975 4398 3166 4456; x_wconf 74' lang='lat' dir='ltr'><strong>Manus</strong></span> <span class='ocrx_word' id='word_1_761' title='bbox 3211 4402 3313 4456; x_wconf 89' lang='lat' dir='ltr'><strong>cito</strong></span> <span class='ocrx_word' id='word_1_762' title='bbox 3371 4403 3557 4456; x_wconf 82' lang='lat' dir='ltr'><strong>nemini</strong></span> <span class='ocrx_word' id='word_1_763' title='bbox 3604 4402 3788 4467; x_wconf 66' lang='lat' dir='ltr'><strong>impono!</strong></span> 
     </span>
    </p>
   </div>
   <div class='ocr_carea' id='block_1_92' title="bbox 2251 4485 3787 4562">
    <p class='ocr_par' dir='ltr' id='par_1_92' title="bbox 2251 4485 3787 4562">
     <span class='ocr_line' id='line_1_92' title="bbox 2251 4485 3787 4562; baseline 0.007 -22"><span class='ocrx_word' id='word_1_764' title='bbox 2251 4486 2296 4560; x_wconf 90' lang='grc' dir='ltr'><strong>(Ι</strong></span> <span class='ocrx_word' id='word_1_765' title='bbox 2324 4485 2460 4541; x_wconf 84' lang='lat' dir='ltr'><strong>Tim.</strong></span> <span class='ocrx_word' id='word_1_766' title='bbox 2491 4505 2544 4554; x_wconf 84' lang='grc' dir='ltr'><strong>ν,</strong></span> <span class='ocrx_word' id='word_1_767' title='bbox 2575 4489 2693 4560; x_wconf 75' lang='lat'><strong>2|).</strong></span> <span class='ocrx_word' id='word_1_768' title='bbox 2719 4489 2890 4547; x_wconf 87' lang='lat' dir='ltr'><strong>Docet</strong></span> <span class='ocrx_word' id='word_1_769' title='bbox 2917 4491 3094 4558; x_wconf 88' lang='lat' dir='ltr'><strong>idem;</strong></span> <span class='ocrx_word' id='word_1_770' title='bbox 3125 4494 3210 4548; x_wconf 76' lang='lat' dir='ltr'><strong>vel</strong></span> <span class='ocrx_word' id='word_1_771' title='bbox 3241 4492 3429 4562; x_wconf 88' lang='lat' dir='ltr'><strong>tarde,</strong></span> <span class='ocrx_word' id='word_1_772' title='bbox 3463 4493 3544 4548; x_wconf 79' lang='lat' dir='ltr'><strong>vel</strong></span> <span class='ocrx_word' id='word_1_773' title='bbox 3575 4501 3680 4562; x_wconf 85' lang='lat' dir='ltr'><strong>post</strong></span> <span class='ocrx_word' id='word_1_774' title='bbox 3699 4500 3787 4560; x_wconf 73' lang='grc' dir='ltr'><strong>Ρω-</strong></span> 
     </span>
    </p>
   </div>
   <div class='ocr_carea' id='block_1_93' title="bbox 2253 4581 3012 4655">
    <p class='ocr_par' dir='ltr' id='par_1_93' title="bbox 2253 4581 3012 4655">
     <span class='ocr_line' id='line_1_93' title="bbox 2253 4581 3012 4655; baseline 0.004 -19"><span class='ocrx_word' id='word_1_775' title='bbox 2253 4581 2540 4637; x_wconf 85' lang='lat' dir='ltr'><strong>nitentiam</strong></span> <span class='ocrx_word' id='word_1_776' title='bbox 2574 4599 2682 4638; x_wconf 92' lang='lat' dir='ltr'><strong>non</strong></span> <span class='ocrx_word' id='word_1_777' title='bbox 2716 4585 3012 4655; x_wconf 84' lang='lat' dir='ltr'><strong>negandas.</strong></span> 
     </span>
    </p>
   </div>
   <div class='ocr_carea' id='block_1_94' title="bbox 535 4669 3786 4751">
    <p class='ocr_par' dir='ltr' id='par_1_94' title="bbox 535 4669 3786 4751">
     <span class='ocr_line' id='line_1_94' title="bbox 535 4669 3786 4751; baseline -0.001 -22"><span class='ocrx_word' id='word_1_778' title='bbox 535 4681 825 4743; x_wconf 84' lang='lat' dir='ltr'><strong>peccatore</strong></span> <span class='ocrx_word' id='word_1_779' title='bbox 873 4674 1182 4730; x_wconf 75' lang='lat' dir='ltr'><strong>damnatis?</strong></span> <span class='ocrx_word' id='word_1_780' title='bbox 1231 4677 1438 4734; x_wconf 86' lang='lat' dir='ltr'><strong>Deinde</strong></span> <span class='ocrx_word' id='word_1_781' title='bbox 1477 4678 1635 4734; x_wconf 85' lang='lat' dir='ltr'><strong>vides</strong></span> <span class='ocrx_word' id='word_1_782' title='bbox 1664 4721 1679 4746; x_wconf 94' lang='lat'><strong>,</strong></span> <span class='ocrx_word' id='word_1_783' title='bbox 1726 4678 1872 4750; x_wconf 90' lang='lat' dir='ltr'><strong>quod</strong></span> <span class='ocrx_word' id='word_1_784' title='bbox 1904 4679 1994 4736; x_wconf 88' lang='lat' dir='ltr'><strong>hic</strong></span> <span class='ocrx_word' id='word_1_785' title='bbox 2025 4680 2143 4751; x_wconf 87' lang='lat' dir='ltr'><strong>ipse</strong></span> <span class='ocrx_word' id='word_1_786' title='bbox 2171 4669 2224 4731; x_wconf 93' lang='lat' dir='ltr'><strong>D</strong></span> <span class='ocrx_word' id='word_1_787' title='bbox 2323 4673 2441 4730; x_wconf 80' lang='lat' dir='ltr'><strong>XX.</strong></span> <span class='ocrx_word' id='word_1_788' title='bbox 2470 4675 2578 4733; x_wconf 89' lang='lat' dir='ltr'><strong>Sed</strong></span> <span class='ocrx_word' id='word_1_789' title='bbox 2613 4677 2825 4748; x_wconf 87' lang='lat' dir='ltr'><strong>perdita</strong></span> <span class='ocrx_word' id='word_1_790' title='bbox 2857 4681 3117 4738; x_wconf 87' lang='lat' dir='ltr'><strong>lliericbo</strong></span> <span class='ocrx_word' id='word_1_791' title='bbox 3141 4723 3157 4749; x_wconf 95' lang='lat'><strong>,</strong></span> <span class='ocrx_word' id='word_1_792' title='bbox 3187 4681 3368 4738; x_wconf 85' lang='lat' dir='ltr'><strong>Achar</strong></span> <span class='ocrx_word' id='word_1_793' title='bbox 3395 4682 3535 4737; x_wconf 79' lang='lat' dir='ltr'><strong>(ilius</strong></span> <span class='ocrx_word' id='word_1_794' title='bbox 3564 4679 3588 4719; x_wconf 70' lang='grc' dir='ltr'>δ</span> <span class='ocrx_word' id='word_1_795' title='bbox 3613 4672 3786 4733; x_wconf 80' lang='lat' dir='ltr'><strong>Cliarmi</strong></span> 
     </span>
    </p>
   </div>
   <div class='ocr_carea' id='block_1_95' title="bbox 541 4765 2139 4840">
    <p class='ocr_par' dir='ltr' id='par_1_95' title="bbox 541 4765 2139 4840">
     <span class='ocr_line' id='line_1_95' title="bbox 541 4765 2139 4840; baseline 0.004 -20"><span class='ocrx_word' id='word_1_796' title='bbox 541 4775 798 4834; x_wconf 86' lang='lat' dir='ltr'><strong>peccator</strong></span> <span class='ocrx_word' id='word_1_797' title='bbox 822 4765 1065 4822; x_wconf 87' lang='lat' dir='ltr'><strong>incestus</strong></span> <span class='ocrx_word' id='word_1_798' title='bbox 1086 4807 1101 4832; x_wconf 90' lang='lat'><strong>,</strong></span> <span class='ocrx_word' id='word_1_799' title='bbox 1135 4780 1246 4821; x_wconf 90' lang='lat' dir='ltr'><strong>non</strong></span> <span class='ocrx_word' id='word_1_800' title='bbox 1274 4769 1436 4823; x_wconf 89' lang='lat' dir='ltr'><strong>morti</strong></span> <span class='ocrx_word' id='word_1_801' title='bbox 1465 4769 1735 4833; x_wconf 88' lang='lat' dir='ltr'><strong>traditur,</strong></span> <span class='ocrx_word' id='word_1_802' title='bbox 1771 4770 1864 4826; x_wconf 88' lang='lat' dir='ltr'><strong>sed</strong></span> <span class='ocrx_word' id='word_1_803' title='bbox 1895 4781 2104 4827; x_wconf 65' lang='lat' dir='ltr'><strong>satana:</strong></span> <span class='ocrx_word' id='word_1_804' title='bbox 2124 4815 2139 4840; x_wconf 89' lang='lat'><strong>,</strong></span> 
     </span>
    </p>
   </div>
   <div class='ocr_carea' id='block_1_96' title="bbox 535 4857 2137 4934">
    <p class='ocr_par' dir='ltr' id='par_1_96' title="bbox 535 4857 2137 4934">
     <span class='ocr_line' id='line_1_96' title="bbox 535 4857 2137 4934; baseline 0.006 -22"><span class='ocrx_word' id='word_1_805' title='bbox 535 4857 604 4913; x_wconf 90' lang='lat' dir='ltr'><strong>ad</strong></span> <span class='ocrx_word' id='word_1_806' title='bbox 625 4859 1058 4926; x_wconf 85' lang='lat' dir='ltr'><strong>emendandum,</strong></span> <span class='ocrx_word' id='word_1_807' title='bbox 1079 4859 1146 4914; x_wconf 89' lang='lat' dir='ltr'><strong>ad</strong></span> <span class='ocrx_word' id='word_1_808' title='bbox 1167 4860 1717 4931; x_wconf 83' lang='lat' dir='ltr'><strong>colapliizandum,ad</strong></span> <span class='ocrx_word' id='word_1_809' title='bbox 1739 4864 2137 4934; x_wconf 64' lang='lat' dir='ltr'><strong>paenitendum.</strong></span> 
     </span>
    </p>
   </div>
   <div class='ocr_carea' id='block_1_97' title="bbox 540 4946 2135 5026">
    <p class='ocr_par' dir='ltr' id='par_1_97' title="bbox 540 4946 2135 5026">
     <span class='ocr_line' id='line_1_97' title="bbox 540 4946 2135 5026; baseline 0.004 -20"><span class='ocrx_word' id='word_1_810' title='bbox 540 4952 784 5023; x_wconf 85' lang='lat' dir='ltr'><strong>Denique</strong></span> <span class='ocrx_word' id='word_1_811' title='bbox 815 4952 910 5019; x_wconf 90' lang='lat' dir='ltr'><strong>ait,</strong></span> <span class='ocrx_word' id='word_1_812' title='bbox 945 4953 1026 5007; x_wconf 83' lang='lat' dir='ltr'><strong>Ad</strong></span> <span class='ocrx_word' id='word_1_813' title='bbox 1051 4953 1318 5008; x_wconf 82' lang='lat' dir='ltr'><strong>interitum</strong></span> <span class='ocrx_word' id='word_1_814' title='bbox 1340 4957 1531 5023; x_wconf 89' lang='lat' dir='ltr'><strong>carnis,</strong></span> <span class='ocrx_word' id='word_1_815' title='bbox 1561 4971 1670 5012; x_wconf 89' lang='lat' dir='ltr'><strong>non</strong></span> <span class='ocrx_word' id='word_1_816' title='bbox 1706 4966 1885 5013; x_wconf 89' lang='lat' dir='ltr'><strong>tamen</strong></span> <span class='ocrx_word' id='word_1_817' title='bbox 1915 4946 2135 5026; x_wconf 67' lang='lat' dir='ltr'><strong>animae,</strong></span> 
     </span>
    </p>
   </div>
   <div class='ocr_carea' id='block_1_98' title="bbox 443 5045 2139 5120">
    <p class='ocr_par' dir='ltr' id='par_1_98' title="bbox 443 5045 2139 5120">
     <span class='ocr_line' id='line_1_98' title="bbox 443 5045 2139 5120; baseline 0.001 -16"><span class='ocrx_word' id='word_1_818' title='bbox 443 5101 446 5104; x_wconf 82' lang='lat'><strong>.</strong></span> <span class='ocrx_word' id='word_1_819' title='bbox 538 5059 646 5101; x_wconf 93' lang='lat' dir='ltr'><strong>non</strong></span> <span class='ocrx_word' id='word_1_820' title='bbox 673 5046 836 5101; x_wconf 80' lang='lat' dir='ltr'><strong>etiam</strong></span> <span class='ocrx_word' id='word_1_821' title='bbox 867 5047 1096 5117; x_wconf 80' lang='lat' dir='ltr'><strong>spiritus</strong></span> <span class='ocrx_word' id='word_1_822' title='bbox 1129 5062 1142 5100; x_wconf 93' lang='lat'><strong>:</strong></span> <span class='ocrx_word' id='word_1_823' title='bbox 1173 5045 1269 5102; x_wconf 88' lang='lat' dir='ltr'><strong>sed</strong></span> <span class='ocrx_word' id='word_1_824' title='bbox 1300 5046 1368 5101; x_wconf 88' lang='lat' dir='ltr'><strong>ad</strong></span> <span class='ocrx_word' id='word_1_825' title='bbox 1397 5047 1570 5102; x_wconf 85' lang='lat' dir='ltr'><strong>solius</strong></span> <span class='ocrx_word' id='word_1_826' title='bbox 1597 5051 1779 5105; x_wconf 87' lang='lat' dir='ltr'><strong>carnis</strong></span> <span class='ocrx_word' id='word_1_827' title='bbox 1807 5048 2093 5107; x_wconf 87' lang='lat' dir='ltr'><strong>interitum</strong></span> <span class='ocrx_word' id='word_1_828' title='bbox 2122 5093 2139 5120; x_wconf 94' lang='lat'><strong>,</strong></span> 
     </span>
    </p>
   </div>
   <div class='ocr_carea' id='block_1_99' title="bbox 534 5139 2135 5211">
    <p class='ocr_par' dir='ltr' id='par_1_99' title="bbox 534 5139 2135 5211">
     <span class='ocr_line' id='line_1_99' title="bbox 534 5139 2135 5211; baseline 0.004 -18"><span class='ocrx_word' id='word_1_829' title='bbox 534 5139 865 5196; x_wconf 83' lang='lat' dir='ltr'><strong>tentationes</strong></span> <span class='ocrx_word' id='word_1_830' title='bbox 911 5139 1170 5204; x_wconf 89' lang='lat' dir='ltr'><strong>scilicet,</strong></span> <span class='ocrx_word' id='word_1_831' title='bbox 1213 5141 1398 5194; x_wconf 86' lang='lat' dir='ltr'><strong>carnis</strong></span> <span class='ocrx_word' id='word_1_832' title='bbox 1434 5141 1711 5211; x_wconf 85' lang='lat' dir='ltr'><strong>angustias</strong></span> <span class='ocrx_word' id='word_1_833' title='bbox 1740 5182 1754 5206; x_wconf 95' lang='lat'><strong>,</strong></span> <span class='ocrx_word' id='word_1_834' title='bbox 1805 5143 2135 5200; x_wconf 88' lang='lat' dir='ltr'><strong>detrimenta</strong></span> 
     </span>
    </p>
   </div>
   <div class='ocr_carea' id='block_1_100' title="bbox 534 5231 2133 5304">
    <p class='ocr_par' dir='ltr' id='par_1_100' title="bbox 534 5231 2133 5304">
     <span class='ocr_line' id='line_1_100' title="bbox 534 5231 2133 5304; baseline 0.003 -18"><span class='ocrx_word' id='word_1_835' title='bbox 534 5233 908 5287; x_wconf 88' lang='lat' dir='ltr'><strong>membrorum</strong></span> <span class='ocrx_word' id='word_1_836' title='bbox 938 5273 953 5298; x_wconf 94' lang='lat'><strong>,</strong></span> <span class='ocrx_word' id='word_1_837' title='bbox 990 5232 1133 5287; x_wconf 89' lang='lat' dir='ltr'><strong>sicut</strong></span> <span class='ocrx_word' id='word_1_838' title='bbox 1173 5231 1306 5286; x_wconf 87' lang='lat' dir='ltr'><strong>alibi</strong></span> <span class='ocrx_word' id='word_1_839' title='bbox 1343 5231 1412 5286; x_wconf 91' lang='lat' dir='ltr'><strong>de</strong></span> <span class='ocrx_word' id='word_1_840' title='bbox 1438 5231 1935 5304; x_wconf 80' lang='lat' dir='ltr'><strong>intemperantibus</strong></span> <span class='ocrx_word' id='word_1_841' title='bbox 1962 5236 2133 5292; x_wconf 88' lang='lat' dir='ltr'><strong>dicit:</strong></span> 
     </span>
    </p>
   </div>
   <div class='ocr_carea' id='block_1_101' title="bbox 535 5320 2132 5401">
    <p class='ocr_par' dir='ltr' id='par_1_101' title="bbox 535 5320 2132 5401">
     <span class='ocr_line' id='line_1_101' title="bbox 535 5320 2132 5401; baseline 0.006 -25"><span class='ocrx_word' id='word_1_842' title='bbox 535 5320 945 5378; x_wconf 84' lang='lat' dir='ltr'><strong>Tribulationem</strong></span> <span class='ocrx_word' id='word_1_843' title='bbox 967 5332 1140 5378; x_wconf 87' lang='lat' dir='ltr'><strong>autem</strong></span> <span class='ocrx_word' id='word_1_844' title='bbox 1170 5324 1338 5378; x_wconf 86' lang='lat' dir='ltr'><strong>carnis</strong></span> <span class='ocrx_word' id='word_1_845' title='bbox 1368 5326 1632 5396; x_wconf 87' lang='lat' dir='ltr'><strong>patientur</strong></span> <span class='ocrx_word' id='word_1_846' title='bbox 1660 5328 1915 5396; x_wconf 78' lang='lat' dir='ltr'><strong>ejusmodi</strong></span> <span class='ocrx_word' id='word_1_847' title='bbox 1944 5327 1989 5401; x_wconf 88' lang='grc' dir='ltr'><strong>(ι</strong></span> <span class='ocrx_word' id='word_1_848' title='bbox 2008 5327 2132 5386; x_wconf 88' lang='lat' dir='ltr'><strong>Cor.</strong></span> 
     </span>
    </p>
   </div>
   <div class='ocr_carea' id='block_1_102' title="bbox 605 5457 2125 5540">
    <p class='ocr_par' dir='ltr' id='par_1_102' title="bbox 605 5457 2125 5540">
     <span class='ocr_line' id='line_1_102' title="bbox 605 5457 2125 5540; baseline 0.007 -27"><span class='ocrx_word' id='word_1_849' title='bbox 605 5469 630 5496; x_wconf 74' lang='grc' dir='ltr'><strong>ιι</strong></span> <span class='ocrx_word' id='word_1_850' title='bbox 670 5457 785 5540; x_wconf 58' lang='lat' dir='ltr'><strong>:‘Vos</strong></span> <span class='ocrx_word' id='word_1_851' title='bbox 833 5476 1018 5540; x_wconf 58' lang='lat' dir='ltr'><strong>....an</strong></span> <span class='ocrx_word' id='word_1_852' title='bbox 1064 5462 1235 5540; x_wconf 77' lang='lat' dir='ltr'><strong>potius</strong></span> <span class='ocrx_word' id='word_1_853' title='bbox 1280 5461 1583 5518; x_wconf 83' lang='lat' dir='ltr'><strong>Novatiani.</strong></span> <span class='ocrx_word' id='word_1_854' title='bbox 1615 5464 1847 5540; x_wconf 71' lang='lat' dir='ltr'><strong>Latinio</strong></span> <span class='ocrx_word' id='word_1_855' title='bbox 1894 5467 2125 5525; x_wconf 90' lang='lat' dir='ltr'><strong>ductore</strong></span> 
     </span>
    </p>
   </div>
   <div class='ocr_carea' id='block_1_103' title="bbox 531 5532 2127 5607">
    <p class='ocr_par' dir='ltr' id='par_1_103' title="bbox 531 5532 2127 5607">
     <span class='ocr_line' id='line_1_103' title="bbox 531 5532 2127 5607; baseline 0.005 -20"><span class='ocrx_word' id='word_1_856' title='bbox 531 5533 674 5588; x_wconf 86' lang='lat' dir='ltr'><strong>hunc</strong></span> <span class='ocrx_word' id='word_1_857' title='bbox 700 5532 881 5607; x_wconf 79' lang='lat' dir='ltr'><strong>locum</strong></span> <span class='ocrx_word' id='word_1_858' title='bbox 915 5532 986 5607; x_wconf 80' lang='lat' dir='ltr'><strong>ita</strong></span> <span class='ocrx_word' id='word_1_859' title='bbox 1012 5533 1350 5607; x_wconf 76' lang='lat' dir='ltr'><strong>restituimus</strong></span> <span class='ocrx_word' id='word_1_860' title='bbox 1375 5551 1580 5607; x_wconf 17' lang='lat' dir='ltr'><strong>.Aquem</strong></span> <span class='ocrx_word' id='word_1_861' title='bbox 1614 5537 1855 5604; x_wconf 78' lang='lat' dir='ltr'><strong>laxatum</strong></span> <span class='ocrx_word' id='word_1_862' title='bbox 1888 5542 2127 5600; x_wconf 83' lang='lat' dir='ltr'><strong>mendis-</strong></span> 
     </span>
    </p>
   </div>
   <div class='ocr_carea' id='block_1_104' title="bbox 571 5601 2124 5681">
    <p class='ocr_par' dir='ltr' id='par_1_104' title="bbox 571 5601 2124 5681">
     <span class='ocr_line' id='line_1_104' title="bbox 571 5601 2124 5681; baseline 0.004 -23"><span class='ocrx_word' id='word_1_863' title='bbox 571 5619 636 5681; x_wconf 83' lang='lat' dir='ltr'><strong>ue</strong></span> <span class='ocrx_word' id='word_1_864' title='bbox 662 5601 896 5681; x_wconf 71' lang='lat' dir='ltr'><strong>obsitum</strong></span> <span class='ocrx_word' id='word_1_865' title='bbox 940 5601 1308 5681; x_wconf 54' lang='lat' dir='ltr'><strong>siccithibent</strong></span> <span class='ocrx_word' id='word_1_866' title='bbox 1335 5601 1477 5681; x_wconf 70' lang='lat' dir='ltr'><strong>editi</strong></span> <span class='ocrx_word' id='word_1_867' title='bbox 1505 5625 1518 5662; x_wconf 92' lang='lat'><strong>:</strong></span> <span class='ocrx_word' id='word_1_868' title='bbox 1555 5605 1666 5663; x_wconf 89' lang='lat' dir='ltr'><strong>Nos</strong></span> <span class='ocrx_word' id='word_1_869' title='bbox 1693 5601 1894 5681; x_wconf 80' lang='lat' dir='ltr'><strong>,_unum</strong></span> <span class='ocrx_word' id='word_1_870' title='bbox 1924 5612 2124 5681; x_wconf 83' lang='lat' dir='ltr'><strong>apicem</strong></span> 
     </span>
    </p>
   </div>
   <div class='ocr_carea' id='block_1_105' title="bbox 529 5620 2122 5749">
    <p class='ocr_par' dir='ltr' id='par_1_105' title="bbox 529 5620 2122 5749">
     <span class='ocr_line' id='line_1_105' title="bbox 571 5620 2122 5681; baseline 0.004 -23"><span class='ocrx_word' id='word_1_871' title='bbox 571 5620 636 5658; x_wconf 88' lang='lat' dir='ltr'><strong>ue</strong></span> <span class='ocrx_word' id='word_1_872' title='bbox 662 5620 896 5657; x_wconf 75' lang='lat' dir='ltr'><strong>DDSltulll</strong></span> <span class='ocrx_word' id='word_1_873' title='bbox 940 5620 1020 5656; x_wconf 83' lang='lat' dir='ltr'><strong>Sic</strong></span> <span class='ocrx_word' id='word_1_874' title='bbox 1048 5620 1308 5660; x_wconf 77' lang='lat' dir='ltr'><strong>exuti)an</strong></span> <span class='ocrx_word' id='word_1_875' title='bbox 1346 5620 1477 5662; x_wconf 84' lang='lat' dir='ltr'><strong>eam</strong></span> <span class='ocrx_word' id='word_1_876' title='bbox 1505 5625 1518 5662; x_wconf 88' lang='lat'><strong>:</strong></span> <span class='ocrx_word' id='word_1_877' title='bbox 1555 5620 1666 5663; x_wconf 81' lang='lat' dir='ltr'><strong>tVos</strong></span> <span class='ocrx_word' id='word_1_878' title='bbox 1693 5649 1707 5674; x_wconf 94' lang='lat'><strong>,</strong></span> <span class='ocrx_word' id='word_1_879' title='bbox 1735 5625 1894 5664; x_wconf 84' lang='lat' dir='ltr'><strong>unum</strong></span> <span class='ocrx_word' id='word_1_880' title='bbox 1924 5620 2122 5681; x_wconf 82' lang='lat' dir='ltr'><strong>apicem</strong></span> 
     </span>
     <span class='ocr_line' id='line_1_106' title="bbox 529 5620 2122 5749; baseline 0.008 -26"><span class='ocrx_word' id='word_1_881' title='bbox 529 5620 656 5744; x_wconf 58' lang='grc' dir='ltr'><strong>ἓως</strong></span> <span class='ocrx_word' id='word_1_882' title='bbox 687 5673 1035 5749; x_wconf 63' lang='grc' dir='ltr'><strong>ἰημεσιίηιιιεε)</strong></span> <span class='ocrx_word' id='word_1_883' title='bbox 1067 5672 1346 5749; x_wconf 73' lang='grc' dir='ltr'><strong>Νουαιὶιιιιί</strong></span> <span class='ocrx_word' id='word_1_884' title='bbox 1368 5682 1534 5749; x_wconf 76' lang='lat' dir='ltr'><strong>,quia</strong></span> <span class='ocrx_word' id='word_1_885' title='bbox 1557 5689 1664 5736; x_wconf 83' lang='lat' dir='ltr'><strong>tota</strong></span> <span class='ocrx_word' id='word_1_886' title='bbox 1695 5677 1942 5744; x_wconf 74' lang='lat' dir='ltr'><strong>Ecclesice</strong></span> <span class='ocrx_word' id='word_1_887' title='bbox 1965 5721 1982 5748; x_wconf 90' lang='lat'><strong>,</strong></span> <span class='ocrx_word' id='word_1_888' title='bbox 2016 5691 2122 5736; x_wconf 87' lang='lat' dir='ltr'><strong>tota</strong></span> 
     </span>
    </p>
   </div>
   <div class='ocr_carea' id='block_1_106' title="bbox 526 5744 2122 5824">
    <p class='ocr_par' dir='ltr' id='par_1_106' title="bbox 526 5744 2122 5824">
     <span class='ocr_line' id='line_1_107' title="bbox 526 5744 2122 5824; baseline 0.008 -28"><span class='ocrx_word' id='word_1_889' title='bbox 526 5744 818 5798; x_wconf 73' lang='lat' dir='ltr'><strong>concordia:</strong></span> <span class='ocrx_word' id='word_1_890' title='bbox 841 5759 948 5824; x_wconf 63' lang='lat' dir='ltr'><strong>,fttn</strong></span> <span class='ocrx_word' id='word_1_891' title='bbox 975 5746 1143 5824; x_wconf 82' lang='lat' dir='ltr'><strong>potius</strong></span> <span class='ocrx_word' id='word_1_892' title='bbox 1160 5748 1283 5816; x_wconf 86' lang='lat' dir='ltr'><strong>jura</strong></span> <span class='ocrx_word' id='word_1_893' title='bbox 1307 5744 1598 5824; x_wconf 79' lang='lat' dir='ltr'><strong>uiolarunt;</strong></span> <span class='ocrx_word' id='word_1_894' title='bbox 1621 5752 1710 5824; x_wconf 88' lang='lat' dir='ltr'><strong>qui</strong></span> <span class='ocrx_word' id='word_1_895' title='bbox 1742 5762 1862 5824; x_wconf 76' lang='lat' dir='ltr'><strong>post</strong></span> <span class='ocrx_word' id='word_1_896' title='bbox 1883 5744 2122 5823; x_wconf 40' lang='lat' dir='ltr'><strong>tat&#39;pacit</strong></span> 
     </span>
    </p>
   </div>
   <div class='ocr_carea' id='block_1_107' title="bbox 526 5815 2117 5897">
    <p class='ocr_par' dir='ltr' id='par_1_107' title="bbox 526 5815 2117 5897">
     <span class='ocr_line' id='line_1_108' title="bbox 526 5815 2117 5897; baseline 0.008 -31"><span class='ocrx_word' id='word_1_897' title='bbox 526 5823 858 5897; x_wconf 25' lang='lat' dir='ltr'><strong>annosmtot</strong></span> <span class='ocrx_word' id='word_1_898' title='bbox 894 5815 1412 5897; x_wconf 52' lang='lat' dir='ltr'><strong>{cedermsancntatis</strong></span> <span class='ocrx_word' id='word_1_899' title='bbox 1435 5862 1450 5888; x_wconf 93' lang='lat'><strong>,</strong></span> <span class='ocrx_word' id='word_1_900' title='bbox 1491 5815 1647 5878; x_wconf 72' lang='lat' dir='ltr'><strong>nouas</strong></span> <span class='ocrx_word' id='word_1_901' title='bbox 1690 5815 1782 5878; x_wconf 77' lang='lat' dir='ltr'><strong>tibi</strong></span> <span class='ocrx_word' id='word_1_902' title='bbox 1805 5822 1940 5897; x_wconf 80' lang='lat' dir='ltr'><strong>leges</strong></span> <span class='ocrx_word' id='word_1_903' title='bbox 1968 5815 1990 5890; x_wconf 74' lang='grc'><strong>,’</strong></span> <span class='ocrx_word' id='word_1_904' title='bbox 2011 5834 2117 5880; x_wconf 88' lang='lat' dir='ltr'><strong>etc.</strong></span> 
     </span>
    </p>
   </div>
   <div class='ocr_carea' id='block_1_108' title="bbox 527 5885 1710 5964">
    <p class='ocr_par' dir='ltr' id='par_1_108' title="bbox 527 5885 1710 5964">
     <span class='ocr_line' id='line_1_109' title="bbox 527 5885 1710 5964; baseline 0.009 -26"><span class='ocrx_word' id='word_1_905' title='bbox 527 5885 950 5938; x_wconf 70' lang='lat' dir='ltr'><strong>licstitutionem</strong></span> <span class='ocrx_word' id='word_1_906' title='bbox 981 5885 1215 5943; x_wconf 88' lang='lat' dir='ltr'><strong>suadent</strong></span> <span class='ocrx_word' id='word_1_907' title='bbox 1237 5905 1357 5960; x_wconf 74' lang='lat' dir='ltr'><strong>qua:</strong></span> <span class='ocrx_word' id='word_1_908' title='bbox 1388 5885 1710 5964; x_wconf 82' lang='lat' dir='ltr'><strong>sequuntur.</strong></span> 
     </span>
    </p>
   </div>
   <div class='ocr_carea' id='block_1_109' title="bbox 2248 4769 3788 4847">
    <p class='ocr_par' dir='ltr' id='par_1_109' title="bbox 2248 4769 3788 4847">
     <span class='ocr_line' id='line_1_110' title="bbox 2248 4769 3788 4847; baseline -0.001 -23"><span class='ocrx_word' id='word_1_909' title='bbox 2248 4778 2474 4840; x_wconf 83' lang='lat' dir='ltr'><strong>prepter</strong></span> <span class='ocrx_word' id='word_1_910' title='bbox 2507 4769 2710 4826; x_wconf 82' lang='lat' dir='ltr'><strong>furtum</strong></span> <span class='ocrx_word' id='word_1_911' title='bbox 2743 4774 2912 4829; x_wconf 81' lang='lat' dir='ltr'><strong>vestis</strong></span> <span class='ocrx_word' id='word_1_912' title='bbox 2952 4777 3168 4830; x_wconf 86' lang='lat' dir='ltr'><strong>occisus</strong></span> <span class='ocrx_word' id='word_1_913' title='bbox 3201 4782 3308 4831; x_wconf 85' lang='lat' dir='ltr'><strong>est.</strong></span> <span class='ocrx_word' id='word_1_914' title='bbox 3349 4779 3494 4847; x_wconf 80' lang='lat' dir='ltr'><strong>Age;</strong></span> <span class='ocrx_word' id='word_1_915' title='bbox 3525 4787 3615 4828; x_wconf 85' lang='lat' dir='ltr'><strong>vos</strong></span> <span class='ocrx_word' id='word_1_916' title='bbox 3639 4813 3651 4834; x_wconf 87' lang='lat'><strong>,</strong></span> <span class='ocrx_word' id='word_1_917' title='bbox 3680 4775 3788 4824; x_wconf 79' lang='lat' dir='ltr'><strong>totos</strong></span> 
     </span>
    </p>
   </div>
   <div class='ocr_carea' id='block_1_110' title="bbox 2244 4863 3788 4938">
    <p class='ocr_par' dir='ltr' id='par_1_110' title="bbox 2244 4863 3788 4938">
     <span class='ocr_line' id='line_1_111' title="bbox 2244 4863 3788 4938; baseline -0.003 -19"><span class='ocrx_word' id='word_1_918' title='bbox 2244 4863 2392 4920; x_wconf 82' lang='lat' dir='ltr'><strong>fures</strong></span> <span class='ocrx_word' id='word_1_919' title='bbox 2426 4865 2720 4920; x_wconf 83' lang='lat' dir='ltr'><strong>interﬁcite</strong></span> <span class='ocrx_word' id='word_1_920' title='bbox 2747 4869 3103 4937; x_wconf 84' lang='lat' dir='ltr'><strong>pecuniarum</strong></span> <span class='ocrx_word' id='word_1_921' title='bbox 3136 4878 3450 4924; x_wconf 89' lang='lat' dir='ltr'><strong>nostrarum</strong></span> <span class='ocrx_word' id='word_1_922' title='bbox 3481 4877 3631 4938; x_wconf 86' lang='lat' dir='ltr'><strong>atque</strong></span> <span class='ocrx_word' id='word_1_923' title='bbox 3656 4863 3788 4919; x_wconf 82' lang='lat' dir='ltr'><strong>libro-</strong></span> 
     </span>
    </p>
   </div>
   <div class='ocr_carea' id='block_1_111' title="bbox 2246 4959 3786 5033">
    <p class='ocr_par' dir='ltr' id='par_1_111' title="bbox 2246 4959 3786 5033">
     <span class='ocr_line' id='line_1_112' title="bbox 2246 4959 3786 5033; baseline -0.002 -20"><span class='ocrx_word' id='word_1_924' title='bbox 2246 4975 2398 5026; x_wconf 89' lang='lat' dir='ltr'><strong>rum;</strong></span> <span class='ocrx_word' id='word_1_925' title='bbox 2447 4969 2503 5015; x_wconf 89' lang='lat' dir='ltr'><strong>et</strong></span> <span class='ocrx_word' id='word_1_926' title='bbox 2550 4960 2603 5014; x_wconf 92' lang='lat' dir='ltr'><strong>in</strong></span> <span class='ocrx_word' id='word_1_927' title='bbox 2647 4959 2840 5015; x_wconf 83' lang='lat' dir='ltr'><strong>Novati</strong></span> <span class='ocrx_word' id='word_1_928' title='bbox 2875 4975 2997 5016; x_wconf 85' lang='lat' dir='ltr'><strong>ossa</strong></span> <span class='ocrx_word' id='word_1_929' title='bbox 3029 4965 3237 5017; x_wconf 63' lang='lat' dir='ltr'><strong>saevite.</strong></span> <span class='ocrx_word' id='word_1_930' title='bbox 3261 4961 3459 5033; x_wconf 81' lang='lat' dir='ltr'><strong>Jugum</strong></span> <span class='ocrx_word' id='word_1_931' title='bbox 3491 4959 3618 5016; x_wconf 90' lang='lat' dir='ltr'><strong>illud</strong></span> <span class='ocrx_word' id='word_1_932' title='bbox 3643 4964 3786 5011; x_wconf 69' lang='lat' dir='ltr'><strong>rursus</strong></span> 
     </span>
    </p>
   </div>
   <div class='ocr_carea' id='block_1_112' title="bbox 2244 5055 3787 5128">
    <p class='ocr_par' dir='ltr' id='par_1_112' title="bbox 2244 5055 3787 5128">
     <span class='ocr_line' id='line_1_113' title="bbox 2244 5055 3787 5128; baseline -0.002 -20"><span class='ocrx_word' id='word_1_933' title='bbox 2244 5055 2476 5124; x_wconf 89' lang='lat' dir='ltr'><strong>accipite</strong></span> <span class='ocrx_word' id='word_1_934' title='bbox 2500 5096 2511 5117; x_wconf 92' lang='lat'><strong>,</strong></span> <span class='ocrx_word' id='word_1_935' title='bbox 2556 5055 2693 5126; x_wconf 86' lang='lat' dir='ltr'><strong>quod</strong></span> <span class='ocrx_word' id='word_1_936' title='bbox 2721 5071 2883 5126; x_wconf 82' lang='lat' dir='ltr'><strong>neque</strong></span> <span class='ocrx_word' id='word_1_937' title='bbox 2907 5072 3022 5122; x_wconf 87' lang='lat' dir='ltr'><strong>nos,</strong></span> <span class='ocrx_word' id='word_1_938' title='bbox 3054 5072 3219 5128; x_wconf 84' lang='lat' dir='ltr'><strong>neque</strong></span> <span class='ocrx_word' id='word_1_939' title='bbox 3246 5067 3416 5128; x_wconf 86' lang='lat' dir='ltr'><strong>patres</strong></span> <span class='ocrx_word' id='word_1_940' title='bbox 3446 5055 3601 5110; x_wconf 86' lang='lat' dir='ltr'><strong>nostri</strong></span> <span class='ocrx_word' id='word_1_941' title='bbox 3622 5059 3787 5123; x_wconf 70' lang='lat' dir='ltr'><strong>portate</strong></span> 
     </span>
    </p>
   </div>
   <div class='ocr_carea' id='block_1_113' title="bbox 2243 5138 3784 5220">
    <p class='ocr_par' dir='ltr' id='par_1_113' title="bbox 2243 5138 3784 5220">
     <span class='ocr_line' id='line_1_114' title="bbox 2243 5138 3784 5220; baseline 0.001 -21"><span class='ocrx_word' id='word_1_942' title='bbox 2243 5153 2518 5217; x_wconf 87' lang='lat' dir='ltr'><strong>potuerunt</strong></span> <span class='ocrx_word' id='word_1_943' title='bbox 2547 5146 2686 5219; x_wconf 87' lang='lat' dir='ltr'><strong>(Act.</strong></span> <span class='ocrx_word' id='word_1_944' title='bbox 2722 5161 2799 5202; x_wconf 78' lang='lat' dir='ltr'><strong>xv</strong></span> <span class='ocrx_word' id='word_1_945' title='bbox 2826 5189 2840 5214; x_wconf 93' lang='lat'><strong>,</strong></span> <span class='ocrx_word' id='word_1_946' title='bbox 2875 5146 2986 5220; x_wconf 88' lang='grc'><strong>10).</strong></span> <span class='ocrx_word' id='word_1_947' title='bbox 3018 5149 3158 5218; x_wconf 81' lang='lat' dir='ltr'><strong>Quid</strong></span> <span class='ocrx_word' id='word_1_948' title='bbox 3195 5149 3424 5204; x_wconf 84' lang='lat' dir='ltr'><strong>cessatis</strong></span> <span class='ocrx_word' id='word_1_949' title='bbox 3449 5187 3465 5212; x_wconf 87' lang='lat'><strong>,</strong></span> <span class='ocrx_word' id='word_1_950' title='bbox 3509 5138 3784 5202; x_wconf 72' lang='lat' dir='ltr'><strong>Novatiani.</strong></span> 
     </span>
    </p>
   </div>
   <div class='ocr_carea' id='block_1_114' title="bbox 2245 5227 3782 5312">
    <p class='ocr_par' dir='ltr' id='par_1_114' title="bbox 2245 5227 3782 5312">
     <span class='ocr_line' id='line_1_115' title="bbox 2245 5227 3782 5312; baseline -0.001 -20"><span class='ocrx_word' id='word_1_951' title='bbox 2245 5238 2453 5292; x_wconf 86' lang='lat' dir='ltr'><strong>oculum</strong></span> <span class='ocrx_word' id='word_1_952' title='bbox 2484 5254 2577 5308; x_wconf 87' lang='lat' dir='ltr'><strong>pro</strong></span> <span class='ocrx_word' id='word_1_953' title='bbox 2603 5240 2754 5294; x_wconf 86' lang='lat' dir='ltr'><strong>oculo</strong></span> <span class='ocrx_word' id='word_1_954' title='bbox 2781 5280 2795 5306; x_wconf 93' lang='lat'><strong>,</strong></span> <span class='ocrx_word' id='word_1_955' title='bbox 2824 5240 3028 5295; x_wconf 86' lang='lat' dir='ltr'><strong>dentem</strong></span> <span class='ocrx_word' id='word_1_956' title='bbox 3050 5255 3145 5312; x_wconf 86' lang='lat' dir='ltr'><strong>pro</strong></span> <span class='ocrx_word' id='word_1_957' title='bbox 3172 5241 3322 5296; x_wconf 85' lang='lat' dir='ltr'><strong>dente</strong></span> <span class='ocrx_word' id='word_1_958' title='bbox 3371 5239 3548 5312; x_wconf 83' lang='lat' dir='ltr'><strong>(Deut.</strong></span> <span class='ocrx_word' id='word_1_959' title='bbox 3578 5251 3656 5292; x_wconf 78' lang='lat' dir='ltr'><strong>xix</strong></span> <span class='ocrx_word' id='word_1_960' title='bbox 3673 5278 3686 5303; x_wconf 93' lang='lat'><strong>,</strong></span> <span class='ocrx_word' id='word_1_961' title='bbox 3712 5227 3782 5300; x_wconf 55' lang='lat' dir='ltr'><strong>Si)</strong></span> 
     </span>
    </p>
   </div>
   <div class='ocr_carea' id='block_1_115' title="bbox 2245 5323 3784 5405">
    <p class='ocr_par' dir='ltr' id='par_1_115' title="bbox 2245 5323 3784 5405">
     <span class='ocr_line' id='line_1_116' title="bbox 2245 5323 3784 5405; baseline -0.006 -19"><span class='ocrx_word' id='word_1_962' title='bbox 2245 5330 2549 5402; x_wconf 87' lang='lat' dir='ltr'><strong>deposcere</strong></span> <span class='ocrx_word' id='word_1_963' title='bbox 2575 5372 2590 5398; x_wconf 93' lang='lat'><strong>,</strong></span> <span class='ocrx_word' id='word_1_964' title='bbox 2617 5323 2858 5390; x_wconf 84' lang='lat' dir='ltr'><strong>animam</strong></span> <span class='ocrx_word' id='word_1_965' title='bbox 2909 5332 3192 5405; x_wconf 88' lang='lat' dir='ltr'><strong>postulare</strong></span> <span class='ocrx_word' id='word_1_966' title='bbox 3221 5374 3237 5400; x_wconf 95' lang='lat'><strong>,</strong></span> <span class='ocrx_word' id='word_1_967' title='bbox 3285 5327 3708 5388; x_wconf 75' lang='lat' dir='ltr'><strong>Gircutncisionis</strong></span> <span class='ocrx_word' id='word_1_968' title='bbox 3743 5330 3784 5376; x_wconf 82' lang='lat' dir='ltr'><strong>et</strong></span> 
     </span>
    </p>
   </div>
   <div class='ocr_carea' id='block_1_116' title="bbox 2304 5464 3779 5545">
    <p class='ocr_par' dir='ltr' id='par_1_116' title="bbox 2304 5464 3779 5545">
     <span class='ocr_line' id='line_1_117' title="bbox 2304 5464 3779 5545; baseline 0.001 0"><span class='ocrx_word' id='word_1_969' title='bbox 2304 5468 2331 5545; x_wconf 53' lang='grc' dir='ltr'>ιῖ</span> <span class='ocrx_word' id='word_1_970' title='bbox 2357 5468 2527 5545; x_wconf 48' lang='lat' dir='ltr'><strong>Achar</strong></span> <span class='ocrx_word' id='word_1_971' title='bbox 2559 5470 2702 5539; x_wconf 75' lang='lat' dir='ltr'><strong>ﬁlius</strong></span> <span class='ocrx_word' id='word_1_972' title='bbox 2733 5472 2964 5528; x_wconf 79' lang='lat' dir='ltr'><strong>Charmi.</strong></span> <span class='ocrx_word' id='word_1_973' title='bbox 3001 5471 3143 5529; x_wconf 89' lang='lat' dir='ltr'><strong>Editi</strong></span> <span class='ocrx_word' id='word_1_974' title='bbox 3170 5477 3330 5543; x_wconf 90' lang='lat' dir='ltr'><strong>male,</strong></span> <span class='ocrx_word' id='word_1_975' title='bbox 3361 5475 3531 5530; x_wconf 81' lang='lat' dir='ltr'><strong>Achar</strong></span> <span class='ocrx_word' id='word_1_976' title='bbox 3559 5464 3779 5545; x_wconf 55' lang='lat' dir='ltr'><strong>ﬁll}!</strong></span> 
     </span>
    </p>
   </div>
   <div class='ocr_carea' id='block_1_117' title="bbox 2229 5539 3776 5616">
    <p class='ocr_par' dir='ltr' id='par_1_117' title="bbox 2229 5539 3776 5616">
     <span class='ocr_line' id='line_1_118' title="bbox 2229 5539 3776 5616; baseline 0.001 -20"><span class='ocrx_word' id='word_1_977' title='bbox 2229 5541 2352 5616; x_wconf 67' lang='lat' dir='ltr'><strong>fini.</strong></span> <span class='ocrx_word' id='word_1_978' title='bbox 2384 5542 2586 5616; x_wconf 66' lang='lat' dir='ltr'><strong>Locum</strong></span> <span class='ocrx_word' id='word_1_979' title='bbox 2621 5546 2958 5600; x_wconf 86' lang='lat' dir='ltr'><strong>restituiinus</strong></span> <span class='ocrx_word' id='word_1_980' title='bbox 2990 5561 3052 5616; x_wconf 66' lang='lat' dir='ltr'><strong>rx</strong></span> <span class='ocrx_word' id='word_1_981' title='bbox 3096 5539 3340 5616; x_wconf 74' lang='lat' dir='ltr'><strong>lectione</strong></span> <span class='ocrx_word' id='word_1_982' title='bbox 3369 5539 3595 5616; x_wconf 63' lang='lat' dir='ltr'><strong>Luciferi</strong></span> <span class='ocrx_word' id='word_1_983' title='bbox 3615 5539 3776 5616; x_wconf 41' lang='lat' dir='ltr'><strong>Citii&quot;?</strong></span> 
     </span>
    </p>
   </div>
   <div class='ocr_carea' id='block_1_118' title="bbox 2228 5607 3775 5690">
    <p class='ocr_par' dir='ltr' id='par_1_118' title="bbox 2228 5607 3775 5690">
     <span class='ocr_line' id='line_1_119' title="bbox 2228 5607 3775 5690; baseline 0 -22"><span class='ocrx_word' id='word_1_984' title='bbox 2228 5613 2342 5668; x_wconf 90' lang='lat' dir='ltr'><strong>tani</strong></span> <span class='ocrx_word' id='word_1_985' title='bbox 2498 5615 2561 5668; x_wconf 87' lang='lat' dir='ltr'><strong>de</strong></span> <span class='ocrx_word' id='word_1_986' title='bbox 2578 5631 2679 5668; x_wconf 87' lang='lat' dir='ltr'><strong>non</strong></span> <span class='ocrx_word' id='word_1_987' title='bbox 2709 5632 2852 5690; x_wconf 70' lang='lat' dir='ltr'><strong>pare.</strong></span> <span class='ocrx_word' id='word_1_988' title='bbox 2878 5618 2953 5690; x_wconf 53' lang='lat' dir='ltr'><strong>in</strong></span> <span class='ocrx_word' id='word_1_989' title='bbox 2967 5615 3130 5670; x_wconf 89' lang='lat' dir='ltr'><strong>Deum</strong></span> <span class='ocrx_word' id='word_1_990' title='bbox 3159 5615 3356 5690; x_wconf 81' lang='lat' dir='ltr'><strong>delinq.</strong></span> <span class='ocrx_word' id='word_1_991' title='bbox 3386 5633 3504 5690; x_wconf 74' lang='lat' dir='ltr'><strong>cap,</strong></span> <span class='ocrx_word' id='word_1_992' title='bbox 3537 5607 3775 5690; x_wconf 45' lang='lat' dir='ltr'><strong>5._Adi.$i5</strong></span> 
     </span>
    </p>
   </div>
   <div class='ocr_carea' id='block_1_119' title="bbox 2231 5676 3778 5760">
    <p class='ocr_par' dir='ltr' id='par_1_119' title="bbox 2231 5676 3778 5760">
     <span class='ocr_line' id='line_1_120' title="bbox 2231 5676 3778 5760; baseline -0.001 -22"><span class='ocrx_word' id='word_1_993' title='bbox 2231 5694 2360 5738; x_wconf 90' lang='lat' dir='ltr'><strong>tom.</strong></span> <span class='ocrx_word' id='word_1_994' title='bbox 2397 5683 2462 5740; x_wconf 86' lang='lat' dir='ltr'><strong>Vl</strong></span> <span class='ocrx_word' id='word_1_995' title='bbox 2491 5676 2855 5760; x_wconf 53' lang='lat' dir='ltr'><strong>nostrze&#39;liibl.</strong></span> <span class='ocrx_word' id='word_1_996' title='bbox 3018 5704 3138 5760; x_wconf 74' lang='lat' dir='ltr'><strong>pag.</strong></span> <span class='ocrx_word' id='word_1_997' title='bbox 3163 5676 3424 5760; x_wconf 43' lang='grc' dir='ltr'><strong>221ιίιοι.</strong></span> <span class='ocrx_word' id='word_1_998' title='bbox 3451 5676 3504 5752; x_wconf 74' lang='lat'><strong>3,</strong></span> <span class='ocrx_word' id='word_1_999' title='bbox 3537 5683 3617 5740; x_wconf 91' lang='lat' dir='ltr'><strong>ubi</strong></span> <span class='ocrx_word' id='word_1_1000' title='bbox 3643 5676 3778 5760; x_wconf 60' lang='grc' dir='ltr'><strong>Ασέιαῖ</strong></span> 
     </span>
    </p>
   </div>
   <div class='ocr_carea' id='block_1_120' title="bbox 2232 5747 3772 5831">
    <p class='ocr_par' dir='ltr' id='par_1_120' title="bbox 2232 5747 3772 5831">
     <span class='ocr_line' id='line_1_121' title="bbox 2232 5747 3772 5831; baseline 0.004 -21"><span class='ocrx_word' id='word_1_1001' title='bbox 2232 5771 2412 5831; x_wconf 81' lang='lat' dir='ltr'><strong>veram</strong></span> <span class='ocrx_word' id='word_1_1002' title='bbox 2445 5769 2566 5831; x_wconf 81' lang='lat' dir='ltr'><strong>esse</strong></span> <span class='ocrx_word' id='word_1_1003' title='bbox 2598 5749 2760 5824; x_wconf 88' lang='lat' dir='ltr'><strong>hujus</strong></span> <span class='ocrx_word' id='word_1_1004' title='bbox 2793 5747 3031 5816; x_wconf 72' lang='lat' dir='ltr'><strong>nmninis</strong></span> <span class='ocrx_word' id='word_1_1005' title='bbox 3059 5747 3548 5831; x_wconf 60' lang='lat' dir='ltr'><strong>pronuntiationem</strong></span> <span class='ocrx_word' id='word_1_1006' title='bbox 3573 5798 3585 5826; x_wconf 82' lang='lat'><strong>.</strong></span> <span class='ocrx_word' id='word_1_1007' title='bbox 3611 5768 3667 5810; x_wconf 68' lang='lat' dir='ltr'><strong>ex</strong></span> <span class='ocrx_word' id='word_1_1008' title='bbox 3691 5747 3772 5804; x_wconf 60' lang='grc' dir='ltr'><strong>(ἴθ’</strong></span> 
     </span>
    </p>
   </div>
   <div class='ocr_carea' id='block_1_121' title="bbox 2233 5826 2908 5886">
    <p class='ocr_par' dir='ltr' id='par_1_121' title="bbox 2233 5826 2908 5886">
     <span class='ocr_line' id='line_1_122' title="bbox 2233 5826 2908 5886; baseline 0.003 -4"><span class='ocrx_word' id='word_1_1009' title='bbox 2233 5826 2423 5882; x_wconf 91' lang='lat' dir='ltr'><strong>telerio</strong></span> <span class='ocrx_word' id='word_1_1010' title='bbox 2450 5826 2908 5886; x_wconf 86' lang='lat' dir='ltr'><strong>demonstratum.</strong></span> 
     </span>
    </p>
   </div>
  </div>
