3858 6342
124 303 266 362 1077

1561 300 1899 366 EPISTOLA
1939 307 2006 365 Ill
2017 353 2028 365 .

3294 310 3435 368 1078

120 424 347 482 Sabbati
376 422 757 493 redintegrare
800 424 1231 483 commercium?
1278 424 1481 482 Necate
1527 426 1674 483 fures
1704 471 1719 493 ,
1750 418 1804 489 Α
1828 427 2135 498 signatum,
2172 426 2316 481 nulla
2350 424 2589 481 hieretici
2615 424 2845 497 gurgitis
2874 420 2995 481 labe
3025 423 3277 492 sordere,
3308 424 3435 481 hor-

121 518 367 589 lapidate
397 516 727 586 petulantes.
746 516 924 573 Nolite
959 521 1010 572 in
1036 517 1340 589 Evangelio
1366 520 1554 589 legere
1582 518 1726 590 quod

122 611 433 683 pepercerit
458 610 721 664 Dominus
750 612 911 665 etiam
941 610 1204 665 adultera:
1228 610 1510 667 conﬁtenti
1544 611 1725 685 (Joan.

122 721 216 760 VIII
246 746 263 771 ,
300 704 415 772 Η),
453 719 614 771 quam
650 720 811 759 nemo
841 703 1158 759 damnarat:
1188 703 1332 774 quod
1366 707 1726 774 peccatricem

122 812 245 868 qua:
279 797 534 868 lacrymis
583 795 749 865 pedes
778 796 896 866 ejus
923 796 1141 850 lavabat
1171 839 1185 861 ,
1218 796 1551 852 absolverit:
1583 797 1728 869 quod

122 887 318 942 Rattab
348 886 489 957 apud
518 888 687 955 ipsam
720 886 975 943 Hiericho
1006 887 1193 943 urbem
1228 887 1549 944 Phoenicum
1594 889 1730 946 libe-

62 986 63 989 “
119 981 259 1035 ravit
278 997 290 1036 :
309 979 453 1051 quod
485 979 813 1035 Thantarem
841 995 868 1032 a
893 980 1161 1035 sententia
1193 980 1521 1049 patriarcha:
1549 980 1728 1036 absol-

120 1072 290 1128 verit:
323 1071 489 1143 quod,
517 1070 773 1127 Sodomis
795 1087 1011 1141 quoque
1035 1072 1414 1141 pereuntibus,
1437 1072 1556 1127 Loti
1588 1072 1727 1129 ﬁlias

118 1180 227 1219 non
267 1164 633 1229 exstinxerit;
675 1164 1005 1219 liberaturus
1033 1174 1088 1219 ct.
1113 1179 1371 1234 generos,
1405 1167 1449 1219 si
1481 1164 1723 1220 futurum

117 1256 393 1313 excidium
425 1256 820 1310 credidissent.
854 1258 998 1325 Age;
1034 1272 1141 1312 non
1176 1265 1330 1312 tenes
1361 1257 1550 1314 dicere
1580 1258 1725 1329 apud

117 1348 292 1403 David
325 1349 650 1403 Dominum:
686 1347 813 1403 Cum
843 1350 920 1403 liis
952 1352 1041 1421 qui
1072 1350 1293 1406 oderunt
1326 1368 1539 1422 pacem,
1584 1369 1724 1407 eram

114 1443 365 1514 paciﬁcus
393 1441 567 1511 (Psal.
596 1456 745 1507 cxtx,
778 1442 873 1513 7)?
904 1443 1218 1499 Salomonis
1251 1460 1466 1515 quoque
1493 1454 1720 1501 senten-

114 1537 243 1589 tiam
280 1550 389 1589 non
419 1544 622 1599 tacere;
655 1538 817 1605 frater
844 1538 1063 1606 fratrem
1093 1536 1367 1609 adjuvans,
1407 1538 1724 1592 exaltabitur

113 1630 302 1699 (Prov.
359 1644 487 1684 xvut
515 1671 529 1693 ,
574 1628 676 1698 9)?
721 1629 860 1695 Quid
907 1630 1244 1698 Apostolus?
1276 1629 1535 1696 Fratres,
1585 1642 1632 1686 et
1676 1633 1723 1686 si

112 1733 512 1794 pratoccupatus
555 1723 714 1793 fuerit
756 1723 908 1776 homo
936 1724 990 1776 in
1020 1723 1197 1794 aliqua
1242 1724 1465 1791 delicto;
1507 1740 1594 1779 vos
1634 1726 1723 1796 qui

1836 526 2058 587 tumque
2103 516 2420 573 conclusum
2455 519 2673 587 plenum
2704 517 2943 572 oleribus
2972 518 3185 588 magnis
3230 517 3435 587 pariter

1833 620 1886 667 et
1937 610 2177 681 parvulis
2207 654 2221 677 ,
2270 610 2470 666 vilibus
2502 621 2662 682 atque
2712 610 2983 681 pretiosis.
3029 608 3166 666 Octo
3214 625 3431 682 quoque

1832 700 2045 757 animas
2073 718 2137 758 ex
2169 716 2290 757 arca
2320 744 2333 767 ,
2365 702 2460 756 sed
2495 703 2636 756 inter
2678 718 2813 773 quas
2843 712 2896 758 et
2926 700 3095 758 Cham
3141 700 3345 757 fuerit:
3378 708 3438 758 et

1833 796 2002 851 millia
2028 796 2117 850 illa
2141 795 2423 850 volucrum
2456 804 2617 866 atque
2643 796 2880 850 ferarum
2914 793 3038 850 bina
3063 804 3223 863 atque
3254 800 3435 865 septe-

1831 904 1896 942 na
1926 930 1939 953 ,
1963 888 2161 943 munda
2188 888 2395 957 pariter
2425 897 2479 942 et
2510 888 2821 942 immunda:
2854 887 3035 943 fontes
3066 903 3199 943 vero
3229 889 3430 955 siccos,

1829 989 1884 1035 et
1908 981 2137 1036 nebulas
2162 979 2473 1035 turbinibus
2502 979 2787 1044 excitatas,
2818 980 3205 1037 ha'reticorum
3239 981 3434 1037 sterili-

1830 1082 1995 1129 tatem
2028 1081 2085 1129 et
2112 1074 2421 1129 insanorum
2456 1087 2647 1128 vocum
2680 1073 2917 1143 impetus
2941 1074 3292 1130 arbitramur.
3319 1074 3431 1130 Nec

1830 1167 2196 1237 promittimus
2219 1165 2551 1231 libertatem,
2578 1182 2699 1221 cum
2726 1167 2825 1237 ipsi
2858 1169 2999 1223 servi
3035 1169 3206 1223 simus
3230 1183 3427 1239 prenso;

1828 1259 1921 1313 sed
1945 1259 2174 1314 crimina
2208 1268 2392 1314 nostra
2418 1259 2934 1332 confessigreliquos
2947 1264 3109 1318 etiam
3139 1272 3195 1316 ut
3218 1262 3427 1319 fatean-

1829 1358 1915 1405 tur
1946 1351 2229 1406 hortamur
2257 1393 2272 1417 ,
2305 1351 2642 1423 credantque
2690 1354 2742 1406 in
2774 1368 2894 1408 eum
2926 1358 3016 1425 qui
3038 1356 3301 1428 justi/ient
3329 1357 3427 1410 im-

1826 1445 1970 1516 pium
1997 1461 2060 1500 ex
2091 1446 2195 1514 ﬁde
2223 1444 2404 1515 (Rom.
2431 1460 2485 1500 ut
2513 1488 2527 1510 ,
2549 1446 2645 1519 26)
2674 1489 2688 1512 ,
2721 1449 2810 1516 qui
2834 1450 3058 1518 reﬂectit
3080 1446 3385 1504 sententiam
3409 1492 3425 1517 ,

1825 1540 2066 1595 adversus
2094 1540 2347 1594 malitiam
2374 1542 2659 1615 irregatam
2693 1540 2853 1613 (Joel.
2888 1559 2943 1609 tt,
2978 1545 3067 1611 15,
3100 1561 3202 1598 sec.
3233 1544 3426 1617 LXX).

1826 1633 2175 1690 Attendimus
2213 1649 2430 1706 quoque
2455 1650 2482 1688 a
2505 1634 2655 1690 falsis
2684 1635 2973 1705 prephetis
3002 1645 3059 1693 et
3090 1638 3228 1707 lupis
3262 1653 3421 1710 rapa-

1825 1724 1999 1790 cibus,
2021 1742 2142 1781 cum
2166 1741 2423 1782 cavemus
2452 1743 2480 1781 a
2504 1727 2660 1782 vobis
2686 1726 2904 1797 (Matth.
2936 1744 3031 1794 vn,
3067 1728 3425 1793 l5).Jannem

109 1818 413 1888 spirituales
441 1816 560 1869 estis
590 1857 604 1879 ,
634 1817 866 1870 instruite
906 1816 1211 1891 hujusmodi
1250 1819 1306 1872 in
1343 1818 1531 1889 spiritu
1569 1835 1719 1873 man-
1750 1828 1796 1889 Β
1824 1831 1953 1870 vero
1983 1824 2038 1871 et
2064 1816 2357 1871 Mambrem
2399 1818 2478 1872 sic
2508 1817 2775 1872 restitisse
2804 1818 2973 1890 Moysi
3004 1861 3017 1882 ,
3046 1821 3188 1874 sicut
3213 1835 3311 1875 vos
3340 1836 3431 1875 ca-

107 1911 399 1965 suetudinis
431 1953 445 1977 ,
492 1912 871 1965 considerantes
916 1912 1246 1984 vosmetipsos
1315 1929 1379 1967 ne
1432 1914 1713 1968 tentemini.

107 2004 345 2058 Invicem
374 2021 531 2059 onera
557 2016 721 2058 vestra
752 2014 973 2076 portate,
1000 2016 1046 2059 et
1075 2007 1150 2059 sic
1178 2006 1527 2077 adimplebitis
1555 2006 1717 2078 legem

109 2099 309 2153 Christi
333 2099 472 2170 (Gal.
502 2114 590 2163 vt,
618 2103 670 2164 1.
695 2100 777 2171 2).
807 2100 870 2154 Et
905 2100 1032 2155 illud
1057 2099 1199 2170 quod
1234 2110 1357 2155 ante
1384 2100 1493 2171 jam
1519 2100 1713 2156 retuli:

109 2194 246 2263 Opto
277 2195 414 2247 enim
442 2193 716 2247 anathema
742 2211 849 2248 esse
879 2197 930 2248 in
960 2194 1168 2249 Christo
1198 2211 1294 2265 pro
1317 2195 1563 2266 fratribus
1589 2196 1716 2251 meis

105 2288 343 2358 cognatis
379 2286 660 2341 secundum
701 2303 907 2341 carnem
937 2287 1116 2358 (Rom.
1147 2303 1197 2342 η
1226 2329 1240 2355 ,
1276 2287 1352 2360 5).
1390 2289 1457 2343 Ει
1483 2289 1714 2344 iterum:

108 2380 367 2434 Omnibus
415 2380 587 2433 omnia
634 2381 803 2449 factus
847 2396 960 2432 sum
987 2421 1001 2444 ,
1036 2389 1092 2433 ut
1133 2395 1308 2433 omnes
1354 2381 1716 2450 lucrifacerem

106 2473 147 2544 (Ι
177 2472 308 2529 Cor.
336 2488 394 2528 tx
421 2515 436 2539 ,
464 2473 584 2542 9'2):
618 2473 721 2529 hoc
743 2483 857 2540 est,
890 2489 1012 2529 cum
1058 2474 1362 2528 vulneratis
1389 2514 1404 2541 ,
1433 2474 1713 2543 gemitus;

104 2581 230 2621 cum
268 2567 689 2638 :egrotantibus,
729 2567 1004 2633 laborem;
1037 2575 1264 2622 mortem
1295 2581 1418 2621 cum
1446 2566 1718 2621 moriente

110 2664 330 2731 partiri,
352 2677 540 2718 casum
572 2661 796 2717 fratrum
819 2677 941 2717 cum
972 2668 1113 2716 statu
1143 2676 1243 2716 suo
1274 2675 1433 2731 posse
1463 2661 1713 2727 miscere,

103 2756 316 2827 aliquid
345 2757 413 2812 de
439 2770 533 2812 sua
568 2756 805 2813 sanitate
827 2756 1107 2821 decidere,
1131 2765 1187 2812 et
1212 2755 1596 2812 deﬁcientibus
1617 2754 1713 2809 ad-

108 2850 307 2905 hibere
336 2849 681 2906 medicinam.

178 2941 328 2996 XXI.
361 2941 499 3009 Quid
529 2941 683 2995 vobis
717 2939 942 3011 prodest
969 2939 1200 3010 superba
1230 2952 1281 2996 et
1307 2954 1500 3010 aspera
1537 2938 1716 2995 fronte

106 3034 320 3099 durari,
349 3034 472 3087 altis
503 3048 693 3104 regere
722 3032 1050 3097 cervicibus,
1070 3032 1252 3087 vultus
1275 3042 1535 3104 torquere
1566 3049 1592 3085 a
1618 3034 1718 3088 mi-

106 3127 276 3195 seris,
305 3127 520 3183 auditus
544 3128 841 3196 oculosque
864 3126 1239 3198 praecludere?
1262 3127 1565 3197 Numquam
1595 3127 1715 3200 (vos

1822 1908 2062 1973 tholicis,
2093 1909 2442 1964 arbitramur.
2478 1910 2606 1964 lude
2637 1912 2716 1964 sic
2749 1910 2904 1982 ponit
2929 1893 3257 1981 Apostolus:
3288 1913 3428 1980 Quia

1818 2000 1946 2053 sicut
1959 1997 2155 2053 Junnes
2175 2008 2222 2052 et
2244 1999 2297 2054 Μ
2302 2001 2502 2054 ambres
2515 2001 2689 2055 restite
2702 2011 2818 2055 runt
2846 2000 3018 2074 Moysi
3027 2044 3039 2066 ,
3056 2004 3129 2056 ita
3143 2013 3189 2056 et
3205 2005 3257 2057 hi
3270 2006 3427 2059 resis-

1821 2099 1930 2144 tunt
1950 2092 2150 2145 veritati
2171 2108 2188 2145 :
2220 2094 2453 2147 homines
2479 2102 2649 2147 mente
2676 2096 2911 2163 corrupti
2936 2105 2984 2149 et
3010 2112 3038 2148 η
3061 2094 3172 2150 Deo
3194 2098 3429 2164 reprobi;

1818 2184 1909 2238 sed
1932 2185 2067 2238 ultra
2088 2202 2190 2239 non
2219 2186 2520 2255 proﬁcient:
2550 2188 2849 2259 insipientia
2877 2189 3011 2242 enim
3039 2204 3217 2243 eorum
3258 2192 3428 2245 manl-

1818 2282 1947 2349 festa
1978 2279 2071 2331 erit
2101 2278 2356 2344 omnibus,
2382 2280 2515 2332 sicut
2544 2279 2751 2333 illorum
2777 2280 2961 2350 [υκαι
2989 2278 3128 2336 Tim.
3156 2296 3236 2349 ιιι,
3266 2280 3418 2354 8,9).

1819 2370 1973 2439 Quod
2000 2371 2053 2425 in
2079 2386 2175 2425 vos
2200 2370 2407 2426 dictum
2436 2387 2562 2427 esse
2595 2372 2944 2428 manifestum
2972 2383 3056 2429 est
3081 2415 3094 2439 ,
3124 2375 3217 2444 qui
3249 2390 3428 2445 neque

1820 2463 2088 2534 proﬁcere,
2117 2464 2375 2536 amplius,
2394 2480 2572 2534 neque
2598 2465 2968 2537 insipientiam
2991 2476 3225 2522 vestram
3245 2467 3427 2523 celare

1820 2558 2096 2628 potuistis.

1890 2648 2055 2703 XXII.
2095 2650 2195 2717 Qui
2217 2650 2509 2720 baptizatur
2530 2667 2561 2704 a
2588 2661 2811 2716 mortuo,
2842 2651 2975 2705 nihil
2996 2652 3202 2719 proﬁcit
3232 2651 3423 2721 (Eceli.

1819 2758 2000 2809 xxxiv,
2032 2742 2161 2813 30);
2192 2743 2382 2814 utique
2413 2743 2506 2813 qui
2532 2742 2794 2799 haeretica
2822 2744 2975 2821 fonte
3004 2744 3228 2811 tlilutus,
3253 2743 3333 2799 sic
3371 2754 3431 2801 et

1818 2837 1907 2907 qui
1941 2838 2242 2906 peccatoris
2271 2836 2396 2892 oleo
2426 2839 2669 2908 ungitur,
2700 2838 2752 2893 id
2786 2848 2894 2903 est,
2926 2839 3019 2909 qui
3040 2840 3236 2909 Spiritu
3258 2840 3430 2894 satia-

1820 2941 1904 2985 tur
1932 2931 2232 2986 immundo.
2256 2932 2399 3002 Ergo
2419 2944 2472 2986 et
2498 2932 2592 2986 ﬁlii
2624 2935 2951 3003 sanguinum
2984 2948 3083 2989 vos
3108 2935 3280 2989 eritis.
3307 2933 3426 2991 Non

1819 3024 1966 3077 enim
1997 3038 2183 3093 pacem
2229 3026 2454 3079 fratrum
2477 3066 2491 3089 ,
2527 3025 2625 3079 sed
2656 3027 2982 3095 sanguinem
3013 3028 3425 3097 concupiscitis.

1818 3115 1983 3170 Fides
2012 3114 2144 3169 falsa
2172 3158 2187 3182 ,
2222 3126 2307 3171 est
2334 3125 2514 3171 vestra
2544 3117 2863 3172 credulitas.
2895 3116 3156 3172 Adultera
3184 3119 3379 3173 mulier
3407 3156 3424 3185 ,

107 3222 231 3292 oro)
277 3222 602 3277 cecidistis?
645 3222 800 3277 Nulla
844 3224 895 3276 in
938 3222 1135 3277 vesuis
1180 3223 1452 3277 mentibus
1498 3223 1710 3278 macula

1838 3211 2071 3266 heretica
2104 3212 2455 3281 congregatio
2487 3219 2600 3265 est:
2634 3209 2915 3264 Catholica
2947 3211 3115 3277 enim,
3143 3210 3214 3265 ab
3242 3211 3426 3276 initio,

107 3316 240 3372 est?
280 3314 435 3369 Nulla
472 3316 523 3369 in
557 3315 733 3369 oculis
762 3315 908 3388 (oro)
943 3315 1195 3369 festuca?
1230 3315 1358 3382 Quis
1404 3315 1715 3388 gloriabitur

107 3418 311 3464 castum
341 3426 396 3463 se
419 3409 607 3463 habere
635 3426 725 3463 cor
752 3451 766 3476 ,
812 3418 901 3463 aut
946 3409 1194 3463 mundum
1221 3426 1276 3462 se
1301 3426 1408 3463 esse
1432 3427 1463 3463 a
1494 3410 1715 3479 peccatis

109 3500 299 3571 (Prov.
335 3517 431 3569 xx,
463 3503 517 3565 9,
550 3518 652 3555 sec.
687 3500 898 3570 LXX)?
927 3499 1108 3556 Credo
1142 3510 1203 3567 ﬂ;
1238 3516 1333 3554 vos
1360 3503 1515 3569 justi,
1551 3502 1716 3557 bene-

111 3595 247 3659 voli,
283 3604 672 3664 temperantes,
694 3597 890 3665 quibus
914 3594 1154 3649 membra
1185 3595 1367 3649 omnia
1398 3610 1529 3649 sana
1563 3605 1713 3660 sunt,

110 3687 318 3757 quibus
356 3702 516 3741 omne
544 3702 747 3756 corpus
777 3688 1035 3742 intactum
1066 3733 1078 3755 ,
1111 3688 1311 3759 quibus
1351 3688 1596 3743 medicus
1624 3704 1717 3744 ne-

110 3780 397 3835 cessarius
430 3796 540 3834 non
572 3790 675 3845 est,
710 3796 811 3835 nec
839 3781 1107 3836 medicina
1140 3780 1482 3851 langunrum.
1518 3780 1721 3837 Intrate

108 3873 223 3941 jam
264 3870 498 3937 celum;
534 3871 767 3941 paradisi
797 3871 995 3933 aditus.
1032 3873 1309 3941 romphaea
1334 3873 1586 3938 cedente,
1620 3888 1719 3944 pe-

115 3973 329 4020 netrate
356 3982 370 4029 ;
401 3972 484 4018 tot
517 3975 832 4019 nostrorum
866 3964 1104 4035 populis,
1139 3964 1309 4019 Deum
1344 3966 1565 4020 unicum
1589 3980 1718 4020 eon-

118 4057 440 4117 ﬁtentibus.
472 4058 612 4113 dona
643 4066 820 4111 vestra
852 4057 1193 4127 prmeludite.
1227 4058 1358 4124 Quae
1389 4059 1433 4111 si
1459 4073 1518 4112 se
1563 4059 1720 4129 longe

114 4154 282 4207 aliter
330 4149 533 4207 habent
583 4167 742 4220 quam
791 4150 1155 4221 implacabilis
1187 4151 1493 4204 immanitas
1521 4149 1547 4188 ι’
1577 4151 1722 4220 rigor

119 4259 307 4298 rerum
338 4284 351 4308 ,
381 4254 433 4299 et
464 4245 771 4299 immanitas
800 4253 979 4299 vestra
1013 4244 1298 4307 mentitur;
1327 4243 1438 4312 jam
1471 4243 1724 4312 intelligi-

121 4338 191 4391 tis
219 4336 531 4400 Novatiani,
561 4338 725 4391 Deum
757 4350 915 4406 posse
940 4337 1217 4399 misereri;
1244 4337 1354 4404 jam
1388 4334 1602 4390 miseris
1624 4333 1725 4390 ira-

122 4429 304 4484 tribus
333 4427 402 4483 de
431 4429 709 4499 prasterito
751 4428 1140 4483 conﬁtentibus
1172 4467 1186 4493 ,
1217 4428 1304 4482 vel
1331 4441 1508 4482 seram
1538 4436 1726 4495 patere

125 4523 452 4578 medicinam
472 4541 484 4587 ;
507 4523 615 4591 jam
642 4524 985 4577 vulneratum
1020 4522 1173 4575 illum
1200 4536 1229 4574 a
1259 4520 1441 4575 Levita
1469 4530 1521 4573 et
1545 4534 1727 4574 sacer-

1816 3303 1884 3357 de
1916 3301 2014 3357 viri
2044 3302 2127 3356 sui
2172 3300 2332 3355 thoro
2363 3310 2416 3356 et
2447 3300 2693 3355 thalamo
2720 3316 2827 3355 non
2860 3301 3128 3367 recessit,
3161 3316 3264 3355 nec
3293 3302 3429 3357 alie-

1818 3409 1917 3449 nos
1949 3404 2227 3448 amatores
2252 3401 2345 3446 aut
2366 3400 2658 3447 extraneos
2689 3393 3022 3463 concupivit.
3050 3393 3158 3449 Vos
3177 3393 3424 3451 exsulem

1819 3488 2046 3542 formam
2078 3501 2224 3541 noto
2253 3486 2438 3541 colore
2469 3484 2753 3555 piuxistis;
2789 3500 2886 3540 vos
2933 3486 3149 3540 thorum
3178 3496 3426 3541 vestrum

1819 3599 1846 3637 a
1876 3584 2131 3655 conjugio
2158 3580 2454 3651 separastis
2481 3580 2740 3649 antiquo;
2776 3593 2874 3635 vos
2894 3595 2923 3633 a
2953 3579 3142 3634 matris
3172 3577 3423 3639 nniculne

1818 3692 2049 3749 corpore
2080 3676 2376 3740 recessitis,
2414 3691 2553 3729 novo
2581 3674 2828 3744 placendi
2856 3688 3081 3744 genere,
3113 3672 3269 3729 novis
3296 3687 3423 3727 eur-

1819 3770 2153 3841 ruptelarum
2174 3768 2451 3827 illecebris
2489 3768 2737 3839 expoliti.
2763 3766 2897 3822 Nam
2923 3766 3068 3836 quod
3092 3764 3424 3838 Cyprianum

1819 3861 2194 3917 beatissimum
2229 3858 2359 3914 tnihi
2385 3875 2481 3928 pro
2508 3858 2788 3914 contrario
2819 3865 2958 3913 teste
2982 3857 3261 3927 proponis,
3289 3857 3423 3927 quia

1822 3957 1872 4009 in
1900 3954 2142 4023 Epistula
2173 3969 2293 4023 qua:
2314 3953 2378 4006 de
2398 3951 2581 4025 [lapsis
2612 3962 2721 4017 est,
2747 3951 2969 4022 Moysen
3001 3948 3026 3987 ά
3058 3959 3113 4006 et
3140 3950 3422 4007 Danielum

1821 4056 1875 4103 et
1900 4047 2003 4102 Job
2030 4060 2219 4101 orasse
2242 4060 2338 4115 pro
2354 4044 2735 4115 peccatoribus
2758 4044 2927 4108 dicat,
2945 4058 3045 4098 nec
3073 4044 3424 4113 impetrasse,

1822 4141 2038 4196 dicente
2072 4140 2330 4194 Domino:
2365 4137 2431 4191 Et
2460 4139 2503 4191 si
2543 4148 2642 4191 tres
2690 4139 2743 4190 in
2790 4137 2965 4190 medio
3012 4151 3191 4201 eorum
3240 4135 3432 4205 fuerint

1825 4232 1980 4301 Noe,
2008 4231 2109 4285 Job
2136 4243 2182 4284 et
2210 4230 2397 4284 Daniel
2422 4271 2436 4294 ,
2462 4246 2564 4283 non
2591 4228 2879 4282 liberabunt
2905 4226 3043 4297 ﬁlios
3073 4242 3237 4296 neque
3263 4227 3427 4293 ﬁlias,

1824 4328 1914 4380 sed
1941 4326 2043 4394 ipsi
2073 4324 2173 4378 soli
2211 4323 2342 4376 salvi
2374 4331 2523 4375 erunt
2568 4319 2788 4390 (Ezech.
2821 4335 2910 4374 xtv
2935 4360 2949 4385 ,
2995 4318 3113 4390 ΞΟ).
3169 4318 3386 4373 Utinam
3415 4360 3433 4389 ,

1827 4422 2033 4476 utinam
2058 4417 2330 4490 Cypriane
2375 4426 2513 4472 teste
2547 4415 2737 4470 nitaris
2768 4455 2785 4481 ,
2816 4415 3023 4468 utinam
3057 4421 3168 4469 tam
3197 4412 3431 4471 salubri-

1828 4516 1930 4570 bus
1970 4512 2255 4568 sententiis
2286 4509 2621 4581 acquiescas.
2654 4507 2749 4562 llle
2769 4507 2913 4563 enim
2944 4547 2960 4573 ,
2992 4521 3117 4561 cum
3150 4506 3335 4574 lapsos
3362 4504 3433 4559 ad

123 4616 255 4671 dote
290 4617 619 4683 praueritutn
652 4656 667 4680 ,
716 4631 811 4685 per
851 4614 1128 4669 Christum
1159 4627 1316 4683 posse
1354 4610 1569 4667 curari:
1615 4611 1724 4679 jam
1753 4617 1807 4679 ι)
1831 4606 2205 4679 paenitentiam
2229 4611 2453 4674 cogeret
2480 4601 2572 4673 qui
2594 4600 2861 4671 ptenitere
2884 4599 3161 4667 uolebant,
3182 4598 3436 4659 dicentes

128 4710 392 4765 Ecclesia:
416 4724 604 4778 preces
622 4710 917 4764 humilibus
943 4725 1051 4763 non
1079 4708 1383 4778 negandas;
1401 4707 1511 4775 jam
1537 4722 1728 4763 manus

131 4803 480 4859 sacerdotum
530 4801 854 4857 miserandis
906 4801 1164 4856 fratribus
1215 4798 1573 4855 exhibendas.
1621 4798 1733 4854 Nos

129 4906 310 4954 autem
344 4896 697 4967 intelligimus
731 4937 744 4958 ,
800 4907 856 4950 ut
884 4898 1218 4966 esprohras,
1252 4892 1557 4949 Ecclesium
1588 4892 1725 4957 Dei,

134 4991 450 5045 columbam
476 5004 584 5043 non
613 4988 737 5044 felle
784 5005 1023 5044 amaram
1052 5030 1067 5053 ,
1102 5005 1205 5042 non
1237 4988 1494 5057 unguium
1527 4986 1732 5041 lacera-

138 5084 286 5136 tione
317 5081 610 5136 violentam
638 5122 654 5146 ,
691 5079 931 5149 parvulis
967 5092 987 5117 ε
1024 5096 1237 5149 quoque
1262 5080 1467 5148 plumis
1492 5078 1737 5148 exiguis-

136 5190 260 5245 que.
305 5173 519 5229 Scimus
559 5173 725 5227 etiam
777 5180 998 5239 puteum
1048 5185 1203 5239 aquae
1237 5172 1372 5226 viva:
1421 5172 1737 5242 fontemque

213 5338 236 5364 η
266 5325 434 5385 Credo
467 5326 918 5399 ...._lnnguorunt.
941 5324 1105 5379 Forte
1132 5323 1418 5399 legendum
1449 5325 1734 5396 interpun-

141 5399 485 5469 gendumque
510 5415 522 5450 :
552 5395 694 5451 Cedo
850 5395 1153 5466 lunguorum
1176 5396 1201 5447 ?

216 5471 241 5507 δ
279 5470 436 5538 Rigor
465 5485 658 5522 rerum.
688 5469 1050 5522 Posteriorem
1081 5480 1265 5518 Vocem
1297 5467 1559 5537 expungit
1587 5466 1736 5521 Lall-

146 5541 286 5596 ttius.
319 5540 458 5609 Quid
485 5555 669 5609 porro,
695 5539 739 5592 si
772 5549 995 5593 uestrum
1018 5538 1273 5609 gignendi
1301 5552 1427 5593 casu
1452 5538 1739 5607 scripserit

150 5557 286 5596 mus.
319 5556 458 5609 quin
520 5556 669 5603 orro,
695 5556 739 5592 si
772 5556 995 5593 vestrum
1018 5556 1273 5604 gignendi
1301 5556 1427 5593 casu
1452 5556 1733 5607 scripserit

150 5612 455 5677 Pacianus?
485 5556 597 5666 Qui
647 5623 825 5665 autem
857 5607 1149 5662 immanitas
1194 5624 1314 5676 quae
1361 5611 1611 5679 sequitur
1636 5649 1651 5677 ,
1702 5624 1733 5665 a

147 5683 284 5736 Ttlio
310 5683 554 5751 suppleta
588 5681 884 5751 reponitur.
922 5679 994 5733 lo.

225 5764 245 5791 ο
290 5750 526 5806 Parvulis
576 5768 780 5821 quoque
821 5750 1010 5820 plumis
1056 5750 1375 5822 exiguisque.
1423 5751 1741 5806 Gaudentem

152 5824 364 5895 Supplel
382 5822 574 5877 Titius.
592 5820 721 5880 Mox
746 5837 875 5879 vero
906 5832 1029 5893 post
1059 5820 1329 5876 Latinium
1356 5822 1741 5892 rescripsimus

1833 4718 1861 4756 a
1891 4700 2305 4756 confessoribus
2326 4699 2444 4753 sive
2469 4695 2800 4767 martyribus
2824 4694 3103 4764 accepisse
3129 4707 3189 4750 se
3215 4705 3431 4761 pacem,

1833 4794 2019 4850 docuit
2046 4804 2102 4849 et
2127 4792 2388 4857 ostendit,
2423 4790 2566 4862 quod
2601 4804 2701 4845 nec
2736 4788 3067 4860 patriarcha:
3098 4787 3170 4842 illi
3197 4800 3294 4855 pro
3324 4797 3435 4839 non

1835 4887 2223 4959 paenitentibus
2254 4887 2632 4955 impetrarent.
2655 4882 2868 4938 Etenim
2900 4884 3022 4951 quis
3048 4877 3289 4933 liberare
3318 4886 3437 4943 pos-

1833 4984 1905 5037 sit
1933 4979 2195 5034 invitum?
2232 4979 2356 5047 quis
2394 4990 2492 5046 pro
2536 4974 2791 5045 superbis
2823 4968 3132 5027 humiliari?
3163 4964 3284 5036 quis
3331 4978 3432 5034 pro

1834 5088 1941 5128 non
1975 5070 2364 5143 paenitentibus
2391 5066 2724 5139 impetrare?
2745 5063 2901 5131 Quod
2930 5062 3113 5129 utique
3142 5073 3266 5113 cum
3287 5055 3438 5119 dice-

1835 5180 1938 5236 ret,
1969 5169 2034 5223 ad
2067 5166 2400 5239 ptenitentiae
2427 5164 2661 5234 cogebat
2690 5156 2954 5216 remedia.
2989 5154 3101 5210 Nec
3129 5161 3320 5208 contra
3366 5165 3428 5213 se

1840 5331 2049 5395 puteum
2077 5340 2165 5394 aq.
2190 5339 2236 5376 υ.
2274 5319 2529 5395 ubi‘edi-ti
2554 5316 2757 5370 habent
2785 5322 2839 5367 ut
2868 5328 3007 5395 eum.
3104 5390 3133 5395 ’ί
3343 5388 3385 5395 ὼ

1912 5392 1936 5431 ἀ
1967 5382 2202 5464 Moysen.
2235 5394 2341 5464 Attt
2371 5390 2637 5464 Pacianus
2671 5384 2931 5464 memttt'ia
2962 5382 3184 5464 lapsus,
3218 5387 3310 5432 aut
3342 5388 3440 5459 po-

1842 5466 1945 5520 tius
1973 5452 2226 5519 libr'arius
2247 5456 2390 5515 aliud
2413 5473 2577 5529 agens
2595 5457 2817 5512 erravit.
2833 5452 3265 5529 Rescribendum
3289 5452 3439 5529 cuitu

1840 5538 2054 5591 videtur
2086 5534 2199 5588 Noe
2232 5550 2327 5603 pro
2360 5521 2608 5600 Mogsen,
2638 5528 2703 5581 ad
2720 5534 2937 5603 textum
2975 5522 3278 5603 Ezechielis
3316 5521 3441 5603 sub-

1836 5589 2063 5677 jectum.
2112 5589 2292 5677 Neque
2338 5589 2494 5655 aliter
2541 5589 2672 5653 sane
2716 5598 2773 5677 S_.
2804 5594 3124 5677 Cyprianus
3158 5590 3221 5677 de
3250 5589 3440 5675 Lapsis

1841 5664 1963 5751 pag.
2002 5678 2099 5732 l30
2127 5664 2590 5751 etl_i't.A0xon..quu
2620 5664 2920 5751 respicite;
2956 5667 3137 5733 Pater.
3162 5664 3442 5751 pttlatiq‘tti:

1843 5734 1967 5805 item
2008 5747 2318 5803 emendatio
2351 5759 2415 5803 ex
2468 5734 2536 5797 iis
2583 5741 2940 5795 conﬁrmatur
2963 5777 2979 5805 ,
3012 5751 3131 5808 qua:
3163 5734 3437 5789 habentur

1848 5820 1982 5876 infra
2010 5833 2134 5888 cap.
2172 5816 2261 5869 Ἡ.
