4048 6350
476 244 620 305 I079

1868 241 2119 303 SANCTI
2160 243 2435 303 PACIANI

468 360 689 419 locutus
714 367 801 418 est
823 359 1029 433 aliquid
1059 359 1147 417 vir
1169 359 1316 418 illius
1344 359 1626 433 gravitatis
1644 368 1701 418 et
1725 359 1940 430 meriti,
1970 358 2066 416 sed
2096 359 2150 422 Α
2173 358 2290 432 ipsa
2318 359 2615 418 sordescit.
2641 360 2940 430 ,Qttadam,
2975 375 3234 434 purpurae
3270 372 3570 437 martyrum
3609 381 3738 424 com-

468 453 780 512 t‘undendas
803 468 836 510 a
858 453 1240 526 peccatoribus
1272 467 1468 525 preces
1494 453 1685 510 docuit
1714 495 1729 520 ,
1770 462 1825 510 et
1844 467 2069 510 exomo—

470 547 701 619 Iogesim
747 546 1102 618 diligendam.
1136 546 1256 618 Ipsa
1286 556 1469 603 tamen
1509 544 1771 619 Cypriani
1814 545 2068 617 exempla

465 649 522 696 te
547 647 869 710 permovent
897 683 913 708 ,
954 639 1152 710 quibus
1177 649 1232 696 et
1262 639 1483 713 Moysen
1510 650 1563 695 et
1587 648 1819 696 caeteros
1845 648 2069 696 sanctos

469 749 582 792 non
613 735 939 806 impetrasse
965 743 1401 802 commemorat,
1444 735 1538 806 qui
1565 749 1663 806 pro
1693 733 2070 806 peccatoribus

465 827 837 900 postulabant.

539 918 732 984 XXIII.
762 919 903 976 Ain?
934 919 1050 976 Non
1072 919 1228 977 vides
1251 921 1471 994 Moysen
1501 935 1598 992 pro
1619 920 1817 992 quibus
1840 935 1947 976 non
1972 919 2070 974 im-

472 1012 818 1082 petraverit?
865 1011 1145 1070 Reversus
1184 1013 1250 1068 ad
1297 1014 1608 1086 populum,
1639 1015 1772 1086 quid
1820 1014 1968 1070 audit
2015 1014 2069 1070 in

470 1105 708 1161 castris?
748 1104 923 1161 Voces
974 1105 1253 1161 ebriorum
1286 1116 1340 1162 et
1369 1117 1561 1163 cantus
1611 1108 1899 1181 idolothyti
1942 1123 2068 1180 per-

472 1197 765 1255 sonabant.
799 1199 998 1256 Adhuc
1025 1200 1417 1270 perseverabat
1447 1201 1502 1256 in
1535 1201 1775 1272 nequitia
1810 1202 2068 1273 populus,

466 1291 648 1349 adhuc
679 1293 734 1348 in
767 1292 886 1364 ipso
916 1294 1148 1349 crimine
1175 1293 1557 1365 permanebat,
1584 1311 1645 1350 ac
1674 1295 1940 1366 pmnitcre
1964 1311 2070 1352 non

468 1399 718 1446 noverat.
735 1387 986 1444 Attamen
1007 1389 1129 1460 quis
1146 1389 1244 1445 tibi
1261 1401 1506 1447 nostrum
1525 1389 1838 1461 dixit,quod
1859 1390 2072 1462 Moyses

470 1495 578 1537 non
622 1481 1036 1551 impetraverit?
1077 1480 1305 1538 Dixerat
1333 1481 1550 1553 quidem
1595 1482 1670 1536 illi
1713 1483 1894 1549 Deus;
1928 1482 2073 1537 Drli—

450 1574 582 1644 'quit
608 1582 728 1628 ante
756 1589 837 1626 me
861 1617 876 1641 ,
912 1572 1094 1628 delebo
1122 1590 1238 1626 eum
1263 1573 1327 1628 de
1352 1573 1482 1627 libro
1511 1572 1713 1645 (Exod.
1744 1588 1917 1636 xxx",
1951 1573 2068 1645 35).

469 1666 694 1724 Dixerat
725 1675 904 1723 tamen
929 1669 1258 1724 auctoritate
1298 1667 1496 1737 iudicis
1539 1677 1595 1722 et
1640 1666 1856 1722 Domini
1887 1675 2068 1738 potes-

2174 464 2426 526 paratur;
2489 455 2692 527 aliqua,
2739 457 2920 512 serico
2967 456 3252 529 virginali;
3312 461 3592 529 nonnulla,
3634 463 3736 520 sinu

2173 550 2428 622 plicante,
2491 549 2804 616 subsuitur,
2855 560 2948 606 aut
2985 566 3088 608 acu
3138 552 3416 608 inserente
3459 567 3734 624 reparatur.

2171 643 2322 698 Alius
2342 643 2478 698 enim
2506 644 2601 708 sic,
2647 643 2783 698 alius
2812 654 2985 699 autem
3027 645 3102 699 sic
3146 643 3190 715 (l
3224 641 3347 700 Cor.
3381 660 3476 710 vn,
3498 646 3572 714 7);
3600 657 3648 702 et
3671 659 3737 702 ta-

2173 751 2295 791 men
2326 750 2453 804 una,
2489 735 2544 791 in
2577 735 2854 802 omnibus,
2887 737 3074 808 regina
3117 736 3491 806 componitur.
3509 737 3640 809 Ergo
3663 755 3736 795 ea-

2171 830 2297 888 dem
2328 830 2557 887 l‘ecunda
2587 829 2712 886 vitis
2738 839 2792 887 et
2811 830 3081 901 locuples,
3108 830 3296 901 plures
3330 830 3538 886 habens
3562 846 3735 900 ramos,

2174 925 2347 981 multo
2385 925 2667 995 palmitum
2707 923 2861 998 crine
2890 922 3216 988 distentior;
3263 921 3402 978 nihil
3435 938 3503 978 ne
3547 938 3610 978 ex
3643 923 3739 980 istis

2175 1020 2404 1078 hiberno
2439 1020 2640 1091 lrigorc
2685 1018 2994 1075 laboravit?
3026 1017 3161 1074 nihil
3211 1031 3438 1089 asperas
3481 1016 3738 1089 grandines

2175 1113 2430 1186 pertulit?
2468 1113 2601 1168 nihil
2644 1113 2882 1168 torridas
2919 1112 3192 1167 incusavit
3220 1110 3478 1167 azstates?
3515 1111 3740 1182 Asperior

2173 1216 2257 1264 est
2296 1207 2412 1262 lucc
2445 1221 2658 1279 gemma
2693 1205 3031 1277 palmitibus,
3065 1205 3166 1266 ista
3215 1204 3434 1272 fortior,
3471 1204 3558 1260 illa
3591 1207 3737 1261 since-

2174 1303 2316 1367 rior;
2354 1302 2471 1357 lucc
2496 1318 2556 1358 se
2595 1301 2848 1357 dillundit
2889 1303 2942 1358 in
2987 1300 3216 1368 fructus,
3246 1300 3366 1356 haec
3399 1300 3452 1355 in
3477 1301 3615 1358 solas
3632 1316 3744 1357 exu-

2175 1398 2331 1454 berat
2370 1397 2616 1453 frondes.
2662 1395 2803 1451 Vitis
2842 1407 3021 1452 tamen
3067 1396 3270 1468 ubique
3299 1394 3560 1451 formosa.
3601 1395 3738 1450 Mater

2175 1493 2294 1548 haec
2358 1492 2884 1559 adolescentularum,
2939 1507 3160 1561 quarunt
3227 1506 3334 1545 non
3389 1501 3463 1544 est
3533 1504 3740 1543 nunterttt

2176 1583 2351 1655 (Cant.
2384 1599 2459 1651 vt,
2491 1583 2566 1656 7).
2597 1583 2886 1639 Calculare
2915 1582 3156 1654 denique
3198 1582 3244 1637 si
3287 1591 3447 1653 potes
3483 1581 3740 1637 catholicos

2174 1694 2390 1751 greges,
2441 1686 2497 1734 et
2536 1677 2644 1733 duc
2686 1678 2738 1733 iu
2783 1677 2983 1748 digitos
3028 1685 3231 1731 nostrae
3274 1674 3457 1746 plebis
3499 1675 3734 1730 examina.

470 1771 616 1830 tate;
645 1762 743 1819 sed
768 1763 892 1819 vide
918 1778 1081 1833 quam
1119 1762 1231 1817 cito
1261 1761 1539 1817 rellexerit
1566 1762 1896 1817 sententiam
1923 1803 1938 1823 ,
1971 1761 2070 1816 ad-

2177 1772 2289 1829 Nec
2321 1773 2408 1828 illa
2454 1772 2617 1828 modo
2659 1788 2779 1843 qua:
2815 1780 2932 1829 toto
2969 1771 3105 1827 orbe
3151 1769 3350 1825 diﬂ‘usa
3398 1778 3520 1825 sunt
3558 1770 3738 1825 cunctis

468 1873 662 1916 versus
681 1858 865 1930 populi
879 1858 1143 1914 malitiam
1165 1858 1479 1927 irrogatam.
1495 1856 1779 1912 Ausculta.
1801 1855 2073 1925 Propheta

471 1953 656 2008 statim
683 1994 699 2021 ,
746 1952 946 2007 ibidem
975 1970 988 2007 :
1021 1951 1088 2006 Et
1125 1960 1362 2023 precatus
1390 1960 1505 2016 est,
1541 1948 1757 2020 inquit,
1791 1946 1995 2018 Moyses
2021 1948 2076 2002 in

473 2054 750 2116 conspectu
776 2044 986 2099 Domini
1011 2044 1108 2099 Dei
1136 2045 1241 2110 sui;
1267 2043 1460 2111 Quare,
1480 2041 1717 2109 Domine,
1742 2042 1984 2096 irasceris
2005 2041 2077 2095 ita

472 2141 529 2195 in
563 2138 815 2211 papulum
845 2139 1034 2193 tuum?
1061 2146 1117 2194 et
1142 2138 1351 2208 reliqua
1383 2135 1546 2208 (Ibid.
1577 2135 1694 2204 Ἦ).
1736 2135 1867 2189 Item
1896 2135 2030 2189 infra
2059 2153 2073 2189 :

473 2231 545 2288 Et
584 2233 840 2305 propitius
871 2235 1038 2303 factus
1070 2239 1143 2284 est
1183 2229 1439 2284 Dominus
1477 2229 1542 2281 de
1568 2227 1893 2299 malignitate
1921 2243 2077 2298 quam

476 2327 685 2381 dixerat
729 2329 898 2397 facere
939 2325 1133 2397 papula
1170 2339 1264 2378 suo
1307 2321 1472 2394 (Ibid.
1507 2322 1620 2393 M).
1653 2321 1818 2378 Vides
1851 2321 2076 2376 lcnitant

473 2433 599 2477 esse
630 2420 766 2476 iram
812 2419 949 2475 Dei?
984 2417 1148 2473 Vides
1183 2415 1448 2472 offensam
1495 2430 1618 2471 esse
1657 2413 1970 2486 placatam?
2009 2411 2080 2468 Et

475 2530 580 2586 pro
630 2514 832 2586 populo
879 2528 990 2570 non
1020 2510 1273 2583 rogavit,
1306 2519 1332 2548 ι
1367 2525 1468 2567 nec
1498 2510 1643 2582 quod
1676 2510 1878 2566 fecerat
1908 2508 2078 2580 paeni-

479 2610 636 2666 tenti.

545 2701 740 2762 XXIV.
788 2701 897 2759 Sed
933 2700 1071 2766 Noe,
1105 2700 1307 2772 inquis,
1339 2708 1397 2756 et
1429 2699 1645 2765 Daniel,
1689 2707 1744 2754 et
1774 2696 1900 2764 Job,
1935 2695 2082 2752 ﬁlios

477 2809 535 2858 et
555 2800 696 2857 tilias
717 2799 951 2855 liberare
977 2813 1083 2854 non
1115 2805 1431 2868 potuerunt.
1465 2795 1534 2851 Et
1578 2795 1682 2850 hoc
1725 2793 1833 2849 tale
1864 2800 1951 2848 est
1981 2808 1994 2846 :
2033 2793 2080 2847 si

475 2908 577 2966 pro
622 2907 730 2949 non
769 2890 1090 2962 rogantibus
1129 2896 1346 2962 petant;
1398 2887 1447 2943 si
1479 2885 1984 2959 properseverauti
2023 2883 2078 2939 in

473 2988 710 3045 crimine
737 2986 1138 3060 deprecentur;
1161 2983 1206 3039 si
1225 2999 1337 3039 non
1353 2981 1619 3053 singulos,
1644 2981 1688 3036 si
1715 2995 1826 3035 non
1849 2993 2077 3050 paucos,

473 3083 571 3141 sed
604 3080 774 3138 millia
823 3080 989 3138 multa
1017 3077 1338 3136 defendant.
1379 3075 1653 3133 Caeterum
1690 3073 1808 3131 Noe
1853 3075 2075 3130 domum

2180 1869 2338 1938 plena
2395 1867 2747 1938 regionibus;
2795 1866 2891 1923 sed
2944 1866 3084 1930 haec,
3136 1865 3310 1920 frater
3357 1865 3738 1936 Symproniane,

2179 1976 2302 2033 quas
2331 1969 2514 2016 tecum
2562 1961 2615 2014 iu
2665 1957 2930 2031 proximis
2961 1957 3162 2014 finibus
3195 1968 3251 2014 et
3278 1957 3460 2013 vicina
3488 1957 3614 2012 urbe
3637 1971 3742 2012 con-

2180 2058 2399 2112 sistunt.
2445 2052 2854 2124 Contemplare,
2901 2061 3035 2124 quot
3083 2062 3305 2108 nostros
3354 2067 3493 2107 unus
3522 2050 3740 2122 aspicias,

2180 2158 2314 2222 quot
2368 2162 2616 2205 meorum
2672 2147 2887 2218 populis
2940 2147 3090 2203 solus
3143 2161 3432 2203 occurras.
3484 2144 3657 2201 Nonne
3696 2156 3741 2199 ut

2180 2242 2484 2306 stillicidia,
2531 2241 2775 2296 fontibus
2819 2239 3067 2312 magnis?
3114 2254 3322 2307 nonne,
3376 2249 3436 2294 ut
3479 2237 3544 2293 ab
3569 2252 3742 2293 oceano
3845 2251 3848 2253 λ

2180 2335 2428 2408 quaedam
2459 2343 2634 2406 gutta,
2667 2333 2945 2390 sorberis?
2969 2332 3088 2400 Dic,
3114 2331 3204 2388 dic
3225 2346 3296 2386 an
3323 2332 3440 2387 ista:
3467 2330 3742 2386 adolescen-

2183 2431 2308 2486 tulze
2335 2445 2401 2486 ex
2430 2440 2611 2486 vestra
2633 2428 2792 2500 plebe
2813 2435 3165 2500 generentur,
3197 2441 3267 2482 an
3293 2437 3356 2482 tu
3382 2424 3661 2481 solusbhas
3675 2440 3744 2494 p1-

2182 2528 2312 2583 rias.
2355 2524 2554 2581 Nostra
2599 2532 2707 2592 est,
2751 2523 2995 2594 inquam,
3035 2522 3149 2583 ista
3198 2521 3392 2593 regina
3435 2519 3591 2578 electa
3620 2519 3741 2572 matri

2182 2635 2292 2674 sure
2318 2629 2470 2691 atque
2497 2621 2726 2691 perfecta
2765 2615 2956 2686 (Ibid.,
3005 2615 3084 2687 8).
3119 2613 3262 2670 Nihil
3297 2615 3497 2686 quippe
3526 2612 3738 2676 electum,

2184 2717 2287 2772 nisi
2320 2715 2517 2771 melius
2543 2725 2601 2770 et
2628 2713 2805 2784 majus
2831 2728 2901 2768 ex
2929 2712 3069 2778 alio;
3109 2709 3249 2766 nihil
3283 2710 3575 2781 perfectum
3597 2716 3741 2779 potest

2183 2823 2327 2873 esse,
2355 2807 2461 2863 nisi
2483 2807 2730 2877 plenum.

2255 2897 2446 2955 XXVI.
2479 2897 2596 2954 lam
2626 2905 2683 2953 ct
2708 2895 2842 2952 illud
2873 2893 3165 2962 attendite,
3200 2908 3266 2949 an
3294 2892 3416 2948 haec
3442 2889 3738 2963 potissimum

2183 2991 2454 3048 aedificata
2479 2990 2555 3046 sit
2584 3007 2597 3043 :
2629 2988 2698 3044 In
2739 2988 3088 3058 fundamentis
3118 2987 3490 3058 praphetarunt
3509 2995 3554 3040 et
3573 2993 3740 3055 aposto-

2185 3085 2353 3140 lorum
2382 3099 2445 3138 επ
2472 3082 2587 3153 ipso
2631 3081 2875 3154 angulari
2917 3080 3089 3150 lapide
3132 3077 3261 3134 Jesu
3312 3078 3515 3134 Christo
3555 3075 3738 3149 (Ephet.

473 3190 627 3232 suam
655 3189 686 3230 a
717 3173 877 3230 ruina
899 3171 1118 3243 publica
1143 3168 1420 3234 liberavit;
1450 3176 1505 3223 et
1532 3165 1633 3223 Job
1651 3167 2078 3236 recepitcuucta
2104 3143 2152 3208 ο
2185 3195 2243 3247 ιι,
2277 3178 2396 3250 20).
2442 3143 2504 3234 Si.
2542 3185 2670 3233 ante
2698 3143 2766 3243 ivte
2793 3143 2984 3247 coepit;
3031 3175 3078 3230 si
3120 3183 3249 3230 ante
3298 3183 3355 3229 te
3391 3143 3630 3238 credidit,
3648 3171 3692 3225 si
3716 3184 3738 3223 a

472 3287 594 3343 qua:
616 3269 882 3342 perdidit;
909 3277 964 3324 et
1000 3265 1196 3322 Daniel
1229 3266 1523 3320 instantem
1554 3261 1708 3317 illum
1740 3258 2081 3330 sapientibus

475 3363 797 3436 Babylonia:
822 3360 1063 3433 gladium
1097 3357 1344 3412 oratione
1373 3355 1634 3410 decussit.
1665 3354 1767 3408 Lot
1802 3360 1954 3408 certe
1978 3365 2081 3423 pro

471 3460 652 3516 salute
675 3456 888 3529 oppidi,
921 3454 1128 3511 Paulus
1161 3467 1262 3522 pro
1284 3449 1597 3507 vectoribus
1623 3446 1779 3504 navis
1806 3456 1948 3502 orat.
1990 3445 2080 3502 Sic

477 3553 835 3610 absolvuntur
873 3565 902 3604 a
935 3547 1118 3619 iustis,
1157 3545 1252 3616 qui
1297 3544 1567 3615 pmnitere
1612 3550 1905 3598 noverunt.
1942 3540 2074 3596 Pos-

476 3657 658 3703 tremo
677 3645 764 3699 vel
791 3641 926 3698 illud
952 3641 1163 3710 aspicio
1191 3637 1336 3709 quod
1385 3638 1645 3708 scriptum
1683 3635 1760 3690 ait
1791 3653 1805 3689 :
1840 3633 1956 3704 Ipsi
1981 3637 2080 3690 roli

475 3738 604 3794 salvi
631 3747 778 3792 erunt
801 3734 1019 3806 (Ezech.
1055 3749 1169 3800 ιη’,
1197 3732 1314 3802 20).
1348 3730 1451 3799 Qui
1480 3730 1595 3785 illi?
1629 3729 1733 3800 Ipsi
1766 3731 1953 3800 utique
1986 3728 2078 3799 qui

469 3846 573 3903 pro
602 3829 987 3901 peccatoribus
1027 3828 1423 3896 deprecantur,
1468 3825 1694 3893 impune
1735 3837 1834 3892 pro
1877 3820 2082 3877 talibus

473 3925 850 3999 postulabunt.
902 3923 972 3978 Et
1019 3935 1117 3976 cur
1165 3918 1468 3975 Ecclesiam
1518 3917 1782 3972 damnas?
1830 3932 1933 3972 cur
1978 3931 2078 3987 pro

473 4019 871 4094 paenitentibus
905 4013 1168 4086 prohibes
1203 4011 1526 4083 deprecari;
1575 4012 1621 4064 si
1650 4010 1814 4064 etiam
1863 4023 1963 4079 pro
1991 4009 2078 4064 his

471 4123 665 4190 petere
705 4112 856 4179 licet,
889 4123 996 4182 quo
1023 4105 1224 4179 quibus
1265 4119 1374 4162 non
1407 4104 1538 4159 licet
1571 4102 1905 4172 impetrare?
1934 4101 2077 4173 Lege

468 4209 642 4282 igitur
670 4206 990 4278 diligentius
1021 4201 1354 4274 Cyprianum
1386 4213 1570 4254 meum
1602 4214 1617 4252 :
1659 4199 1778 4267 lege
1811 4205 1980 4251 totam
2012 4197 2077 4250 dc

471 4304 663 4376 Lapsis
691 4301 978 4374 epistolam
1009 4318 1022 4354 :
1058 4298 1175 4369 lege
1214 4296 1378 4353 aliam
1406 4309 1568 4365 quam
1601 4292 1669 4348 ad
1701 4292 2072 4348 Antonianum

469 4397 655 4463 dedit;
697 4397 786 4452 ubi
820 4393 1086 4461 exemplis
1113 4390 1370 4447 omnibus
1402 4387 1739 4443 Novalianus
1785 4394 2016 4456 urgetur
2055 4400 2070 4438 :

460 4489 581 4562 iam
612 4489 754 4545 scies
771 4486 902 4558 quid
923 4487 993 4541 de
1025 4482 1407 4555 pmnitentium
1425 4481 1709 4536 curatione
1733 4478 2068 4550 pronuntiet.

467 4582 806 4655 Cyprianum
828 4579 1046 4650 loquor,
1074 4589 1258 4634 vestra
1285 4581 1694 4647 oppugnantem
1717 4581 1773 4628 et
1799 4572 2067 4628 catholica

463 4677 590 4750 iura
632 4675 985 4731 retinentem.
1025 4671 1426 4727 Tertullianum
1468 4676 1592 4739 post
1622 4667 1873 4723 haeresim
1915 4667 2066 4736 (nam

467 4770 641 4826 multa
667 4767 795 4823 inde
817 4763 1159 4836 sumpsistis)
1194 4765 1368 4833 ipsum
1394 4761 1625 4832 epistola
1649 4776 1770 4827 sua,
1790 4770 1843 4817 et
1865 4775 1927 4816 ea
1952 4760 2066 4830 ipsa

465 4879 631 4935 quam
669 4859 979 4918 catholicus
1020 4857 1215 4921 edidit,
1257 4855 1447 4911 audies
1485 4854 1864 4921 confitentem,
1906 4867 2068 4925 posse

464 4955 767 5012 Eeclesiam
799 4961 1019 5024 peccata
1048 4951 1352 5006 dimittere.

535 5046 705 5103 XXV.
749 5045 918 5102 Vides
945 5059 1076 5117 ergo
1110 5042 1410 5098 Ecclesiam
1429 5055 1550 5097 esse
1580 5041 1825 5112 reginam
1855 5041 1910 5094 in
1934 5049 2068 5095 veste

460 5152 646 5198 aurata
671 5149 718 5195 et
745 5140 1003 5209 variegata
1028 5135 1200 5208 (Psal.
1233 5149 1380 5200 κων,
1412 5132 1525 5205 Ili);
1552 5133 1848 5187 multorum
1878 5132 2067 5202 utique

459 5248 777 5304 corporum,
818 5231 1224 5299 multorumque
1253 5225 1579 5297 populorum
1611 5225 1876 5280 varietate
1907 5239 2061 5279 com-

453 5325 715 5398 positam.
763 5321 883 5378 Non
915 5331 1003 5378 est
1027 5322 1230 5378 coloris
1257 5319 1421 5375 unius
1448 5318 1552 5373 ista
1593 5317 1830 5386 pictura,
1869 5331 1970 5372 nec
2007 5317 2060 5371 in

452 5432 565 5473 uno
592 5417 780 5472 habitu
812 5415 1017 5472 emicat
1062 5423 1211 5470 tanta
1248 5412 1562 5468 diversitas.
1604 5410 1738 5466 Pars
1767 5409 1870 5465 illa
1901 5409 2061 5466 indu-

452 5511 620 5574 menti
653 5510 807 5583 tegit,
849 5510 954 5566 ista
985 5507 1285 5579 componit.
1320 5505 1594 5562 Nonnulla
1629 5505 1840 5576 pectori
1875 5505 2062 5560 adhaa-

2185 3271 2552 3328 fundamentis
2597 3269 2878 3340 prioribus
2915 3283 3019 3325 non
3054 3268 3310 3333 recessit,
3344 3265 3392 3323 si
3425 3281 3526 3322 non
3559 3264 3638 3320 illa
3661 3261 3738 3318 mi-

2182 3367 2381 3439 gravit,
2424 3366 2471 3421 si
2510 3380 2615 3421 non
2649 3380 2680 3420 a
2725 3364 2944 3437 reliquo
2979 3378 3214 3434 corpore
3241 3371 3494 3434 separata
3523 3372 3637 3416 suos
3655 3357 3736 3414 sibi

2185 3462 2476 3533 magistros
2507 3470 2562 3516 et
2599 3458 2816 3530 pr0pria
2844 3458 3207 3514 instrumenta
3233 3456 3541 3520 constituit,
3569 3454 3611 3509 si
3633 3450 3735 3523 quid

2182 3555 2462 3612 insolitum
2485 3559 2863 3624 argumentata
2881 3551 3037 3617 est,si
3067 3551 3199 3622 quid
3229 3551 3356 3606 novi
3382 3550 3520 3621 iuris
3547 3545 3736 3608 invenit,

2180 3651 2228 3706 si
2256 3647 2475 3719 corpori
2508 3661 2608 3702 suo
2649 3644 2932 3716 repudium
2967 3646 3118 3716 pacis
3145 3643 3345 3698 indixit
3372 3661 3386 3698 :
3417 3643 3566 3714 plane
3591 3651 3733 3695 tunc:

2181 3744 2406 3800 Chrlsto
2437 3741 2734 3797 recessisse
2755 3740 3033 3806 videatur,
3062 3746 3193 3793 tunc
3215 3747 3376 3793 extra
3411 3735 3675 3808 prophetas
3691 3740 3734 3787 et

2181 3835 2458 3907 apostolos
2485 3831 2820 3890 constitisse.
2856 3831 2983 3887 flare
3009 3831 3171 3900 igitur
3204 3830 3310 3885 erit
3339 3829 3530 3885 domus
3553 3840 3730 3896 magna,

2181 3928 2432 3998 locuples
2457 3927 2698 3982 omnium
2723 3924 3048 3980 diversitate
3069 3939 3354 3989 vasorum,
3380 3925 3432 3980 in
3461 3937 3556 3994 qua
3573 3934 3730 3992 purum

2180 4020 2411 4089 refulget
2450 4035 2655 4086 aurum,
2691 4019 2742 4071 in
2770 4031 2876 4088 qua
2904 4015 3108 4072 ductile
3136 4016 3281 4071 lucet
3325 4025 3615 4090 argentum;
3655 4026 3728 4067 ve-

2179 4131 2322 4179 rum,
2355 4130 2476 4185 qua:
2502 4113 2667 4167 etiam
2684 4111 2852 4184 lignea
2877 4109 3020 4165 sicut
3041 4108 3308 4180 scriptum
3344 4119 3428 4164 est
3461 4107 3524 4178 (Il
3550 4105 3662 4160 Tini.
3683 4119 3728 4165 ιι.

2177 4209 2292 4278 20),
2341 4217 2391 4263 et
2435 4205 2618 4276 ﬁctilia
2657 4219 2782 4258 rasa
2823 4201 3098 4272 dignatur.
3147 4200 3336 4271 Magna
3388 4200 3526 4256 enim
3569 4198 3726 4253 domus

2178 4305 2380 4360 multos
2405 4308 2586 4356 movet
2610 4313 2764 4364 usus,
2793 4311 2960 4368 opera
2973 4295 3188 4350 diversa
3217 4292 3498 4351 sollicitat.
3531 4291 3632 4348 Non
3655 4304 3725 4344 so-

2178 4399 2287 4453 lum
2315 4394 2513 4464 quaerit
2541 4400 2850 4463 argentum,
2885 4405 2985 4445 nec
3019 4402 3190 4444 aureo
3225 4397 3436 4444 tantum
3471 4385 3725 4443 delectatur

2177 4496 2393 4545 ornatu.
2433 4483 2681 4542 Subinde
2704 4483 2827 4554 plus
2857 4481 3016 4538 decet
3042 4494 3260 4552 magna,
3300 4486 3653 4549 contemptus;
3685 4483 3725 4528 et

2179 4586 2322 4642 inter
2346 4581 2558 4638 nobiles
2589 4578 2846 4643 ambitus,
2877 4576 3075 4647 exigua
3103 4590 3319 4647 quoque
3354 4573 3578 4646 iocunda
3603 4575 3720 4625 sunt.

2177 4680 2366 4737 Nullus
2387 4677 2582 4733 artifex
2609 4689 2772 4746 opera
2797 4687 2892 4728 sua
2932 4671 3183 4742 despicit,
3207 4685 3310 4726 nec
3347 4670 3473 4725 vilia
3493 4667 3586 4724 sibi
3606 4669 3724 4734 putat

2173 4789 2300 4830 esse
2340 4787 2461 4842 quas
2510 4769 2657 4825 fecit.
2703 4766 2770 4822 Et
2803 4766 2949 4821 unde
2987 4780 3086 4834 pro
3124 4763 3503 4834 peccatoribus
3543 4770 3719 4831 passum

2176 4876 2332 4938 putas
2359 4862 2658 4927 Christum,
2693 4861 2795 4916 nisi
2833 4858 2976 4930 quod
3020 4858 3251 4928 perdere
3296 4857 3468 4912 noluit
3501 4847 3719 4926 quidquid

2173 4961 2291 5032 ipse
2318 4955 2618 5014 formavit?
2649 4952 2806 5009 Unde
2844 4951 2996 5006 illum
3025 4960 3182 5020 putas
3210 4948 3476 5019 hodieque
3501 4939 3714 5012 interpel-

2164 5053 2282 5109 lare
2328 5065 2428 5122 pro
2470 5047 2706 5114 miseris,
2758 5043 2861 5099 nisi
2904 5042 3052 5113 quod
3095 5041 3392 5106 modicum,
3433 5049 3642 5108 eumque
3675 5039 3716 5086 et

2165 5142 2668 5215 despectiSsimum,
2697 5151 2805 5193 non
2832 5135 3090 5206 repellit;
3116 5135 3412 5200 neminem,
3438 5147 3500 5188 ex
3523 5129 3594 5184 his
3608 5137 3713 5198 quos

2164 5235 2457 5306 acceperit,
2498 5229 2839 5302 perditurus;
2875 5229 3055 5298 ligneo
3098 5225 3227 5282 licet
3254 5241 3320 5281 ac
3349 5223 3496 5281 fictili
3535 5230 3712 5289 compa-

2154 5337 2377 5394 rentur,
2426 5333 2590 5396 atque
2638 5325 2711 5380 ita
2765 5322 2817 5378 in
2870 5320 3036 5376 domo
3078 5334 3176 5374 sua
3216 5319 3398 5374 omnia
3425 5329 3554 5388 vasa
3591 5323 3710 5368 com-

2278 5419 2358 5455 ειν

2163 5429 2447 5570 Ροὲιὲῆιι.
2479 5511 2750 5578 Tandem,
2782 5508 2947 5566 frater
2977 5506 3401 5581 Symproniane,
3433 5518 3531 5560 non
3563 5501 3705 5572 pigeat

449 5615 559 5675 ret,
605 5606 784 5677 aliqua
833 5606 1027 5661 ultimo
1072 5606 1196 5660 sinu
1240 5605 1502 5673 trahitur,
1536 5612 1593 5661 et
1639 5604 1784 5660 inter
1828 5603 2056 5689 vestigia
2160 5622 2282 5664 esse
2309 5622 2434 5663 cum
2465 5605 2680 5672 multis;
2715 5603 2933 5659 tandem
2958 5599 3405 5658 libeatreduvias
3428 5594 3704 5654 Novatiano-

528 5732 554 5758 ἰ
590 5723 698 5795 Nec
725 5725 865 5794 quod
909 5723 1098 5792 fecerat
1139 5724 1417 5793 ptenitenti.
1467 5722 1779 5795 Legendnm
1828 5721 2049 5794 coniicit

453 5793 701 5852 Latinius
717 5793 745 5860 ,⁷
765 5795 863 5848 nisi
887 5797 1024 5864 quod
1047 5799 1235 5865 fecerat
1263 5796 1550 5863 inuitante.

2224 5721 2252 5761 δ
2286 5721 2397 5776 Has
2431 5722 2630 5787 parias.
2667 5720 2759 5774 Sic
2801 5718 3184 5790 rescripsimus
3209 5731 3277 5772 ex
3315 5713 3595 5786 coniectura
3622 5705 3699 5761 La-

2167 5793 2304 5848 tinii.
2339 5793 2503 5857 l'lditi,
2534 5792 2631 5845 hoc
2662 5792 2861 5858 parias.
