4048 6350
304 312 437 372 1081

1344 310 1759 371 ΡΑΒᾸΕΝΕΞΙΘ
1794 312 1888 371 AD
1929 312 2465 376 ΡίΕΝΙΤΕΝΤΙΑΜ.

3456 322 3599 381 1082

299 450 444 502 rum,
500 442 556 493 et
605 434 969 507 praesegmina
1013 439 1196 492 Vestra
1234 442 1626 503 contemnere;
1678 433 1895 492 tandem
1922 439 1979 501 Α
2002 436 2192 494 dextra
2220 437 2560 511 sinistraque
2596 408 2853 513 ﬁgentem
2884 454 2897 496 :
2932 438 3200 512 intellige,
3228 438 3291 495 ab
3320 447 3439 494 ortu
3477 439 3602 495 solis

297 528 597 587 catholicos
623 545 817 602 greges
846 539 902 587 et
943 539 1051 585 tam
1082 530 1190 586 late
1224 538 1472 602 patentes
1503 529 1771 586 Ecclesia:
1797 544 1897 601 po-

297 623 455 698 pulos
484 626 704 681 intueri.
740 624 843 681 Ubi
880 639 1045 691 unus,
1088 624 1325 697 inquies,
1352 626 1426 682 ibi
1457 634 1515 681 et
1541 641 1673 697 ego;
1711 636 1767 682 et
1804 627 1894 682 ubi

295 716 428 785 duo,
486 717 562 774 ibi
619 718 900 774 Ecclesia:
942 719 1034 775 ubi
1069 733 1208 775 unus
1258 729 1439 775 tamen
1484 735 1745 787 concors;
1801 721 1892 777 ubi

293 810 426 879 duo,
453 811 684 883 paciﬁci.
730 811 835 869 Ubi
876 827 1038 877 unus,
1081 822 1137 870 et
1175 814 1459 883 Ecclesia;
1486 824 1695 886 quanto
1723 815 1895 887 magis

294 904 387 961 ubi
433 905 650 975 plures?
700 903 964 972 Meliores,
1013 907 1213 977 inquit,
1267 908 1372 961 duo
1419 923 1572 973 quam
1617 924 1753 963 unus
1783 924 1802 963 :
1848 917 1896 963 et

291 1007 526 1068 spartum
572 997 768 1069 triplex
795 1015 899 1054 non
938 1000 1199 1070 rumpitur
1230 997 1432 1071 (Eccle.
1480 1016 1559 1069 tv,
1595 1000 1709 1071 12).
1752 1001 1893 1057 Audi

290 1089 468 1146 David
498 1107 511 1144 :
564 1090 797 1146 Psallam
826 1092 1025 1147 nomini
1053 1103 1142 1147 tuo
1186 1094 1239 1148 in
1277 1093 1492 1148 ecclesia
1518 1095 1684 1150 multa
1718 1094 1890 1166 (Psal.

292 1196 483 1249 xxxiv,
519 1182 631 1253 18).
680 1183 747 1239 Ει
774 1183 976 1239 iterum
1019 1201 1033 1238 :

287 1384 403 1423 ram
445 1368 509 1424 ab
537 1379 653 1423 ortu
698 1371 823 1426 solis
850 1388 1012 1443 usque
1034 1373 1104 1427 ad
1151 1390 1387 1429 occasum
1420 1374 1594 1447 (Psal.
1628 1392 1775 1441 χιιι,
1812 1376 1888 1449 1).

286 1462 429 1531 Quid
460 1479 645 1522 semen
671 1465 928 1532 Abrahae,
961 1468 1264 1523 secundum
1296 1469 1583 1525 stellarum
1615 1471 1808 1527 modos
1834 1480 1891 1527 et

286 1572 550 1614 numeros
578 1574 892 1629 arenarum,
939 1572 1120 1618 vestra
1164 1573 1481 1634 paupertate
1527 1568 1891 1622 contentum?

286 1648 671 1707 Benedicentur
704 1653 760 1707 in
802 1662 870 1717 te,
904 1655 1100 1725 inquit,
1134 1672 1308 1712 omnes
1350 1658 1509 1711 tribus
1548 1668 1699 1713 terra:
1727 1658 1883 1732 (Gen.

284 1759 421 1812 χιιι,
468 1745 579 1817 18).
628 1746 758 1814 Dic;
804 1747 1145 1804 Novatianus
1188 1749 1286 1805 has
1326 1751 1584 1822 impleat?
1629 1751 1747 1807 Neu
1779 1762 1884 1808 tam

1086 1184 1153 1239 lu
1186 1188 1380 1255 populo
1416 1188 1562 1259 gravi
1590 1188 1815 1244 laudabo
1845 1199 1894 1245 te

289 1274 507 1349 (lbid.).
541 1276 608 1332 Et
635 1295 647 1331 :
677 1276 819 1333 Deus
852 1279 1065 1333 deorum
1096 1280 1301 1335 locutus
1353 1291 1449 1348 est,
1484 1291 1533 1337 et
1566 1285 1762 1339 vocavit
1790 1294 1893 1339 ter-

2000 549 2162 605 usque
2211 532 2280 587 ad
2336 550 2575 588 occasum
2625 532 2888 590 laudabile
2939 549 3126 589 nomen
3173 530 3385 588 Domini
3422 531 3598 605 (Psal.

1999 642 2129 695 cxn,
2163 628 2244 699 ὅ).
2271 626 2579 694 Vide,vide,
2608 642 2818 698 quasso,
2847 625 3163 682 Novatianis
3191 627 3243 681 in
3273 624 3445 680 verba
3477 623 3594 679 luc-

2000 724 2267 790 tantibus,
2316 721 2615 777 catholicas
2662 720 2748 792 agi
2802 728 2921 776 toto
2958 718 3092 774 orbe
3139 716 3378 774 divitias.
3422 716 3600 787 Super

1998 816 2255 874 omnibus
2280 818 2481 888 quibus
2507 831 2538 872 a
2576 825 2628 872 te
2668 830 2788 871 sum
2832 813 3136 880 consultus,
3181 812 3435 868 instruxi.
3465 810 3598 867 Nul-

1998 912 2133 981 lum,
2167 926 2231 966 ex
2272 908 2564 981 propositis
2588 916 2755 979 caput
2790 907 3191 964 sententiamve
3219 903 3480 977 praeterii.
3511 901 3596 959 Ad

1998 1005 2144 1075 ipsos
2169 1004 2357 1074 apices
2384 1012 2439 1057 et
2462 1000 2627 1058 verba
2651 998 2931 1072 respondi.
2972 998 3029 1055 Si
3053 996 3388 1054 consulentis
3414 995 3599 1051 animo

1998 1095 2295 1168 requisisti,
2336 1103 2585 1150 amanter
2634 1102 2915 1149 ostensum
2966 1101 3051 1148 est
3092 1110 3104 1145 :
3155 1091 3200 1145 si
3253 1089 3595 1156 lacessentis,

1995 1190 2140 1246 haud
2162 1184 2401 1261 segniter
2428 1188 2786 1257 disputatum.
2820 1184 3179 1256 Subjungam,
3212 1198 3336 1240 cum
3365 1196 3593 1237 vacuum

1996 1286 2124 1352 erit,
2158 1295 2214 1340 et
2244 1284 2407 1339 aliam
2452 1282 2763 1354 epistolam,
2801 1281 2853 1335 in
2898 1294 3001 1350 qua
3036 1294 3143 1334 non
3188 1285 3367 1334 vestra
3408 1274 3598 1331 redar-

1994 1394 2177 1449 guam,
2226 1377 2322 1434 sed
2366 1389 2549 1433 nostra
2578 1389 2876 1448 proponam
2912 1392 2925 1428 :
2977 1388 3163 1445 quam,
3196 1374 3241 1427 si
3270 1372 3510 1443 benigne
3538 1380 3594 1426 et

1992 1472 2113 1527 sine
2141 1470 2361 1526 fastidio
2391 1469 2609 1540 legeris,
2641 1468 2874 1523 fortasse
2905 1481 3011 1522 non
3044 1465 3227 1522 laedet.
3259 1464 3508 1531 Interim,
3539 1464 3594 1519 in

1992 1564 2118 1631 ista,
2152 1572 2277 1633 peto
2304 1570 2364 1616 ut
2388 1562 2596 1633 singula
2620 1574 2853 1632 qumque
2880 1574 3225 1631 percenseas.
3260 1556 3456 1614 Omnia
3481 1556 3594 1613 cito

1991 1658 2134 1713 lecta
2181 1666 2552 1728 praetereunt:
2598 1656 2642 1711 si
2664 1655 3003 1711 charismata
3030 1653 3254 1710 meliora
3288 1652 3592 1719 desideras,

1990 1760 2048 1808 et
2092 1752 2248 1808 bona:
2280 1751 2609 1807 eruditionis
2648 1752 2884 1805 animam
2926 1748 3093 1819 geris,
3129 1762 3238 1803 non
3282 1745 3444 1802 facile
3482 1754 3589 1800 tam

282 1851 503 1908 parum,
529 1840 796 1910 sanguine
818 1854 918 1897 suo
948 1843 1186 1898 redemit
1214 1843 1385 1910 Deus,
1417 1860 1518 1900 nec
1544 1854 1651 1900 tam
1683 1861 1887 1917 pauper
1916 1843 1964 1905 B
1991 1861 2118 1901 vera
2162 1844 2489 1901 contemnis.
2518 1843 2785 1898 Dominus
2818 1851 2870 1897 te
2910 1843 2964 1897 in
2995 1850 3266 1897 aeternum
3316 1836 3592 1894 custodire

281 1938 373 1984 est
406 1929 676 1988 Christus.
717 1933 1000 2004 Cognosce
1040 1936 1171 2005 jam,
1204 1935 1398 2003 frater,
1446 1937 1745 1994 licclesiam
1790 1940 1885 1997 Dei

1994 1949 2048 1995 et
2076 1948 2364 2010 protegere
2393 1938 2670 2008 dignetur,
2701 1944 2759 1992 et
2796 1933 3167 1991 Christianum
3208 1932 3394 1987 vivere
3431 1930 3593 1986 faciat

281 2021 610 2081 dilatantem
672 2027 1024 2084 tabernacula
1089 2044 1209 2097 sua,
1262 2039 1320 2086 et
1379 2030 1680 2086 aulaaorum
1736 2032 1889 2103 palos
1992 2033 2060 2089 ad
2088 2031 2440 2089 concordiam
2468 2029 2831 2102 spiritualem.
2864 2031 3057 2084 Amen.

284 2182 1937 2213 Μ-

1135 2353 1815 2471 εΔΝανιιι
1885 2357 2679 2473 PACIANI

1324 2567 2548 2732 PARfENESIS-t

1839 2778 2019 2841 SIVE

452 2933 1488 3021 EXHORTATORIUS
1559 2931 2151 3045 LIBELLUS,
2224 2935 2384 3019 AD
2459 2929 3381 3020 POENITENTIAM.

345 3316 385 3370 l.
438 3313 550 3370 Etsi
588 3312 901 3385 aliquoties,
938 3310 1271 3367 tumultuose
1306 3310 1456 3375 licet,
1498 3308 1569 3365 de
1603 3306 1873 3378 pteniten-
1900 3304 1943 3366 C
1976 3316 2086 3373 quo
2127 3315 2292 3373 posse
2334 3298 2689 3371 reprehendi.
2736 3300 2913 3368 Atque
2952 3306 3013 3353 ut
3050 3311 3264 3354 omnum
3296 3297 3438 3355 solet
3465 3307 3577 3356 tum

267 3408 403 3464 tium
445 3408 730 3463 curatione
760 3420 866 3460 non
911 3405 1085 3471 tacui;
1131 3418 1341 3459 memor
1372 3412 1553 3458 tamen
1584 3399 1872 3456 dnminicte

265 3499 682 3566 sollicitudinis,
726 3515 847 3570 quae
871 3506 1091 3569 propter
1123 3499 1285 3553 unius
1314 3495 1542 3552 oviculze
1572 3493 1871 3550 detrimen-

267 3603 379 3652 tum
410 3595 724 3653 cervicibus
750 3596 915 3650 etiam
947 3594 1060 3649 suis
1110 3602 1165 3648 et
1191 3592 1434 3648 humeris
1463 3606 1575 3648 non
1603 3590 1867 3663 pepercit,

265 3690 536 3761 integrato
563 3688 716 3761 gregi
741 3688 988 3745 referens
1022 3687 1382 3758 peccatricem
1411 3686 1701 3742 delicatam
1731 3702 1744 3738 :
1776 3698 1869 3740 co—

262 3780 461 3849 nabor,
508 3791 563 3835 ut
609 3791 826 3852 potero,
868 3790 1032 3845 tanta:
1078 3779 1294 3835 virtutis
1340 3778 1654 3850 exemplum
1702 3776 1866 3834 etiam

262 3872 408 3945 stylo
454 3882 502 3944 λέ
538 3874 798 3941 condere,
838 3889 902 3929 ac
957 3873 1212 3930 dominici
1267 3872 1475 3929 laboris
1512 3872 1862 3941 industriam,

212 3968 645 4025 'mediocritate
701 3970 828 4040 (qua
884 3969 1106 4040 dignum
1163 3968 1269 4039 est)
1327 3983 1521 4025 servus
1584 3968 1863 4024 imitabor.

262 4057 444 4115 Unum
475 4059 607 4115 illud
636 4076 851 4128 vereor,
876 4060 1238 4125 dilectissimi,
1264 4076 1334 4117 ne
1364 4061 1539 4116 solita:
1565 4060 1864 4116 contrarie-

263 4153 392 4209 tatis
445 4152 715 4220 adversis,
776 4150 1095 4207 inculcanda
1146 4167 1267 4220 quae
1326 4151 1481 4218 fiunt,
1535 4150 1861 4205 admoneam

259 4247 433 4317 magis
472 4256 695 4317 peccata
735 4260 896 4317 quam
945 4245 1276 4315 reprimam:
1326 4243 1633 4314 meliusque
1674 4242 1855 4307 fuerit,

259 4336 422 4395 Attici
450 4324 671 4395 SOlonis
687 4337 963 4407 exemplo,
994 4348 1177 4392 tacere
1205 4335 1272 4391 de
1302 4338 1510 4411 magnis
1534 4334 1856 4401 sceleribus,

256 4445 419 4502 quam
449 4445 675 4497 cavere;
704 4446 771 4487 eo
797 4446 965 4502 usque
998 4430 1304 4501 progressis
1333 4428 1660 4485 nostratium
1694 4428 1859 4483 mori-

256 4521 462 4592 bus,ut
501 4523 811 4579 admonitos
840 4539 902 4580 se
941 4524 1264 4579 existiment
1286 4538 1409 4577 cum
1440 4531 1709 4577 vetantur.
1745 4522 1858 4577 lloc

256 4614 425 4681 enim,
453 4624 607 4687 puto,
649 4616 897 4687 proxime
919 4614 947 4653 ι)
979 4615 1248 4672 Cervnlns
1278 4615 1369 4671 ille
1403 4614 1661 4684 profecit,
1690 4623 1749 4671 ut
1790 4600 1882 4670 eo'

1975 3393 2459 3474 maxime'fmtere
2509 3408 2633 3448 cum
2677 3405 2935 3457 moveas;
2987 3399 3044 3445 et
3095 3390 3407 3445 incendium
3463 3400 3577 3447 tum

1974 3490 2147 3562 magis
2170 3489 2384 3556 ardere,
2428 3489 2472 3543 si
2514 3498 2723 3553 vertas;
2759 3497 2813 3542 et
2840 3485 3022 3541 rabies
3047 3496 3160 3541 tum
3204 3485 3581 3541 vehementius

1971 3584 2188 3651 saavire,
2220 3584 2265 3640 si
2293 3595 2558 3653 provoces
2585 3597 2599 3634 :
2628 3580 2701 3635 ita
2725 3580 2802 3634 illi
2827 3578 3229 3653 objurgationis
3252 3579 3578 3634 necessaritc

1969 3676 2223 3731 stimulos
2271 3672 2548 3730 contrario
2596 3671 2748 3728 calce
2801 3670 3109 3741 fregerunt,
3152 3686 3263 3726 non
3314 3669 3432 3727 sine
3475 3684 3576 3726 suo

1970 3771 2184 3844 quidem
2215 3770 2360 3825 malo
2388 3778 2444 3825 et
2471 3768 2698 3824 vulnere
2732 3774 3124 3838 repugnantes.

2040 3864 2105 3920 ll.
2134 3863 2245 3919 Vos
2270 3871 2475 3929 tamen,
2504 3860 2868 3926 dilectiSsimi,
2897 3874 2928 3913 a
2972 3859 3205 3915 Domino
3241 3867 3575 3916 mementote.

1969 3959 2208 4030 positum
2242 3977 2255 4013 :
2285 3959 2458 4029 Argue
2484 3958 2790 4029 sapientem,
2832 3965 2879 4010 et
2922 3955 3112 4010 amabit
3140 3966 3187 4009 te
3212 3971 3231 4011 :
3261 3964 3410 4025 atque
3445 3956 3575 4009 stul—

1969 4065 2099 4119 tum,
2130 4065 2177 4110 et
2203 4054 2322 4109 odio
2352 4064 2399 4108 te
2426 4053 2625 4108 habebit
2647 4050 2833 4122 (Prov.
2858 4066 2936 4117 ιι,
2963 4050 3041 4121 8).
3067 4049 3131 4105 Et
3160 4050 3361 4105 iterum
3387 4063 3400 4100 :
3432 4047 3569 4119 Ego,

1965 4164 2094 4217 quos
2121 4147 2303 4218 diligo,
2329 4146 2584 4216 redarguo
2611 4154 2655 4200 et
2681 4145 2877 4213 castigo
2907 4142 3097 4213 (Apoc.
3130 4157 3213 4203 ttt,
3247 4141 3361 4211 19).
3391 4138 3570 4210 Atque

1966 4239 2089 4292 ideo
2116 4237 2368 4293 blandam
2403 4236 2562 4306 hujus
2579 4235 2685 4290 mei
2718 4235 2903 4306 operis
2930 4248 2993 4287 ac
3021 4233 3309 4287 sollicitam
3341 4231 3567 4301 diligen-

1964 4333 2118 4396 tiam,
2170 4338 2225 4386 et
2268 4328 2569 4385 secundum
2600 4328 2816 4382 Domini
2870 4327 3208 4380 voluntatem
3239 4339 3268 4378 a
3311 4338 3398 4378 me
3445 4323 3566 4394 ipso

1963 4425 2129 4481 fratre
2150 4434 2336 4479 vestro
2358 4438 2423 4478 ac
2451 4422 2737 4477 sacerdote
2762 4428 3096 4490 susceptam,
3121 4432 3361 4472 amorem
3388 4418 3566 4486 potius

1960 4517 2165 4574 credite
2213 4532 2373 4589 quam
2429 4517 2690 4587 rigorem,
2745 4512 3027 4585 sequendo
3071 4511 3409 4578 amabiliter,
3456 4525 3562 4566 non

1963 4619 2318 4689 pertinaciter
2347 4614 2725 4689 repugnando.
2760 4612 3034 4668 Prteterea
3076 4610 3259 4667 nullus
3287 4610 3567 4665 existimet

254 4707 568 4778 diligentior
607 4708 782 4776 fieret,
811 4724 919 4780 quo
948 4706 1269 4778 impressius
1298 4708 1613 4764 notabatur.
1649 4708 1716 4763 Et
1745 4714 1853 4762 lota
1883 4700 1935 4759 D
1963 4711 2109 4767 hunc
2139 4712 2316 4782 ipsum
2358 4711 2427 4767 de
2470 4708 2812 4765 Poenitentiae
2865 4705 3205 4761 institutione
3248 4717 3559 4761 sermonem

255 4798 343 4854 illa
377 4801 736 4871 reprehensio
764 4800 1052 4858 dedecoris
1076 4803 1322 4873 expressi
1351 4818 1416 4858 ac
1442 4817 1588 4872 saepe
1612 4802 1856 4872 repetiti,

253 4906 361 4946 non
389 4894 781 4962 compressisse
824 4894 1091 4959 videatur,
1133 4894 1228 4951 sed
1274 4894 1522 4951 erudisse
1556 4894 1849 4950 luxuriam.

253 4988 338 5045 Me
364 4990 653 5045 miserum!
678 4989 821 5058 Quid
865 5006 966 5062 ego
993 4990 1246 5047 facinoris
1278 4991 1511 5046 admisi?
1542 4990 1699 5055 Puto,
1728 5004 1853 5043 nes-

251 5079 461 5138 cierant
511 5082 807 5138 Cervulum
861 5084 1059 5150 facere,
1102 5083 1206 5138 nisi
1243 5084 1351 5140 illis
1399 5083 1853 5155 reprehendendo

251 5185 669 5232 monstrassem.
698 5176 897 5232 Verum
926 5178 997 5232 sit
1049 5177 1205 5232 illud.
1235 5178 1331 5233 Dei
1357 5178 1562 5249 refuga:
1584 5188 1677 5233 aut
1697 5187 1849 5234 extra

250 5267 553 5325 Ecclesiam
584 5270 890 5336 constituti,
934 5269 1097 5325 etiam
1130 5272 1437 5341 exasperati
1466 5279 1593 5327 sunt
1620 5272 1851 5342 castiga-

250 5363 414 5419 tionis
442 5362 674 5433 injuria;
709 5362 973 5435 indignati
1003 5362 1239 5431 scilicet,
1285 5378 1466 5420 mores
1494 5379 1624 5420 suos
1652 5364 1720 5419 ab
1742 5365 1846 5421 ali-

324 5554 346 5582 "
382 5544 634 5602 Condere.
668 5547 749 5602 An
779 5546 993 5602 condire
1014 5546 1040 5600 ?

316 5615 347 5655 δ
377 5615 624 5691 cernulus
662 5620 841 5674 ille....
874 5616 1146 5674 Cervulum
1169 5619 1336 5691 fuere.
1370 5617 1430 5674 S.
1476 5616 1845 5691 Hieronymus

1954 4807 2087 4861 solis
2114 4804 2495 4862 tantummodo
2520 4801 2909 4873 ptenitentibus
2929 4801 3239 4856 ordinatum
3263 4816 3279 4867 ;
3304 4815 3371 4854 ne
3396 4812 3560 4868 prop-

1954 4912 2039 4957 ter
2083 4900 2185 4955 hoc
2214 4900 2459 4971 quisquis
2501 4908 2653 4954 extra
2685 4897 2828 4953 hunc
2854 4896 3083 4968 gradum
3114 4894 3326 4967 positus
3356 4902 3461 4959 est,
3493 4907 3559 4948 ea

1952 5005 2311 5062 quaecumque
2354 4989 2627 5056 dicentur,
2660 4987 2809 5043 velut
2851 4988 2902 5041 in
2934 4987 3076 5041 alios
3104 4984 3377 5040 destinata
3407 4981 3560 5037 fasti-

1955 5086 2091 5150 diat,
2138 5099 2261 5140 cum
2311 5084 2365 5139 in
2414 5082 2555 5139 hanc
2599 5081 2754 5153 quasi
2810 5079 3029 5136 fibulam
3077 5074 3560 5132 totius‘Ecclesite

1956 5176 2245 5248 disciplina
2279 5189 2301 5217 ο
2350 5176 2589 5242 noletur,
2620 5173 2864 5246 quando,
2916 5180 2972 5227 et
3012 5167 3458 5232 Catechumenis,
3490 5182 3559 5221 ne

1957 5272 2011 5326 in
2056 5271 2160 5326 hoc
2190 5279 2501 5336 transeant;
2545 5282 2599 5325 et
2640 5266 2911 5333 fidelibus,
2955 5279 3023 5319 ne
3061 5263 3114 5318 in
3162 5262 3269 5318 hoc
3303 5260 3555 5325 redeant,

1954 5364 2349 5438 providendum
2396 5363 2503 5431 sit;
2538 5364 2669 5433 ipsis
2709 5374 2841 5416 vero
2871 5357 3283 5430 pmnitentibns,
3312 5363 3371 5409 ut
3410 5353 3557 5409 cele-

1948 5544 2092 5620 _eiem_
2128 5543 2442 5620 exagitabat
2478 5540 2641 5620 eoin
2666 5553 2834 5620 opere
2861 5538 2919 5593 S.
2958 5538 3165 5620 Pater,“
3166 5536 3236 5592 de
3261 5534 3549 5620 quoplura

1949 5615 2200 5672 homines
2228 5606 2445 5671 eruditi.
2478 5611 2617 5667 Vide
2640 5606 2722 5667 sis
2752 5626 2865 5677 prae
2885 5608 3101 5665 cmteris
3125 5606 3317 5677 Cangii
3345 5619 3554 5662 utrum-

245 5688 343 5745 lib.
392 5688 467 5761 de
516 5687 651 5745 Viris
692 5691 883 5745 illustr.
924 5703 1044 5761 Cap.
1095 5678 1216 5755 ltili,
1260 5691 1579 5761 inter_varia
1621 5678 1840 5746 Pa'ciani
1944 5702 2052 5760 que
2079 5687 2417 5761 Glossarium
2447 5683 2956 5761 νεῲ-Κερϐούκολος
2986 5691 3043 5736 et
3063 5678 3305 5735 Cervuta.

243 5760 532 5829 opuscula,
575 5762 709 5832 illud
737 5763 909 5832 primo
941 5758 1063 5817 loco
1091 5772 1356 5825 recenset,
1395 5758 1587 5817 Cervus
1609 5763 1841 5830 inscrip-

216 5841 360 5887 ,tum
395 5849 408 5886 :
442 5831 586 5904 quod
634 5831 842 5904 jamdiu
884 5833 1109 5889 interiit.
1149 5832 1371 5890 Ludicri
1408 5832 1669 5889 nimirum
1714 5848 1837 5903 spe-

2019 5771 2041 5799 ο
2074 5759 2159 5815 Al.
2192 5765 2508 5814 coarctetur.
2538 5753 2615 5812 lo.
