4048 6350
523 293 544 348 l
557 293 667 349 085

1851 289 2099 354 SANCTl
2139 288 2418 356 PACIANI
3495 345 3500 350 -
3648 315 3758 374 lllSl

513 413 646 468 riter
687 413 752 468 ad
802 413 962 483 huius
1001 414 1183 483 operis
1221 414 1454 470 fructum
1485 415 1832 484 perveniant,
1861 414 2114 470 laboran-
2140 411 2194 477 Α
2217 415 2518 472 conclusio.
2554 417 2849 488 Despectus
2871 419 2929 474 in
2953 418 3137 477 multis
3158 419 3392 491 Spiritus
3417 435 3642 494 sanctus,
3667 429 3760 488 haec

509 509 659 562 dum.
685 507 1010 562 Sermonum
1035 519 1214 563 tamen
1239 521 1486 563 meorum
1517 509 1602 562 blc
1621 508 1758 564 ordo
1781 509 2112 564 servabitur.

514 600 753 655 Priorum
802 609 859 654 ut
888 600 956 655 de
982 584 1152 655 modo
1182 599 1470 656 criminum
1522 604 1849 668 edisseram,
1883 617 1950 658 ne
1993 603 2118 674 quis

511 691 790 747 existimet
839 692 1096 747 Omnibus
1147 693 1370 748 omnino
1409 695 1645 764 peccatis
1691 709 1963 748 summurn
2006 693 2120 747 dis-

511 793 719 847 crimen
767 793 1096 863 impositum.
1133 793 1270 849 Tum
1313 794 1380 850 de
1411 794 1494 850 his
1526 793 1783 850 ﬁdelibus
1807 795 1987 852 dicam
2030 795 2119 866 qui

513 887 814 942 remedium
861 901 1018 942 suum
1051 888 1441 944 erubescentes
1473 890 1614 946 male
1648 891 1944 946 verecundi
1987 891 2119 956 sint,

511 990 560 1033 et
586 979 868 1049 inquinato
889 993 1123 1051 corpore
1152 995 1214 1034 ac
1239 981 1439 1051 polluta
1470 991 1650 1038 mente
1672 982 2082 1038 communicant
2107 1000 2119 1037 :

517 1069 570 1124 in
603 1081 900 1139 conspectu
935 1071 1214 1127 hominum
1265 1074 1628 1142 timidissirni;
1675 1081 1804 1131 ante
1832 1076 2121 1132 Dominum

521 1177 654 1218 vero
713 1164 1190 1234 impudentissimi,
1223 1167 1466 1238 profanis
1515 1169 1770 1225 manibus
1819 1179 1874 1226 et
1917 1171 2124 1240 polluto

519 1271 614 1311 ore
657 1259 1052 1322 contaminant,
1084 1261 1289 1314 sanctis
1336 1276 1552 1331 quoque
1582 1271 1643 1317 et
1684 1263 1910 1334 Angelis
1957 1263 2126 1319 altare

523 1349 893 1404 metuendum.
927 1351 1138 1418 Tertio,
1172 1352 1240 1407 de
1266 1351 1352 1409 bis
1382 1355 1487 1409 erit
1515 1367 1720 1422 sermo,
1745 1357 1837 1425 qui
1861 1355 2126 1411 confessis

525 1443 663 1499 bene
686 1445 1002 1517 apertisque
1031 1446 1350 1502 criminibus
1386 1447 1623 1504 remedia
1655 1449 2008 1518 pteuitcntize,
2040 1465 2128 1505 ac-

523 1546 719 1608 tusque
753 1540 899 1609 ipsos
927 1541 1324 1612 exomologesis
1365 1541 1828 1609 administranda),
1879 1556 1971 1599 aut
2000 1559 2125 1599 nes-

523 1629 674 1685 ciunt
725 1641 818 1684 aut
871 1643 1144 1687 recusant.
1205 1634 1488 1690 Postremo
1541 1637 1668 1690 illud
1721 1638 2126 1707 apertissimum

527 1727 798 1780 enitemur
817 1726 1130 1793 ostendere,
1162 1743 1280 1798 qua!
1310 1743 1468 1799 poena
1491 1731 1564 1785 sit
1591 1743 1682 1786 aut
1707 1747 1812 1785 non
1843 1733 2127 1802 agentibus

2222 507 2382 564 nobis
2420 509 2668 579 capitalis
2696 510 2924 581 periculi
2977 512 3290 569 conditione
3331 517 3539 588 legavit.
3570 517 3761 592 Reliqua

2223 613 2438 674 peccata
2470 605 2752 660 meliorum
2785 621 3014 677 operum
3041 609 3480 679 cernpensatione
3503 623 3760 671 curantur:

2224 695 2340 751 haec
2366 711 2496 751 vero
2537 700 2635 752 tria
2665 698 2915 766 crimina,
2951 710 3009 754 ut
3052 701 3288 758 basilisci
3320 703 3543 773 alicujus
3569 707 3762 776 afﬂatus,

2225 777 2284 843 ut
2308 790 2502 844 veneni
2531 789 2693 850 calix.
2726 801 2783 845 ut
2807 789 3024 846 lethalis
3051 794 3287 860 arundo,
3329 797 3602 852 metuenda
3629 811 3762 856 sunt:

2225 895 2331 934 non
2364 883 2509 935 enim
2531 882 2727 937 vitiare
2756 885 3014 950 animam,
3047 885 3141 939 sed
3170 886 3492 956 intercipere
3521 899 3762 945 noverunt.

2223 973 2402 1042 Quare
2452 975 2711 1029 tenacitas
2759 975 3095 1032 humanitate
3139 979 3467 1045 redimetur;
3507 982 3762 1038 convicium

2225 1067 2593 1122 satisfactione
2626 1070 2972 1138 pensabitur;
3007 1071 3229 1126 tristitia
3254 1073 3614 1143 iucunditate;
3643 1091 3768 1146 aspe-

2225 1159 2361 1214 ritas
2404 1160 2657 1225 louitate;
2707 1163 2971 1232 gravitate
3002 1163 3227 1230 levitas;
3277 1165 3556 1221 honestate
3593 1183 3769 1236 perver-

2228 1252 2392 1320 sitas;
2423 1262 2476 1308 et
2495 1268 2851 1324 quaecumque
2875 1257 3170 1311 contrariis
3198 1257 3484 1312 emendata
3510 1259 3767 1328 proficiunt.

2229 1347 2370 1415 Quid
2401 1362 2528 1403 vero
2561 1346 2716 1406 faciet
2749 1358 3096 1420 contemptor
3128 1350 3260 1406 Dei?
3285 1351 3424 1419 Quid
3458 1361 3572 1421 aget
3599 1355 3770 1425 sangui-

2231 1440 2454 1494 narius?
2481 1438 2635 1507 Quod
2664 1441 2962 1496 remedium
2986 1444 3167 1512 capiet
3197 1443 3528 1499 fornicator?
3548 1444 3770 1516 Numquid

2231 1543 2323 1588 aut
2375 1534 2592 1604 placare
2635 1533 2924 1590 Dominum
2969 1535 3220 1592 desertor
3267 1538 3438 1607 ipsius
3474 1541 3676 1608 poterit;
3702 1547 3772 1595 aut

2233 1640 2562 1684 conservare
2593 1628 2911 1696 sanguinem
2937 1643 3126 1694 suum,
3164 1629 3257 1699 qui
3286 1628 3684 1698 fuditalienum;
3705 1643 3774 1688 aut

2233 1717 2603 1789 redintegrare
2635 1719 2728 1774 Dei
2774 1721 3055 1790 templum,
3089 1722 3179 1792 qui
3209 1721 3340 1776 illud
3372 1723 3668 1778 fornicando
3689 1726 3774 1780 vio-

529 1817 930 1888 pmuitentiam,
963 1832 1056 1874 aut
1085 1824 1246 1876 etiam
1283 1821 1701 1894 negligentibus,
1734 1833 1898 1892 atque
1928 1825 2052 1879 ideo
2077 1826 2126 1880 in

2245 1814 2400 1869 lavit?
2452 1816 2554 1868 Ista
2605 1826 2731 1869 sunt
2777 1815 3053 1885 capitalia,
3117 1815 3352 1883 fratres;
3406 1817 3505 1873 ista
3553 1819 3774 1874 mortalia.

529 1919 754 1974 vulnere
778 1934 876 1974 suo
910 1935 972 1976 ac
1004 1931 1213 1976 tumore
1243 1921 1602 1977 morientibus
1636 1940 1649 1976 :
1695 1938 1814 1990 qua:
1841 1937 2032 1977 rursus
2062 1923 2131 1977 sit

529 2027 754 2077 corona,
796 2012 937 2082 quod
970 2015 1272 2080 prmmium,
1303 2015 1655 2070 conscientia:
1704 2016 1941 2071 maculas
1983 2027 2128 2072 reeta

532 2116 589 2162 et
615 2109 890 2162 ordinaria
922 2107 1269 2166 confessione
1301 2110 1682 2179 purgantibus.

609 2198 695 2255 lll.
731 2199 969 2254 Primum
1001 2201 1184 2270 igitur,
1219 2213 1273 2255 ut
1303 2202 1563 2266 diximus,
1603 2201 1671 2258 de
1702 2202 1864 2256 modo
1897 2217 2130 2272 peccan-

533 2292 668 2346 tium
698 2301 1074 2360 retractemus,
1109 2294 1297 2349 sedulo
1331 2297 1672 2365 requirentes
1697 2311 1817 2366 quae
1848 2298 1958 2350 sint
2005 2311 2131 2366 pec-

531 2397 674 2451 cata,
700 2402 820 2454 quae
845 2386 1076 2441 crimina
1113 2404 1126 2440 :
1160 2403 1227 2442 ne
1250 2388 1372 2458 quis
1395 2387 1698 2454 existimet,
1733 2397 1956 2459 prepter
1978 2389 2138 2444 inuu-

535 2496 684 2536 mera
723 2481 921 2537 delicta
951 2498 1185 2552 quorum
1221 2482 1503 2538 fraudibus
1533 2484 1718 2542 nullus
1743 2485 2000 2540 immunis
2030 2493 2136 2552 est,

537 2589 622 2629 me
645 2589 804 2642 omne
830 2575 1109 2630 hominum
1150 2592 1322 2645 genus
1363 2578 1656 2634 indiscreta
1692 2578 1984 2648 pmnitendi
2017 2577 2139 2650 lege

536 2669 938 2738 constringere.
955 2669 1113 2738 Apud
1139 2670 1325 2724 Mosen
1349 2683 1401 2726 et
1425 2685 1664 2730 veteres.
1693 2673 1898 2727 minimi
1921 2688 2140 2744 quoque

538 2760 769 2829 peccati,
798 2770 854 2815 et
897 2761 1212 2831 quadrantis
1242 2763 1400 2818 unius
1429 2765 1516 2838 (ut
1543 2765 1616 2819 ita
1649 2764 1908 2834 dixerim)
1947 2765 2051 2833 rei,
2087 2765 2141 2820 in

537 2851 732 2905 eodem
779 2851 1114 2908 infelicitatis
1155 2856 1411 2912 aestuario
1456 2857 1683 2922 volutati
1731 2867 1882 2924 sunt.
1934 2857 2004 2912 Et
2047 2859 2141 2929 qui

541 2943 764 2997 sabbata
821 2944 1181 3010 violaverant,
1227 2955 1280 3001 et
1329 2947 1419 3018 qui
1450 2947 1732 3004 immunda
1772 2947 2140 3020 contigerant,

543 3047 596 3092 et
621 3039 712 3107 qui
746 3053 992 3094 escarum
1026 3042 1189 3096 vetita
1208 3053 1693 3114 praesumpserant,
1720 3043 2145 3113 etquimurmu-

543 3131 757 3199 rabant,
803 3141 856 3187 et
892 3134 982 3202 qui
1020 3135 1223 3202 pariete
1251 3147 1532 3205 corrupto,
1562 3146 1617 3190 et
1643 3139 1733 3207 qui
1769 3147 1919 3193 veste
1961 3152 2146 3192 macu-

2233 1907 2386 1963 Nunc
2412 1907 2596 1965 audite
2625 1907 2919 1977 Joannem,
2967 1921 3020 1964 et
3051 1910 3334 1978 confidite,
3365 1912 3413 1966 si
3462 1913 3699 1982 potestis:
3733 1911 3780 1969 Si

2233 2002 2346 2071 quis
2373 2002 2486 2066 scit,
2520 2002 2712 2072 inquit,
2761 2001 2976 2073 fratrem
3003 2019 3154 2057 suum
3195 2019 3411 2073 peccare
3436 2013 3675 2074 peccatum
3703 2020 3780 2058 ιιοιι

2235 2103 2416 2166 usque'
2441 2094 2510 2147 nd
2557 2107 2790 2163 mortem,
2837 2105 2978 2167 petat
3024 2113 3118 2167 pro
3161 2113 3243 2164 eo,
3279 2105 3330 2152 et
3372 2097 3509 2153 dabit
3547 2098 3616 2152 illi
3661 2098 3780 2152 vitam

2234 2185 2512 2253 Dominus,
2553 2188 2597 2240 si
2626 2189 2740 2257 quis
2785 2187 3001 2253 deliquit
3051 2198 3324 2258 peccatum
3355 2205 3456 2242 non
3486 2189 3550 2242 ad
3593 2199 3778 2242 mortem.

2239 2277 2332 2334 Est
2358 2289 2530 2335 autent
2575 2291 2842 2351 peccatum
2873 2282 3012 2350 quod
3037 2281 3106 2335 ad
3134 2292 3353 2338 mortem
3385 2282 3568 2337 ducit:
3600 2299 3684 2335 non
3714 2298 3782 2352 pro

2238 2389 2294 2426 eo
2321 2372 2461 2437 dico,
2493 2383 2548 2427 ut
2577 2373 2864 2444 depreceris
2892 2372 2936 2444 (Ι
2959 2373 3118 2428 Ιοαη.
3154 2391 3207 2439 v,
3244 2375 3360 2445 16).

2277 2529 2282 2532 ί
2314 2464 2375 2519 V.
2402 2464 2586 2534 Sedgsi
2619 2465 2797 2535 placet
2822 2508 2838 2528 ,
2882 2467 3048 2521 etiam
3087 2466 3387 2536 separatim
3416 2466 3590 2522 audite
3613 2467 3672 2522 de
3694 2467 3780 2522 sin-

2237 2557 2401 2627 gulis.
2441 2555 2626 2612 Moscn
2671 2572 2766 2627 pro
2809 2557 3254 2627 blasphematore
3299 2560 3502 2630 populo
3535 2560 3784 2628 deprecan-

2243 2661 2372 2715 tem,
2417 2650 2498 2705 sic
2535 2652 2776 2720 appellat
2819 2651 3005 2706 Deus:
3054 2652 3115 2707 Si
3145 2653 3280 2722 quis,
3327 2654 3534 2723 inquit,
3563 2653 3786 2721 deliquerit

2241 2754 2364 2800 ante
2385 2760 2482 2809 me,
2517 2743 2696 2799 delebo
2720 2744 2868 2799 illum
2901 2745 2965 2798 de
2993 2745 3122 2799 libro
3153 2762 3264 2800 meo
3287 2744 3486 2814 (Exod.
3517 2763 3672 2813 xsxn,
3697 2745 3784 2816 55).

2247 2839 2306 2892 Et
2339 2839 2405 2893 de
2437 2839 2702 2895 homicida
2723 2881 2737 2906 ,
2770 2839 3028 2894 Dominus
3059 2840 3164 2894 hoc
3189 2840 3410 2910 judicat
3444 2860 3457 2896 :
3498 2841 3555 2896 Si
3588 2843 3703 2912 quis,
3729 2841 3788 2894 in-

2243 2935 2381 3002 quit,
2410 2931 2584 3004 gladio
2603 2933 2870 2996 occiderit,
2895 2933 3071 3004 gladio
3093 2933 3345 2986 morietur
3372 2931 3563 3003 (Exod.
3584 2949 3679 2995 ut,
3700 2931 3787 3002 li).

2248 3029 2316 3084 Et
2354 3028 2424 3083 de
2456 3028 2787 3082 fornicatore
2827 3029 3127 3097 Apostolus
3168 3028 3297 3082 dicit
3333 3047 3345 3081 :
3392 3028 3474 3083 Ne
3499 3028 3787 3094 violaverim,

2247 3120 2442 3190 inquit,
2481 3121 2728 3188 temptant
2769 3117 2866 3172 Dei
2892 3119 3032 3189 quod
3058 3119 3178 3173 estis
3217 3135 3306 3173 vos
3335 3137 3352 3174 :
3389 3119 3490 3188 Qui
3523 3133 3673 3174 autem
3696 3131 3790 3172 tent-

546 3228 650 3282 la.a
704 3229 754 3282 in
797 3229 1058 3300 templum
1107 3232 1300 3286 summi
1341 3231 1504 3303 Regis
1541 3233 1896 3296 intraverant,
1947 3243 2003 3288 et
2049 3232 2141 3304 qui
2167 3208 2214 3272 C
2251 3215 2394 3283 Pium
2420 3213 2516 3266 θεέ
2545 3213 2838 3276 "Walter".
2864 3213 3123 3282 disperde!
3154 3213 3309 3266 illum
3348 3212 3696 3285 Deus(lCor.
3721 3226 3789 3284 ιιι,

546 3317 731 3372 altaria
781 3318 862 3374 his
899 3321 1116 3376 obnoxii
1148 3338 1309 3376 rnanu
1349 3333 1819 3378 contrectaverant
1851 3335 1944 3390 aut
1994 3332 2146 3379 veste

542 3414 903 3483 contigerant,
937 3423 992 3468 ut
1025 3416 1074 3469 in
1108 3415 1304 3470 cadum
1336 3415 1636 3471 ascendere
1659 3417 1818 3470 citius
1844 3415 2025 3478 fuerit,
2056 3424 2149 3470 aut

546 3510 715 3562 emori
746 3511 916 3564 satius
955 3525 1115 3580 quam
1150 3511 1263 3564 hmc
1292 3510 1543 3565 universa
1573 3525 1812 3564 servare.
1846 3507 1940 3563 llis
1987 3509 2150 3581 igitur

552 3615 651 3655 nos
685 3602 936 3656 oumibus
976 3603 1263 3674 multisque
1308 3613 1565 3672 praetcrea
1615 3602 1930 3657 carnalibus
1975 3599 2146 3670 vitiis,

551 3703 605 3744 ut
636 3691 797 3745 citius
824 3691 890 3746 ad
915 3692 1180 3748 destinata
1209 3695 1435 3764 quiSque
1463 3693 1762 3763 perveniat,
1794 3694 2014 3763 sanguis
2048 3694 2154 3748 Do-

551 3783 682 3837 mini
709 3783 980 3850 liberavit,
1008 3785 1362 3854 redernptosa
1378 3785 1643 3840 servitute
1669 3785 1807 3856 legis
1827 3796 1882 3842 et
1904 3786 2156 3842 libertate

554 3872 679 3928 fidei
724 3873 1119 3944 emancipatus.
1157 3873 1394 3943 Idquue
1439 3875 1718 3944 apostolus
1751 3873 1948 3929 Paulus
1981 3891 1994 3928 :
2049 3874 2153 3929 Vos

553 3976 746 4035 autem,
783 3967 976 4038 inquit,
1011 3967 1063 4020 in
1112 3967 1395 4022 libertatem
1423 3967 1589 4022 vocati
1620 3968 1738 4022 estis
1771 3966 1911 4042 (Cal.
1940 3983 1994 4033 v,
2041 3965 2152 4040 l5).

558 4059 686 4114 llaec
727 4060 818 4114 illa
868 4059 1125 4127 libertas;
1170 4061 1312 4130 quod
1357 4077 1462 4114 non
1505 4059 1758 4115 oumibus
1806 4058 2158 4130 astringimur

554 4154 750 4223 quibus
781 4161 993 4209 veteres
1023 4154 1373 4221 tenebantur;
1406 4153 1501 4208 sed
1530 4154 1728 4208 donata
1762 4154 1844 4224 (ut
1885 4153 1954 4207 ita
1998 4153 2156 4208 dixe-

559 4247 686 4319 rim)
729 4246 861 4303 silva
918 4247 1263 4315 delictorum,
1309 4257 1363 4304 et
1412 4246 1780 4306 remediorum
1825 4246 2157 4319 indulgentia

559 4338 854 4406 deSIinata,
899 4341 954 4394 in
986 4356 1153 4410 pauca
1197 4339 1438 4396 conclusi
1485 4355 1676 4395 sumus
1719 4351 1774 4396 et
1817 4343 2157 4410 necessaria;

561 4447 679 4506 qua:
726 4441 780 4486 et
818 4448 1038 4487 scrvare
1095 4433 1412 4490 facillimum
1462 4444 1610 4491 esset
1667 4433 2050 4501 credentibus,
2103 4443 2161 4490 et

562 4537 753 4578 cavere
785 4543 799 4578 :
839 4533 898 4578 ut
928 4525 1276 4580 meritissimo
1306 4537 1566 4582 tartarum
1599 4540 1710 4582 non
1757 4536 2040 4582 recusaret
2067 4521 2158 4598 qui

2252 3306 2376 3378 l7).
2417 3306 2629 3377 Scripta
2671 3316 2799 3361 sunt
2833 3306 2980 3372 haec,
3015 3305 3198 3361 dilecti
3230 3308 3459 3368 fratres.
3491 3317 3539 3362 et
3568 3305 3793 3376 perpetuis

2250 3416 2388 3457 caesa
2423 3401 2834 3467 monumentis;
2880 3399 3079 3471 srripta
3119 3411 3174 3455 et
3206 3403 3378 3456 incisa
3410 3417 3513 3456 non
3555 3401 3664 3455 dico
3686 3398 3793 3454 ceris

2251 3501 2307 3549 et
2353 3493 2539 3549 charta
2587 3503 2642 3548 ct
2689 3509 2800 3550 aire
2844 3495 2928 3549 vel
2965 3495 3200 3558 ealamo,
3252 3495 3349 3549 sed
3397 3495 3535 3550 libro
3575 3495 3657 3549 Dei
3692 3492 3791 3547 vivi.

2253 3583 2449 3641 Cretum
2491 3597 2541 3642 et
2588 3597 2728 3640 terra
2769 3587 3086 3652 transibunt,
3137 3589 3241 3641 iota
3285 3603 3469 3653 unum,
3515 3587 3694 3658 inquit,
3729 3592 3793 3638 aut

2253 3695 2385 3749 apex
2437 3695 2538 3732 non
2590 3689 2827 3746 poterunt
2878 3680 3095 3734 transire
3150 3683 3456 3752 priusquam
3503 3681 3656 3735 omnia
3690 3693 3794 3732 cont-

2257 3773 2494 3838 pleantur
2515 3769 2730 3842 (Matth.
2764 3787 2819 3837 ν,
2859 3772 2969 3842 18);
3003 3773 3140 3840 Quid
3168 3774 3344 3842 ergo?
3369 3773 3684 3829 moriendum
3702 3767 3795 3825 est?

2257 3863 2409 3917 Multi
2449 3864 2610 3918 etiam
2639 3866 2900 3920 animoin
2937 3865 3054 3920 lucc
3088 3876 3312 3934 peccata
3341 3865 3657 3921 ceciderunt.
3681 3859 3794 3918 Multi

2259 3958 2538 4028 sanguinis
2562 3959 2661 4026 rel,
2694 3960 2846 4014 multi
2876 3959 3034 4015 idolis
3065 3963 3387 4029 mancipati,
3420 3959 3572 4016 multi
3592 3953 3792 4014 adulteri.

2262 4047 2418 4104 Addo
2450 4049 2613 4104 etiam
2641 4065 2747 4106 non
2772 4049 2919 4105 solas
2942 4065 3133 4106 rnanus
3161 4053 3214 4104 in
3241 4053 3534 4110 homicidio
3555 4045 3794 4124 plecti,sed

2261 4153 2316 4198 et
2343 4160 2504 4200 omne
2535 4145 2822 4200 consilium
2855 4146 2997 4215 quod
3021 4145 3252 4202 alteritts
3284 4148 3524 4205 animam
3553 4145 3738 4218 impegit
3757 4143 3794 4196 ia

2264 4246 2494 4294 mortem
2521 4255 2534 4293 :
2565 4254 2668 4295 nec
2685 4255 2780 4295 eos
2810 4251 3016 4295 tantum
3045 4243 3135 4312 qui
3168 4241 3325 4320 thura
3349 4240 3795 4312 mensisadolevere

2265 4333 2536 4404 profanis,
2575 4333 2674 4390 sed
2705 4349 2925 4390 omnem
2960 4351 3194 4407 prorsus
3219 4337 3500 4394 libidinem
3533 4344 3666 4393 extra
3688 4347 3796 4388 υςοο

2266 4428 2402 4482 rium
2433 4427 2651 4482 tltorum
2683 4437 2740 4484 et
2766 4429 3080 4501 complexus
3111 4430 3288 4486 licitos
3319 4441 3660 4503 evagantem,
3686 4433 3794 4480 reatu

2268 4521 2461 4573 mortis
2487 4521 2734 4592 astringi.
2767 4519 2895 4576 Haec
2924 4523 3256 4598 quicumque
3294 4533 3420 4595 post
3462 4524 3609 4579 fidem
3638 4517 3794 4579 fecerit.

563 4625 726 4671 tanta!
783 4617 1060 4674 donationi
1112 4621 1378 4692 ingratus,
1427 4637 1496 4676 ne
1544 4623 1658 4686 tunc
1711 4621 1933 4692 quidem
1991 4593 2240 4690 pauca],
2269 4613 2360 4667 Dei
2394 4612 2583 4669 faciem
2627 4631 2734 4669 non
2777 4593 2998 4672 videbit.
3046 4593 3420 4688 Desperavere
3452 4625 3692 4674 tantorum
3718 4609 3794 4664 cri-

561 4718 858 4765 servassct.
894 4712 1022 4777 Quae
1055 4713 1161 4767 sint
1184 4723 1366 4769 autem
1398 4715 1500 4770 ista
1532 4715 1836 4770 videamus.

633 4800 720 4858 IV.
755 4801 882 4858 Post
909 4805 1116 4858 Domini
1148 4807 1457 4875 passionem
1481 4807 1752 4878 Apostoli,
1776 4808 2018 4862 tractatis
2044 4824 2158 4862 om-

564 4895 725 4950 nibus
755 4904 917 4964 atque
949 4895 1231 4962 discussis,
1262 4899 1552 4968 epistolam
1584 4898 1943 4964 tradiderunt,
1974 4899 2161 4970 bisqui

562 5004 624 5043 ex
661 4989 914 5064 gentibus
945 4988 1318 5054 crediderant,
1354 4989 1756 5055 perferendam.
1807 4990 1975 5059 Cujus
2019 4991 2164 5062 cpis-

567 5081 690 5136 tola:
722 5083 988 5142 sententia
1023 5083 1139 5137 hinc
1171 5081 1270 5137 fuit
1301 5101 1312 5136 :
1363 5081 1598 5150 Apostuli
1641 5094 1694 5150 et,
1726 5085 2007 5158 presbyteri
2051 5089 2166 5158 [ra-

2264 4707 2472 4762 minum
2506 4709 2605 4763 rei.
2640 4709 2780 4776 Quid
2811 4711 2964 4765 vobis
2993 4727 3093 4781 ego
3134 4712 3284 4766 feci?
3317 4710 3577 4782 Numquid
3617 4722 3702 4762 nou
3726 4701 3797 4755 fuit

2267 4801 2320 4854 in
2350 4809 2622 4866 potestate
2665 4818 2733 4857 ne
2773 4802 2964 4858 ﬂeret?
3000 4805 3265 4860 Nullusne
3316 4803 3623 4859 admonuit?
3675 4797 3797 4851 Neirio

2269 4893 2552 4965 prrrdixit?
2573 4896 2764 4951 Tacuit
2789 4895 3072 4952 Ecclesia?
3093 4897 3237 4953 Nihil
3263 4899 3551 4970 Evangelia
3571 4884 3797 4949 dixerunt?

2267 4985 2410 5042 Nihil
2445 4989 2689 5058 Apostoli
2724 4991 3042 5045 comminuti
3081 4993 3241 5045 sunt?
3270 4990 3412 5046 Nihil
3442 4989 3632 5060 rogavit
3665 4994 3798 5039 sacer-

2276 5083 2417 5136 dos?
2448 5079 2587 5149 Quid
2630 5085 2871 5153 quaeritis
2912 5099 3032 5138 sera
3063 5085 3293 5139 solatia?
3319 5083 3469 5146 Tunc
3491 5081 3683 5140 decuit,
3708 5087 3796 5129 cum

565 5185 686 5245 tres,
721 5175 800 5231 his
829 5177 916 5248 qui
952 5188 1070 5232 sunt
1115 5177 1404 5232 Antiochia:
1428 5186 1476 5232 et
1504 5177 1692 5249 Syriaz,
1735 5188 1778 5232 et
1823 5178 2021 5233 Ciliciae
2059 5183 2173 5251 fra-

568 5271 732 5324 tribus
757 5271 844 5339 qui
869 5279 985 5323 sunt
1011 5286 1073 5323 ea:
1105 5268 1362 5342 gentibus,
1405 5270 1648 5324 salutem.
1682 5269 1939 5336 Quoniam
1969 5272 2172 5326 audivi-

570 5377 681 5414 mus
701 5358 949 5430 quosdam
970 5377 1031 5414 ea:
1054 5360 1199 5414 nobis
1229 5359 1432 5426 exiisse,
1465 5369 1511 5414 et
1535 5360 1869 5415 conturbasse
1891 5379 1979 5418 uos
2008 5363 2173 5418 verbis

567 5452 705 5525 (Act.
726 5468 816 5516 xv,
836 5451 1057 5525 24,25).
1078 5455 1204 5509 Item
1227 5452 1370 5510 infra
1391 5473 1402 5507 :
1420 5452 1594 5507 Visum
1617 5463 1689 5508 est
1709 5455 1844 5508 enim
1859 5445 2034 5510 sancto
2059 5457 2178 5528 Spi-

561 5546 686 5600 ritui
701 5556 745 5600 et
759 5545 1134 5613 nobis,nullum
1151 5549 1377 5617 amplius
1395 5547 1594 5619 imponi
1606 5547 1746 5604 vobis
1761 5550 1966 5620 pondus
1987 5559 2174 5624 pratter

569 5654 750 5708 quant:
767 5637 984 5694 Necesse
1001 5653 1071 5694 est
1088 5650 1142 5694 ut
1160 5640 1458 5698 abstinentia
1472 5659 1560 5698 vos
1583 5641 1646 5697 ab
1667 5643 1967 5712 idolothytis
1989 5653 2037 5698 et
2055 5661 2178 5698 san-

569 5734 744 5801 guine,
770 5747 816 5788 et
840 5738 1176 5806 fornicatione
1198 5755 1216 5792 :
1235 5756 1264 5790 ιι
1281 5738 1462 5809 quibus
1477 5741 1820 5807 obseruantes,
1849 5739 1972 5794 bene
1993 5739 2176 5811 agetis.

605 5822 778 5880 Valere
808 5827 996 5900 (Ibid,
1029 5830 1122 5900 28,
1143 5831 1260 5901 29).
1295 5832 1422 5890 Haec
1442 5844 1526 5888 est
1549 5835 1671 5891 novi
1704 5834 2035 5892 Testamenti
2069 5843 2181 5892 tota

2277 5175 2492 5230 licebat.
2523 5175 2662 5232 Dura
2698 5179 2797 5233 ista
2824 5189 2925 5234 vox
2947 5187 3060 5244 est;
3090 5177 3184 5234 sed
3216 5181 3304 5249 qui
3336 5193 3430 5233 vos
3450 5177 3618 5232 felices
3641 5172 3796 5228 dicunt.

2280 5269 2330 5324 in
2360 5285 2603 5324 errorem
2629 5287 2723 5326 vos
2749 5272 2986 5336 mittunt,
3017 5283 3070 5328 et
3096 5274 3320 5327 semitas
3345 5271 3533 5342 pedum
3559 5271 3794 5322 vesrrorum

2279 5363 2628 5417 conturbant.
2664 5363 2945 5420 Facinoris
2987 5365 3124 5419 viam
3175 5373 3438 5418 monstrat
3476 5355 3708 5416 innoxiis.
3733 5345 3795 5418 qui

2285 5444 2604 5514 nocentibus
2633 5469 2756 5528 post
2782 5461 2988 5514 scelera
3018 5458 3310 5530 blqnditur.
3758 5529 3794 5540 __

2354 5551 2438 5610 γι·
2483 5552 2628 5624 Ergo
2660 5553 2891 5626 (inquiet
2919 5551 3143 5624 aliquis)
3176 5549 3400 5622 perituri
3431 5542 3638 5604 sumus?
3668 5547 3712 5594 et
3733 5531 3796 5588 ubi

2281 5648 2594 5704 misericors
2625 5648 2786 5712 Deus,
2815 5649 2906 5716 qui
2942 5657 3170 5702 mortem
3200 5662 3311 5702 non
3341 5642 3561 5705 invenit,
3583 5649 3670 5692 nec
3690 5631 3797 5728 illi“:

2281 5750 2367 5794 tur
2398 5740 2449 5794 in
2483 5739 2784 5810 perditione
2815 5739 3103 5810 vivorum?
3133 5739 3491 5794 bloriemurne
3542 5732 3591 5787 in
3619 5723 3795 5796 item“

2282 5832 2524 5893 nostris?
2565 5835 2629 5890 Et
2664 5831 2794 5906 quid
2827 5831 2990 5890 facies
3019 5841 3078 5888 tu
3104 5823 3404 5889 sacerdos?
3427 5825 3616 5903 Quibus
3637 5811 3794 5874 emolu-
