4048 6350
292 372 432 427 1085

1380 369 1790 430 ΡΑΒΑΞΝΕΞΙΒ
1819 370 1912 428 AD
1952 370 2485 430 ΡίΕΝΙΤΕΝΤῙΑΜ.

3447 334 3586 428 toea

293 492 492 546 tuentis
541 496 621 543 tot
658 487 917 544 Ecclesiae
947 487 1270 544 detrimenta
1314 489 1601 559 pensabis?
1641 488 1888 562 Accipite
1916 492 1969 552 Α
1994 488 2653 559 mur.l.:etare,peccalor,
2684 488 2729 544 si
2761 488 2811 543 in
2838 487 2941 543 huc
2964 488 3166 544 sa‘cult)
3192 498 3283 543 aut
3312 500 3486 544 morte
3512 468 3597 545 in-

292 582 596 638 remedium
642 580 686 635 si
730 578 1025 646 desperare
1076 580 1365 651 cmpistis;
1414 582 1460 635 si
1513 582 1745 637 miseros
1792 597 1891 639 vos

292 662 608 745 agnoscitis,
639 674 684 729 si
719 675 944 729 timetis.
973 674 1076 742 Qui
1110 674 1333 729 nimium
1359 674 1607 739 confidit,
1638 675 1894 746 indiguus

292 778 396 829 est.
419 766 595 835 Super
611 781 760 836 quem
778 764 975 835 (inquit
992 765 1276 838 Dominus)
1295 768 1591 836 respiciam,
1615 769 1716 822 nisi
1734 785 1894 839 supra

293 862 541 916 humilem
560 871 607 915 et
628 862 875 932 quietum,
900 870 947 914 et
969 869 1263 916 trementem
1283 861 1434 916 verba
1454 878 1566 915 mea
1589 861 1641 936 (1
1646 878 1722 917 sa.
1744 877 1891 930 vat,

292 955 393 1024 2)?
418 954 523 1008 Vos
541 969 674 1025 ergo
695 953 927 1023 primum
952 952 1190 1023 appello,
1216 952 1435 1021 fratres,
1460 954 1551 1024 qui
1573 954 1895 1009 criminibus

296 1050 552 1104 admissis
578 1046 957 1118 paenitentiam
989 1047 1254 1102 recusatis
1285 1064 1297 1100 :
1326 1063 1418 1101 vos
1439 1088 1452 1111 ,
1486 1047 1738 1118 inquam,
1771 1042 1896 1118 post

296 1141 688 1212 impudentiam
718 1139 969 1206 timidos,
1001 1148 1120 1209 post
1149 1150 1371 1209 peccata
1404 1140 1770 1203 verecundos,
1805 1139 1894 1210 qui

299 1248 528 1304 peccare
558 1248 667 1287 non
696 1233 1021 1288 erubescitis
1048 1242 1102 1287 et
1132 1232 1455 1288 erubescitis
1480 1232 1724 1288 confiteri
1758 1249 1770 1285 :
1806 1232 1897 1302 qui

297 1343 420 1383 cum
473 1328 612 1382 mala
663 1327 1016 1394 conscientia,
1077 1326 1168 1380 Dei
1226 1335 1407 1381 sancta
1458 1325 1793 1396 contingitis,
1845 1333 1900 1381 et

298 1422 471 1476 altare
503 1420 716 1475 Domini
744 1435 850 1473 non
881 1418 1083 1473 timetis
1114 1418 1245 1489 :qui
1266 1418 1333 1472 ad
1364 1433 1554 1473 manus
1577 1417 1894 1484 sacerdotis,

300 1514 390 1585 qui
431 1514 482 1567 in
516 1525 811 1582 conspectu
843 1512 1165 1583 angelorum
1195 1511 1295 1566 sub
1341 1510 1535 1566 fiducia
1575 1511 1898 1566 innocentiae

302 1605 565 1662 acceditis
592 1623 604 1659 :
628 1607 715 1676 qui
741 1605 940 1661 divinae
968 1605 1239 1676 patientiae
1266 1602 1571 1670 insultatis;
1593 1605 1682 1675 qui
1703 1604 1900 1659 tacenti

307 1702 436 1767 Deo,
467 1701 635 1756 veluti
654 1701 943 1767 nescienti,
978 1699 1243 1769 pollutam
1268 1701 1504 1755 animam
1529 1711 1583 1755 et
1614 1699 1898 1771 profanum

302 1808 502 1865 corpus
530 1795 796 1865 inger-itis.
832 1793 1052 1861 Audite,
1084 1793 1210 1865 quid
1241 1793 1433 1849 fecerit
1462 1794 1756 1861 Dominus;
1788 1804 1899 1849 tum

1997 583 2299 654 terciperis,
2326 591 2422 638 aut
2443 583 2707 653 languore
2729 582 3090 646 eonsumeris,
3115 597 3183 638 ne
3206 580 3449 655 punisris
3475 580 3598 654 post

1993 676 2278 733 smculum.
2317 676 2561 751 Intelligo
2588 686 2847 748 quantum
2880 676 3102 732 sceleris
3131 676 3381 731 admittat
3410 677 3501 748 qui
3529 674 3595 733 ad

1995 772 2171 827 altare
2199 772 2347 826 venit
2376 768 2630 842 indignus
2655 788 2669 836 ;
2704 770 2791 825 cui
2824 787 2922 841 pro
2958 769 3201 825 remedio
3229 778 3593 840 computatur,

1996 884 2115 923 cum
2140 877 2233 922 aut
2262 866 2466 922 morbis
2493 866 2726 927 laborat,
2752 876 2843 919 aut
2873 875 3051 922 morte
3076 864 3415 919 dissolvitur.

2071 961 2204 1016 Vili.
2252 960 2403 1029 Quod
2429 961 2471 1015 si
2494 969 2677 1015 vestra
2702 960 2875 1026 vobis,
2902 959 3025 1014 vilis
3048 968 3129 1014 est
3153 958 3362 1027 anima;
3392 956 3599 1029 parcite

2000 1055 2235 1124 populo,
2289 1055 2493 1123 parcite
2544 1053 2942 1109 sacerdotibus.
2989 1050 3201 1109 Clamat
3251 1053 3598 1123 Apostolus:

2002 1148 2264 1221 Exiguum
2277 1152 2601 1220 (erittantum,
2621 1156 2779 1202 totam
2796 1163 3018 1202 massam
3033 1150 3305 1219 fermentat
3334 1147 3351 1215 (
3372 1144 3387 1198 1
3405 1144 3523 1200 Cor.
3544 1160 3599 1212 v,

2000 1241 2087 1313 6).
2121 1241 2259 1308 Quid
2293 1240 2455 1296 facies
2493 1249 2546 1295 tu
2588 1250 2810 1311 propter
2845 1256 3003 1311 quem
3034 1240 3213 1295 omnis
3255 1255 3433 1294 massa
3477 1254 3602 1295 cor-

2002 1334 2305 1403 rumpitur;
2346 1344 2571 1404 propter
2601 1349 2760 1405 qucm
2795 1332 3101 1387 laboratura
3134 1341 3217 1386 est
3257 1341 3369 1386 tota
3398 1330 3602 1386 frater-

2003 1427 2182 1482 nitas?
2221 1425 2383 1482 Vives
2416 1435 2493 1480 tot
2537 1426 2838 1480 animarum
2874 1424 3039 1479 reus?
3086 1423 3445 1479 Excusaberis
3475 1438 3599 1479 cum

2002 1521 2098 1575 tibi
2142 1521 2583 1574 communionem
2628 1534 2780 1573 suam
2828 1517 3215 1588 imputth-rint
3257 1517 3599 1586 innocentes,

2003 1628 2125 1669 cum
2173 1622 2224 1667 te
2266 1612 2507 1665 Ecclesia
2534 1610 2737 1665 dixerit
2772 1625 2888 1664 sua:
2924 1608 3093 1664 cladis
3119 1607 3431 1663 auctorem?
3462 1607 3603 1665 Ecce

2004 1705 2200 1759 iterum
2238 1702 2533 1773 Apostolus
2575 1702 2640 1757 ad
2682 1701 3022 1757 sacerdotem
3058 1718 3069 1754 :
3106 1699 3294 1753 Manus
3323 1701 3423 1754 cito
3468 1699 3601 1755 nulli

2003 1797 2259 1867 imponas,
2284 1812 2374 1851 nec
2392 1795 2734 1850 communices
2757 1794 2974 1861 peccatis
2997 1793 3177 1848 alienis
3197 1792 3236 1864 (l
3253 1791 3390 1847 Tim.
3415 1809 3463 1858 v,
3485 1791 3604 1863 2'2).

303 1888 519 1952 deinde,
556 1888 681 1957 quid
710 1888 933 1943 dixerit.
960 1886 1097 1942 Cum
1132 1886 1360 1957 pepulus
1392 1886 1743 1943 Hebraeorum
1776 1885 1901 1943 ilic-
1932 1891 1978 1951 Β
2006 1890 2144 1959 Quid
2194 1888 2380 1956 facies,
2428 1900 2481 1944 tu
2530 1889 2623 1958 qui
2670 1888 2879 1958 decipis
2926 1887 3305 1942 sacerdotem?
3357 1888 3457 1953 Qui
3515 1894 3608 1941 aut

305 1981 597 2052 rostilymis
647 1980 842 2036 Arcam
896 1978 1113 2034 Domini
1162 1990 1488 2048 reportaret,
1537 1992 1589 2034 et
1628 1996 1691 2034 ex
1738 1980 1902 2035 domo

306 2073 607 2129 Aminadab
649 2072 938 2139 lsraelitis;
986 2075 1124 2128 Ozas
1171 2074 1260 2144 qui
1312 2088 1417 2128 non
1457 2074 1735 2141 explorata
1775 2087 1905 2129 con-

305 2167 557 2232 scientia,
591 2167 735 2221 latus
765 2169 919 2221 Arcas
947 2167 1221 2236 attigerat,
1255 2167 1467 2221 occisus
1495 2176 1607 2232 est;
1639 2175 1693 2222 et
1723 2175 1902 2221 tamen

307 2261 400 2315 ille
420 2302 434 2327 ,
461 2275 570 2315 non
600 2259 889 2331 utaliquid
924 2275 985 2314 ex
1018 2274 1081 2315 ea
1112 2269 1386 2326 sumeret;
1417 2260 1512 2315 sed
1545 2271 1603 2315 ut
1629 2260 1907 2315 declinan-

308 2362 414 2407 tem
439 2353 507 2407 ad
531 2353 739 2421 lapsum
763 2352 941 2420 vituli,
976 2353 1305 2417 centineret,
1340 2362 1650 2409 accesserat
1672 2353 1748 2425 (ll
1777 2352 1902 2425 Reg.

306 2446 405 2515 vt).
436 2445 610 2500 Tanta
640 2444 795 2499 infuit
821 2460 951 2499 cura
984 2445 1181 2500 divina:
1208 2445 1550 2513 reverentise,
1582 2455 1641 2500 ut
1673 2446 1907 2502 audaces

274 2522 522 2604 'mamts,
572 2553 674 2593 nec
720 2539 790 2591 ob
833 2539 1094 2593 auxilium
1138 2538 1454 2593 sustineret.
1506 2538 1718 2593 Clamat
1763 2539 1907 2594 idem

314 2634 573 2687 Dominus
596 2642 651 2687 et
677 2631 842 2687 dicit:
871 2630 1053 2686 Omnis
1078 2631 1300 2685 mundus
1323 2631 1655 2685 manducabit
1678 2647 1904 2699 carnem,

309 2736 358 2779 et
385 2726 564 2781 animo
588 2740 921 2797 quwcumque
952 2726 1223 2796 contigerit
1244 2728 1305 2779 de
1327 2740 1481 2779 carne
1501 2726 1747 2795 sacriﬁcii
1768 2726 1908 2780 salu-

312 2820 460 2885 taris,
487 2829 533 2872 et
554 2808 891 2873 immunditia
907 2835 1060 2887 super
1079 2818 1174 2872 illa
1202 2828 1272 2871 est
1293 2834 1311 2883 ;
1334 2826 1506 2889 pereat
1531 2818 1707 2871 anima
1725 2818 1819 2872 illa
1846 2818 1908 2873 de

312 2912 507 2981 populo
535 2910 679 2982 (Lee.
712 2928 806 2977 vn,
843 2912 957 2979 1‘2).
992 2913 1303 2981 Antiquane
1358 2911 1458 2965 ista
1492 2918 1639 2976 sunt,
1667 2921 1717 2966 et
1746 2911 1909 2966 modo

314 3019 423 3057 non
450 3005 618 3057 fiunt?
645 3004 783 3071 Quid
815 3005 989 3073 ergo?
1022 3004 1182 3057 desiit
1214 3004 1353 3058 Deus
1378 3014 1557 3057 nostra
1584 3018 1813 3069 curare;
1840 3019 1907 3058 an

314 3097 452 3151 ultra
483 3088 835 3167 conspectum
874 3096 1059 3151 tnttndi
1088 3097 1356 3163 recessit,
1398 3104 1454 3151 et
1482 3098 1756 3151 nemiuem
1787 3111 1909 3167 spe—

311 3203 420 3247 etat
446 3207 477 3248 e
504 3193 686 3248 caelo?
720 3196 798 3247 An
828 3191 1086 3262 patientia
1109 3191 1287 3255 illius,
1317 3191 1621 3262 ignorantia
1653 3192 1770 3245 est?
1804 3191 1910 3244 Ab-

2001 1984 2340 2055 ignorantem
2372 1983 2535 2052 fallis,
2569 1994 2660 2038 aut
2692 1999 2797 2038 non
2832 1983 2896 2037 ad
2931 1984 3149 2052 plenum
3185 1983 3449 2037 scientem
3482 1991 3607 2049 pro-

2003 2076 2165 2131 bandi
2196 2076 2513 2132 difﬁcultate
2540 2075 2866 2132 confmidis?
2894 2074 3050 2146 Rogo
3074 2091 3204 2147 ergo
3239 2090 3355 2141 vos,
3386 2076 3601 2139 fratres,

2004 2169 2168 2224 etiam
2202 2186 2298 2240 pro
2325 2169 2573 2238 periculo
2608 2184 2761 2233 meo,
2808 2183 2903 2238 per
2937 2168 3088 2222 illum
3131 2168 3416 2222 Dominum
3445 2181 3605 2237 quem

2006 2259 2215 2313 occulta
2245 2274 2349 2313 non
2381 2258 2596 2324 fallunt,
2627 2258 2861 2313 desinite
2888 2258 3229 2313 vulneratam
3265 2265 3447 2327 tegere
3480 2270 3612 2311 con-

2007 2351 2311 2407 scientiam.
2340 2352 2646 2408 Prudentes
2667 2354 2797 2423 :egri
2826 2352 3068 2407 medicos
3092 2365 3203 2405 non
3237 2359 3512 2415 verentur,
3541 2364 3611 2404 ne

2006 2444 2061 2498 in
2094 2442 2321 2499 occultis
2347 2444 2563 2514 quidem
2602 2458 2894 2513 corporum
2931 2443 3174 2513 partibus
3201 2444 3361 2497 etiam
3396 2448 3612 2497 secatu-

2008 2554 2120 2602 ros,
2146 2540 2306 2593 etiam
2341 2550 2683 2608 perusturos.
2712 2538 3058 2593 Meminimus
3084 2537 3371 2607 quosdam,
3404 2543 3623 2591 remota

2008 2633 2169 2686 etiam
2201 2642 2255 2688 et
2291 2632 2600 2687 verecunda
2632 2631 3000 2687 membrorum
3040 2647 3145 2685 non
3183 2632 3612 2698 erubescentes,

2009 2729 2060 2781 in
2088 2726 2235 2782 ferro
2262 2737 2318 2782 et
2341 2728 2611 2794 cauterio,
2641 2734 2695 2781 et
2716 2726 3032 2795 gravissima
3059 2726 3148 2781 illa
3179 2724 3423 2796 pulveris
3454 2716 3612 2778 mor-

2011 2822 2244 2876 daeitate
2271 2820 2517 2875 durasse.
2545 2821 2606 2874 Et
2636 2830 2895 2891 quantum
2920 2829 3003 2875 est
3030 2818 3165 2874 illud
3194 2819 3336 2889 quod
3363 2816 3611 2871 homines

2013 2915 2416 2984 prmstiterunt?
2443 2914 2703 2969 Peccmor
2730 2913 2981 2968 timebit?
3013 2914 3271 2985 Peccator
3298 2910 3612 2976 erubescet,

2012 3015 2335 3078 perpetuam
2368 3008 2532 3062 vitam
2568 3007 2823 3076 praesenti
2855 3006 3064 3077 pudore
3093 3006 3369 3061 mercari?
3397 3015 3449 3059 et
3479 3002 3613 3058 offe-

2014 3101 2151 3155 renti
2185 3115 2378 3155 manus
2411 3100 2642 3155 Domino
2664 3143 2679 3167 ,
2709 3100 2934 3155 vulnera
2969 3101 3107 3156 male
3138 3112 3275 3155 teeta
3308 3098 3612 3153 subducet?

2014 3194 2080 3248 Et
2108 3195 2269 3250 habet
2294 3192 2495 3263 aliquid
2520 3194 2658 3263 quod
2685 3193 2739 3247 in
2764 3193 2861 3248 illo
2881 3194 3193 3258 erubescat,
3213 3192 3303 3263 qui
3322 3192 3612 3246 Dominum

312 3288 403 3349 sit,
439 3286 671 3356 inquies.
707 3285 865 3339 Videt
890 3300 1021 3356 ergo
1043 3300 1161 3356 qua:
1192 3284 1441 3351 facimus,
1475 3285 1571 3339 sed
1605 3284 1790 3355 utique
1814 3299 1909 3339 ex-
1935 3276 1981 3338 C
2016 3287 2193 3342 farsit?
2230 3286 2311 3340 An
2353 3287 2433 3340 sic
2474 3285 2551 3339 illi
2589 3286 2781 3340 melius
2824 3295 2906 3340 est
2946 3286 3149 3355 perire,
3201 3300 3267 3339 ne
3312 3293 3367 3336 tu
3406 3281 3615 3353 pudore

315 3386 525 3446 spectat
552 3390 604 3432 et
630 3378 851 3449 patitur,
880 3386 937 3433 et
963 3379 1300 3449 poenitentia:
1330 3386 1546 3446 tempus
1570 3378 1831 3448 indulget,
1854 3386 1905 3432 et

313 3470 535 3527 Christo
561 3488 661 3525 suo
689 3482 912 3541 praestat
938 3480 998 3525 ttt
1025 3473 1260 3537 differat,
1294 3486 1364 3526 ne
1386 3472 1494 3526 cito
1520 3479 1743 3541 pereant
1772 3484 1909 3539 quos

318 3567 570 3622 redemit.
609 3565 775 3630 Bene,
816 3576 871 3619 tu
921 3573 1193 3635 peccator,
1245 3564 1529 3633 intelligo:
1568 3563 1828 3633 speetaris
1877 3576 1907 3616 a

320 3661 546 3714 Domino
565 3702 577 3721 ,
612 3670 770 3729 potes
800 3660 947 3715 illum
976 3660 1195 3730 placare
1224 3659 1269 3713 si
1298 3658 1449 3713 velis.

388 3752 502 3808 Vll.
543 3753 647 3807 Sed
680 3755 960 3823 antiquum
993 3754 1068 3807 sit
1093 3752 1234 3807 istud
1266 3752 1416 3823 quod
1447 3749 1511 3805 ad
1545 3765 1785 3806 mensam
1817 3750 1910 3805 Dei

315 3846 576 3902 accedere
618 3862 723 3900 non
762 3846 912 3902 licuit
942 3846 1239 3901 immundis
1271 3863 1284 3899 :
1315 3845 1550 3901 evolvite
1578 3844 1872 3915 Apostolus
1894 3885 1907 3908 ,

315 3949 369 3993 et
393 3938 606 3993 novella
631 3939 960 4008 cognoscite.
989 3939 1041 3992 In
1067 3940 1239 4008 prima
1263 3938 1689 4003 Corinthiorum,
1718 3937 1913 3991 Paulus

319 4033 436 4085 haec
476 4030 700 4085 intulit:
746 4020 1083 4103 Quicumque,
1126 4032 1320 4102 iuqttit,
1369 4030 1775 4095 manducauerit,
1821 4040 1913 4085 aut

317 4124 496 4178 biberit
538 4125 751 4178 calicem
796 4122 1004 4180 Domini
1043 4125 1276 4196 indigne,
1316 4141 1434 4180 reus
1472 4126 1566 4179 erit
1596 4124 1839 4193 Corporis
1867 4135 1915 4179 et

320 4221 603 4294 Sanguinis
625 4214 837 4274 Domini
860 4221 902 4291 (1
924 4218 1045 4274 Car.
1070 4234 1149 4286 XI,
1169 4220 1283 4290 97).
1306 4219 1440 4273 item
1466 4220 1631 4272 infra:
1659 4217 1761 4283 Qui
1780 4218 1914 4272 enim

319 4314 590 4369 manducet
632 4325 675 4367 et
714 4312 836 4367 bibit
877 4312 1110 4382 indigne,
1142 4312 1404 4385 judicium
1438 4310 1534 4365 sibi
1561 4310 1845 4364 manducet
1869 4320 1915 4365 et

317 4405 460 4473 bibit,
481 4420 580 4459 non
601 4407 893 4460 discernens
913 4420 1102 4473 corpus
1127 4404 1366 4459 Domini:
1386 4400 1688 4473 Propterea,
1714 4402 1911 4473 inquit,

316 4500 450 4552 inter
469 4514 575 4565 vos,
599 4498 749 4552 multi
770 4499 963 4567 inﬁrmi
985 4507 1032 4552 et
1052 4498 1197 4568 (agri,
1220 4506 1267 4550 et
1285 4496 1545 4550 dormiunt
1563 4495 1734 4549 multi.
1763 4494 1916 4563 Quod

316 4590 362 4643 si
384 4605 481 4643 nos
500 4590 637 4659 ipsos
652 4590 1006 4663 judicaremus
1022 4633 1036 4655 ,
1061 4604 1167 4643 non
1192 4590 1367 4659 utique
1384 4589 1776 4661 judicaremur;
1799 4604 1914 4643 cum

311 4685 612 4754 judicamur
645 4694 835 4751 autem,
874 4700 905 4737 a
948 4681 1174 4739 Domino
1207 4684 1537 4753 corripiatur,
1576 4689 1632 4735 ut
1673 4697 1774 4736 non
1803 4696 1917 4736 cum

320 4777 415 4831 hoc
457 4777 649 4833 mundo
693 4778 993 4833 damnentur
1034 4776 1223 4848 (Ibid.,
1267 4775 1484 4847 29-32).
1530 4774 1915 4840 lutremuistis,

318 4887 387 4927 an
422 4873 571 4929 non?
601 4871 738 4927 Reus
772 4874 892 4940 erit,
939 4873 1132 4944 inquit,
1178 4870 1411 4940 corporis
1441 4879 1486 4924 et
1514 4870 1782 4940 sanguinis
1809 4868 1918 4923 Do-

319 4969 463 5023 mini.
494 4968 755 5023 liumanae
777 4970 972 5023 animae
996 4984 1123 5024 reus
1146 4983 1253 5023 non
1279 4975 1462 5037 posset
1478 4964 1681 5021 absolvi
1704 4981 1718 5031 ;
1742 4964 1919 5020 domi-

322 5063 429 5119 nici
458 5065 704 5134 corporis
730 5063 965 5117 violator
996 5062 1219 5118 evadit?
1252 5061 1355 5129 Qui
1383 5060 1685 5124 manducat,
1720 5058 1913 5126 inquit,

321 5168 370 5211 et
401 5157 521 5211 bibit
555 5157 786 5229 indigne,
822 5156 1089 5230 judicium
1114 5155 1209 5209 sibi
1239 5155 1516 5208 manducet
1548 5163 1595 5206 et
1615 5151 1758 5207 bibit.
1798 5151 1921 5206 Evi-

321 5249 426 5320 gila
461 5259 750 5319 peccator;
800 5250 932 5303 time
962 5248 1013 5303 in
1041 5245 1345 5303 visceribus
1377 5246 1482 5302 tuis
1513 5260 1753 5316 praesens
1777 5244 1921 5315 judi-

321 5343 490 5408 cium,
518 5343 561 5397 si
593 5342 724 5414 quid
750 5341 857 5397 tale
879 5341 1073 5397 fecisti.
1110 5341 1414 5411 PrOpterea,
1438 5340 1631 5410 inquit,
1655 5341 1788 5395 inter
1810 5354 1914 5406 vos,

322 5437 472 5492 multi
500 5437 698 5507 inﬁrmi
738 5447 782 5491 et
826 5438 969 5509 aegri,
1004 5444 1052 5489 et
1080 5434 1343 5489 dormiunt
1372 5436 1541 5488 multi.
1571 5435 1688 5489 iam
1721 5437 1763 5489 si
1800 5437 1922 5505 quis

322 5530 503 5585 futura
533 5547 641 5586 non
665 5532 878 5597 metuit,
901 5531 985 5586 vel
1012 5542 1338 5600 praesentem
1371 5530 1747 5601 aegritudinem
1778 5545 1921 5600 prae-

324 5636 645 5693 sentemque
663 5624 867 5681 obitum
887 5623 1224 5680 reformidet.
1243 5621 1368 5679 Cum
1383 5624 1701 5693 judicamur,
1723 5624 1922 5695 inquit,

324 5735 356 5772 a
386 5716 611 5773 Domino
640 5718 969 5790 corripiatur,
998 5727 1052 5772 ut
1081 5734 1182 5783 non
1212 5734 1331 5791 cum
1370 5717 1462 5779 hoc
1491 5719 1685 5779 mundo
1713 5720 1923 5781 damnc-

400 5844 423 5869 ³
468 5834 576 5910 Sed
604 5838 725 5892 nolo
751 5839 923 5894 curari
953 5839 1292 5894 stomachum.
1333 5838 1515 5893 Hoc...
1543 5837 1669 5910 quid
1691 5837 1923 5910 stultius.

326 5905 636 5980 Legendqu
687 5910 904 5969 videtur
949 5926 1071 5967 cum
1119 5911 1330 5968 Latinio
1363 5929 1377 5967 :
1412 5910 1520 5968 Sed
1556 5905 1682 5967 nolo
1723 5908 1918 5967 curari.

2012 3381 2235 3435 timidus
2257 3380 2375 3436 sine
2401 3380 2609 3449 pudore
2632 3381 2906 3446 moriaris,
2941 3396 3047 3435 non
3077 3379 3283 3434 faciens
3310 3377 3501 3449 pudori
3538 3377 3617 3431 lo-

2010 3490 2155 3539 mnu,
2206 3475 2323 3544 plus
2367 3473 2434 3529 de
2475 3474 2801 3528 detrimento
2841 3476 2959 3543 ejus
3006 3474 3255 3544 acquiras
3292 3473 3377 3529 cui
3420 3488 3519 3543 pro
3563 3483 3614 3528 te

2015 3570 2209 3625 melius
2239 3580 2322 3625 est
2352 3569 2568 3639 perire?
2600 3569 2751 3637 Quod
2783 3569 2824 3623 si
2855 3568 3080 3623 fratrum
3112 3569 3301 3623 oculos
3330 3565 3613 3622 erubesci-

2015 3660 2128 3726 tis;
2182 3671 2467 3717 consortes
2526 3676 2749 3716 t-asuum
2804 3674 3107 3716 vestrorum
3167 3661 3358 3719 timere
3416 3661 3609 3716 nolite.

2015 3748 2233 3806 Nullum
2263 3767 2463 3821 corpus
2495 3752 2863 3807 membrorum
2898 3767 3121 3807 suorum
3147 3752 3436 3806 vexatione
3466 3752 3616 3806 la-ta-

2016 3853 2137 3908 tur;
2185 3846 2389 3914 pariter
2430 3846 2610 3913 dolet,
2650 3856 2703 3902 et
2743 3846 2806 3900 ad
2857 3846 3154 3901 remedium
3196 3846 3519 3902 collaborat.
3558 3846 3614 3902 in

2014 3953 2124 3993 uno
2141 3949 2193 3993 et
2214 3940 2406 4007 altero,
2425 3940 2665 3996 Ecclesia
2688 3949 2769 3994 est
2792 3958 2806 4005 ;
2833 3941 2883 3995 iu
2912 3940 3153 3995 ECt'lt'Sia
3175 3956 3328 4012 vero,
3348 3941 3616 3996 Christus.

2020 4034 2192 4103 Atque
2217 4034 2341 4088 ideo
2371 4035 2461 4104 qui
2494 4034 2752 4089 fratribus
2782 4042 3003 4103 peccata
3033 4049 3126 4087 sua
3163 4049 3269 4088 non
3305 4042 3481 4096 tacet,
3516 4030 3619 4086 Ec-

2016 4124 2202 4180 clesia:
2240 4124 2498 4195 lacrymis
2533 4126 2750 4195 adjutus
2780 4125 2979 4179 (Ibi-isti
3013 4125 3264 4193 precibus
3296 4123 3615 4178 absolvitur.

2089 4216 2181 4270 IX.
2226 4216 2375 4271 Nunc
2405 4217 2469 4271 ad
2503 4233 2598 4271 eos
2627 4232 2807 4271 sermo
2836 4217 2928 4278 sit,
2963 4216 3053 4284 qui
3089 4215 3224 4269 bene
3252 4229 3313 4267 ac
3344 4213 3619 4283 sapienter

2021 4310 2245 4364 vulnera
2287 4325 2418 4376 sua,
2464 4307 2800 4379 pmnitentiae
2829 4309 3081 4375 nomine,
3125 4307 3485 4371 confitentes;
3520 4319 3621 4361 nec

2016 4404 2145 4473 quid
2168 4402 2241 4457 sit
2264 4403 2599 4471 paenitentia,
2625 4416 2727 4457 nec
2747 4416 2867 4471 quae
2893 4400 3180 4456 vulnerum
3208 4400 3495 4466 medicina,
3525 4412 3625 4453 no-

2016 4505 2247 4562 verunt;
2269 4496 2588 4568 similesque
2617 4505 2743 4550 sunt
2773 4495 2881 4550 illis
2912 4496 3003 4565 qui
3038 4495 3226 4566 plagas
3256 4494 3472 4566 quidem
3497 4507 3624 4564 ape-

2017 4591 2165 4647 riunt
2216 4606 2279 4647 ac
2334 4601 2598 4660 tumores,
2658 4590 2991 4658 medicisque
3040 4590 3203 4643 etiam
3255 4587 3623 4643 assidentibus

1947 4665 2389 4751 Dconﬁtentur;
2439 4684 2535 4739 sed
2576 4681 2864 4747 admoniti,
2919 4696 3043 4751 qua:
3095 4681 3419 4751 imponenda
3473 4687 3622 4744 sunt,

2022 4780 2328 4850 negligunt;
2362 4786 2417 4833 et
2441 4790 2562 4848 quae
2590 4777 2843 4840 bibemla,
2876 4774 3182 4830 fastidiunt.
3216 4773 3372 4843 Quod
3405 4775 3509 4827 tale
3539 4780 3625 4828 est

2020 4890 2082 4928 ac
2112 4874 2158 4929 si
2188 4873 2334 4929 dicat
2362 4872 2557 4942 aliquis
2590 4888 2603 4925 :
2640 4872 2782 4926 Ecce
2810 4886 2909 4941 ego
2949 4885 3114 4940 a‘ger,
3147 4883 3275 4923 ecce
3306 4882 3405 4937 ego
3435 4866 3631 4921 vulne-

2020 4976 2172 5021 ratus
2202 4980 2320 5021 sum
2349 5007 2364 5032 ,
2399 4972 2425 5002 ⁸
2452 4964 2545 5019 sed
2580 4966 2703 5017 nolo
2731 4964 2912 5018 curari
2939 4962 3300 5017 stomachum.
3331 4958 3443 5014 Hoc
3473 4967 3621 5025 erat,

2022 5059 2117 5116 sed
2151 5060 2331 5114 videte
2362 5059 2488 5129 quid
2522 5058 2763 5113 stultius.
2814 5058 3046 5112 Additur
3086 5057 3248 5111 etiam
3292 5054 3517 5109 morbus
3556 5054 3623 5109 ad

2021 5166 2240 5208 causam
2268 5194 2282 5214 ,
2326 5160 2381 5205 et
2420 5152 2615 5205 vulnus
2643 5150 2982 5220 adjungitur,
3016 5158 3069 5203 et
3094 5147 3366 5201 contraria
3396 5160 3626 5217 qumque

2025 5245 2401 5315 imponuntur,
2427 5245 2733 5314 perniciosa
2768 5253 3045 5313 putantur.
3072 5241 3190 5308 Quo
3219 5240 3450 5294 maxime
3481 5240 3631 5293 malo

2023 5339 2335 5396 fraternitas
2365 5338 2479 5394 haec
2513 5340 2721 5393 laborat
2752 5381 2764 5402 ,
2811 5337 3029 5391 delictis
3066 5336 3343 5390 veteribus
3370 5349 3506 5388 nova
3540 5332 3626 5387 in-

2024 5450 2189 5505 super
2226 5435 2571 5505 adjungendo
2610 5444 2855 5504 peccata.
2903 5430 3049 5500 Ergo
3088 5431 3306 5501 gravius
3345 5427 3528 5497 erupit
3573 5427 3627 5481 in

2024 5529 2262 5596 vitium,
2318 5527 2779 5599 perniciosissima
2827 5526 2937 5593 jam
2987 5524 3111 5579 tabe
3159 5523 3450 5577 cruciatur.
3487 5519 3627 5586 Quid

2028 5638 2158 5694 ergo
2199 5622 2392 5679 faciam
2435 5636 2578 5676 nunc
2624 5619 2882 5673 sacerdos
2924 5618 3015 5688 qui
3055 5632 3251 5673 curare
3291 5612 3631 5684 compellor?

2032 5718 2222 5775 Serum
2283 5727 2366 5789 est
2414 5718 2465 5772 in
2520 5714 2809 5787 ejusmodi.
2854 5712 3242 5777 Verumtamen
3292 5710 3337 5769 si
3388 5708 3509 5779 quis
3548 5714 3633 5763 est

2038 5836 2477 5893 Stomachandum
2508 5837 2602 5891 hoc
2629 5842 2739 5891 erat
2764 5852 2781 5890 :
2809 5832 2901 5888 sed
2926 5833 3095 5889 videte
3114 5832 3253 5903 quod
3281 5828 3509 5889 stultius.
