4048 6350
447 268 592 330 108⁸1

1782 271 2032 332 SANCTl
2069 272 2348 334 PACIANI

3607 275 3744 334 1088

446 397 692 446 vesnum
709 387 799 462 qui
822 341 1000 447 secari.
1022 397 1078 447 et
1099 389 1255 446 exuri
1276 391 1564 460 sustineat,
1587 390 1768 449 adhuc
1790 406 2033 464 possum.
2065 389 2120 453 Α
2142 391 2523 465 cauponando,
2561 391 2905 461 mercando,’
2935 392 3234 466 rapiendo;
3289 393 3426 452 foris
3451 365 3632 462 lucra,
3660 394 3747 450 in-

448 480 592 540 Ecce
623 482 940 555 scalpellum
968 484 1349 555 propheticum
1377 501 1390 540 :
1423 483 1815 555 Convertimini,
1849 488 2042 559 inquit,

446 576 517 631 ad
533 575 813 632 Dominum
834 576 1002 634 Deum
1027 587 1272 644 vestrum,
1296 580 1555 652 simulque
1566 582 1796 655 jejunio,
1823 591 1870 638 et
1893 584 2042 653 fletu,

443 678 494 723 et
522 669 753 741 planctu,
792 679 842 726 et
873 672 1090 728 scindite
1119 673 1278 729 corda
1307 683 1470 730 uestra
1496 672 1668 748 (Joel.
1701 691 1762 743 ιι,
1792 673 1880 741 l2,
1915 676 2042 748 l5).

443 761 625 820 Nolite
657 762 794 822 hanc
819 775 1098 822 secturam
1131 769 1323 824 timere
1347 812 1362 837 ,
1396 768 1728 824 dulcissimi.
1774 770 2045 826 Sustinuit

443 855 593 912 illam
618 856 813 926 David,
837 859 1011 931 jacuit
1039 860 1094 916 in
1122 859 1307 917 cinere
1334 862 1604 928 sordenti,
1634 878 1798 919 sacco
1824 864 2046 935 insuper

446 947 710 1006 horrente
734 949 1018 1008 deformis.
1043 950 1144 1009 Ille
1167 953 1440 1024 quondam
1463 956 1697 1026 gemmis
1717 965 1970 1012 assuetus
1991 966 2045 1013 et

444 1045 726 1120 purpuris,
761 1046 894 1102 texit
926 1048 979 1102 in
1003 1046 1215 1118 jejunio
1239 1049 1477 1104 animam
1509 1064 1660 1105 suam
1690 1068 1703 1104 :
1734 1050 1818 1106 cui
1848 1050 2042 1116 maria,

444 1138 532 1194 cui
561 1136 744 1206 silvae,
775 1140 864 1196 cui
888 1139 1111 1196 llumina
1152 1141 1500 1212 serviebant,
1530 1144 1936 1216 promissasque
1961 1144 2044 1200 di-

443 1230 606 1287 vitias
637 1240 782 1289 terra
814 1233 1162 1304 parturiens;
1212 1236 1462 1293 madidus
1501 1236 1758 1312 lacrymis
1783 1253 2044 1296 consum-

444 1327 556 1396 psit
579 1327 765 1384 oculos
794 1328 921 1384 illos
951 1330 1149 1400 quibus
1176 1330 1406 1403 gloriam
1435 1332 1532 1389 Dei
1554 1333 1788 1402 viderat,
1821 1343 1878 1390 et
1903 1333 2046 1391 infe-

442 1418 604 1476 licem
647 1436 709 1478 se
751 1422 1122 1495 miserumque
1169 1425 1454 1483 confessus
1499 1436 1585 1483 est
1632 1436 1789 1499 pater
1837 1428 2040 1497 Maria),

443 1511 617 1570 Judaei
646 1515 813 1572 etiam
842 1516 1154 1574 dominator
1183 1519 1415 1590 imperii.
1440 1519 1555 1576 Rex
1580 1521 1670 1577 ille
1693 1521 2043 1594 Babylonius,

444 1607 874 1678 exomologesim
886 1608 1140 1666 desertus
1159 1623 1438 1682 operatur,
1456 1615 1771 1684 etseptenni
1789 1615 2045 1686 squalore

443 1699 790 1773 decoquitur.
823 1701 1067 1759 Leonum
1109 1705 1162 1760 in
1193 1705 1288 1761 ilio
1309 1706 1471 1778 jubas
1495 1749 1511 1776 ,
1543 1709 1758 1781 impexa
1784 1709 2043 1766 caesaries

2149 495 2235 540 tus
2281 486 2535 543 libidines
2574 485 2931 558 aucupando;
2974 487 3110 542 nihil
3147 487 3360 559 agendo
3397 487 3752 560 simpliciter,

2146 579 2282 635 nihil
2330 581 2660 652 pauperibus
2701 580 3026 652 largiendo,
3073 580 3206 636 nihil
3251 580 3517 638 fratribus
3563 583 3756 637 remit-

2148 671 2331 728 tendo.
2361 671 2438 728 Ne
2469 674 2584 729 inec
2608 673 2828 745 quidem
2857 689 2980 746 qua:
3008 673 3178 730 videri
3210 675 3380 730 etiam
3410 690 3441 728 a
3468 675 3757 732 sacerdote

2147 776 2396 837 possunt,
2429 777 2484 823 et
2509 767 2766 839 episcopo
2799 776 2940 824 teste
2969 769 3222 837 laudari;
3262 785 3329 826 ne
3372 769 3492 826 hinc
3527 769 3753 840 quidem

2145 861 2446 930 quotidiani
2487 877 2807 930 servamus;
2853 861 2987 920 flere
3028 863 3080 918 in
3123 871 3421 934 conspectu
3462 862 3755 929 Ecclesia,

2147 951 2411 1022 perditam
2440 953 2605 1008 vitam
2624 955 2847 1010 sordida
2871 964 3025 1012 veste
3046 956 3253 1028 lugere,
3273 955 3546 1026 jejunare,
3570 970 3756 1021 orare,

2147 1045 2439 1115 provolvi:
2481 1047 2525 1102 si
2567 1048 2688 1118 quis
2718 1048 2785 1104 ad
2819 1049 3073 1106 balneum
3120 1058 3297 1118 vocet,
3350 1065 3610 1106 recusare
3653 1049 3756 1105 de-

2148 1134 2303 1192 licias
2347 1154 2361 1191 :
2411 1137 2457 1192 si
2501 1138 2622 1210 quis
2666 1139 2734 1194 ad
2779 1141 3092 1196 convivium
3152 1150 3342 1213 roget,
3387 1140 3619 1198 dicere:
3649 1140 3757 1196 ista

2146 1225 2427 1297 felicibus,
2465 1245 2568 1300 ego
2605 1229 2808 1304 deliqui
2843 1234 2894 1288 in
2927 1233 3220 1290 Dominum
3242 1276 3258 1301 ,
3299 1243 3356 1290 et
3391 1235 3678 1306 periclitor
3705 1235 3760 1290 in

2146 1331 2406 1377 aeternum
2455 1321 2636 1392 perire
2677 1341 2690 1379 :
2731 1340 2840 1396 quo
2883 1325 3014 1381 mihi
3065 1326 3275 1397 epulas,
3327 1325 3420 1398 qui
3465 1327 3759 1382 Dominum

2147 1413 2304 1471 iazsi't
2342 1415 2554 1472 Tenere
2599 1426 2869 1489 prmterea
2921 1433 3219 1490 pauperum
3267 1433 3505 1487 manus,
3558 1418 3762 1474 viduas

2147 1510 2476 1578 obsecrare,
2509 1512 2850 1586 presbyteris
2879 1513 3135 1582 advolvi,
3166 1514 3534 1571 exoratricem
3563 1513 3764 1570 Eccle-

2148 1604 2283 1660 siam
2315 1604 2619 1676 deprecari,
2653 1605 2838 1662 omnia
2863 1606 3020 1677 prius
3045 1615 3259 1662 tentare
3283 1621 3443 1677 quam
3469 1618 3690 1677 pereas.

2219 1698 2314 1756 XI.
2355 1699 2480 1756 Seio
2501 1699 2767 1772 quosdam
2791 1716 2857 1756 ex
2889 1699 3144 1756 fratribus
3171 1708 3226 1756 et
3247 1700 3531 1756 sororibus
3557 1700 3766 1756 vestris

444 1800 499 1847 et
524 1792 784 1850 barbarus
808 1792 1004 1851 horror
1030 1806 1363 1868 exsuperat;
1394 1808 1450 1855 et
1479 1800 1640 1872 longe
1672 1801 1920 1856 incurvis
1948 1817 2044 1856 un-
2073 1793 2122 1854 B
2147 1791 2326 1848 cilicio
2351 1801 2543 1864 pectus
2569 1791 2865 1860 involvere,
2891 1791 3062 1848 cineri
3095 1792 3382 1859 incubare,
3402 1792 3613 1863 jejunia
3640 1805 3766 1848 sera

445 1883 643 1956 guibus
698 1902 892 1944 manus
941 1887 1254 1958 horrentes,
1306 1892 1514 1962 aquilas
1543 1895 1884 1949 mentiuntur
1922 1908 2046 1950 cum

447 1978 630 2036 fenum
665 1979 720 2038 in
749 1996 958 2040 morem
989 1984 1145 2040 bovis
1171 1985 1364 2042 ederet
1388 1986 1711 2058 palientium
1741 1987 2048 2044 ruminator

449 2073 764 2133 herbarum.
795 2077 923 2134 Hrec
953 2087 1134 2136 tamen
1164 2079 1314 2136 illum
1345 2081 1458 2137 Deo
1487 2097 1645 2152 paena
1674 2081 2046 2149 commendat,

448 2175 506 2223 et
535 2167 589 2224 in
620 2183 718 2225 sua
744 2170 1021 2242 quondam
1053 2187 1221 2244 regna
1250 2174 1515 2231 restituit.
1549 2174 1721 2244 Quem
1752 2174 2051 2232 horrebant

452 2261 728 2331 homines,
751 2264 896 2322 Deus
922 2265 1247 2338 recipiebat,
1275 2268 1390 2340 ipsa
1415 2269 1505 2325 illa
1531 2269 1688 2326 mala:
1711 2270 2050 2328 tractationis

450 2353 763 2414 calamitate
785 2357 1020 2416 felicem.
1052 2359 1198 2417 Ecce
1221 2363 1416 2432 sectio,
1440 2377 1603 2435 quam
1625 2363 1895 2436 sp0pondi
1921 2381 1934 2420 :
1958 2366 2049 2436 qui

451 2449 694 2520 potuerit
723 2451 980 2521 tolerare,
1006 2453 1309 2511 sanabitur.

525 2543 595 2600 X.
636 2545 957 2605 Admovebo
977 2547 1156 2608 adhuc
1185 2551 1337 2622 ignes
1357 2550 1427 2608 de
1445 2553 1688 2610 cauterio
1709 2553 2011 2624 apostolico
2036 2573 2049 2608 :

455 2638 738 2698 videamus
761 2657 828 2698 an
861 2642 1009 2700 ferre
1040 2645 1283 2716 possitis.
1316 2645 1582 2716 Judicaui,
1611 2646 1806 2719 inquit,
1835 2664 2050 2720 congre-

455 2735 590 2806 gatis
612 2735 755 2792 vobis
775 2747 822 2792 et
847 2738 1038 2810 spiritu
1067 2756 1200 2804 meo,
1222 2740 1276 2794 in
1300 2741 1484 2796 virtute
1513 2740 1722 2797 Domini
1747 2741 1875 2798 Iesu
1901 2741 2054 2796 Citri-

451 2829 562 2894 sti,
597 2829 798 2884 tradere
835 2833 1089 2903 ejusmodi
1141 2832 1401 2888 hominem
1452 2844 1649 2890 satana:
1688 2835 1742 2890 in
1787 2835 2054 2892 interitum

423 2986 426 2990 I
457 2921 655 2989 carnis,
681 2931 735 2976 ut
755 2923 969 2994 spiritus
997 2925 1170 2980 salvus
1197 2927 1265 2981 sit
1289 2926 1342 2982 in
1365 2927 1500 2982 diem
1527 2927 1739 2983 Domini
1764 2927 1816 3000 (Ι
1844 2927 1964 2985 Cor.
1996 2947 2050 2998 v,

453 3012 596 3086 3—5).
621 3012 762 3083 Quid
789 3014 993 3078 dicitis.
1022 3017 1390 3088 poenitentes?
1418 3020 1518 3078 Ubi
1547 3032 1634 3078 est
1653 3030 1851 3078 vestrae
1873 3023 2055 3078 carnis

455 3104 754 3164 interitus?
779 3109 863 3163 An
890 3108 1034 3180 quod
1059 3110 1114 3167 in
1145 3112 1260 3182 ipsa
1284 3114 1596 3183 paenitentia
1625 3114 1888 3172 lautiores
1911 3131 2056 3172 sem-

423 3263 428 3268 ,
454 3214 555 3272 per
583 3199 862 3270 inceditis,
892 3179 1146 3260 convivio
1168 3179 1344 3276 farti,
1382 3208 1590 3265 balneis
1615 3210 1873 3281 expoliti,
1904 3195 2054 3268 veste
2081 3179 2129 3245 Ο

455 3292 790 3364 compositi?
821 3294 962 3352 Ecce
990 3295 1226 3368 aliquem
1253 3297 1410 3354 video
1432 3300 1726 3372 aliquando
1754 3301 1926 3375 frugi,
1955 3303 2058 3359 ali-

457 3388 676 3458 quando
719 3391 1106 3460 pauperculum
1135 3433 1152 3459 ,
1191 3391 1486 3464 aliquando
1519 3395 1613 3450 vili
1647 3397 1824 3453 tunica
1859 3398 2054 3454 surdu-

456 3479 667 3536 lentum
700 3498 714 3535 :
759 3497 904 3539 nunc
943 3483 1088 3540 bene
1129 3484 1306 3541 cultus
1337 3496 1392 3542 et
1428 3487 1693 3558 locuples,
1736 3497 1792 3545 et
1824 3489 2057 3548 decorus

433 3580 572 3644 est,
599 3573 754 3644 quasi
782 3574 1012 3646 imputet
1045 3575 1158 3632 Deo
1187 3577 1332 3649 quod
1361 3578 1440 3634 illi
1471 3580 1682 3636 servire
1710 3595 1818 3636 non
1845 3583 2053 3653 potuit,

458 3674 515 3720 et
560 3667 888 3722 morientem
915 3668 1151 3724 animam
1180 3678 1405 3738 recreet
1441 3673 1720 3744 voluptate
1775 3676 2058 3732 membro-

458 3773 603 3815 rum.
635 3759 783 3816 Bene
809 3763 951 3832 quod
993 3761 1294 3820 mediocres
1324 3779 1512 3822 sumus
1548 3783 1564 3820 :
1601 3777 1859 3823 caeterum
1886 3778 1942 3826 et
1966 3770 2056 3826 illa

405 3881 418 3887 -
458 3852 768 3912 faceremus
788 3856 932 3928 quod
964 3857 1232 3927 quosdam
1262 3868 1317 3914 et
1340 3859 1601 3930 quasdam
1619 3875 1727 3917 non
1753 3862 1919 3934 pudet
1945 3863 2058 3919 lau-

430 4014 432 4016 ν
460 3948 653 4017 tiores,
681 3951 1049 4008 marmoribus
1068 3955 1198 4022 tegi,
1223 3968 1356 4009 auro
1377 3955 1636 4024 opprimi,
1659 3956 1837 4012 serico
1866 3956 2054 4025 fluere,

456 4055 626 4098 cocco
649 4042 961 4099 rubescere.
987 4042 1044 4099 Si
1063 4042 1194 4115 quid
1219 4044 1514 4116 ferruginei
1533 4047 1773 4118 pulveris
1791 4051 1844 4106 in
1867 4064 2060 4120 super-

426 4133 591 4192 .cilio
629 4133 878 4206 fulgeret,
923 4146 1012 4190 aut
1049 4134 1157 4190 ficti
1199 4135 1393 4192 nitoris
1434 4138 1487 4193 in
1516 4153 1682 4208 genas
1709 4139 1916 4208 rutilet,
1966 4151 2058 4197 aut

428 4227 633 4284 coacti
678 4227 900 4284 ruboris
939 4229 991 4284 in
1039 4227 1186 4285 labia
1227 4229 1498 4286 desudet:
1531 4232 1634 4288 ista
1676 4233 1901 4290 forsitan
1948 4249 2058 4291 non

423 4379 428 4386 _
458 4315 698 4375 habetis.
738 4319 855 4377 Non
884 4320 1086 4377 desunt
1127 4331 1309 4380 tamen
1355 4323 1514 4380 vobis
1542 4323 1820 4382 hortulani
1852 4328 2061 4383 mariti-

459 4410 604 4466 mive
631 4425 900 4480 secessus,
932 4422 987 4469 et
1015 4413 1336 4485 exquisitius
1365 4416 1573 4484 vinum,
1602 4427 1658 4474 et
1676 4418 1906 4476 lautiora
1929 4435 2062 4476 con-

431 4503 624 4569 .vivia,
657 4512 714 4559 et
741 4504 1023 4562 defrecatio
1047 4509 1369 4565 senectutis.
1398 4507 1491 4566 Sic
1518 4511 1682 4581 agite,
1719 4511 1799 4569 sic
1824 4513 2053 4580 credite,

456 4595 677 4667 quando
707 4596 938 4653 vivetis?
965 4599 1082 4656 Non
1115 4603 1361 4659 sustineo
1385 4602 1520 4675 jam,
1549 4605 1764 4662 fratres.
1798 4605 2058 4666 Danielus

457 4703 582 4745 cum
623 4688 902 4747 sodalibus
939 4693 1054 4750 suis
1093 4709 1253 4751 sacco
1288 4705 1467 4754 tectus
1507 4707 1566 4756 et
1607 4699 1815 4766 cinere,
1851 4701 2060 4773 jejunio

455 4783 622 4838 etiam
652 4785 966 4856 exsanguis,
1000 4786 1117 4843 haec
1145 4789 1424 4861 loquitur:
1458 4791 1818 4862 Peccavimus,
1854 4797 2060 4853 facinus

459 4875 789 4947 admisimus,
807 4880 970 4951 impie
980 4881 1252 4952 gessimus,
1275 4889 1588 4956 transgressi
1603 4905 1782 4944 sumus
1802 4901 2060 4961 prteccpta

455 4976 504 5020 et
523 4969 730 5039 judicia
753 4980 842 5025 tua
866 4971 1030 5044 (Dan.
1056 4989 1134 5042 rx,
1161 4974 1241 5048 5).
1269 4977 1345 5032 De
1365 4977 1558 5036 Azaria
1583 4981 1768 5037 itidem
1790 4984 2057 5054 scriptura
2093 5021 2112 5040 .~

455 5060 643 5118 divina
666 5081 681 5129 ;
707 5065 891 5130 Stans,
917 5068 1114 5140 inquit,
1139 5069 1358 5126 Azarias
1380 5083 1619 5142 precatus
1634 5085 1729 5142 est,
1753 5088 1801 5133 et
1819 5079 2058 5148 aperiens

455 5169 513 5208 os
537 5171 690 5212 suum
719 5159 1117 5232 exomologesim
1153 5162 1374 5234 faciebat
1401 5162 1513 5220 Deo
1541 5168 1699 5222 simul
1722 5185 1840 5224 cum
1865 5171 2059 5228 sodali-

457 5247 550 5302 bus
579 5251 689 5306 suis
731 5250 894 5324 (Dan.
935 5269 1015 5321 ιιι,
1047 5252 1163 5327 25).
1210 5256 1375 5312 David
1413 5257 1572 5330 ipse:
1602 5259 1827 5332 Lavabo,
1861 5265 2056 5336 inquit,

451 5358 546 5415 per
585 5345 819 5416 singulas
866 5358 1038 5404 noctes
1085 5349 1273 5405 lectum
1313 5367 1502 5421 meum,
1550 5353 1795 5426 lacrymis
1837 5365 2056 5414 stratum

453 5454 625 5494 meum
654 5439 835 5514 rigabo
868 5441 1044 5512 (Psal.
1072 5459 1148 5509 vi,
1182 5444 1259 5518 7).
1291 5445 1403 5502 Nos
1429 5461 1583 5516 vero,
1610 5449 1738 5519 quid
1768 5449 1896 5518 tale,
1926 5451 2055 5522 quid

451 5533 667 5593 simile?
689 5533 808 5592 Non
831 5535 956 5593 dico
984 5537 1076 5595 illa
1096 5553 1216 5612 quae
1241 5555 1638 5614 congregamus
1659 5541 1729 5598 ad
1750 5544 2052 5613 cumulum,

2151 1885 2438 1954 meditari;
2471 1895 2528 1943 et
2557 1903 2666 1942 non
2697 1887 2851 1953 talia,
2884 1885 3139 1952 fortasse,
3169 1875 3489 1958 peccat-unt.
3521 1886 3668 1955 Quid
3697 1885 3768 1941 de

2152 1981 2413 2038 fratribus
2434 1981 2666 2052 loquar?
2683 1983 2875 2054 Capra:
2899 1983 3051 2049 ferte,
3073 1990 3135 2038 ut
3155 1981 3369 2050 dicunt,
3393 1981 3642 2038 remedia
3668 1995 3768 2036 sua

2151 2083 2418 2131 noverunt
2443 2093 2457 2129 :
2478 2074 2721 2131 confixas
2743 2075 2970 2148 quippe,
2992 2075 3183 2144 audio,
3211 2076 3501 2132 venenatis
3519 2075 3764 2146 sagittis,

2149 2168 2323 2224 saltus
2353 2183 2640 2240 peragrare
2671 2169 2907 2225 Dictaeos
2930 2211 2946 2238 ,
2989 2168 3168 2241 quoad
3205 2168 3423 2224 dictami
3465 2169 3632 2224 caule
3665 2167 3768 2224 de-

2152 2271 2348 2330 tonso,
2385 2262 2704 2318 salutarium
2735 2262 3010 2319 viruiento
3049 2262 3208 2318 latice
3236 2276 3525 2318 succorum
3553 2303 3568 2327 ,
3603 2260 3770 2331 pulsa

2152 2357 2432 2415 deeutiant
2464 2357 2572 2414 tela
2598 2357 2945 2428 corporibus.
2976 2356 3087 2414 Nos
3113 2357 3283 2429 ignita
3312 2355 3519 2413 diaboli
3549 2355 3772 2429 spicula

2151 2453 2303 2508 nullo
2328 2451 2660 2522 pmnitentia:
2691 2467 2874 2518 succo,
2906 2451 3063 2508 nullo
3084 2451 3488 2523 exomologesis
3515 2452 3772 2522 gramine

2152 2546 2495 2618 repellimus.
2531 2546 2848 2604 Evcrecatos
2879 2547 3114 2604 hirundo
3142 2546 3327 2618 pullos
3355 2548 3512 2603 novit
3540 2549 3773 2603 oculare

2153 2639 2224 2697 de
2247 2654 2343 2695 sua
2369 2639 2714 2697 chelidonia:
2747 2654 2869 2709 nos,
2901 2641 3106 2697 lumina
3133 2640 3334 2696 mentis
3357 2641 3582 2708 amissa,
3616 2641 3772 2697 nulla

2154 2733 2311 2790 malae
2355 2733 2694 2790 tractationis
2732 2734 2920 2792 radice
2950 2733 3305 2791 curabimus?
3345 2734 3490 2790 Ecce
3531 2749 3638 2791 nec
3679 2749 3775 2791 ca-

2154 2829 2342 2900 preis,
2390 2843 2492 2886 nec
2543 2829 2818 2886 hirundini
2868 2829 3033 2886 homo
3080 2829 3305 2898 similis,
3367 2830 3604 2886 excitati
3651 2844 3772 2886 sua

2155 2921 2364 2978 invidet
2389 2931 2445 2979 et
2475 2921 2674 2978 dolori.
2705 2922 3066 2980 Considerate
3096 2939 3264 2988 nunc,
3295 2921 3517 2988 fratres,
3548 2923 3686 2995 quid
3715 2925 3771 2980 in

2155 3013 2262 3071 line
2279 3014 2659 3087 promisimus:
2684 3015 2805 3087 quis
2827 3016 3056 3083 fructus,
3079 3015 3198 3071 hzec
3213 3030 3412 3086 opera;
3433 3015 3523 3072 vel
3546 3026 3770 3083 contra,

2155 3110 2281 3180 quis
2320 3107 2502 3164 exitus
2548 3117 2936 3180 consequatur.
2989 3109 3374 3165 Peccatoribus
3415 3108 3683 3165 delicatis
3720 3119 3776 3164 et

2161 3201 2533 3273 ptenitentiam
2563 3217 2673 3257 non
2704 3201 3012 3274 agentibus,
3035 3201 3262 3273 spiritus
3289 3202 3508 3257 Domini
3533 3201 3775 3258 commi-

2156 3304 2321 3352 natur
2348 3304 2406 3352 et
2446 3296 2578 3352 dicit
2608 3313 2624 3351 :
2659 3294 2918 3352 Dilectum
2955 3296 3189 3350 ueritatis
3232 3311 3336 3350 non
3368 3306 3687 3364 receperunt
3721 3307 3776 3350 ut

2155 3389 2286 3445 salui
2313 3391 2496 3461 fierent
2528 3405 2548 3444 :
2573 3406 2635 3446 ac
2668 3398 2944 3463 prapterea
2967 3391 3133 3445 mittet
3168 3389 3280 3444 illis
3318 3388 3463 3443 Dens
3502 3391 3774 3461 operatio-

2157 3500 2272 3539 nem
2296 3485 2488 3539 erroris
2513 3492 2570 3538 ut
2597 3483 2810 3538 credant
2837 3482 3132 3548 mendacio,
3170 3492 3228 3537 ut
3248 3482 3561 3557 judicentur
3589 3498 3776 3538 omnes

2156 3577 2244 3649 qui
2255 3592 2356 3632 non
2367 3576 2696 3632 crediderunt
2713 3575 2937 3642 ueritati,
2952 3576 3042 3632 sed
3052 3577 3149 3632 sibi
3164 3577 3368 3647 placent
3384 3575 3770 3647 ininjustitiant

2159 3671 2226 3744 (ll
2241 3669 2425 3724 Thess.
2445 3685 2505 3733 ιι,
2529 3669 2619 3736 l0,
2637 3671 2748 3741 ll).
2768 3669 2902 3724 item
2916 3667 3364 3740 Apocalypsisde
3376 3668 3679 3724 meretrice
3691 3665 3770 3723 sic

2156 3763 2398 3834 loquitur
2432 3779 2447 3817 :
2488 3760 2556 3816 In
2585 3771 2833 3832 quantum
2868 3761 3174 3829 clari/ienuit
3211 3776 3266 3814 se
3294 3769 3343 3814 et
3367 3760 3590 3815 delicias
3621 3776 3771 3814 exer-

2159 3858 2264 3912 cuit
2290 3871 2308 3911 :
2334 3865 2532 3910 tantum
2551 3855 2670 3910 date
2690 3855 2736 3910 ei
2764 3863 3070 3910 tormentum
3099 3863 3146 3909 et
3167 3854 3364 3909 luctum
3386 3853 3584 3924 (Apoc.
3611 3868 3769 3918 xvm,

2159 3952 2192 4007 'l
2213 3951 2256 4023 ).
2293 3951 2356 4006 Et
2382 3951 2665 4022 apostolus
2688 3949 2890 4005 Paulus
2921 3967 2936 4004 :
2964 3949 3047 4004 An
3073 3949 3311 4022 ignoras,
3341 3947 3594 4017 quoniam
3625 3949 3772 4002 boni-

2135 4056 2239 4102 .tas
2265 4043 2365 4101 Dei
2395 4046 2449 4100 in
2475 4044 2828 4118 paenitentiam
2863 4054 2910 4098 te
2939 4043 3174 4114 perducit
3200 4042 3226 4096 ?
3265 4040 3347 4096 Tu
3376 4051 3553 4096 autem
3585 4058 3772 4096 secum

2159 4139 2283 4194 dum
2308 4137 2556 4192 duritiam
2582 4145 2723 4190 tuam
2754 4134 3072 4190 thesaurizas
3101 4133 3196 4188 tibi
3219 4133 3353 4188 iram
3380 4135 3435 4187 in
3463 4133 3550 4187 die
3575 4133 3696 4200 ira,
3726 4142 3772 4185 et

2159 4229 2484 4286 reuelationis
2514 4228 2640 4294 iusti
2661 4226 2856 4298 judicii
2887 4224 2988 4281 Dei
3020 4225 3211 4298 (Rom.
3241 4241 3302 4292 ιι,
3327 4226 3387 4291 4,
3419 4225 3520 4298 5).
3554 4223 3772 4281 Timete

2160 4323 2351 4394 igitur,
2378 4322 2744 4390 dilectissimi,
2768 4321 2918 4392 justa
2943 4320 3147 4391 judicia
3179 4336 3195 4375 :
3225 4319 3464 4376 omittite
3491 4333 3767 4384 errorem,

2160 4415 2416 4472 damnate
2440 4413 2663 4470 delicias
2695 4429 2710 4467 :
2743 4421 3005 4483 properat
3029 4411 3142 4482 jam
3173 4419 3390 4482 tempus
3409 4420 3766 4466 extremum:

2162 4517 2400 4566 tartarus
2446 4518 2502 4564 et
2535 4507 2784 4580 gehenna
2836 4507 3046 4563 laxatos
3085 4504 3268 4575 impiis
3301 4506 3458 4562 sinus
3495 4505 3766 4576 pandunt.

2164 4603 2296 4660 Post
2318 4603 2624 4658 animarum
2653 4601 2976 4671 tempestiva
3000 4598 3268 4670 supplicia
3289 4638 3305 4664 ,
3335 4597 3604 4654 redivivis
3632 4612 3768 4668 quo-

2161 4713 2268 4770 que
2299 4705 2560 4769 perpetua
2581 4693 2906 4765 corporibus
2932 4707 3094 4764 pmna
3115 4701 3390 4749 servatur.
3417 4691 3593 4749 Nemo
3619 4691 3764 4763 Tityi

2154 4789 2311 4862 jecur
2339 4787 2552 4856 credat,
2575 4795 2633 4843 et
2660 4785 2942 4842 Vulturem
2967 4794 3273 4855 poetarum.
3303 4783 3428 4854 Ipse
3455 4783 3565 4839 sibi
3596 4791 3768 4837 mate-

2158 4886 2296 4943 riam
2319 4881 2745 4940 recrescentium
2768 4895 3064 4952 corporum
3088 4886 3309 4948 reparat
3337 4875 3478 4949 ignis
3499 4884 3760 4940 aeternus.

2159 4978 2469 5045 Attendite,
2511 4977 2560 5032 si
2599 4989 2706 5031 non
2745 4973 2974 5032 creditis
3015 4991 3034 5028 -.
3077 4987 3342 5044 aquarum
3389 4973 3630 5038 impetus
3671 4969 3764 5040 qui

2166 5075 2382 5148 ignibus
2410 5071 2571 5137 furit,
2607 5069 2872 5141 supplicio
2899 5067 3179 5124 nutriente
3208 5065 3577 5135 reparabitur.
3607 5063 3668 5120 Si
3697 5064 3765 5119 de

2161 5172 2406 5229 cruciatu
2435 5164 2840 5238 exomologesis
2877 5164 3118 5230 retracti,
3157 5161 3462 5233 gehennam
3505 5156 3766 5215 recorde-

2162 5265 2294 5321 mini
2331 5276 2494 5335 quam
2518 5259 2678 5316 vobis
2703 5255 3108 5328 exomologesis
3129 5254 3461 5325 exstinguet.
3493 5251 3618 5308 Vim
3645 5250 3762 5322 ejus

2159 5366 2216 5415 et
2245 5357 2313 5414 de
2353 5353 2716 5428 presentibus
2755 5351 3054 5416 aestimate;
3095 5347 3252 5418 cujus
3291 5343 3584 5402 fumariola
3611 5356 3762 5415 quae.

2139 5450 2306 5514 .dam,
2354 5447 2619 5503 maximos
2662 5452 2878 5500 montes
2923 5439 3297 5498 subterraneis
3333 5437 3552 5508 ignibus
3596 5435 3760 5492 deco-

2160 5549 2354 5616 quunt.
2373 5539 2636 5599 Estuant
2652 5537 2940 5595 indefessis
2955 5536 3297 5592 ﬂammarum
3318 5532 3496 5606 globis
3514 5531 3543 5561 ⁸
3556 5527 3758 5588 Ethna

520 5685 549 5716 ι
595 5676 806 5758 ίΕιΙιηα
845 5678 1060 5758 Siculus
1110 5681 1337 5758 et__Ves.
1391 5683 1710 5758 Lectionem
1765 5684 2033 5758 editorum
2140 5685 2279 5758 joris
2324 5683 2582 5758 Balusius
2613 5682 2681 5758 ad
2709 5681 3043 5758 Cyprianum
3085 5694 3210 5753 pag.
3241 5676 3372 5758 568_
3396 5677 3534 5758 edit.
3584 5674 3752 5730 Paris.

447 5747 801 5828 mendosam,
833 5749 1044 5828 {Etbna
1065 5763 1115 5808 et
1154 5753 1487 5828 Lisaniculus
1525 5767 1572 5813 et
1604 5756 1727 5828 Vcs.
1775 5756 1853 5828 sic
1881 5757 2043 5813 resti-

444 5818 585 5888 tuit,
615 5829 672 5875 ut
700 5822 1101 5892 rescripsimus,
1129 5841 1196 5881 ex
1229 5816 1399 5882 veteri
1431 5816 1569 5884 libro
1598 5816 1903 5885 Carthusizn
1933 5843 2048 5885 ma-

2149 5747 2331 5828 'Atque
2363 5759 2436 5813 ita
2459 5747 3102 5828 legendum'éonjecerat'
3138 5747 3613 5878 abteé‘mt'i‘ﬁus.
