3858 6342
11 304 39 359 1
50 302 171 360 089

1352 303 1582 362 SERMO
1624 302 1714 360 DE
1754 301 1836 358 BA
1846 300 1930 358 PT
1937 299 2117 358 ISMO.

3203 301 3341 364 1090

8 421 285 490 Siculus,
331 431 387 479 et
421 421 685 479 Vesuvius
728 422 1040 493 Campanus
1075 438 1086 475 :
1120 430 1176 479 et
1214 437 1324 495 quo
1355 424 1511 480 nobis
1547 423 1636 494 ju—
1661 436 1718 498 Α
1741 419 1921 476 flebile
1945 460 1960 485 ,
1993 417 2335 476 Peccavimus
2367 420 2421 476 in
2450 398 2726 494 conspectu
2759 425 2846 475 tuo
2875 418 3067 487 Pater;
3085 422 3202 493 jam
3237 438 3341 479 non

5 512 156 570 dicii
189 516 614 586 perpetuitatem
644 516 899 586 probent,
928 514 1226 584 dissiliunt,
1255 515 1594 572 devorantur
1620 532 1636 582 ;

3 621 124 662 nec
155 608 283 663 ullis
314 616 495 665 tamen
518 609 733 664 smculis
760 608 1045 665 finiuntur.
1071 609 1356 667 Attendite
1378 610 1432 665 in
1459 609 1639 666 Evan-

4 699 174 770 gelio
207 698 435 757 divitem
466 700 637 757 solius
664 700 843 757 adhuc
865 702 1059 758 anima:
1084 703 1370 773 suppliciis
1392 702 1642 759 laboran-

5 800 157 849 tem.
206 792 393 863 Qualis
422 793 640 850 tandem
672 794 765 849 illa
799 794 1056 851 redituris
1080 810 1246 867 paena
1275 795 1641 867 corporibus?

7 886 147 957 quis
183 888 241 942 in
270 886 361 942 illa
393 886 597 943 stridor
616 885 902 943 dentium?
924 888 1044 958 quis
1066 887 1225 944 fletus
1252 888 1569 943 oculorum?

86 978 226 1037 XII.
266 979 618 1048 Mementote,
653 979 849 1036 fratres
876 1021 890 1047 ,
923 981 1048 1052 quia
1094 979 1236 1050 apud
1268 979 1473 1036 inferos
1503 994 1638 1036 exo-

5 1074 333 1146 mologesis
365 1089 475 1131 non
521 1081 641 1141 est;
674 1089 775 1131 nec
805 1074 1131 1145 pmnitentia
1177 1085 1305 1132 tunc
1338 1076 1504 1133 tribui
1542 1090 1640 1147 po-

10 1172 185 1235 terit,
222 1179 549 1241 consumpto
582 1180 829 1242 tempore
857 1168 1161 1242 paenitendi
1192 1168 1389 1243 (Eccle.
1423 1188 1498 1240 ιιι,
1528 1172 1635 1238 10;

10 1263 202 1319 Eccli.
235 1277 352 1333 xlv,
397 1263 512 1335 17).
555 1262 835 1321 FeStinate
859 1304 874 1331 ,
913 1262 1043 1319 dum
1095 1263 1148 1320 in
1178 1262 1287 1319 vita
1313 1263 1479 1331 estis,
1507 1262 1637 1319 dum

9 1374 153 1415 cum
187 1358 509 1416 adversario
540 1359 647 1415 iter
691 1358 892 1416 facitis.
940 1359 1250 1417 Saeculares
1300 1376 1431 1417 ecce
1487 1360 1639 1432 ignes

10 1452 324 1519 timemus,
380 1462 435 1510 et
486 1452 801 1509 carnificum
875 1454 1102 1525 ungulas
1161 1454 1637 1524 expavescimus:

9 1555 350 1618 comparate
367 1562 491 1603 cum
524 1547 608 1603 his
627 1556 861 1603 aeternas
890 1548 1261 1616 torquentium
1284 1562 1496 1614 manus,
1524 1546 1640 1617 api-

12 1652 239 1709 cesque
268 1637 610 1695 ﬂammarum
643 1637 792 1694 nulla
842 1646 1000 1694 artale
1055 1638 1429 1694 morientium.
1486 1636 1641 1708 Rogo

12 1746 122 1787 vos
163 1747 270 1801 per
310 1730 572 1788 Ecclesia:
596 1729 777 1799 fidem,
807 1729 1011 1786 fratres
1045 1745 1060 1784 :
1092 1745 1189 1801 per
1210 1729 1637 1785 sollicitudinem

1740 530 1915 566 simius
1946 512 2089 583 digni
2113 513 2320 569 nomine
2344 514 2577 583 ﬁliorum
2610 514 2762 586 (Luc.
2788 530 2880 579 xv,
2911 512 3008 584 2‘2)
3039 530 3052 567 :
3081 516 3343 571 continuo

1737 599 1809 663 de
1829 606 1986 662 vobis
2010 616 2064 662 et
2091 622 2257 678 pecus
2286 607 2417 663 illud
2458 608 2681 665 recedet
2719 606 3082 675 immundum,
3128 615 3185 664 et
3227 607 3343 664 sili-

1738 715 1968 771 quarum
2000 714 2124 756 esca
2148 699 2433 757 deformis.
2453 700 2725 759 Continuo
2742 710 3102 769 revertentes,
3129 709 3185 758 et
3200 702 3343 759 stola

1738 791 1769 834 1³
1798 793 1980 850 vestiti
2006 836 2021 861 ,
2053 802 2107 848 et
2133 788 2368 849 annulus
2398 793 2712 862 honorabit,
2753 803 2809 851 et
2840 801 3098 865 paternus
3140 792 3341 851 iterum

1740 885 2067 956 complexus
2099 885 2355 956 accipiet.
2389 883 2533 940 Ecce
2561 886 2677 956 ipse
2703 884 2944 955 loquitur
2975 902 2989 938 :
3024 883 3167 940 Nolo
3207 901 3346 941 mor-

1742 987 1843 1034 tem
1865 979 2175 1050 peccatoris,
2206 988 2456 1050 quantum
2491 988 2544 1033 ut
2571 988 2851 1034 revertatur
2881 988 2930 1034 et
2958 978 3091 1034 vivat
3117 977 3343 1052 (Ezech.

1740 1090 1903 1143 xvm,
1938 1074 2041 1141 25;
2075 1089 2243 1141 χχιιι,
2278 1071 2391 1146 11).
2425 1073 2490 1128 Ει
2542 1074 2780 1130 iterum:
2833 1072 3042 1138 Nonne,
3094 1072 3210 1143 ait,
3257 1074 3346 1145 qui

1741 1167 2002 1234 ceciderit,
2034 1176 2298 1239 resurget;
2345 1174 2393 1222 et
2420 1166 2509 1239 qui
2553 1176 2819 1222 aversatus
2862 1168 3041 1238 fuerit,
3086 1175 3347 1224 converte-

1742 1270 1827 1317 tur
1871 1259 2091 1334 (Jerem.
2127 1277 2219 1317 vnr
2241 1305 2255 1329 ,
2278 1261 2359 1335 4).
2400 1261 2462 1317 Et
2492 1262 2786 1333 Apostolus
2814 1262 2949 1319 dicit
2976 1282 2990 1319 :
3025 1261 3239 1331 Potens:
3272 1272 3349 1318 est

1741 1352 1883 1410 Deus
1908 1368 2132 1412 statuere
2152 1357 2298 1412 illum
2322 1356 2500 1429 (Rom.
2528 1373 2637 1425 xxv,
2670 1357 2747 1430 4).
2793 1357 3155 1431 Apocalypsis
3178 1357 3344 1414 etiam

1741 1459 1953 1522 septem
1982 1451 2263 1517 Ecclesiis,
2292 1451 2397 1507 nisi
2435 1451 2811 1523 paenitentiam
2850 1452 3082 1525 egerint,
3118 1451 3348 1508 commi-

1742 1553 1922 1601 natur.
1956 1544 2067 1600 Nec
2089 1546 2297 1615 utique,
2333 1559 2440 1601 non
2471 1544 2861 1615 paenitentibus
2891 1544 3349 1614 comminaretur,

1743 1637 1845 1692 nisi
1877 1638 2186 1707 ignosceret
2212 1638 2625 1711 paenitentibus.
2653 1638 2830 1695 Etiam
2851 1639 2967 1711 ipse
2992 1640 3136 1697 Deus
3165 1640 3302 1697 dicit
3328 1659 3343 1698 :

1745 1730 2006 1787 Memento
2055 1749 2169 1788 ecce
2218 1732 2355 1789 unde
2408 1733 2675 1801 cecideris,
2741 1743 2789 1790 et
2846 1752 2941 1809 age
2994 1737 3347 1807 paenitentiam

13 1840 241 1893 meam,
291 1841 388 1896 per
439 1839 762 1881 communes
814 1825 1058 1881 omnium
1112 1824 1323 1880 animas
1388 1824 1638 1881 obtestor
1667 1825 1929 1908 B(Apoc.
1956 1842 2025 1895 ιι,
2058 1826 2137 1898 5).
2172 1826 2237 1882 Et
2283 1829 2526 1884 iterum:
2576 1826 2707 1884 Cum
2761 1844 3036 1885 conversus
3085 1830 3350 1903 ingemue-

13 1928 73 1975 et
106 1917 393 1988 deprecor
422 1936 436 1974 :
468 1934 536 1974 ne
557 1917 763 1991 pudeat
791 1917 845 1973 in
870 1918 979 1976 hoc
1008 1934 1212 1991 Opere;
1242 1933 1310 1974 ne
1333 1917 1515 1989 pigeat
1542 1932 1641 1988 op-

16 2022 275 2084 portuna
307 2028 470 2085 quam
522 2015 759 2084 primum
808 2014 1050 2072 remedia
1100 2013 1296 2071 salutis
1345 2013 1638 2081 invadere,

16 2106 280 2177 dejicere
323 2106 650 2164 mteroribus
681 2108 956 2176 animum,
1004 2123 1165 2165 sacco
1210 2122 1417 2179 corpus
1466 2107 1641 2163 invol-

18 2216 182 2268 vere,
220 2202 407 2260 cinere
452 2202 807 2274 perfundere,
833 2204 1101 2260 macerari
1142 2202 1376 2274 jejunio,
1404 2218 1643 2259 moerere

16 2296 342 2364 conficere,
374 2296 671 2353 multorum
708 2297 965 2369 precibus
994 2296 1262 2368 adjuvari.
1295 2295 1353 2352 ln
1375 2306 1638 2369 quantum

19 2407 214 2462 poenae
282 2402 480 2449 vestrae
529 2409 637 2449 non
691 2393 1049 2466 pepercistis,
1115 2392 1172 2448 in
1227 2402 1435 2449 tantum
1487 2394 1643 2449 vobis

22 2484 174 2540 Deus
222 2491 426 2553 parcet.
462 2482 558 2540 Est
588 2485 722 2540 enim
760 2486 896 2541 mitis
925 2494 972 2539 et
1001 2485 1237 2555 patiens,
1269 2493 1317 2540 et
1343 2487 1522 2541 multa:
1546 2486 1645 2540 mi-

22 2577 340 2644 serationis,
388 2586 414 2613 η
440 2580 488 2631 et
514 2578 601 2648 qui
648 2578 953 2635 sententiam
981 2578 1158 2648 ﬂectat
1197 2577 1445 2632 adversus
1483 2577 1639 2632 mali-

25 2669 127 2723 tias
155 2668 453 2740 irrogatam
483 2666 644 2742 (Joel.
674 2684 749 2735 ιι,
791 2668 878 2735 1⁸5,
925 2685 1031 2731 sec.
1057 2667 1207 2740 ιιι).
1232 2669 1389 2739 ζΕςοθ
1416 2659 1644 2740 promit-

22 2771 108 2829 to,
147 2762 425 2833 polliceor
450 2805 467 2831 ,
506 2763 553 2819 si
600 2762 668 2819 ad
700 2763 915 2819 Patrem
954 2772 1202 2819 vestrum
1232 2780 1359 2820 vera
1400 2764 1648 2821 satisfac-

30 2858 186 2914 tione
226 2856 489 2926 redeatis,
522 2858 660 2914 nihil
691 2857 922 2914 ulterius
948 2857 1207 2926 errando,
1239 2858 1375 2913 nihil
1405 2858 1650 2929 pristinis

30 2952 355 3024 adjicieudo
382 2952 650 3024 peccatis,
678 2951 912 3009 dicendo
939 2953 1103 3008 etiam
1136 2950 1340 3009 humile
1369 2952 1573 3025 aliquid
1597 2962 1652 3009 et

108 3104 137 3133 α
182 3093 257 3149 Ει
281 3095 369 3163 qui
396 3096 698 3150 sententiam
722 3096 914 3163 ﬂectat,
945 3103 1054 3151 etc.
1090 3095 1164 3151 De
1192 3094 1299 3150 hoc
1332 3094 1501 3151 Joelis
1524 3096 1648 3151 loco

30 3167 198 3239 juxta
229 3165 599 3239 LXXrelato,
629 3166 834 3225 videsis
868 3182 997 3239 quas
1035 3168 1292 3239 superius
1319 3167 1651 3225 observaba-

38 3238 165 3297 mus
205 3238 277 3295 ad
305 3238 472 3309 epist.
509 3240 562 3308 1,
590 3255 743 3296 ιιιιιιι.
775 3239 830 3296 5.
856 3238 934 3295 Ιι).

1745 1921 1837 1989 ris,
1871 1930 1990 1976 tunc
2017 1921 2321 1989 satvaberis,
2353 1932 2401 1977 et
2436 1923 2570 1979 scies
2604 1923 2691 1979 ubi
2728 1924 2887 1995 {ueris
2914 1922 3050 1996 (Isa.
3076 1941 3206 1992 xxx,
3254 1926 3344 1994 15,

1744 2031 1847 2069 sec.
1882 2014 2032 2087 ιιι).
2065 2015 2174 2071 Nec
2205 2016 2491 2087 quisquam
2530 2017 2668 2072 adeo
2698 2017 3020 2087 peccatricis
3044 2018 3240 2074 animae
3265 2019 3351 2074 vi-

1746 2110 1898 2167 litate
1934 2109 2212 2181 desperet,
2244 2119 2303 2165 ut
2325 2125 2386 2165 se
2409 2110 2522 2180 jam
2554 2125 2662 2167 non
2688 2110 3061 2167 necessarium
3090 2111 3203 2168 Deo
3231 2126 3351 2167 ere-

1744 2200 1858 2257 dat.
1890 2202 2169 2258 Neminem
2199 2211 2447 2258 nostrum
2469 2203 2647 2273 perire
2686 2203 2806 2259 vult
2842 2203 3108 2260 Dominus
3140 2221 3154 2259 :
3186 2203 3351 2261 etiam

1745 2294 1942 2349 modici
1991 2302 2047 2351 et
2090 2295 2300 2350 minimi
2331 2294 2705 2365 requiruntur.
2738 2296 2796 2353 Si
2841 2311 2950 2352 non
2992 2296 3237 2365 creditis,
3271 2297 3352 2353 in-

1746 2388 2012 2443 tuemini:
2057 2404 2185 2446 ecce
2230 2389 2284 2444 in
2313 2390 2595 2460 evangelio
2637 2389 2898 2447 drachma
2937 2391 3231 2463 requiritur
3250 2376 3353 2460 :et

1745 2481 1938 2537 vicinis
1968 2481 2183 2538 inventa
2234 2491 2588 2539 monstratur.
2628 2482 2885 2553 Ovicula,
2920 2484 3219 2557 suppositis
3258 2499 3347 2540 re-

1746 2575 2008 2647 portanda
2037 2576 2368 2644 cervicibus,
2402 2592 2509 2634 non
2541 2586 2628 2634 est
2652 2592 2887 2634 onerosa
2918 2579 3143 2648 pastori.
3174 2578 3353 2648 Super

1745 2686 1912 2726 unum
1968 2679 2310 2741 peccatorem
2369 2671 2748 2741 paenitentiam
2803 2678 3052 2743 agentem
3093 2669 3149 2725 in
3200 2670 3356 2728 cmlis

1743 2762 1940 2835 Angeli
1961 2762 2219 2833 gaudent,
2249 2772 2303 2819 et
2329 2764 2529 2820 chorus
2559 2764 2802 2821 caelestis
2839 2764 3095 2820 exsultat.
3128 2763 3273 2821 Heus
3295 2773 3353 2822 tu

1748 2868 2023 2930 peccator,
2047 2873 2238 2931 rogare
2267 2874 2336 2915 ne
2362 2859 2581 2916 desinas
2620 2877 2634 2915 :
2664 2859 2816 2917 vides
2838 2860 2931 2917 ubi
2959 2859 3025 2917 de
3055 2867 3149 2917 tuo
3175 2860 3354 2918 reditu

1753 2953 2069 3023 gaudeatur.
2147 2952 2343 3009 Amen.

1861 3094 2065 3171 b§tota
2113 3098 2299 3153 vestiti.
2355 3098 2437 3171 Ex
2463 3099 2745 3157 ‘contextu
2807 3098 3096 3171 legendum
3144 3098 3359 3156 videtur

1758 3182 1881 3225 cum
1907 3168 2072 3240 Tilio,
2096 3170 2232 3225 stola
2261 3170 2457 3226 vestiet.
2511 3172 2588 3228 lo.

812 3394 3345 3420 mw

942 3576 1615 3698 sanan
1691 3548 2483 3701 unum

618 3789 1314 3943 SERMO
1393 3794 1665 3938 DE
1725 3794 2802 3952 BAPTISMO.

128 4230 173 4289 l.
200 4228 436 4302 Aperire
476 4225 732 4284 desidero
779 4225 1021 4298 qualiter
1071 4224 1125 4279 in
1164 4224 1439 4297 baptismo
1479 4239 1671 4281 nasca-
1772 4226 1874 4282 bus
1901 4226 1970 4282 ab
1991 4242 2058 4283 eo
2085 4229 2322 4297 posteris
2346 4244 2484 4300 quos
2509 4230 2597 4287 lex
2618 4245 2725 4286 una
2755 4230 3049 4297 retinebat,
3082 4231 3199 4288 haec
3224 4245 3376 4289 mors

55 4341 205 4393 mur,
250 4334 309 4381 et
333 4323 573 4395 qualiter
599 4316 946 4378 innovemur.
975 4317 1176 4376 Verbis
1222 4333 1355 4375 sane
1386 4319 1554 4388 ipsius
1587 4319 1672 4373 lo-

57 4435 225 4492 quar,
256 4418 475 4486 fratres,
508 4433 577 4476 ne
605 4418 750 4476 forte
771 4431 858 4473 me
888 4415 959 4472 ob
982 4414 1219 4471 nitorem
1244 4414 1670 4481 sententiarum,

1773 4317 1830 4373 in
1874 4333 2047 4389 genus
2076 4334 2240 4376 omne
2282 4320 2566 4377 dominata
2616 4332 2720 4389 est,
2771 4322 2835 4376 ab
2882 4321 3051 4377 Adam
3097 4339 3259 4394 usque
3308 4323 3377 4378 ad

1774 4411 1993 4483 Moysen
2018 4413 2198 4484 (Rom.
2231 4428 2285 4482 v,
2328 4413 2445 4487 14).
2477 4415 2583 4471 Per
2630 4415 2851 4489 Moysen
2890 4431 3047 4484 vero,
3088 4431 3229 4472 unus
3257 4426 3379 4473 tan-

59 4517 216 4590 stylo
241 4514 551 4571 exsultasse
578 4513 838 4579 credatis;
858 4520 985 4569 etut
1012 4525 1130 4566 rem
1154 4510 1445 4583 mysticam
1469 4507 1674 4563 intelli-
1775 4514 1888 4561 tum
1918 4507 2152 4577 populus
2192 4508 2403 4565 electus
2430 4517 2536 4577 est,
2566 4525 2758 4567 semen
2795 4510 3004 4567 scilicet
3031 4511 3298 4579 Abrahae,
3330 4512 3381 4570 si

56 4624 198 4681 gere
224 4607 458 4681 possitis
487 4624 501 4662 :
535 4616 702 4679 atque
737 4607 946 4662 utinam
982 4604 1260 4661 inculcare
1292 4603 1521 4675 possim,
1548 4602 1668 4673 gloo

61 4704 209 4759 riam
249 4716 362 4759 non
388 4701 640 4774 requiro;
686 4700 786 4757 Dei
810 4699 957 4756 enim
984 4698 1156 4755 solius
1188 4697 1362 4769 gloria
1402 4704 1505 4752 est.
1536 4694 1672 4750 Ves-

1696 4651 1752 4712 D

1776 4600 2277 4671 mandatajustitia:
2304 4618 2528 4661 servare
2560 4603 2851 4674 potuisset.
2887 4604 3107 4663 Interea
3136 4621 3235 4663 nos
3261 4622 3379 4662 om-

1775 4709 1872 4750 nes
1899 4696 2001 4751 sub
2028 4705 2249 4766 peccato
2272 4699 2619 4769 tenebamur,
2646 4708 2705 4755 ut
2734 4698 2943 4757 fructus
2962 4716 3210 4758 essemus
3239 4716 3385 4758 mor-

63 4801 138 4855 tri
194 4814 286 4856 me
317 4807 526 4856 tantum
574 4812 705 4855 cura
734 4795 1031 4863 sollicitat,
1087 4801 1143 4850 et
1190 4793 1385 4850 horum
1437 4789 1675 4848 maxime
1776 4789 2235 4861 tiszsiliquarum
2265 4792 2407 4848 escis
2428 4800 2484 4849 et
2512 4807 2773 4864 pecorum
2803 4793 3069 4851 custodite
3099 4794 3378 4861 destinati,

65 4891 530 4963 competentium,
562 4890 607 4946 si
638 4905 747 4961 quo
782 4889 947 4946 modo
975 4889 1179 4960 possim
1224 4885 1530 4956 intelligere
1558 4893 1679 4939 tan-
1776 4882 1832 4939 id
1859 4892 1963 4950 est,
1999 4883 2260 4955 operibus
2285 4885 2604 4956 immundis,
2638 4902 2745 4960 per
2770 4888 2949 4945 malos
2970 4887 3227 4959 angelos;
3259 4885 3383 4957 qui-

68 4995 145 5042 tae
188 4983 478 5041 felicitatis
518 4998 768 5041 examen.
816 4982 1076 5054 Aperiam
1121 4979 1292 5053 igitur
1338 4978 1469 5051 quid
1519 4973 1687 5032 fuerit

69 5084 207 5133 ante
248 5075 549 5149 gentilitas,
582 5074 717 5147 quid
763 5074 900 5131 ﬁdes
930 5082 1174 5145 praestet,
1206 5071 1336 5144 quid
1379 5069 1685 5142 baptismus

68 5170 383 5242 indulgeat.
413 5169 569 5239 Quod
600 5170 647 5226 si
676 5169 773 5237 ita,
808 5177 869 5223 ut
914 5183 1018 5239 ego
1043 5166 1245 5233 sentio,
1284 5174 1465 5222 vestra
1511 5162 1678 5220 corda

73 5264 476 5337 penetraverit,
501 5263 846 5337 judicabitis,
876 5261 1099 5328 fratres,
1132 5259 1334 5316 nullam
1380 5259 1541 5316 nobis
1581 5257 1680 5313 ad-

78 5360 192 5417 huc
216 5358 661 5432 praedicationem
694 5356 928 5427 amplius
956 5353 1301 5427 praestitisse.
1329 5353 1578 5425 Accipite
1600 5367 1687 5408 cr-

78 5469 177 5527 go,
210 5452 540 5520 dulcissimi,
568 5452 733 5509 homo
754 5458 882 5505 ante
909 5448 1241 5520 baptismum
1281 5446 1335 5502 in
1375 5462 1479 5520 qua
1509 5453 1689 5501 morte

80 5546 160 5603 sit
187 5545 425 5617 positus.
452 5544 615 5602 Scitis
643 5550 795 5599 certe
837 5540 971 5597 illud
997 5540 1307 5610 antiquum,
1338 5539 1484 5610 quod
1513 5536 1685 5593 Adam

80 5635 330 5699 terrente
360 5639 556 5710 origini
587 5648 614 5677 ι
648 5635 985 5710 praestitutus
1014 5635 1125 5692 sit:
1158 5647 1281 5703 quae
1305 5634 1492 5706 utique
1534 5632 1692 5688 dam-

88 5736 264 5804 natio,
292 5736 471 5806 legem
509 5734 591 5789 illi
616 5740 837 5788 aeterna:
869 5730 1066 5786 mortis
1098 5728 1390 5797 imposuit;
1420 5736 1477 5786 et
1512 5726 1695 5786 omni~

165 5862 192 5892 ι
232 5850 594 5909 Prwstitutus.
626 5848 919 5907 Restitutus
941 5848 1075 5922 legit
1096 5843 1367 5907 Latinius.

1783 4975 1885 5032 bus
1913 4976 2345 5048 dominantibus,
2375 4995 2479 5037 nec
2515 4980 2699 5038 facere
2725 4980 2879 5038 licuit
2915 4994 3018 5037 nec
3046 4979 3191 5063 scire
3218 4978 3383 5050 justi-

1787 5069 1917 5125 tiam
1950 5086 1964 5125 :
2008 5084 2205 5141 parere
2236 5072 2383 5129 enim
2415 5072 2613 5130 talibus
2640 5073 2899 5141 dominis,
2945 5085 3035 5129 res
3066 5058 3187 5143 ipsa
3225 5083 3389 5140 coge-
3478 5058 3481 5059 ⁷

1785 5163 1898 5220 bat.
1926 5164 2010 5222 Ab
2040 5165 2124 5223 his
2154 5167 2514 5238 potestatibus
2549 5177 2606 5227 et
2638 5169 2709 5226 ab
2760 5168 2863 5225 hac
2917 5168 3109 5223 morte'
3150 5164 3390 5237 qualiter

1788 5255 2006 5313 liberati
2032 5258 2227 5331 simus,
2264 5261 2548 5320 attendite.
3182 5302 3188 5307 -

1858 5352 1921 5407 ιι.
1964 5354 2136 5411 Adam
2167 5365 2454 5428 postquam
2502 5357 2769 5429 peccavit,
2822 5365 2882 5411 ut
2930 5356 3117 5424 retuli,
3171 5355 3393 5413 dicente

1791 5455 1919 5503 tunc
1948 5448 2211 5517 Domino,
2246 5449 2414 5505 Terra
2444 5468 2518 5519 es,
2542 5460 2591 5507 et
2613 5451 2668 5505 in
2710 5459 2901 5505 terram
2954 5448 3053 5506 ibis
3103 5446 3259 5521 (Gen.
3297 5452 3392 5515 ιιι,

1793 5538 1883 5614 19)
1907 5556 1921 5606 ;
1951 5541 2197 5599 addictus
2224 5554 2311 5601 est
2331 5543 2516 5599 morti.
2541 5543 2667 5600 Hinc
2691 5542 2929 5600 addictio
2953 5543 3008 5599 in
3031 5556 3203 5616 genus
3232 5555 3395 5599 omne

1791 5631 2034 5689 deﬂuxit.
2066 5634 2270 5692 Omnes
2298 5636 2442 5692 enim
2470 5646 2872 5705 peccaverunt,
2912 5636 3030 5707 ipsa
3056 5635 3169 5706 jam
3199 5649 3400 5707 urgen-

1793 5734 1848 5785 te
1874 5734 2088 5798 natura,
2114 5726 2259 5807 sicut
2281 5726 2579 5799 Apostolus
2605 5725 2739 5785 dicit
2766 5745 2782 5785 :
2827 5728 2966 5797 Quia
2990 5742 3085 5803 per
3113 5741 3276 5783 unum
3300 5725 3399 5784 ho-
