4048 6350
485 237 620 307 teat

1429 230 1674 290 SANCTI
1713 229 1993 294 PACIANI
2029 230 2258 294 SERMO
2299 236 2386 294 DE
2427 237 2508 295 BA
2522 229 2792 299 PTISMO.

3639 225 3784 314 toea

479 355 668 434 minent
697 357 963 422 peccatum
988 349 1220 440 introivit
1246 388 1260 414 ,
1287 356 1335 403 et
1347 364 1440 420 per
1463 349 1713 404 delictum
1741 364 1903 416 mors,
1933 358 1980 403 et
2006 349 2080 404 sic
2107 367 2158 432 Α
2186 363 2432 421 calorem,
2460 357 2707 428 quoniam
2754 355 2930 412 videbo
2973 356 3128 412 caelos
3173 371 3300 429 Opus
3343 355 3626 430 digitorum
3668 368 3787 413 tuo-

477 448 532 502 in
555 464 727 502 omnes
753 445 981 499 homines
1011 441 1241 506 devenit,
1276 443 1330 496 in
1374 459 1475 514 quo
1521 458 1697 498 omnes
1743 452 2081 512 peccaverunt

479 517 658 607 (fiam.
686 552 736 600 v,
774 532 885 608 12).
931 536 1275 590 Dominatum
1319 543 1401 588 est
1431 548 1560 604 ergo
1595 544 1900 605 peccatum,
1929 531 2084 602 cujus

477 628 707 682 vinculis
730 628 882 697 quasi
912 628 1109 698 captivi
1145 627 1492 682 trahebamur
1525 626 1591 680 ad
1641 638 1901 684 mortem:
1935 641 2083 680 mor-

481 705 588 779 tem
619 722 834 779 scilicet
859 724 1275 794 sen‘ipiteruam.
1312 721 1428 779 lloc
1470 739 1599 778 vero
1647 735 1930 795 peccatum
1959 731 2084 778 ante

477 818 637 890 Legis
662 830 904 888 tempora
932 834 1032 874 nec
1062 818 1483 892 intelligebatur,
1517 819 1658 873 sicut
1691 819 1980 889 Apostolus
2003 818 2084 872 di-

474 912 585 966 cit:
616 909 797 966 Donec
821 912 964 966 enim
995 911 1103 966 Lex
1136 923 1448 981 poneretur,
1481 919 1762 982 peccatum
1795 913 1846 964 in
1879 909 2084 965 mundo

477 1019 586 1062 non
617 1002 945 1070 habebatur,
979 1005 1080 1060 hoc
1107 1015 1189 1060 est
1218 1022 1323 1059 non
1361 1004 1677 1072 videbatur;
1713 1005 1778 1060 ad
1813 1004 1969 1074 Legis
1991 1001 2085 1058 ad-

477 1109 698 1154 ventum
734 1099 931 1154 revixit
958 1097 1137 1172 (Rom.
1172 1115 1226 1166 v,
1263 1099 1376 1167 15).
1427 1100 1690 1170 Apertum
1723 1109 1807 1154 est
1836 1093 1979 1154 enim
2029 1105 2088 1152 ut

479 1194 796 1250 videretur:
839 1211 1026 1250 verum
1074 1194 1293 1262 frustra,
1326 1195 1448 1264 quia
1487 1195 1541 1252 id
1581 1211 1749 1267 prope
1782 1213 1942 1252 nemo
1968 1211 2086 1252 scr—

477 1290 661 1346 vabat.
690 1289 912 1344 Dicebat
937 1290 1078 1345 enim
1114 1290 1223 1346 Lex
1261 1309 1272 1344 :
1311 1290 1435 1345 Non
1472 1292 1824 1359 rmechaberis,
1855 1310 1958 1347 non
1998 1308 2088 1346 oc-

479 1382 639 1444 cides,
684 1399 787 1436 non
813 1382 1181 1453 concupisces;
1232 1393 1409 1439 tamen
1461 1385 1902 1455 concupiscentia
1958 1401 2084 1440 cum

476 1465 619 1531 vitiis
656 1476 908 1530 omnibus
941 1478 1294 1548 permanebat
1327 1495 1339 1531 :
1374 1479 1443 1532 ita
1478 1491 1756 1549 peccaturo
1789 1477 1930 1534 istud
1958 1488 2086 1535 ante

367 1577 376 1588 '
475 1567 674 1637 Legem
705 1568 919 1623 occulto
943 1568 1124 1639 gladio
1172 1571 1444 1625 interfecit
1473 1570 1769 1638 hominem,
1800 1569 1944 1641 Lege
1975 1570 2087 1626 dis-

481 1660 662 1716 tricto.
703 1659 833 1729 Qui:
871 1661 1032 1732 igitur
1078 1678 1205 1732 spes
1235 1662 1483 1718 homini?
1509 1664 1640 1721 Sine
1667 1663 1816 1736 Lege
1841 1665 1965 1720 ideo
1993 1680 2086 1736 pe-

2187 461 2304 500 rum
2324 445 2498 519 (Psal.
2529 465 2617 504 νιιι
2636 491 2652 516 ,
2680 451 2748 517 5,
2767 447 2850 522 4).

2260 537 2348 596 IV.
2393 539 2664 597 Debuerat
2691 541 2890 600 cedere
2918 541 3202 608 diabolus;
3229 542 3458 598 necdum
3487 552 3671 598 tamen
3697 541 3791 600 de-

2186 629 2335 686 sinit.
2386 632 2603 689 Scribas
2633 643 2688 689 et
2715 633 3022 690 Pharisaaos
3048 644 3105 691 et
3127 651 3344 692 onmem
3394 635 3543 692 illam
3590 635 3791 706 impio-

2187 738 2306 778 rum
2341 733 2636 792 catervam,
2667 727 2811 781 notis
2836 728 3096 783 subornat
3119 725 3352 794 insidiis,
3383 728 3661 783 furoribus
3687 729 3797 800 agi-

2189 823 2282 870 tat.
2313 801 2478 885 lgitur
2520 816 2600 871 illi
2635 826 2758 888 post
2784 818 2961 874 varias
2977 829 3134 874 artes
3177 827 3232 875 et
3262 817 3429 874 corda
3480 817 3791 884 mendacia,

2187 908 2383 978 quibus
2415 909 2699 965 Dominum
2740 926 2891 966 more
2931 913 3206 980 serpentis
3251 911 3609 983 obsequentia
3640 911 3793 968 deci-

2189 1017 2318 1072 pere
2337 1004 2675 1075 cogitarunt;
2707 1017 2992 1076 postquam
3023 1005 3154 1060 nihil
3197 1005 3578 1077 proliciebant,
3611 1007 3798 1061 novis-

2187 1085 2324 1151 sime
2350 1111 2474 1151 eum
2507 1106 2699 1168 aperto
2747 1097 3033 1153 latrocinio
3082 1108 3134 1154 et
3168 1098 3550 1154 crudelissimo
3593 1113 3798 1170 genere

2187 1187 2456 1260 passionis
2484 1191 2689 1261 agressi
2721 1201 2851 1246 sunt
2882 1209 2896 1245 :
2927 1199 2984 1246 ut
3005 1192 3092 1246 vel
3114 1189 3440 1263 indignitate
3468 1208 3683 1258 rerum,
3713 1191 3798 1247 vel

2187 1279 2380 1336 dolore
2410 1296 2694 1351 pinnarum
2716 1282 2923 1353 aliquid
2943 1283 3207 1353 injustum
3231 1294 3324 1340 aut
3352 1284 3558 1341 faceret
3591 1295 3687 1339 aut
3715 1283 3798 1338 di-

2187 1381 2358 1440 ceret,
2388 1383 2550 1444 atque
2579 1375 2650 1428 ita
2688 1374 2939 1445 perderet
2971 1375 3248 1434 hominem
3275 1393 3436 1448 quem
3461 1379 3716 1446 gerebat,
3743 1387 3799 1433 et

2191 1463 2590 1536 relinqueretur
2626 1467 2805 1522 anima
2829 1467 2952 1539 ejus
2979 1469 3123 1540 apud
3169 1468 3409 1536 inferos;
3457 1472 3661 1541 quibus
3695 1486 3798 1524 una

2189 1557 2276 1613 lex
2307 1557 2407 1615 fuit
2449 1570 2505 1616 ut
2534 1569 2875 1631 peccatorem
2917 1570 3168 1618 tenerent
3197 1579 3209 1616 :
3242 1562 3464 1618 Aculeus
3495 1567 3633 1618 enim
3661 1579 3799 1616 moro

2189 1653 2277 1718 tis,
2307 1663 2574 1722 peccatum
2601 1653 2647 1724 (Ι
2671 1652 2793 1708 Cor.
2824 1669 2914 1722 xv,
2943 1653 3057 1728 56).
3091 1653 3338 1712 Perstitit
3359 1672 3491 1728 ergo
3518 1653 3797 1722 Christus,

478 1754 590 1821 ι-ξῑι,
622 1755 746 1826 quia
803 1766 1080 1826 peccatum
1135 1757 1318 1813 videre
1367 1774 1473 1814 ηοη
1504 1761 1712 1832 puum;
1747 1769 1803 1815 ει
1835 1760 1889 1815 in
1921 1759 2084 1831 Lege,
2117 1776 2166 1838 Β
2192 1755 2239 1798 ct
2265 1757 2530 1817 peccatum
2560 1764 2661 1802 non
2691 1747 2834 1820 fecit,
2882 1764 2972 1802 nec
3002 1746 3156 1802 dolus
3201 1749 3437 1804 inventus
3486 1758 3565 1804 est
3609 1750 3668 1803 in
3711 1766 3802 1804 ore

479 1847 606 1904 ideo
634 1849 757 1920 quia
797 1851 849 1904 in
900 1850 952 1906 id
998 1852 1170 1921 ipsum
1204 1851 1345 1920 quod
1394 1853 1632 1920 videbat,
1667 1851 1916 1907 incurrit.
1951 1851 2086 1920 Quis

479 1959 603 2001 eum
630 1945 698 1998 ab
719 1943 940 2000 interitu
986 1947 1159 2015 putuit
1188 1944 1460 2001 liberare?
1491 1947 1686 2000 Audite
1723 1943 2042 2016 Apostolum
2070 1964 2084 2001 :

482 2032 810 2092 Miserrimus
837 2047 862 2073 ⁸
900 2055 1022 2110 ergo
1051 2038 1204 2093 homo
1228 2039 1248 2093 !
1280 2039 1405 2106 Quis
1434 2055 1514 2093 me
1542 2039 1776 2093 liberabit
1798 2057 1830 2092 a
1871 2056 2090 2112 corpore

480 2132 662 2186 mortis
687 2131 886 2204 hujus?
921 2129 1126 2199 Gratia,
1159 2133 1352 2203 inquit,
1401 2149 1490 2205 per
1540 2131 1814 2187 Dominum
1856 2141 2089 2187 nostrum

480 2221 662 2278 Iesum
687 2223 951 2279 Christum
991 2225 1170 2299 (Rom.
1204 2242 1276 2280 vit
1298 2268 1310 2292 ,
1343 2225 1434 2296 24,
1469 2224 1584 2298 25).

553 2318 639 2374 Ill.
683 2318 819 2387 Quid
848 2327 935 2375 est
964 2321 1177 2392 gratia?
1208 2323 1418 2392 peccati
1452 2323 1729 2390 remissio,
1764 2321 1816 2377 id
1853 2332 1961 2390 est,
1993 2321 2089 2377 do-

482 2427 634 2466 num.
677 2411 860 2468 Gratia
890 2414 1036 2468 enim
1077 2414 1280 2469 donum
1319 2423 1422 2468 est.
1472 2415 1614 2486 Ergo
1647 2413 1894 2470 Christus
1926 2415 2090 2472 adve-

483 2506 641 2582 niens
675 2505 1060 2580 hominemque
1091 2509 1424 2580 suscipiens,
1478 2509 1653 2578 ipsum
1707 2507 1860 2564 illum
1913 2507 2088 2564 homi-

481 2613 607 2655 nem
640 2600 707 2654 de
735 2610 1006 2671 potestate
1043 2604 1248 2671 peccati
1283 2619 1475 2674 purum
1508 2616 1561 2659 et
1599 2605 1946 2660 innocentem
1979 2605 2092 2660 Deo

482 2693 691 2764 primus
723 2695 986 2751 exhibuit.
1020 2695 1160 2751 Dicit
1211 2695 1401 2753 Esaias
1436 2715 1448 2750 :
1484 2696 1620 2752 Ecce
1647 2698 1821 2772 virgo,
1882 2699 2090 2768 inquit,

485 2785 539 2839 in
569 2795 712 2839 utero
747 2787 994 2860 accipiet,
1043 2799 1090 2842 et
1126 2789 1291 2859 pariet
1320 2789 1510 2860 ﬁlium,
1538 2799 1585 2843 et
1617 2789 1861 2844 vocabitis
1906 2806 2092 2844 nomen

486 2863 598 2950 ejus
645 2878 977 2933 Emmanuel.
1027 2877 1285 2953 Butyrum
1331 2890 1376 2934 et
1427 2881 1526 2935 mel
1570 2881 1918 2950 manducabit,
1949 2884 2091 2955 prius

482 2988 639 3041 quant
659 2973 788 3026 sciat
808 2972 1155 3044 autproferre
1183 2973 1398 3041 malum,
1425 2984 1514 3028 aut
1537 2975 1725 3046 eligcre
1741 2974 1927 3029 bonum
1953 2973 2087 3046 (Isa.

487 3080 598 3132 xiv,
636 3066 742 3136 15).
783 3065 849 3122 Et
873 3065 942 3122 de
970 3065 1089 3136 ipso
1128 3067 1326 3122 iterum
1358 3085 1370 3121 :
1405 3067 1791 3140 Quipeccatum
1815 3085 1918 3124 non
1947 3070 2090 3142 fecit,

2191 1842 2303 1911 ejus
2335 1840 2382 1912 (ἰ
2413 1839 2556 1895 Petr.
2593 1856 2660 1908 tt,
2707 1838 2825 1912 22),
2871 1847 2929 1895 ut
2959 1839 3234 1908 diximus;
3269 1858 3370 1897 nec
3417 1852 3531 1896 tum
3573 1843 3798 1914 quidem

2189 1947 2312 1987 cum
2350 1932 2416 1987 ad
2446 1933 2720 1987 victimam
2750 1931 3062 1988 duceretur.
3111 1931 3225 1988 lloc
3265 1935 3364 1989 luit
3395 1935 3646 2000 vincere,
3679 1935 3801 1990 sine

2190 2033 2417 2096 peccato
2457 2025 2837 2082 condemnari.
2891 2027 3147 2084 Diabolus
3188 2029 3334 2084 enim
3376 2028 3432 2083 in
3474 2037 3802 2100 peccatores

2189 2128 2476 2189 acceperat
2509 2128 2858 2187 potestatem,
2884 2135 3047 2190 quam
3079 2119 3181 2175 sibi
3216 2119 3308 2176 ille
3331 2135 3499 2192 super
3536 2121 3804 2177 immacu-

2189 2212 2359 2268 latum
2391 2214 2730 2281 vindicavit;
2780 2229 2844 2270 ac
2875 2216 2952 2270 sic
2997 2215 3115 2286 ipse
3143 2225 3434 2286 superatus
3475 2225 3580 2285 est,
3616 2217 3672 2272 id
3704 2218 3803 2275 de-

2190 2322 2427 2364 cernens
2459 2323 2628 2378 super
2656 2307 2870 2363 Justum
2895 2308 3038 2378 quod
3071 2309 3146 2363 illi
3180 2324 3281 2377 per
3306 2308 3481 2379 legem
3515 2324 3681 2380 quam
3716 2327 3802 2366 ac-

2189 2411 2413 2470 ceperat
2445 2415 2553 2454 non
2586 2400 2806 2456 licebat.
2846 2397 3004 2457 Unde
3038 2401 3333 2471 prophetes
3363 2401 3426 2456 ad
3459 2401 3802 2471 Dominum;

2194 2493 2263 2549 Ut
2304 2495 2635 2566 justiﬁeeris,
2693 2493 2891 2566 inquit,
2917 2495 2972 2550 in
3019 2497 3341 2551 sermonibus
3375 2497 3498 2565 tuis,
3531 2508 3580 2552 et
3627 2499 3803 2552 uincas

2191 2603 2306 2641 cum
2350 2588 2614 2661 judicaris
2651 2585 2826 2658 (Psal.
2853 2603 2915 2654 ι,
2947 2587 3028 2657 6).
3059 2585 3236 2660 Atque
3263 2588 3359 2656 ita,
3393 2589 3535 2644 sicut
3565 2593 3804 2662 Aposto-

2191 2681 2274 2735 lus
2299 2681 2432 2736 dicit
2454 2721 2469 2747 ,
2501 2681 2816 2736 transductis
2843 2683 3180 2752 potestatibus
3213 2681 3447 2738 Christus
3482 2689 3801 2741 condemna-

2193 2774 2260 2828 vit
2289 2783 2558 2844 peccatum
2584 2773 2644 2852 in
2673 2790 2828 2829 carne
2848 2775 3068 2846 afﬁgens
3097 2775 3231 2830 illud
3261 2778 3434 2845 cruci,
3463 2789 3514 2833 et
3535 2779 3804 2853 chirogra-

2192 2865 2352 2939 phum
2378 2870 2555 2924 mortis
2584 2868 2852 2924 absolvens
2893 2869 3119 2940 (Coloss.
3151 2887 3186 2926 tt
3206 2913 3222 2938 ,
3273 2869 3362 2940 14,
3420 2873 3532 2945 15).
3563 2873 3694 2931 lude
3721 2885 3804 2933 est

2192 2961 2335 3031 quod
2368 2975 2474 3017 non
2507 2963 2781 3033 dereliquit
2822 2961 2966 3020 Deus
3000 2965 3231 3020 animam
3257 2970 3370 3040 ejus
3405 2969 3548 3039 apud
3579 2970 3799 3042 inferos,

2194 3073 2356 3126 neque
2382 3057 2524 3114 dedit
2555 3057 2810 3118 Sanctum
2837 3075 2991 3116 suum
3014 3060 3186 3118 videre
3203 3062 3468 3116 interitum
3490 3062 3668 3134 (Psal.
3705 3080 3796 3131 xv,

485 3175 580 3214 nec
617 3159 766 3214 dolus
797 3161 1029 3215 inventus
1063 3171 1138 3216 est
1165 3162 1218 3216 in
1250 3177 1338 3216 ore
1361 3163 1476 3233 ejus
1501 3161 1637 3236 (Isa.
1671 3177 1830 3230 sun,
1869 3164 1946 3234 9).
1976 3162 2089 3219 Sub

2198 3146 2310 3220 10).
2345 3148 2474 3204 lude
2498 3151 2642 3220 quod
2669 3151 2894 3206 mulcatis
2927 3153 3124 3208 mortis
3151 3154 3384 3222 aculeis,
3409 3156 3499 3210 die
3521 3157 3683 3212 tertia
3713 3172 3802 3212 re-

483 3250 590 3307 hoc
616 3253 945 3308 innocentia:
990 3254 1317 3324 patrocinio,
1359 3265 1416 3309 ut
1455 3255 1686 3326 primum
1717 3255 2086 3313 defensionem

483 3345 724 3402 nominis
749 3362 1039 3418 aggressus
1078 3355 1162 3402 est
1189 3345 1439 3403 Christus
1482 3350 1535 3402 in
1565 3348 1678 3414 ipsa
1705 3363 1868 3403 carne
1895 3364 2090 3419 pecca-

484 3438 523 3493 ti
549 3478 562 3504 ,
593 3438 849 3494 continuo
872 3439 962 3494 ille
993 3439 1201 3509 peccati
1229 3438 1611 3494 inobedientia:
1638 3455 1833 3509 parens
1859 3441 1948 3510 qui
1975 3440 2088 3511 pri-

485 3547 605 3586 mos
639 3532 884 3586 homines
910 3531 1202 3600 aliquando
1224 3531 1540 3600 deceperat,
1572 3530 1836 3590 festinare
1860 3533 2088 3604 incepit,

484 3635 738 3692 aestuare,
773 3626 1065 3696 trepidare.
1095 3626 1408 3682 Vincendus
1435 3626 1584 3680 eiiim
1619 3637 1736 3681 erat
1765 3627 1940 3682 soluts
1973 3627 2094 3697 lege

483 3720 713 3790 peccati,
744 3734 846 3790 qua
877 3721 988 3774 sola
1022 3718 1297 3773 hominem
1323 3719 1414 3774 vel
1445 3719 1778 3786 obtinuerat,
1821 3719 1906 3774 vel
1939 3727 2092 3788 pote-

484 3809 1144 3869 ratobtinere.’Armatur
1177 3829 1308 3882 ergo
1343 3813 1394 3867 in
1426 3815 1601 3868 aciein
1634 3813 1974 3883 spiritualem
1997 3812 2096 3866 ad-

485 3920 676 3959 versus
699 3905 1133 3970 immaculatum;
1160 3921 1223 3960 ac
1256 3906 1513 3973 primum,
1547 3921 1613 3960 eo
1643 3905 1873 3960 artiﬁcio
1898 3920 2006 3975 quo
2037 3906 2090 3960 in

486 3997 738 4070 paradiso
761 3997 936 4052 Adam
967 3997 1194 4063 vicerat,
1225 3997 1408 4066 specie
1435 3996 1717 4068 dignitatis
1746 3998 2089 4068 aggreditur;

485 4100 542 4147 et
565 4091 713 4145 velut
737 4088 1004 4144 sollicitus
1044 4087 1114 4142 de
1140 4098 1404 4158 potestate
1432 4089 1642 4144 caelesti
1676 4109 1688 4143 :
1720 4089 1781 4144 Si
1819 4090 1963 4160 ﬁlius
1996 4087 2092 4143 Dei

486 4199 562 4250 es,
600 4182 794 4252 inquit,
839 4181 924 4236 dic
979 4190 1035 4236 ut
1059 4183 1259 4252 lapides
1299 4181 1386 4236 isti
1413 4181 1544 4251 ﬁant
1582 4198 1739 4254 panes
1763 4181 1980 4254 (Matth.
2015 4197 2090 4252 tv,

485 4278 581 4348 5):
615 4287 671 4331 ut
711 4274 838 4331 dum
881 4275 1180 4343 erubescit,
1213 4286 1306 4330 aut
1352 4291 1458 4332 non
1488 4276 1601 4332 vult
1647 4274 1993 4332 dissimulare
2033 4291 2094 4333 se

487 4351 684 4422 Filium
734 4366 850 4434 Dei,
901 4367 1159 4422 tentantis
1203 4367 1351 4438 jussa
1383 4367 1705 4438 compleret.
1753 4368 1891 4425 Ecce
1915 4367 2095 4426 adhuc

487 4477 596 4516 non
630 4472 802 4530 tacet,
832 4477 1128 4533 suggerens
1159 4469 1220 4516 ut
1249 4460 1294 4516 si
1322 4475 1382 4517 se
1411 4462 1652 4517 misisset
1692 4477 1756 4516 ex
1787 4459 1921 4543 alto,
1952 4461 2094 4518 acci-

2191 3242 2412 3297 sultavit
2456 3242 2512 3296 in
2565 3258 2754 3310 carne,
2789 3245 3154 3300 reconcilians
3201 3245 3350 3301 illam
3381 3246 3494 3303 Deo
3543 3255 3596 3304 et
3645 3250 3804 3306 τες»ιί-

2194 3347 2350 3394 tuens
2369 3339 2685 3404 :elernitati,
2713 3339 2860 3395 victo
2887 3355 3159 3411 erasoque
3186 3354 3440 3412 peccato.

2268 3431 2329 3486 V.
2372 3431 2478 3487 Sed
2501 3434 2544 3487 si
2579 3433 2730 3489 solus
2774 3435 2866 3490 ille
2903 3435 3061 3501 vicit,
3103 3436 3231 3507 quid
3269 3436 3490 3492 cazteris
3526 3439 3802 3494 contulit?

2193 3525 2440 3583 Breviter
2481 3527 2688 3584 audite.
2751 3529 3040 3586 Peccatum
3099 3529 3256 3596 Adre,
3311 3532 3362 3586 in
3413 3547 3587 3602 genus
3638 3548 3804 3590 omne

2195 3619 2494 3676 transierat
2519 3639 2535 3675 :
2573 3620 2677 3676 Per
2709 3637 2872 3677 unum
2893 3624 3031 3678 enim
3056 3623 3336 3690 hominem,
3389 3626 3532 3680 sicut
3562 3629 3802 3696 Aposto-

2191 3713 2275 3769 lus
2306 3715 2436 3770 dicit
2464 3734 2477 3770 :
2505 3714 2749 3772 delictum
2777 3717 3002 3772 introivit
3025 3732 3048 3783 ;
3071 3726 3119 3774 et
3163 3734 3259 3789 per
3298 3716 3575 3786 delictum,
3607 3735 3752 3773 mors
3775 3736 3794 3773 :

2195 3807 2270 3861 sic
2295 3816 2346 3864 ct
2373 3807 2428 3864 in
2455 3824 2628 3862 omnes
2678 3809 2910 3866 homines
2955 3809 3156 3866 devestit
3185 3807 3368 3878 (Rom.
3402 3827 3458 3876 v,
3509 3811 3626 3882 12).
3658 3811 3804 3883 Ergo

2193 3899 2478 3971 etjustitia
2505 3901 2709 3957 Christi
2745 3918 2967 3959 necesse
2991 3913 3075 3960 est
3108 3913 3166 3959 ut
3209 3903 3264 3959 in
3294 3919 3472 3975 genus
3505 3914 3755 3961 transeat
3786 3923 3799 3960 :

2192 4007 2255 4046 ac
2285 3992 2424 4047 sicut
2453 3993 2540 4047 ille
2571 4008 2669 4063 per
2701 4004 2980 4060 peccatum
3025 3996 3252 4065 stirpem
3299 4011 3454 4050 suam
3518 3997 3799 4068 perdidit;

2196 4084 2270 4140 ita
2312 4083 2560 4140 Christus
2590 4102 2686 4156 per
2718 4087 2988 4157 justitiam
3030 4103 3202 4160 genus
3233 4104 3393 4144 suum
3447 4106 3616 4147 omne
3670 4093 3804 4146 viri-

2196 4177 2342 4234 ﬁcet.
2394 4178 2508 4235 Hoc
2554 4189 2716 4252 urget
2765 4183 3060 4251 Apostolus
3102 4181 3294 4240 dicens
3344 4201 3359 4238 :
3420 4181 3490 4239 Ut
3529 4183 3669 4240 sicut
3711 4201 3800 4256 per

2196 4272 2635 4330 inobaudientiam
2657 4273 2820 4329 unius
2839 4286 3128 4347 peccatores
3158 4275 3426 4331 constituti
3455 4287 3582 4332 sunt
3607 4277 3759 4336 neutri
3781 4293 3802 4346 ,'

2197 4368 2270 4422 sic
2311 4385 2402 4438 per
2441 4370 2578 4424 dicto
2623 4368 2942 4427 audientiam
2996 4370 3184 4437 unius,
3224 4371 3364 4443 justi
3416 4372 3802 4428 constituantur

2199 4461 2348 4518 multi
2379 4480 2399 4518 :
2427 4479 2489 4518 ac
2525 4465 2654 4520 sicut
2679 4465 2908 4538 regnavit
2931 4465 3177 4524 delictum
3212 4466 3268 4520 in
3303 4475 3542 4534 mortars,
3563 4468 3801 4526 similiter

488 4562 710 4625 peretur
740 4553 988 4609 manibus
1019 4555 1374 4626 Angelorum,
1415 4555 1611 4625 quibus
1659 4553 1970 4610 mandasset
1999 4554 2098 4609 Pa-
2123 4563 2172 4623 1)
2200 4566 2247 4610 et
2273 4559 2444 4629 gratia
2463 4568 2638 4630 regnet
2669 4575 2759 4630 per
2777 4560 3032 4628 iustitiam
3055 4561 3112 4616 in
3140 4561 3296 4618 vitam
3313 4571 3564 4618 teterrima
3593 4561 3794 4634 (lbid.,

488 4656 573 4703 ter
605 4657 660 4702 ut
707 4645 945 4701 humeris
988 4661 1113 4700 eum
1142 4645 1366 4713 ferrent,
1418 4661 1482 4703 ne
1515 4646 1654 4703 forte
1695 4644 1995 4703 oﬂenderet
2018 4646 2085 4703 ad

490 4739 727 4812 lapidem
757 4738 949 4810 pedem
979 4752 1159 4804 suum,
1187 4738 1314 4794 dum
1341 4739 1570 4808 probare
1605 4740 1721 4796 vult
1749 4739 2009 4796 Dominus
2035 4755 2096 4798 se

493 4850 617 4890 esse
639 4833 708 4890 de
738 4849 845 4904 quo
875 4833 1036 4888 Pater
1061 4832 1211 4892 istud
1249 4832 1558 4890 mandasset
1586 4831 1766 4890 facere
1793 4832 1936 4904 quod
1977 4840 2097 4888 teu-

492 4935 632 4984 tator
658 4934 831 4998 urget.
865 4925 1046 4980 Elisus
1073 4923 1373 4980 novissime
1399 4925 1642 4992 coluber,
1675 4927 1828 4996 quasi
1864 4927 1974 4997 jam
2003 4940 2095 4981 ce-

490 5022 670 5088 deret,
705 5021 817 5090 ipsa
860 5018 949 5072 illa
989 5032 1108 5090 qua:
1137 5017 1312 5087 primo
1340 5016 1545 5072 homini
1575 5019 1872 5087 eripuerat,
1905 5015 2093 5073 mundi

488 5129 655 5185 regna
703 5109 999 5182 promittit;
1044 5117 1102 5165 ut
1145 5107 1273 5163 dum
1315 5106 1507 5164 vicisse
1553 5126 1611 5166 se
1638 5111 1811 5166 credit
1857 5110 2092 5167 hominis

491 5206 849 5271 Advocatum,
885 5211 1104 5272 recepto
1132 5198 1300 5276 (quod
1340 5201 1684 5276 defendebat)
1720 5205 1982 5276 imperio,
2010 5206 2090 5260 in-

489 5300 722 5356 clinaret
759 5298 822 5352 ad
852 5297 1052 5354 dictum
1082 5297 1150 5352 ab
1195 5296 1360 5368 impio
1391 5296 1748 5368 dignitatem,
1781 5315 1845 5356 ac
1883 5301 1966 5356 sic
2003 5301 2093 5356 ali-

490 5391 707 5466 quando
750 5401 1018 5462 peccaret.
1056 5390 1254 5445 Verum
1297 5390 1348 5444 in
1384 5390 1469 5445 his
1520 5391 1773 5447 omnibus
1800 5400 2090 5464 superatur

470 5485 768 5558 inimicus,
798 5494 850 5540 et
880 5483 1090 5540 caelesti
1121 5483 1322 5542 virtute
1354 5481 1702 5550 dissolvitur,
1751 5485 1890 5544 sicut
1925 5485 2088 5544 Vates

491 5581 557 5637 ad
586 5578 897 5647 Dominum,
928 5587 984 5633 ut
1030 5575 1276 5650 resolvas,
1313 5575 1509 5652 inquit,
1539 5577 1804 5636 inimicum
1831 5588 1880 5634 et
1920 5580 2088 5638 vindi-

472 5743 484 5749 ’
570 5769 595 5801 ο
637 5763 783 5820 Alias
817 5775 932 5834 ego.

2201 4650 2303 4720 19,
2330 4650 2448 4725 at).

2275 4743 2361 4802 VI.
2399 4744 2556 4804 Dicet
2601 4746 2734 4804 mihi
2783 4747 3023 4820 aliquis:
3055 4747 3166 4808 Sed
3209 4758 3495 4822 peccatum
3527 4749 3660 4806 Adae
3689 4763 3796 4807 me-

2197 4837 2303 4893 rito
2332 4839 2592 4896 transivit
2616 4839 2674 4896 in
2701 4849 2977 4914 posteros,
3007 4842 3132 4914 quia
3161 4859 3228 4900 ex
3257 4845 3376 4914 ipso
3395 4843 3571 4916 geniti
3604 4852 3791 4900 erant:

2193 4938 2252 4988 et
2277 4931 2542 5004 numquid
2573 4948 2672 4989 uos
2710 4949 2741 4990 a
2768 4932 2992 4992 Christo
3029 4935 3203 5008 geniti
3226 4952 3440 5000 sumus.
3475 4945 3538 4994 ut
3576 4944 3793 5008 propter

2197 5023 2372 5094 ipsum
2407 5026 2548 5084 salvi
2575 5041 2696 5084 esse
2718 5029 3029 5098 possimus?
3051 5030 3304 5088 CartiaIia
3330 5030 3575 5103 cogitare
3589 5030 3788 5088 nolite:

2191 5117 2303 5190 jam
2333 5121 2592 5179 videbitis
2641 5123 2885 5193 qualiter
2914 5121 3140 5182 Christo
3167 5135 3396 5196 parente
3439 5139 3788 5197 generentur.

2195 5210 2515 5269 Novissimis
2549 5216 2890 5286 temporibus
2935 5217 3174 5276 animam
3222 5218 3416 5288 utique
3441 5228 3582 5278 Lcum
3631 5231 3790 5276 carne

2195 5307 2410 5376 accepit
2438 5307 2688 5366 Christus
2719 5325 2787 5367 ex
2812 5310 2982 5368 Maria
3013 5311 3196 5370 :hanc
3221 5311 3375 5372 venit
3399 5312 3613 5370 salvam
3655 5311 3789 5368 face-

2197 5413 2279 5468 re,
2311 5399 2450 5458 hanc
2479 5403 2624 5474 apud
2647 5402 2853 5461 inferos
2881 5419 2990 5461 non
3018 5405 3259 5478 reliquit,
3289 5405 3434 5464 hanc
3451 5406 3672 5480 Spiritui
3697 5418 3790 5462 suo

2193 5491 2476 5564 conjunxit
2507 5503 2562 5552 et
2589 5510 2744 5554 suam
2793 5495 2942 5555 fecit.
2990 5497 3060 5558 Et
3089 5496 3175 5558 bas
3203 5505 3336 5558 sunt
3377 5499 3582 5572 nupti:
3613 5497 3788 5554 Domi-

2193 5586 2271 5651 ni,
2303 5587 2398 5644 uni
2425 5590 2577 5648 carni
2603 5587 2938 5662 conjunctae,
2961 5596 3020 5650 ut
3038 5591 3344 5652 secundum
3373 5590 3506 5652 illud
3535 5603 3786 5666 multum
