4048 6350
243 226 380 303 tua:

1184 242 1249 312 Q.
1291 240 1527 301 sumus
1564 237 1992 303 lltLARIANUS.
2036 231 2585 302 PBOLEGOMENA.‘

3407 245 3431 302 1
3442 246 3547 305 σοι

240 365 643 417 sacramentum
669 358 860 415 tierent
888 358 994 433 duo
1021 358 1073 414 in
1114 374 1281 417 carne
1325 375 1454 421 una.
1501 359 1750 415 Christus
1777 367 1831 415 et
1857 358 1914 423 Α
2009 356 2248 414 Vll.Hoc
2275 358 2523 432 estquod
2541 358 3547 426 credimus,dilectissimiintrosum-

244 453 486 508 Ecclesia
520 451 737 526 (Ephes.
772 469 825 521 v,
856 453 972 522 52).
1025 453 1102 508 Ex
1136 452 1223 508 bis
1274 452 1479 524 nuptiis
1529 452 1837 508 Christiana

244 546 395 617 plebs
426 545 684 609 nascitur,
733 547 986 602 veniente
1034 546 1274 615 desuper
1322 548 1525 617 Spiritu
1582 546 1837 612 Domini;

242 649 660 711 nostrarumque
704 641 1005 696 animarum
1059 640 1418 706 substantiae,
1472 641 1757 711 superfuso
1785 650 1840 696 et

245 731 485 785 admixto
530 732 774 802 protinus
805 743 1053 789 semente
1105 733 1340 799 caelesti,
1377 733 1677 790 visceribus
1728 749 1841 789 ma-

246 824 341 877 tris
384 823 752 890 iuolescimus,
786 826 1017 898 alvoque
1046 826 1165 896 ejus
1193 826 1351 883 effusi
1401 827 1737 881 vivilicamur
1786 828 1839 882 in

243 908 483 969 Christo.
517 916 671 973 Unde
694 916 991 987 Apostolus
1023 938 1035 973 :
1078 917 1287 973 Primus
1314 918 1502 983 Adam,
1528 922 1580 974 in
1615 920 1844 975 animant

247 1008 491 1061 viventem
518 1023 536 1063 :
565 1010 869 1064 novissimus
922 1010 1111 1077 Adam,
1140 1011 1191 1064 in
1236 1014 1473 1079 spiritum
1502 1012 1844 1081 viti/icantem

248 1098 291 1170 (ι
324 1097 445 1152 Cor.
473 1115 567 1166 xv,
596 1100 710 1171 47).
743 1101 832 1156 Sic
864 1114 1089 1174 generat
1112 1103 1367 1157 Christus
1399 1105 1450 1158 in
1481 1104 1722 1158 Ecclesia
1752 1120 1845 1174 per

242 1205 372 1247 suos
401 1194 735 1259 sacerdotes,
782 1204 839 1248 ut
872 1194 1016 1250 idem
1051 1196 1348 1266 Apostolus
1380 1213 1394 1253 :
1427 1196 1634 1252 Christo
1672 1206 1847 1251 autem

246 1304 340 1360 ego
364 1304 448 1342 vos
493 1292 645 1357 genui
696 1287 737 1358 (l
784 1290 903 1345 Cor.
940 1308 1015 1356 tv,
1052 1292 1165 1364 15).
1216 1294 1393 1364 Atque
1424 1293 1496 1348 ita
1525 1293 1725 1348 Christi
1763 1307 1849 1349 se-

247 1397 393 1445 men,
425 1383 475 1436 id
505 1393 588 1438 est
637 1383 733 1440 Dei
767 1386 993 1456 spiritus
1037 1403 1234 1441 novum
1265 1387 1541 1443 hominem
1578 1393 1702 1443 alvo
1731 1404 1847 1442 ma-

247 1476 346 1529 tris
370 1480 654 1545 agitatum.
684 1488 733 1531 et
768 1488 922 1548 partu
950 1479 1115 1534 fontis
1140 1490 1453 1550 exceptum,
1484 1481 1737 1536 manibus
1765 1497 1853 1536 sa-

246 1569 486 1623 cerdotis
520 1567 769 1636 effundit,
804 1570 907 1626 fide
950 1583 1125 1627 tamen
1161 1574 1429 1643 pronuba.
1480 1574 1665 1644 Neque
1706 1576 1851 1630 enim

248 1671 341 1717 aut
387 1663 624 1718 insertus
657 1665 708 1718 in
752 1663 1054 1721 Ecclesiam
1089 1667 1364 1722 videbitur
1402 1667 1490 1738 qui
1537 1685 1643 1722 non
1674 1669 1854 1723 credi-

1942 461 2116 509 tcrum
2137 471 2149 507 :
2174 453 2301 509 Siin
2325 456 2421 508 hoc
2448 456 2635 511 saeculo
2654 465 2919 527 sperantes
2941 471 3142 520 sumus;
3158 455 3550 510 miserabiliores

1940 549 2173 603 omnibus
2189 548 2479 603 hominibus
2506 566 2684 604 sumus
2720 548 2761 621 (Ι
2792 547 2908 604 Cor.
2943 563 3032 614 xv,
3052 547 3166 619 19).
3186 547 3305 603 Υἱιδ
3339 550 3551 614 mundi,

1943 648 1997 695 ct
2028 641 2347 710 pecudibus,
2383 650 2436 697 et
2466 640 2619 708 feris,
2645 651 2699 698 et
2724 641 2968 705 alitibus,
2996 650 3055 696 ut
3082 640 3283 697 videtis
3317 642 3438 711 ipsi,
3466 652 3556 695 aut

1943 734 2227 791 nobiscmu
2276 747 2359 789 εει
2390 735 2697 807 communis
2724 777 2738 801 ,
2767 745 2859 789 aut
2912 736 3147 805 longior.
3184 735 3250 789 Et
3291 735 3426 789 illud
3461 736 3558 788 bu-

1946 827 2078 883 mini
2106 830 2413 899 prOprium,
2437 830 2578 902 quod
2614 845 2710 900 per
2737 829 3003 900 Spiritum
3038 845 3194 885 suum
3224 828 3372 883 dedit
3396 828 3556 884 Chri-

1945 933 2091 986 stus;
2136 923 2187 978 id
2230 925 2447 979 estvita
2490 934 2783 995 perpetua;
2830 923 2926 978 sed
2960 924 3006 979 si
3046 923 3160 992 jam
3209 938 3317 978 non
3362 938 3557 993 pecca-

1947 1031 2070 1071 mus
2114 1016 2371 1086 amplius.
2416 1015 2550 1084 Quia
2583 1017 2724 1071 sicut
2764 1032 2912 1070 mors
2956 1015 3166 1072 scelere
3211 1015 3554 1085 acquiritur,

1948 1108 2151 1163 virtute
2184 1110 2415 1175 vitatur;
2448 1110 2520 1163 ita
2550 1107 2654 1162 vita
2688 1108 2989 1165 sceleribus
3016 1109 3321 1173 atnittitur,
3354 1107 3558 1163 virtute

1949 1201 2240 1257 retinetur.
2275 1201 2552 1270 Stipendia
2579 1216 2700 1272 ergo
2749 1204 2942 1266 peccati
2973 1217 3142 1255 mors:
3190 1200 3380 1254 donum
3426 1200 3557 1266 Dei,

1951 1296 2053 1348 vita
2100 1304 2293 1349 (eterna
2343 1312 2431 1365 per
2459 1293 2643 1348 Jesum
2691 1292 2954 1348 Christum
2998 1293 3280 1349 Dominum
3326 1306 3561 1349 nostrum

1952 1389 2132 1456 (Rom.
2180 1406 2231 1445 vr
2256 1432 2271 1458 ,
2315 1391 2432 1462 23).
2464 1393 2606 1445 Ante
2647 1390 2833 1444 omnia
2863 1405 2959 1445 vos
2999 1390 3266 1455 retinete,
3302 1389 3514 1461 parvuli
3545 1407 3557 1443 :

1954 1496 2148 1537 omnes
2175 1482 2473 1552 aliquando
2499 1494 2689 1553 gentes
2720 1482 2881 1556 (sicut
2919 1497 3081 1552 supra
3113 1481 3378 1552 diximus)
3411 1482 3561 1551 prin-

1954 1574 2167 1644 cipibus
2213 1574 2560 1629 tenebrarum
2599 1582 2654 1628 et
2704 1573 3065 1643 petestatibus
3112 1572 3370 1637 traditas;
3414 1587 3560 1626 nunc

1958 1684 2054 1739 per
2091 1668 2220 1723 Jesu
2252 1667 2452 1723 Christi
2491 1667 2700 1722 Domini
2736 1668 2907 1722 nostri
2952 1667 3233 1721 victoriam
3279 1666 3559 1721 liberatas.

250 1757 363 1825 dit;
401 1766 496 1811 aut
527 1759 746 1827 genitus
766 1775 795 1814 a
827 1760 1067 1826 Christo,
1094 1763 1181 1830 qui
1214 1763 1461 1833 spiritum
1490 1764 1606 1832 ipso
1637 1780 1741 1816 non
1775 1779 1851 1818 re-
1880 1758 1930 1819 Β
1960 1759 2050 1816 Ille
2080 1771 2183 1824 est,
2216 1760 2307 1814 ille
2337 1763 2426 1831 qui
2462 1760 2700 1826 redimit,
2736 1760 2935 1813 donans
2959 1760 3103 1813 nobis
3135 1759 3306 1813 omnia
3333 1769 3563 1828 peccata,

249 1854 416 1921 cepit.
457 1850 805 1908 Credeudttm
859 1867 940 1909 est
981 1855 1141 1926 igitur
1192 1871 1353 1925 posse
1402 1872 1499 1910 nos
1549 1857 1716 1910 nasci.
1768 1857 1859 1913 Sic

248 1945 390 1999 enim
431 1954 505 1999 ait
548 1945 833 2016 Philippus
863 1966 874 2001 :
910 1948 973 2003 Si
1002 1948 1191 2015 credis,
1242 1959 1383 2019 potes
1415 1948 1555 2021 (Act.
1588 1965 1703 2015 vttt,
1742 1949 1855 2023 37).

250 2037 617 2109 Recipiendus
643 2048 726 2094 est
763 2039 1011 2096 Christus
1054 2050 1111 2095 ut
1140 2052 1393 2113 generet,
1424 2046 1546 2112 quia
1586 2043 1666 2097 sic
1690 2042 1859 2099 Joan-

252 2148 350 2191 nes
380 2133 660 2205 apostolus
692 2133 825 2188 dicit
854 2152 866 2186 :
901 2135 1157 2206 Quotquot
1198 2153 1313 2190 eunt
1352 2146 1674 2208 receperunt,
1718 2136 1861 2191 dedit

253 2225 327 2280 eis
354 2234 657 2295 potestatem
698 2227 837 2295 ﬁlios
874 2224 974 2280 Dei
1012 2227 1125 2298 ﬁeri
1168 2226 1349 2299 (Joan.
1384 2244 1428 2290 ι,
1463 2226 1573 2300 19).
1608 2228 1733 2284 Haec
1767 2246 1863 2285 auo

253 2327 359 2373 tem
385 2318 646 2388 Compleri
681 2319 814 2372 alias
846 2328 1153 2389 nequeunt,
1189 2320 1290 2374 nisi
1346 2321 1545 2376 lavacri
1586 2331 1641 2376 et
1686 2320 1860 2376 chris-
1906 2306 1917 2321 ’

256 2412 418 2465 matis
447 2420 502 2466 et
546 2411 810 2467 antistitis
844 2423 1209 2467 sacramento.
1248 2410 1492 2467 Lavacro
1543 2413 1689 2467 enim
1740 2429 1863 2484 pec-

254 2516 372 2563 cata
405 2517 737 2577 purgantur;
769 2507 1069 2563 chrismate
1113 2519 1335 2564 sanctus
1384 2510 1620 2581 Spiritus
1671 2527 1864 2582 super-

258 2600 534 2664 funditur;
567 2610 796 2671 utraque
826 2617 954 2655 vero
998 2602 1122 2665 ista,
1174 2618 1337 2658 manu
1365 2612 1422 2657 et
1464 2618 1561 2657 ore
1602 2605 1865 2660 antistitis

259 2695 616 2767 impetramus
646 2715 659 2749 :
692 2707 854 2766 atque
899 2698 970 2749 ita
1006 2706 1151 2751 totus
1181 2696 1344 2752 homo
1370 2697 1677 2753 renascitur
1705 2708 1759 2754 et
1788 2701 1868 2756 in-

261 2804 493 2845 novatur
534 2791 587 2855 ip
640 2789 891 2856 Christo;
950 2801 1004 2845 ut
1056 2791 1189 2844 sicut
1245 2794 1523 2846 resurrexit
1580 2792 1869 2849 Christusa

259 2885 496 2952 mortuis,
529 2885 603 2937 sic
648 2892 694 2935 et
726 2900 815 2937 nos
844 2884 895 2937 in
945 2886 1169 2939 novitate
1198 2885 1312 2938 vita:
1340 2884 1655 2939 ambulemus
1688 2886 1867 2958 (Rom.

262 2994 347 3047 vr,
375 2979 465 3049 4);
493 2978 546 3033 id
605 2988 707 3044 est,
744 2986 803 3033 ut
849 2978 1110 3050 depositis
1152 2978 1275 3033 vitae
1318 2980 1520 3035 veteris
1566 2981 1869 3049 erroribus,

263 3071 531 3128 idolorum
556 3073 847 3139 servitute,
873 3072 1223 3140 crudelitate,
1250 3071 1631 3140 fornicatione,
1660 3075 1870 3132 luxuria

1959 1854 2101 1907 sicut
2124 1852 2423 1924 Apostolus
2447 1852 2599 1918 dicit,
2629 1863 2674 1907 et
2706 1851 2881 1907 deleas
2905 1852 3044 1921 quod
3070 1851 3316 1905 adversus
3345 1869 3437 1905 nos
3463 1860 3571 1905 erat

1962 1947 2367 2018 chirographum
2417 1946 2859 2011 inobauditionis;
2907 1947 3030 2016 quia
3058 1957 3106 2000 et
3152 1946 3319 2016 ipsum
3350 1945 3466 1998 tulit
3509 1946 3571 1997 de

1960 2041 2171 2107 medio,
2242 2041 2463 2114 afﬁgens
2520 2041 2649 2094 illud
2703 2040 2886 2105 cruci;
2959 2055 3150 2093 exuens
3205 2056 3259 2093 se
3315 2053 3569 2105 carnem,

1962 2133 2199 2187 traduxit
2234 2141 2522 2203 potestates
2571 2131 2728 2185 libere
2780 2131 3107 2193 triumphans
3162 2147 3247 2185 cas
3298 2133 3352 2184 in
3383 2139 3569 2185 seruet-

1962 2227 2077 2294 ipso
2126 2224 2367 2295 (Coloss.
2420 2240 2495 2289 ιι,
2560 2224 2789 2294 15-15).
2849 2222 3027 2279 Solvit
3082 2222 3465 2292 compeditos,
3519 2231 3575 2279 et

1963 2318 2176 2373 vincula
2206 2328 2394 2373 nostra
2427 2317 2682 2388 disrupit,
2712 2317 2852 2373 sicut
2885 2315 3059 2371 David
3102 2315 3318 2370 dixerat
3346 2333 3360 2369 :
3395 2314 3576 2369 Domi—

1965 2428 2059 2466 nus
2088 2412 2239 2480 erigit
2278 2412 2449 2475 elisos,
2472 2410 2727 2465 Dominus
2768 2410 2920 2464 solvit
2949 2409 3291 2479 compeditos,
3320 2406 3575 2462 Dominus

1964 2505 2227 2559 illuminat
2258 2520 2420 2558 cwcos
2450 2503 2624 2575 (Psal.
2658 2519 2819 2566 CXLV,
2849 2504 2902 2567 7,
2933 2504 3010 2574 8).
3049 2504 3115 2556 ist
3143 2502 3381 2558 iterum:
3412 2500 3575 2555 Diru-

1967 2600 2091 2670 pisti
2116 2600 2320 2653 vincula
2345 2614 2457 2652 mea
2478 2615 2495 2650 :
2522 2596 2611 2651 tibi
2633 2595 2937 2666 sacriﬁcabo
2964 2598 3183 2650 hostium
3204 2594 3375 2649 laudis
3402 2593 3575 2663 (Psal.

1969 2707 2092 2756 cxv,
2130 2690 2339 2763 16,17).
2370 2690 2546 2747 Soluti
2593 2691 2776 2761 itaque
2800 2690 2869 2746 de
2899 2690 3153 2755 vinculis,
3191 2692 3282 2745 ubi
3323 2705 3417 2760 per
3451 2691 3582 2762 bapo

1973 2785 2118 2839 tismi
2162 2793 2568 2840 sacramentum
2601 2783 2667 2837 ad
2711 2784 2927 2854 signum
2956 2782 3167 2837 Domini
3191 2784 3577 2849 convenimus,

1974 2878 2194 2934 diabolo
2222 2889 2275 2933 et
2307 2878 2559 2933 omnibus
2581 2877 2789 2949 angelis
2814 2878 2928 2947 ejus
2956 2878 3356 2942 renuntiamus,
3385 2877 3581 2947 quibus

1975 2977 2100 3023 ante
2139 2969 2466 3025 servivimus
2511 2988 2524 3025 :
2570 2984 2638 3026 ne
2674 2969 2784 3041 jam
2818 2970 2925 3025 illis
2973 2970 3203 3026 ulterius
3238 2971 3539 3026 serviamus
3568 3009 3583 3035 ,

1977 3061 2245 3132 sanguine
2274 3059 2477 3117 Christi
2512 3071 2567 3116 et
2614 3061 2839 3119 nomine
2884 3062 3124 3117 liberati.
3171 3063 3323 3131 Quod
3372 3063 3419 3117 si
3463 3065 3588 3131 quis

264 3169 586 3240 cazterisque
612 3167 757 3222 vitiis
795 3168 975 3222 carnis
1003 3179 1055 3222 et
1086 3166 1391 3239 sanguinis,
1431 3184 1600 3225 novos
1628 3184 1725 3241 per
1750 3167 1866 3240 Spi-

1978 3158 2206 3227 posthac
2233 3156 2432 3209 oblitus
2475 3153 2556 3210 sui
2589 3164 2642 3210 et
2672 3154 3065 3225 redemptionis
3100 3156 3344 3226 ignarus,
3394 3171 3587 3211 rursus

266 3262 435 3316 ritum
485 3275 666 3317 mores
698 3276 992 3330 sequamur
1036 3261 1088 3314 in
1138 3259 1379 3326 (.hristo,
1430 3261 1613 3328 tidem,
1668 3261 1873 3331 pudici-

269 3355 420 3421 tiam,
454 3353 842 3420 innocentiam,
869 3353 1198 3408 castitatem.
1233 3354 1311 3408 Ac
1340 3370 1352 3406 :
1382 3353 1515 3409 sicut
1559 3354 1871 3424 portavimus

268 3445 551 3521 imaginem
573 3448 762 3501 terreni
790 3445 1035 3510 hominis,
1079 3456 1339 3518 portemus
1367 3457 1413 3500 et
1444 3450 1554 3519 ejus
1576 3449 1660 3515 qui
1689 3450 1751 3503 de
1775 3466 1875 3504 coe-

271 3540 320 3594 lo
349 3550 455 3607 est;
487 3541 607 3612 quia
649 3543 846 3611 primus
873 3539 1028 3594 homo
1052 3540 1114 3593 de
1139 3549 1301 3605 terra,
1332 3549 1596 3607 terrenus;
1620 3544 1875 3599 secundus

270 3652 301 3688 a
328 3635 477 3701 caelo,
507 3634 723 3689 Ctrleslis
750 3634 795 3707 (Ι
835 3632 955 3688 Cor.
1011 3650 1099 3700 xv,
1132 3633 1219 3702 49,
1263 3633 1380 3705 47).
1438 3632 1592 3703 Quod
1624 3646 1872 3706 agentes,

272 3728 641 3795 dilectissimi,
684 3728 796 3799 jam
854 3744 961 3783 non
997 3729 1296 3783 moriemur
1328 3728 1582 3797 amplius.
1618 3728 1792 3783 Etiam
1827 3731 1874 3785 si

273 3822 326 3877 in
348 3822 451 3877 hoc
468 3838 700 3892 corpore
732 3823 1098 3888 resolvantur,
1120 3823 1367 3879 vivemus
1391 3824 1441 3876 in
1470 3821 1715 3891 Christo,
1736 3825 1879 3879 sicut

273 3918 351 3973 ait
379 3904 494 3987 ipse
528 3936 540 3972 :
594 3918 693 3984 Qui
722 3918 775 3971 in
809 3933 889 3971 me
919 3915 1216 3983 crediderit,
1270 3918 1387 3972 licet
1439 3918 1714 3979 moriatur,
1749 3918 1879 3972 vivet

274 4008 457 4082 (Joan.
483 4025 567 4077 χι,
600 4010 718 4079 25).
749 4009 896 4065 Certi
929 4008 1163 4080 denique
1208 4025 1417 4073 sumus,
1451 4012 1568 4080 ipso
1602 4018 1739 4066 teste
1771 4011 1878 4066 Do-

275 4106 443 4168 mino,
478 4113 533 4160 et
561 4103 834 4160 Abraham
861 4115 914 4159 et
944 4103 1096 4160 Isaac
1133 4113 1188 4159 et
1226 4104 1395 4160 .lacob
1420 4115 1474 4161 et
1500 4121 1689 4162 omnes
1725 4121 1881 4162 sanc-

278 4206 364 4253 tos
398 4197 492 4252 Dei
525 4199 729 4253 vivere.
782 4197 1022 4267 Denique
1050 4197 1116 4251 de
1162 4195 1246 4251 his
1297 4196 1428 4267 ipsis
1468 4198 1544 4252 ait
1584 4198 1879 4254 Dominus:

283 4290 471 4345 Omnes
491 4300 664 4345 autem
690 4290 771 4343 illi
804 4290 973 4343 vivunt
1005 4305 1023 4343 :
1055 4287 1194 4343 Deus
1219 4289 1355 4342 enim
1387 4290 1616 4344 vivorum
1643 4300 1741 4356 est,
1778 4308 1881 4345 non

283 4394 603 4437 mortuorum
646 4380 799 4455 (Luc.
832 4398 922 4447 xx,
953 4382 1066 4452 58).
1100 4381 1164 4436 Et
1192 4380 1489 4452 Apostolus
1519 4382 1585 4438 de
1617 4399 1676 4439 se
1705 4382 1835 4439 dicit
1866 4401 1879 4438 :

285 4474 421 4530 Mihi
447 4476 611 4530 vivere
638 4473 872 4529 Christus
896 4461 990 4538 est,
1016 4483 1062 4527 et
1085 4475 1213 4527 mori
1238 4475 1440 4528 lucrum
1470 4491 1487 4528 :
1518 4485 1747 4545 Optarent
1776 4477 1886 4531 dis-

1979 3245 2203 3320 (Coloss.
2226 3263 2283 3314 ιι,
2316 3247 2401 3318 18)
2432 3247 2497 3302 ad
2523 3248 3166 3321 Angelorumservitutes
3188 3246 3400 3317 et(Gal.
3434 3264 3509 3314 tv,
3530 3248 3588 3315 9)

1979 3342 2190 3396 infirma
2223 3341 2309 3394 illa
2341 3350 2396 3397 et
2426 3356 2595 3411 egena
2630 3341 2818 3395 mundi
2850 3342 3122 3396 elementa
3154 3342 3455 3406 transierit,
3487 3357 3587 3395 an-

1979 3435 2142 3505 tiquis
2175 3432 2282 3487 illis
2309 3431 2668 3504 compedibus
2700 3444 2753 3489 et
2775 3438 3007 3501 catenis,
3036 3434 3088 3489 id
3122 3444 3205 3491 est
3227 3437 3435 3506 peccati
3469 3436 3589 3491 viu-

1978 3527 2116 3582 culis
2140 3526 2467 3597 alligabitur;
2496 3525 2676 3594 et/ient
2707 3527 2981 3580 novissima
2996 3530 3106 3599 ejus
3129 3528 3381 3582 deteriora
3402 3528 3593 3598 priori-

1981 3624 2072 3676 bus
2104 3620 2257 3693 (Luc.
2290 3637 2369 3689 xl,
2401 3621 2493 3692 26)
2520 3620 2673 3693 :quiu
2694 3631 2746 3678 et
2776 3622 3024 3677 diabolus
3048 3639 3172 3678 eum
3213 3626 3365 3694 quasi
3392 3642 3486 3694 per
3512 3626 3591 3681 fu-

1979 3730 2102 3786 gam
2126 3715 2323 3770 victum
2357 3716 2737 3770 vehementius
2760 3713 3031 3787 inligabit;
3058 3725 3112 3770 et
3139 3716 3386 3772 Christus
3413 3733 3510 3789 pro
3526 3732 3593 3774 c0

1976 3810 2087 3881 jam
2106 3812 2214 3882 pati
2246 3825 2353 3865 non
2370 3810 2729 3880 poterit,quia
2751 3810 2838 3880 qui
2868 3812 3147 3865 resurrexit
3177 3828 3206 3864 a
3230 3814 3465 3879 mortuis,
3477 3814 3591 3884 jam

1983 3921 2086 3960 non
2103 3905 2347 3958 morietur
2359 3903 2581 3975 amplius
2609 3901 2789 3975 (Rom.
2819 3918 2890 3968 Vl,
2917 3900 2997 3973 9).
3018 3902 3206 3973 Igitur,
3231 3904 3591 3970 dileCtissimi,

1984 4000 2150 4054 semel
2170 3997 2464 4062 abluimur,
2480 3996 2651 4051 semel
2674 3995 3169 4063 liberamur,scmel
3188 3998 3239 4051 iu
3255 4014 3475 4069 regnum
3497 4002 3595 4054 itu-

1986 4093 2216 4149 mortale
2244 4093 2599 4162 suscipimur:
2620 4092 2786 4147 semel
2807 4092 2833 4161 f
2835 4092 2984 4146 elices
3002 4103 3138 4160 sunt,
3154 4110 3369 4163 quorum
3385 4096 3595 4149 remissa

1984 4195 2101 4239 sunt
2124 4185 2377 4256 facinora,
2412 4193 2456 4236 et
2484 4199 2700 4250 quorum
2732 4194 2861 4237 tecta
2878 4193 2998 4238 sunt
3020 4193 3226 4252 peccata
3248 4184 3417 4256 (Psal.
3444 4202 3593 4253 xxxx,

1989 4278 2062 4352 1).
2095 4279 2303 4335 Tenete
2342 4278 2556 4333 fortiter
2579 4279 2719 4349 quod
2752 4280 3062 4350 accepistis,
3099 4290 3314 4335 servate
3342 4280 3595 4347 feliciter,

1988 4373 2221 4443 amplius
2245 4387 2471 4444 peccare
2497 4370 2682 4426 nolite.
2714 4371 2885 4428 Puros
2906 4387 3002 4428 vos
3019 4389 3085 4428 ex
3108 4388 3171 4427 eo
3204 4384 3256 4428 et
3286 4375 3600 4431 immacula-

1992 4478 2074 4521 tos
2095 4465 2149 4521 iu
2180 4464 2320 4521 diem
2340 4464 2552 4520 Domini
2581 4473 2880 4521 reservate.
2905 4464 3142 4521 Grandia
3165 4476 3219 4523 et
3249 4467 3455 4525 infinita
3472 4480 3602 4526 sunt

285 4567 413 4623 solvi
442 4578 489 4622 et
514 4585 630 4622 cum
678 4568 886 4622 Christo
936 4582 1042 4620 esse
1090 4563 1355 4639 (Philipp.
1404 4582 1449 4633 ι,
1478 4539 1592 4638 21).
1643 4565 1836 4623 Adhuc
1870 4587 1883 4622 :
1911 4539 1967 4601 D
1994 4564 2211 4635 praemia
2244 4561 2497 4617 fidelibus
2523 4561 2856 4631 praestituta;
2880 4578 2995 4635 qua:
3021 4579 3113 4617 nec
3140 4544 3491 4633 oculusvidit,
3521 4564 3603 4623 in-

288 4661 402 4716 Nos
431 4671 601 4716 autem
631 4662 753 4714 dum
812 4661 865 4713 in
920 4675 1137 4728 corpore
1190 4658 1286 4713 hoc
1338 4676 1538 4724 sumus,
1590 4663 1887 4733 peregrina-

288 4771 403 4811 mur
428 4774 458 4809 a
500 4754 743 4809 Domino.
797 4753 898 4808 Per
930 4754 1084 4825 ﬁdem
1111 4754 1250 4808 enim
1280 4753 1624 4822 ambulamus,
1652 4774 1755 4811 non
1801 4774 1890 4827 per

290 4852 510 4922 speciem
539 4846 607 4922 (11
638 4850 755 4905 Cor.
786 4865 841 4919 ν,
872 4849 926 4916 6,
962 4848 1040 4922 7).

1992 4659 2132 4731 quit,
2163 4674 2253 4712 nec
2282 4657 2428 4711 auris
2452 4656 2672 4722 audivit,
2708 4672 2798 4711 nec
2819 4673 2974 4729 super
2998 4675 3085 4713 cor
3113 4660 3336 4715 hominis
3368 4662 3600 4733 ingressa

1991 4764 2113 4810 sunt
2142 4754 2189 4827 (ι
2213 4750 2334 4808 Cor.
2370 4768 2429 4817 ιι,
2459 4751 2535 4823 9).
2563 4750 2687 4807 Hcce
2721 4751 2798 4807 uti
2826 4754 3078 4823 accipere
3111 4755 3352 4825 possitis,
3376 4757 3601 4829 iustitia:

1995 4850 2270 4910 laboribus
2300 4856 2357 4903 et
2383 4843 2528 4899 votis
2556 4843 2894 4915 spiritalibus
2924 4845 3187 4903 obtinete.
3216 4852 3413 4905 Amen.

3470 4959 3573 4973 --

1542 5036 1712 5085 ANNO
1759 5040 1993 5085 DOMINI
2040 5036 2361 5084 CCCXCVII.

548 5150 766 5359 Q.
876 5146 1704 5313 JULIUS
1803 5140 3345 5309 HILARIANUS.

1385 5399 1481 5463 (Ex
1501 5397 1726 5451 Galland.
1751 5399 1865 5451 Vel.
1894 5401 2030 5451 Patr.
2056 5396 2291 5449 Blbliotb.
2320 5402 2356 5449 t.
2373 5390 2534 5459 VIII.)

1521 5500 2369 5576 PBOLEGOMENA.

1809 5638 2130 5652 _

373 5714 413 5770 l.
444 5712 631 5782 Quinti
660 5709 790 5767 Julii
817 5706 1081 5767 Hilarium
1109 5708 1425 5766 meminisse
1450 5716 1701 5765 metu
1729 5709 1907 5765 nemi-

304 5820 453 5874 nem,
486 5812 570 5862 est
593 5816 725 5860 sane
753 5800 897 5874 quod
929 5801 1227 5870 miremur;
1258 5799 1388 5859 licet
1414 5801 1588 5874 ipsum
1618 5801 1822 5859 sarculo
1854 5816 1907 5859 tv

2019 5710 2304 5768 desinente
2351 5708 2615 5766 claruisse
2641 5723 2709 5769 ex
2752 5709 2871 5780 ejus
2902 5709 3204 5768 litterarum
3253 5713 3621 5773 monumentis

2017 5817 2137 5874 quae
2176 5800 2352 5861 adhuc
2392 5806 2685 5877 superant,
2732 5806 3077 5874 eodtpertum
3120 5798 3436 5867 habeamus.
3471 5802 3621 5863 Duas
