4048 6350
557 277 698 339 1095
1783 275 1850 345 ρ.
1890 275 2129 336 JULIUS

2256 272 2607 335 LARIKNUS.
3662 280 3773 340 i096

557 395 703 453 enim
724 393 939 451 libellos
965 391 1183 463 scripsit
1209 390 1299 449 hic
1324 400 1534 459 auctor,
1570 392 1623 447 in
1653 406 1885 463 quorum
1918 401 2151 465 utroque
2180 393 2229 457 Α
2257 393 2655 449 solertissimus
2678 390 2877 459 cultor,
2911 390 3003 463 qui
3049 403 3226 461 neque
3257 403 3498 463 umquam
3520 391 3637 449 mihi
3658 397 3775 464 agni.

556 487 817 558 temporis
839 486 1170 542 notationem
1198 500 1306 558 quo
1335 484 1461 543 illos
1481 485 1746 551 exaravit,
1776 486 2150 556 eonsignatam
2254 492 2339 541 tus
2367 498 2545 555 neque
2574 500 2603 539 a
2630 499 2717 540 me
2740 482 2977 555 proinde
3002 491 3250 554 rogatus,
3275 482 3499 552 ipsemet
3514 496 3599 539 sua
3621 494 3777 556 sponte

558 582 795 653 reliquit.
849 581 915 637 Et
942 581 1182 654 priorem
1226 580 1449 653 quidem
1495 579 1807 651 inscripsit:
1840 578 2152 651 Expositum
2255 592 2420 632 unum
2451 576 2590 634 adeo
2634 584 2913 649 ex0ptatze
2944 575 3203 633 editionis
3246 576 3542 649 exemplar,
3580 588 3627 635 et
3666 579 3778 637 dono

556 676 622 733 de
658 677 744 731 die
771 675 974 746 pascha!
999 688 1048 732 et
1085 676 1305 744 mensis,
1360 676 1414 731 in
1443 674 1597 746 cujus
1627 675 1734 731 ﬁne
1780 674 1898 730 haec
1939 674 2104 731 habet
2137 691 2151 729 :

561 789 581 825 ι
609 769 1117 827 Consummavimus
1162 773 1265 828 hoc
1295 770 1622 829 laboriosum
1663 785 1800 842 opus
1827 771 1881 826 in
1921 769 2010 827 die
2048 769 2153 827 isto

555 881 612 921 ιιι
656 880 923 923 nonarum
964 865 1275 922 Martiarum
1322 875 1449 937 post
1480 863 1824 921 consulatum
1855 862 2071 919 Arcadii
2100 879 2152 919 tv

555 967 611 1015 et
639 959 862 1016 Honorii
900 975 980 1016 ιιι.
1010 960 1354 1031 Quapmpter
1382 957 1739 1016 admonemus
1767 972 1862 1014 eos
1889 955 1981 1027 qui
2026 966 2153 1013 ante

552 1065 583 1105 a
615 1050 771 1107 nobis
822 1065 933 1106 non
962 1050 1250 1107 emendata
1273 1050 1389 1107 haec
1414 1051 1617 1121 scripta
1648 1049 1896 1119 accipere
1930 1047 2155 1105 festina-

550 1151 765 1212 verunt,
786 1150 845 1198 ut
864 1142 1161 1199 secundum
1189 1144 1354 1199 istum
1374 1141 1620 1199 ordinem
1642 1140 1989 1197 emendatum
2017 1153 2154 1210 opus

552 1236 755 1294 habere
778 1244 1085 1305 conentur;
1112 1235 1343 1309 ideoque
1373 1243 1429 1293 et
1453 1235 1597 1291 diem
1619 1243 1674 1291 et
1698 1234 1972 1302 consules,
2006 1231 2153 1305 quod

553 1344 662 1386 non
690 1330 970 1401 posuimus
1019 1329 1220 1401 primo,
1264 1344 1407 1387 nunc
1438 1329 1566 1384 huic
1601 1326 1805 1385 rationi
1852 1325 2150 1393 inﬁximus,

553 1432 613 1480 ut
638 1424 835 1481 exhinc
861 1425 998 1481 sciat
1018 1424 1141 1495 quis
1155 1423 1506 1481 emendatum
1528 1421 1631 1479 hoc
1657 1437 1780 1478 esse
1805 1436 1962 1492 opus.
1985 1419 2154 1489 Quin-

555 1526 642 1573 tus
660 1516 837 1574 Julius
857 1516 1169 1574 Hilarianus
1200 1516 1489 1589 explicuit,
1516 1514 1830 1573 emendavit
1856 1513 1945 1571 die
1971 1529 2028 1569 ιιι
2056 1526 2155 1568 no-

555 1626 749 1667 narum
790 1611 1103 1667 Martiarum
1125 1653 1141 1680 ,
1169 1610 1414 1667 Cmsario
1444 1620 1500 1666 et
1546 1610 1726 1665 Attico
1755 1607 2089 1664 consulibus.
2127 1627 2145 1659 ι

554 1703 730 1776 Hujus
774 1704 1021 1775 opusculi
1051 1704 1301 1760 meminit
1350 1702 1492 1760 idem
1541 1702 1850 1759 Hilarianus
1880 1702 1934 1757 in
1972 1709 2153 1772 poste-

2251 671 2474 742 quidem
2505 672 2693 729 datum
2720 713 2737 741 ,
2784 670 2853 728 ad
2886 687 2976 729 me
3016 670 3402 744 perferendum
3429 674 3654 730 curavit:
3694 691 3779 747 quo

2252 781 2385 823 sane
2412 767 2679 837 praeclaro
2718 781 2946 824 munere
2977 776 3125 823 tanta
3165 783 3287 825 cum
3327 768 3569 825 comitate
3592 778 3776 845 auctus,

2255 859 2473 932 iniquus
2504 861 2608 916 sim
2634 862 2942 929 enimvero,
2999 861 3104 917 nisi
3146 860 3521 933 mcmetipsum
3552 860 3779 920 humanis-

2253 954 2393 1009 simo
2431 954 2549 1010 viro
2593 970 2752 1026 quam
2799 955 3033 1011 maxime
3066 954 3388 1010 obstrictum
3435 953 3692 1026 proﬁtear,
3725 958 3779 1012 si-

2254 1045 2475 1116 mulque
2524 1048 2726 1117 gratias
2749 1058 2804 1103 et
2850 1062 3003 1119 agant
3064 1056 3118 1103 et
3160 1046 3387 1104 habeam
3437 1046 3673 1118 plurimas
3708 1065 3781 1119 pro

2252 1139 2519 1210 ejusmodi
2542 1140 2925 1210 beneficentia,
2952 1157 3057 1213 qua
3084 1141 3362 1199 liberalior
3390 1156 3456 1198 ne
3477 1151 3594 1198 voto
3611 1142 3780 1214 quidem

2255 1233 2382 1305 tingi
2416 1235 2591 1305 possit
2619 1251 2635 1291 :
2668 1250 2963 1307 numquam
2994 1236 3143 1293 enim
3171 1249 3281 1292 non
3309 1246 3539 1309 satagam
3562 1278 3576 1304 ,
3604 1245 3654 1291 ut
3682 1237 3782 1293 alibi

2256 1334 2514 1383 testatum
2544 1343 2630 1385 me
2651 1326 2824 1404 fuisse
2846 1329 3097 1397 memini,
3128 1345 3198 1385 ne
3224 1330 3301 1384 sit
3331 1330 3421 1399 qui
3445 1328 3719 1386 beneﬁcium
3743 1331 3781 1385 in

2256 1418 2634 1476 immemorem
2690 1421 2854 1493 plane
2885 1422 3144 1477 collatum
3186 1419 3354 1477 fuisse
3387 1420 3505 1493 jure
3544 1436 3784 1493 conquera-

2256 1519 2363 1568 tur.
2406 1516 2476 1569 At
2523 1529 2654 1571 vero
2700 1530 2865 1586 quum
2916 1514 3239 1587 praadictum
3280 1516 3549 1587 exemplar
3590 1516 3785 1587 proxime

2256 1614 2465 1663 tantum
2497 1608 2687 1680 elapso
2717 1609 3028 1680 Septembri
3063 1608 3289 1666 missum
3323 1609 3391 1665 ad
3435 1624 3613 1665 manus
3637 1624 3785 1681 perte-

2256 1700 2420 1767 nerit,
2456 1709 2743 1772 postquam
2785 1702 2998 1759 scilicet
3030 1702 3307 1773 pomerius
3333 1701 3580 1757 Hilariani
3605 1716 3786 1772 opuscu-

558 1797 708 1855 riore
749 1796 937 1855 libello
967 1799 1031 1853 de
1060 1797 1239 1853 mundi
1275 1795 1584 1853 Duratione.
1638 1794 1729 1852 Sic
1771 1796 1916 1851 enim
1967 1793 2041 1849 ibi
2074 1801 2100 1830 ι
2136 1808 2149 1847 :
2184 1794 2233 1855 B
2261 1793 2369 1873 lum
2403 1793 2468 1847 de
2491 1792 2782 1850 Duratione
2816 1796 3001 1850 mundi
3038 1795 3185 1867 quod
3212 1796 3374 1851 nobis
3415 1811 3569 1852 unum
3609 1803 3715 1851 tunc
3746 1796 3786 1852 in

561 1909 580 1945 ι
617 1890 752 1948 Nam
776 1899 837 1948 ut
865 1890 970 1963 ipsi
988 1891 1173 1959 scitis,
1203 1890 1328 1945 οιιηι
1358 1890 1422 1946 de
1440 1890 1639 1946 ratione
1667 1888 1872 1961 pascha!
1897 1901 2153 1943 numero-

552 2000 660 2057 que
675 2000 940 2042 annorum
964 1983 1151 2041 mundi
1179 1982 1526 2041 hortantibus
1545 1982 1699 2039 vobis
1728 1982 1931 2054 scripta
1956 1979 2153 2037 fecisse

555 2094 681 2148 me;
716 2078 812 2135 sed
839 2077 1045 2135 idcirco
1067 2078 1188 2133 silui
1220 2077 1499 2149 aliquanto
1542 2086 1809 2148 tempore,
1841 2090 1911 2131 ne
1934 2090 1964 2129 a
1993 2072 2153 2130 nobis

554 2171 817 2243 opuscula
852 2170 1220 2228 condimentis
1247 2170 1529 2241 sapientia:
1560 2170 1777 2238 aliente,
1808 2165 2156 2223 irrationabi-

549 2264 677 2322 liter
699 2266 1089 2323 conderentur.
1116 2263 1274 2323 Unde
1295 2264 1520 2337 digestis
1542 2263 1740 2320 melius
1770 2262 1957 2329 rebus,
1983 2261 2047 2315 de
2068 2260 2154 2314 die

553 2360 902 2415 sacratissimo
946 2359 1152 2432 pascha
1193 2360 1311 2432 jam
1381 2358 1613 2413 libellum
1664 2356 2045 2430 praemisimus;
2096 2355 2151 2409 in

551 2466 682 2524 quo,
710 2461 765 2509 et
792 2452 885 2525 qui
925 2452 997 2507 sit
1036 2454 1240 2508 mensis
1267 2451 1501 2523 primus,
1532 2451 1783 2522 legaliter
1805 2450 2151 2507 demonstra-

552 2546 770 2613 vimus;
820 2545 1021 2601 dehinc
1051 2546 1255 2611 etiam,
1291 2560 1512 2602 cursum
1560 2558 1826 2599 annorum
1866 2558 1898 2597 a
1948 2541 2154 2597 fabrica

552 2639 763 2707 mundi,
794 2640 852 2697 in
881 2639 987 2697 hoc
1015 2639 1301 2711 opusculo,
1333 2654 1435 2695 suo
1455 2654 1677 2710 quoque
1700 2638 1884 2708 (forte,
1914 2635 2153 2707 qumque)

552 2734 745 2791 ordine
788 2733 1175 2806 supputando,
1223 2741 1497 2789 notamus.
1541 2751 1560 2785 ι
1596 2729 1722 2786 Haec
1766 2729 1877 2785 ille.
1916 2727 2154 2799 Tempus

458 2819 469 2828 ’
551 2839 733 2887 autem
768 2845 876 2902 quo
909 2830 1268 2900 posteriorem
1310 2829 1451 2884 hunc
1496 2825 1744 2882 libellum
1792 2822 2151 2895 perscripsit',

553 2922 745 2979 deﬁnit
772 2924 888 2994 ipse
914 2922 1001 2979 his
1028 2922 1213 2979 verbis
1242 2920 1269 2961 δ
1312 2939 1325 2976 :
1378 2918 1456 2974 De
1483 2934 1613 2977 cccc
1643 2934 1762 2973 vero
1792 2925 1839 2972 et
1865 2932 1971 2972 Lxx
2004 2915 2154 2969 annis

552 3035 586 3073 a
611 3017 853 3088 passione
880 3014 1114 3083 Domini,
1144 3016 1199 3071 in
1226 3016 1497 3070 consulatu
1524 3013 1737 3070 Censorii
1767 3023 1815 3066 et
1846 3011 2025 3079 Attici,
2070 3009 2155 3064 die

552 3126 607 3167 ιι
636 3110 740 3166 kal.
767 3110 939 3181 April.
967 3111 1093 3165 anni
1122 3110 1437 3166 transierunt
1463 3123 1711 3165 cccnxtx.
1754 3107 1931 3175 Quem
1974 3104 2027 3159 in
2072 3102 2154 3157 lo-

2261 1897 2524 1960 promptu
2542 1898 2682 1958 erat,
2712 1890 2840 1963 quin
2863 1900 2919 1945 et
2942 1891 3174 1947 aliorum
3204 1892 3527 1963 scriptorum
3540 1905 3633 1947 non
3657 1904 3785 1961 pauca

2257 1998 2357 2055 pro
2398 1983 2662 2055 temporis
2704 1984 2920 2041 ratione
2963 1983 3255 2040 distributa
3284 2026 3300 2051 ,
3363 1984 3500 2057 typis
3550 1983 3786 2041 commissa

2249 2077 2362 2149 jam
2389 2078 2636 2144 fuerant;
2684 2078 2739 2133 id
2784 2079 2960 2134 solum
3012 2079 3284 2150 reliquum
3333 2077 3463 2142 fuit,
3508 2086 3563 2133 ut
3602 2077 3786 2148 priorem

2255 2172 2501 2243 ejusdem
2528 2171 2790 2228 Hilariani
2820 2172 3131 2229 libellumin
3156 2170 3526 2243 Appendicem
3551 2172 3611 2227 ad
3631 2171 3788 2228 calcem

2257 2265 2417 2337 hujus
2448 2265 2746 2322 voluminis
2775 2282 2896 2322 cum
2925 2267 3050 2322 aliis
3078 2266 3360 2323 nonnullis
3388 2265 3751 2337 conjiceremus.

2325 2359 2416 2416 Ill.
2448 2360 2644 2417 Exstat
2681 2372 2969 2432 praeterea,
2997 2369 3055 2417 ut
3081 2362 3342 2433 superius
3363 2360 3645 2427 docuimus,
3678 2358 3789 2430 ejus‘

2255 2453 2378 2510 dem
2400 2455 2643 2510 auctoris
2665 2453 2883 2511 libellus
2913 2455 3053 2511 alter
3080 2455 3144 2509 de
3172 2455 3358 2510 mundi
3378 2453 3660 2522 Duratione,
3686 2454 3789 2519 sive,

2256 2555 2317 2602 ut
2345 2545 2448 2602 fert
2473 2546 2652 2602 codex
2685 2562 2788 2603 ms.
2829 2546 3315 2617 Vindobonensis,
3364 2548 3426 2603 de
3451 2549 3604 2605 Cursu
3642 2556 3791 2617 tempe.

2256 2656 2388 2707 rum,
2417 2656 2578 2710 quem
2614 2640 2823 2711 primus
2856 2641 3052 2698 Petrus
3080 2641 3329 2698 Pithoeus
3356 2643 3410 2699 in
3433 2642 3611 2713 vulgus
3631 2642 3789 2697 emisit.

2258 2736 2336 2792 De
2366 2751 2473 2807 quo
2501 2735 2723 2807 quidem
2751 2736 2939 2792 libello
2979 2736 3349 2809 Margarinum
3388 2738 3454 2794 de
3491 2738 3536 2793 la
3564 2735 3704 2809 Bigne
3725 2750 3793 2792 ce-

2255 2831 2462 2888 lebrem
2483 2832 2748 2888 Sorbonte
2778 2831 3089 2903 theologum
3121 2832 3194 2889 ita
3226 2833 3538 2905 loquentem
3558 2830 3794 2900 'audireju-

2256 2924 2399 2981 verit
2456 2924 2475 2964 τ
2526 2944 2539 2980 :
2578 2945 2596 2979 ‹
2636 2927 2767 2994 Diu,
2796 2926 3000 2999 inquit,
3030 2928 3377 2998 multumque
3406 2926 3658 2993 dubitavi,
3696 2939 3792 2979 num

2256 3019 2465 3073 auctori
2493 3018 2619 3075 huic
2649 3019 2831 3076 locum
2864 3021 2917 3074 in
2948 3018 3049 3075 hac
3092 3020 3427 3076 bibliotheca
3464 3017 3702 3094 (Patrum)
3724 3016 3795 3070 da-

2259 3127 2374 3167 rem
2405 3128 2418 3165 :
2455 3114 2690 3182 primum
2717 3114 2963 3185 quidem,
2996 3113 3141 3184 quod
3177 3114 3449 3170 obscurus
3468 3113 3631 3170 adhuc
3659 3124 3794 3182 neque

555 3218 680 3260 cum
707 3203 965 3261 observat
1002 3202 1280 3260 Gerardus
1306 3202 1547 3259 Joannes
1581 3199 1808 3257 Vossius
1868 3210 1890 3237 θ
1922 3242 1936 3267 ,
1966 3212 1997 3253 a
2031 3211 2153 3268 pas—
2182 3195 2227 3259 C
2261 3206 2353 3261 ulli
2387 3206 2710 3277 scriptorum
2742 3206 3237 3264 ecclesiasticorum
3288 3209 3537 3281 catalogo
3564 3208 3792 3279 cognitus:

554 3300 711 3357 sione
737 3299 956 3354 Domini
986 3298 1053 3353 ad
1085 3312 1287 3353 annum
1319 3310 1585 3362 cccxcvtt,
1627 3309 1735 3365 quo
1758 3291 2015 3349 consules
2043 3289 2158 3346 iue-

558 3404 686 3450 runt
740 3393 1016 3450 Caesarius
1074 3401 1130 3448 et
1175 3391 1430 3458 Atticus,
1489 3404 1664 3445 annos
1714 3386 1996 3445 efﬂuxisse
2049 3400 2155 3439 non

554 3500 779 3544 cccnxtx
810 3483 910 3543 sed
939 3499 1193 3542 ccccxtv.
1226 3483 1405 3554 Atque
1436 3483 1509 3538 ita
1530 3497 1666 3537 sane
1688 3479 1973 3551 scripserit
2003 3477 2157 3534 Hila-

557 3583 745 3638 rianus
776 3600 790 3638 :
822 3580 1049 3653 proclivi
1074 3580 1221 3636 enim
1266 3580 1421 3650 lapsu
1453 3592 1552 3648 pro
1579 3592 1633 3643 v,
1664 3572 1857 3648 reponi
1896 3572 2070 3645 potuit
2099 3588 2156 3629 x.

559 3672 700 3731 Hinc
747 3687 914 3745 porro
960 3681 1216 3739 constat,
1268 3686 1379 3727 non
1419 3670 1597 3725 solum
1636 3683 1745 3740 quo
1787 3666 2017 3735 ordine,
2061 3663 2157 3721 sed

554 3774 721 3830 etiam
765 3784 873 3843 quo
918 3779 1165 3841 tempore
1192 3781 1325 3825 suos
1366 3764 1591 3823 libellos
1636 3761 1928 3835 digesserit
1969 3769 2159 3819 uoster

556 3873 774 3919 auctor.

630 3957 696 4015 ll.
746 3955 865 4014 Jam
911 3970 1044 4013 vero
1094 3954 1247 4027 prius
1278 3952 1605 4026 opusculum
1649 3951 1867 4022 primus
1896 3950 1950 4006 in
1979 3948 2156 4005 lucem

555 4052 754 4111 extulit
792 4066 860 4108 ex
891 4050 1321 4108 membranaceo
1348 4046 1542 4105 codice
1577 4061 1780 4103 ncccxr.
1806 4042 2157 4103 bibliothecae

554 4144 719 4217 regite
740 4141 1099 4201 Taurinensis
1127 4139 1555 4213 Christophorus
1586 4137 1870 4195 Mattheus
1893 4134 2153 4192 Pfaiﬁus:

555 4238 783 4311 ejusque
826 4238 1105 4308 specimen
1149 4245 1275 4309 post
1320 4234 1497 4290 virum
1527 4234 1800 4290 illustrem
1840 4229 2156 4301 Scipionem

555 4329 825 4389 Maﬁ'eium
856 4327 885 4369 (ι
918 4373 934 4399 ,
967 4329 1193 4389 edidere
1217 4327 1311 4400 qui
1349 4327 1599 4400 ejusdem
1631 4324 1983 4382 bibliotheca:
2007 4322 2155 4379 Tau-

556 4425 798 4481 rinensis
827 4422 1049 4481 codices
1093 4438 1230 4480 mss.
1263 4430 1663 4480 recensuerunt
1708 4429 1763 4478 et
1807 4418 2157 4475 animadver-

556 4516 807 4572 sionibus
831 4515 1197 4584 illustrarunt,
1218 4514 1581 4572 eruditissimi
1608 4512 1713 4569 viri
1762 4523 1809 4567 ε.
1864 4511 2006 4569 Illud
2050 4512 2153 4566 ita-

2260 3298 2481 3365 deinde,
2512 3301 2656 3371 quod
2688 3298 2741 3355 in
2783 3300 3152 3358 subducendis
3196 3309 3502 3372 temporum
3544 3297 3736 3357 summis
3756 3304 3796 3352 et

2259 3391 2580 3460 rationibus,
2614 3392 2744 3449 ﬁdei
2776 3409 2883 3449 non
2910 3409 3156 3464 prorsum
3181 3393 3503 3452 indubitatae
3520 3403 3684 3450 auctor
3704 3403 3795 3447 esse

2259 3482 2511 3539 videatur
2536 3500 2549 3537 :
2593 3499 2657 3539 ac
2686 3496 2988 3556 postremo,
3020 3485 3162 3557 quod
3192 3485 3441 3544 Danielis
3469 3483 3793 3551 hebdomadas,

2258 3579 2433 3649 magis
2466 3588 2524 3632 ut
2554 3576 2727 3634 Judaei
2757 3593 2918 3650 quam
2971 3587 3030 3633 ut
3058 3578 3360 3636 Christiani
3406 3579 3614 3646 volunt,
3639 3574 3796 3634 Christi

2260 3673 2499 3729 adventu
2543 3681 2600 3730 et
2639 3683 2804 3729 aetate
2833 3690 2943 3730 non
2980 3673 3211 3730 deﬁniat
3239 3677 3493 3743 omnino,
3528 3686 3579 3731 et
3622 3674 3681 3730 ad
3704 3668 3796 3727 Chi-

2261 3766 2541 3823 liastarum
2587 3768 2756 3823 etiam
2784 3768 2976 3824 deliria
3006 3768 3107 3824 sub
3144 3770 3331 3840 operis
3366 3771 3523 3826 linem
3551 3768 3797 3824 declinasse

2259 3862 2433 3933 possit
2452 3860 2643 3917 videri.
2674 3861 2782 3919 Sed
2805 3878 2969 3935 quum
2998 3877 3195 3934 magno
3222 3866 3348 3920 usui
3373 3863 3603 3920 futurum
3630 3872 3795 3933 sperem

2260 3954 2315 4009 in
2339 3953 2676 4025 designanda
2699 3954 3190 4027 constituendaque
3217 3956 3566 4029 chronologia
3588 3955 3697 4027 (qua
3717 3966 3795 4007 non

2260 4047 2408 4104 aliud
2437 4049 2680 4105 omnium
2723 4047 3076 4106 historiarum
3122 4060 3465 4108 momentum
3508 4050 3642 4106 varie
3667 4044 3797 4115 magis

2258 4142 2328 4198 ab
2366 4142 2645 4201 historicis
2693 4142 3047 4216 describitur)
3092 4142 3291 4214 fateor,
3336 4145 3471 4202 mihi
3499 4143 3669 4215 religio
3691 4139 3795 4204 luit,

2260 4236 2584 4308 scriptorem
2622 4238 2928 4309 elegantem
2967 4238 3060 4293 vix
3110 4238 3238 4295 dum
3289 4240 3344 4295 in
3388 4239 3489 4297 hac
3529 4235 3796 4295 bibliotheca

2260 4347 2471 4404 natum,
2500 4337 2661 4410 idque
2681 4336 2878 4395 PilhtBi
2907 4338 3195 4406 beneﬁcio,
3219 4348 3331 4395 tam
3353 4338 3463 4395 cito
3493 4334 3794 4410 proscribere,

2260 4432 2347 4489 vel
2378 4431 2544 4503 (quod
2576 4447 2687 4488 non
2715 4432 2915 4505 levius)
2946 4433 3095 4489 mille
3123 4434 3282 4488 annis
3316 4418 3663 4504 antiquiorem
3685 4425 3797 4482 velut

2258 4524 2327 4581 de
2362 4536 2529 4596 ponte
2558 4525 2795 4601 dejicere
2833 4543 2897 4584 ex
2948 4527 3049 4584 hac
3079 4527 3433 4586 bibliotheca.
3476 4524 3691 4585 Proinde
3712 4536 3797 4575 am-

556 4624 665 4682 que
693 4609 955 4665 Hilariani
1007 4612 1331 4681 opusculum
1369 4608 1450 4677 ad
1512 4607 1717 4665 calcem
1757 4605 2040 4676 Epitomes
2068 4602 2157 4659 ln-
2182 4596 2238 4658 D
2262 4621 2524 4692 plectere,
2567 4637 2601 4677 ο
2629 4596 2835 4691 ileon”,
2882 4621 2988 4679 hoc
3029 4622 3227 4681 pium,
3264 4624 3492 4693 donum,
3536 4619 3666 4694 quod
3703 4624 3797 4672 ante

554 4704 905 4761 stitutionum
933 4703 1246 4759 divinarum
1294 4702 1563 4763 Lactantii
1598 4701 1876 4774 evulgavit
1903 4699 2158 4756 laudatus
2262 4730 2435 4772 annos
2465 4715 2731 4773 ducentos
2759 4715 3037 4788 eleganter
3066 4717 3310 4788 quidem,
3339 4718 3439 4775 sed
3464 4731 3572 4773 non
3596 4716 3796 4770 πουηιε

554 4796 735 4856 editor
757 4796 988 4854 Parisiis
1015 4811 1161 4853 anno
1188 4798 1333 4853 1712
1360 4796 1669 4854 doctissimi
1704 4795 1914 4875 Nicolai
1939 4793 2157 4850 Nourrii
2260 4809 2428 4874 satis,
2464 4810 2784 4881 "mpm",
2825 4809 3116 4882 exscripsit
3143 4809 3410 4886 Βοάοιωε
3456 4808 3731 4882 presbyter,
3756 4809 3799 4857 ut

553 4907 686 4951 cura
713 4899 771 4949 et
790 4889 1061 4947 industria
1082 4904 1237 4946 usus.
1270 4888 1450 4962 Atque
1471 4889 1613 4947 hanc
1645 4888 1824 4945 Piaiﬁi
1853 4886 2153 4945 editionem
2258 4908 2490 4957 ιεειειωο
2542 4900 2712 4958 [τοηιί
2763 4902 2971 4959 codicis
3022 4901 3361 4975 adscriptum
3413 4902 3517 4961 hoc
3566 4901 3794 4971 elogium:

554 5000 624 5043 εἰ
667 5000 776 5057 qua
811 4981 1234 5042 describendum
1274 4990 1395 5040 erat
1445 4982 1730 5055 Pmmum
1777 4981 2102 5053 οβυεοιιίωη
2136 5022 2151 5049 ν
2262 4992 2415 5050 Hunc
2441 4996 2629 5051 librum
2660 4996 2921 5069 Rodolfus
2961 4997 3192 5052 lucratus
3233 4997 3396 5056 eslS.
3420 4994 3672 5071 Bonifacio
3696 5005 3797 5046 anno

552 5078 805 5151 quamvis
831 5077 926 5135 diu
964 5090 1296 5148 summoque
1325 5076 1509 5132 studio
1545 5077 1830 5147 quaesitam
1854 5119 1870 5145 ,
1903 5076 2153 5148 nuspiam

2258 5089 2468 5146 Domini
2486 5108 2715 5149 ncccnx.
2737 5092 2980 5151 Pithoeus
2992 5109 3127 5151 vero
3149 5095 3399 5165 pluribus
3429 5085 3564 5152 locis
3584 5099 3798 5160 recogno'

554 5179 737 5229 tamen
764 5170 1006 5229 ηαηείεοῖ
1031 5169 1223 5228 “cui”
1262 5169 1487 5243 Jamque
1513 5169 1582 5227 de
1608 5185 1673 5227 ea
1702 5170 1835 5228 mihi
1860 5172 2154 5245 aliquando
2252 5186 2330 5242 vit
2358 5204 2372 5240 :
2403 5195 2463 5243 ut
2493 5188 2723 5258 proinde
2754 5203 2860 5245 non
2904 5206 3012 5247 uno
3041 5199 3278 5261 tantum,
3308 5190 3407 5247 sed
3434 5190 3603 5246 altero
3622 5182 3797 5243 nomine

552 5264 886 5337 acquirenda
903 5279 1058 5337 spem
1088 5278 1308 5321 omnem
1334 5277 1472 5334 pene
1501 5262 1849 5335 abjeceram;
1876 5281 2002 5323 cum
2024 5281 2151 5325 ecce

2256 5280 2445 5348 etiam,
2485 5281 2631 5352 quod
2663 5283 2729 5351 Q.
2762 5282 2968 5339 Julium
3000 5283 3363 5353 Hilarionem,
3397 5283 3697 5355 scriptorem
3719 5289 3794 5330 an-

553 5359 653 5417 tibi
704 5368 907 5433 praesto
957 5360 1062 5417 fuit
1090 5359 1159 5416 ν.
1201 5358 1266 5417 C.
1317 5358 1584 5417 Jossrnos
1633 5360 1956 5432 Vsmazza,
1996 5363 2151 5419 Albte

2256 5372 2464 5444 tiquum
2507 5389 2743 5446 eumque
2782 5378 3112 5449 castigatum
3139 5386 3196 5436 et
3234 5386 3486 5436 ornatum
3518 5373 3609 5433 tibi
3634 5371 3793 5431 donat.

551 5452 827 5527 Pompeite
853 5453 989 5511 civis
1016 5453 1404 5525 ornatissimus
1431 5454 1808 5526 bonarumque
1837 5456 2149 5514 litterarum
2250 5466 2467 5527 Ρίιιιωο
2506 5470 2584 5527 sis
2628 5470 2939 5530 devinctus.
2977 5492 2998 5527 ι
3034 5473 3165 5530 Haec
3205 5472 3322 5532 ille.
3350 5471 3509 5543 Quod
3554 5470 3794 5541 superest,

625 5622 652 5689 ξ
700 5613 770 5682 ρ.
816 5611 925 5670 Jul.
976 5611 1241 5670 Hilarian.
1288 5612 1361 5671 de
1399 5613 1586 5671 Mund.
1621 5612 1803 5671 durat.
1854 5616 1883 5689 §
1924 5618 1975 5674 1.
2028 5617 2146 5676 Vid.

551 5683 757 5826 “tiae.
790 5755 897 5814 Jul.
927 5756 1102 5814 Hilar.
1131 5757 1265 5814 ibid.
1309 5756 1452 5826 δυ·
1482 5756 1607 5816 Vid-
1642 5758 1806 5817 ίηίη·

635 5837 658 5867 ο
690 5828 856 5889 Voss.
893 5828 965 5892 de
992 5828 1136 5890 Hist.
1161 5829 1285 5890 Lat.
1314 5828 1413 5891 lib.
1444 5845 1507 5904 ιι,
1534 5846 1588 5892 c.
1616 5831 1709 5905 12,
1734 5847 1791 5907 p.
1810 5832 1939 5894 215.

2328 5623 2356 5664 ἀ
2385 5628 2761 5705 Maﬁ._0pusc.
2786 5632 2924 5705 eccl.
2955 5648 3074 5705 pag.
3109 5635 3163 5691 5.

2337 5708 2361 5779 ξ
2386 5699 2719 5779 godd._ti_t_ss.
2747 5703 2881 5779 bibl:
2915 5699 3227 5779 régf'ljaur.
3256 5714 3396 5779 part.
3429 5722 3485 5771 ιι,
3518 5720 3570 5776 p.
3590 5699 3702 5779 ῼῖῼτ

2339 5767 2528 5832 ‘Bibl.
2567 5774 2672 5832 PP.
2708 5784 2746 5833 t.
2786 5774 2901 5849 vn,
2930 5767 3053 5851 pa'g.
3078 5777 3208 5850 258,
3240 5767 3371 5838 édn.
3396 5767 3566 5837 Paris.
3594 5772 3728 5833 ιδιι.
3787 5806 3796 5825 .
