4048 6350
284 280 309 337 1
321 278 425 337 097

1326 281 1415 340 ns
1455 283 1673 347 unum
1717 285 2120 347 nonanona
2162 256 2523 343 LIBELLUS.

3452 286 3590 349 £098

278 395 369 451 illa
400 408 539 463 pene
560 394 898 462 exciderant,
925 412 1045 470 quae
1069 398 1136 455 de
1175 409 1402 458 auctore
1446 415 1635 462 nostro
1688 408 1889 464 litteris
1918 409 1967 467 Α
1995 404 2241 469 opusculi
2276 403 2552 459 Paschalis
2580 400 2759 457 adhuc
2788 400 3002 466 inediti,
3044 415 3205 472 quem
3237 401 3369 458 mihi
3407 418 3475 459 ex
3507 405 3593 459 bi-

278 488 507 543 tradidit
533 488 604 543 cl.
638 488 900 557 Mam-ius,
929 506 1163 563 quzrque
1203 492 1291 549 hic
1321 493 1637 556 describere
1670 500 1800 556 libet
1822 511 1845 534 ι·
1874 517 1886 552 :

285 598 306 633 ‹
338 579 420 637 Ad
464 580 608 637 hunc
636 580 700 650 ρ.
728 581 929 640 Ιυιιυιι
965 584 1307 641 ΗιιΑιιιΑκωι
1328 628 1343 651 ,
1377 588 1554 659 inquit
1578 631 1592 653 ,
1625 593 1892 661 scriptum

278 676 446 732 credo
506 679 831 747 opusculum
892 679 958 734 de
1018 682 1218 735 ratione
1280 679 1598 748 l’aschatis,
1667 696 1894 741 auctore

279 770 545 841 Agrinstia
589 770 696 825 cive
748 773 1022 845 municipii
1076 772 1451 829 Timidensium
1501 777 1783 849 Regiorum
1836 779 1890 835 in

278 862 561 935 provincia
592 865 967 934 proconsulari
1011 864 1229 921 Africa.
1271 866 1695 926 Lucubrationis
1727 871 1890 942 hujus

277 966 334 1013 et
354 957 599 1013 auctoris
645 958 896 1014 meminit
939 960 1346 1017 vetustissimus
1376 962 1598 1033 quidam
1650 966 1890 1036 scriptor

1997 496 2267 553 bbonlteca
2314 496 2715 552 Canonicorum
2764 494 2988 565 majoris
3033 497 3280 551 ecclesim
3330 494 3593 552 Lucensis

1999 592 2290 661 descripsi,
2320 607 2419 647 suo
2448 601 2697 663 tempore
2736 591 3120 663 evnlgandum.
3148 591 3279 647 Vide
3308 608 3593 649 commen-

1999 685 2251 739 tariolum
2317 700 2495 739 meum
2547 686 2609 739 de
2661 685 2839 740 codice
2899 694 3130 755 tempore
3177 680 3353 739 Caroli
3408 684 3594 759 Magni

1994 776 2249 848 scripto§
2296 776 2394 843 15,
2438 777 2490 831 iu
2536 785 2669 833 t0m.
2725 775 2863 832 XLV
2911 776 3299 848 opusculorum
3340 777 3400 832 P.
3433 778 3595 835 Calo-

1992 885 2162 942 gtera.
2204 889 2222 923 ι

350 1104 377 1133 ι
411 1094 584 1151 Mans.
629 1095 696 1151 ad
738 1094 954 1153 Fabric.
998 1097 1141 1155 Bibl.
1178 1101 1325 1158 med.
1358 1110 1414 1158 et
1461 1102 1632 1158 inflm.
1684 1104 1840 1187 latin.
1884 1115 1923 1161 t.
1949 1104 2043 1173 Ill,
2075 1121 2128 1175 p.
2160 1105 2288 1161 251.

678 1520 777 1597 η
892 1538 897 1543 ς
1028 1412 1173 1566 ρ.
1248 1419 1899 1586 ,πηιιιξ

2009 1422 2843 1535 ILABIANI

1178 1624 2691 1779 CHRONOLOGIA

1844 1861 2026 1923 SIVE

720 2014 1383 2100 LIBELLUS
1458 2014 1629 2098 DE
1702 2014 2172 2101 MUNDI
2247 2015 3151 2104 DURATIONE.

353 2363 393 2423 ι.
418 2364 871 2433 ,Ουαηιοοιιηιαυθ
902 2366 1148 2430 tempore
1169 2399 1184 2425 ,
1218 2356 1270 2411 in
1298 2354 1496 2412 divinis
1524 2352 1758 2423 legibus,
1789 2368 1886 2409 cu-

2009 2352 2137 2409 .‘erre
2179 2354 2493 2426 scriptoque
2538 2355 2840 2412 mandare?
2869 2358 3030 2423 Vere,
3062 2359 3286 2431 inquam

278 2460 601 2531 jusCurttqtte
653 2454 891 2512 timentis
934 2455 1102 2508 Deum
1154 2452 1392 2507 intentus
1438 2450 1599 2505 fuerit
1644 2451 1894 2515 animus;

282 2565 434 2612 tanto
462 2553 662 2622 eligere
689 2560 715 2589 ει
744 2566 865 2622 quae
894 2563 1021 2604 vera
1051 2555 1178 2602 sunt
1206 2545 1398 2611 discet,
1427 2553 1487 2598 ut
1525 2542 1783 2599 discendo
1814 2556 1899 2595 sa-

287 2649 440 2720 piens
469 2646 757 2710 efficiatur,
802 2643 925 2714 quia
954 2641 1063 2696 dus
1108 2638 1387 2694 oculorum
1436 2636 1615 2692 cordis
1642 2643 1727 2691 est
1751 2634 1800 2689 ei
1842 2633 1897 2689 in

286 2739 406 2810 lege
436 2758 449 2794 :
490 2738 667 2794 Virtus
694 2735 792 2791 Dei
825 2735 1001 2790 Patris
1038 2742 1095 2805 et,
1126 2732 1383 2805 sapientia
1418 2730 1656 2785 Christus
1683 2727 1744 2801 (l
1775 2727 1896 2782 Cor.

286 2850 327 2901 ι,
356 2832 470 2905 24).
506 2831 571 2887 Et
604 2829 757 2901 quasi
788 2827 1070 2898 patefactis
1107 2826 1288 2896 januis
1319 2823 1466 2885 caeli,
1488 2820 1517 2860 ι’
1545 2838 1640 2877 ore
1680 2819 1898 2891 proprio

288 2925 381 2981 Dei
402 2923 659 3003 audierit,
688 2922 948 2986 exsultat,
978 2920 1032 2974 in
1058 2920 1173 2991 lege
1195 2916 1395 2987 aliquid
1426 2936 1429 2945 ⁴
1474 2930 1602 2970 vere
1629 2913 1901 2982 sapienter

284 3020 572 3076 addiscens
604 3036 616 3073 :
646 3017 790 3073 unde
819 3015 1082 3085 sapientia
1129 3014 1219 3067 Dei
1263 3011 1538 3067 hominem
1582 3010 1747 3065 silere
1789 3023 1897 3063 non

287 3117 519 3188 patitur;
558 3111 906 3182 compellitur
931 3110 1070 3188 (ipsa
1102 3115 1329 3161 veritate
1368 3102 1616 3175 cogente)
1647 3102 1811 3173 loqui,
1841 3109 1901 3156 ut

284 3207 421 3264 alios
453 3203 980 3277 sapientes_ellicial.
1006 3182 1299 3269 Sapientiae
1330 3214 1463 3255 vero
1488 3195 1515 3235 ίι
1538 3197 1627 3268 qui
1653 3195 1896 3267 junctus,

286 3301 532 3359 invidere
580 3316 688 3357 non
737 3300 932 3372 potuit.
985 3299 1329 3366 Quapmpter
1370 3293 1588 3363 sapiens
1610 3292 1730 3345 vult
1760 3288 1901 3362 (per

286 3397 608 3467 sapientiam
634 3393 730 3450 Dei
754 3408 785 3447 a
816 3407 921 3462 qua
943 3384 1793 3460 sapienseil'ectusest)derelicta
1813 3384 1895 3438 in-

283 3488 525 3545 Videntia
552 3505 647 3558 per
668 3502 830 3559 quam
869 3500 1017 3541 mors
1056 3482 1366 3539 dominatur
1409 3490 1463 3535 et
1498 3489 1683 3550 regnat
1713 3476 1731 3550 (
1764 3476 1894 3546 Sap.

286 3599 347 3647 ll,
380 3583 494 3649 '24),
526 3597 719 3637 omnes
747 3579 998 3635 homines
1024 3576 1076 3632 in
1111 3576 1313 3631 mundo
1342 3574 1614 3644 sapientes
1640 3570 1893 3625 existere.

286 3673 615 3731 Praedictum
637 3675 785 3729 enim
816 3676 868 3727 in
899 3671 1018 3743 lege
1045 3685 1165 3727 essv.
1190 3670 1310 3733 scit,
1337 3667 1480 3737 quod
1511 3664 1787 3720 multitudo
1808 3679 1897 3717 sa-

3334 2382 3348 2418 :
3391 2378 3514 2419 nam
3544 2374 3604 2423 ut

2004 2447 2107 2518 ipsi
2135 2448 2304 2514 scitis,
2340 2449 2469 2504 olim
2493 2449 2560 2505 de
2584 2454 2796 2507 ratione
2823 2452 3044 2509 Paschae
3073 2472 3408 2530 numeroque
3430 2475 3603 2517 anno-

2004 2558 2121 2596 rum
2163 2543 2349 2597 mundi
2371 2544 2711 2599 hortantibus
2740 2547 2891 2600 vobis
2917 2550 3117 2615 scripta
3147 2548 3342 2606 fecisse
3359 2568 3481 2619 me;
3509 2553 3609 2611 sed

2004 2632 2205 2690 idcirco
2235 2638 2359 2690 silui
2391 2637 2672 2706 aliquanto
2697 2646 2961 2709 tempore,
2996 2657 3062 2698 ne
3101 2659 3130 2698 a
3162 2644 3322 2700 nobis
3348 2649 3607 2716 npus¢ula

2005 2730 2118 2800 ipsa
2161 2731 2523 2788 condimentis
2563 2734 2848 2805 sapientiae
2891 2737 3117 2805 aliena),
3164 2740 3607 2801 irrationabiliter

2002 2823 2393 2880 conderentur.
2433 2826 2584 2882 Unde
2606 2827 2835 2897 digestis
2859 2829 3052 2885 melius
3080 2832 3262 2897 rebus,
3295 2836 3364 2889 de
3394 2836 3482 2891 die
3511 2851 3605 2892 sa-

2002 2918 2305 2971 cratissimo
2335 2919 2553 2974 l’aschzr
2576 2920 2687 2989 jam
2720 2921 2961 2975 libellum
2984 2925 3342 2992 preemisimus
3374 2945 3387 2980 :
3422 2930 3474 2983 in
3500 2945 3606 2999 quo

2002 3015 2059 3061 et
2083 3008 2175 3076 qui
2205 3007 2274 3062 sit
2302 3013 2508 3065 mensis
2541 3012 2767 3080 primus,
2803 3013 3052 3083 legaliter
3076 3017 3601 3078 demonstravimus:

2002 3098 2201 3154 dehinc
2230 3100 2392 3154 etiam
2435 3117 2650 3157 cursum
2684 3120 2951 3159 annorum
2992 3124 3021 3161 a
3071 3107 3273 3166 fabrica
3306 3113 3525 3180 tnundi,
3550 3114 3607 3170 in

2003 3191 2110 3248 hoc
2143 3195 2432 3264 opusculo,
2462 3211 2562 3251 suo
2582 3212 2799 3267 quoque
2824 3199 3041 3267 ordine,
3072 3205 3422 3274 supputan'do
3448 3218 3605 3263 nota-

2004 3301 2143 3340 mus.
2900 3298 2905 3303 ’

2076 3384 2137 3438 ll.
2168 3382 2221 3438 In
2252 3384 2337 3440 his
2379 3386 2541 3457 igitur
2581 3386 2868 3458 promissis
2889 3429 2903 3455 ,
2934 3390 3068 3445 satis
3096 3391 3264 3462 gavisi
3299 3394 3493 3448 fratres
3528 3394 3605 3450 fa-

2001 3477 2155 3534 ciunt
2174 3494 2293 3550 quae
2314 3479 2626 3551 diligentius
2647 3482 2947 3537 sensimus.
2967 3483 3181 3539 Etenim
3201 3485 3270 3540 de
3294 3486 3392 3541 hac
3415 3503 3473 3541 re
3501 3503 3604 3544 non

2002 3584 2178 3639 aeque,
2213 3572 2309 3627 sed
2341 3574 2491 3627 varie
2523 3573 2794 3644 scripsere
2835 3590 2995 3643 quam
3020 3576 3266 3645 plurimi;
3299 3590 3357 3633 ut
3388 3580 3608 3637 lectoris

2002 3662 2216 3718 animus
2256 3665 2309 3718 iu
2338 3664 2565 3733 ancipiti
2608 3681 2918 3730 remanens,
2960 3668 3087 3737 quid
3122 3668 3305 3723 verius
3332 3673 3421 3731 sit.
3465 3675 3607 3729 scire

286 3769 518 3841 pientum
556 3770 754 3822 sanitas
778 3776 853 3821 est
879 3764 1019 3820 orbis
1050 3774 1303 3818 terrarum
1337 3761 1521 3832 (Sap.,
1551 3774 1621 3824 vt,
1651 3756 1765 3829 26).
1800 3755 1900 3827 lgi-
1925 3758 1970 3821 C
2006 3773 2111 3811 non
2140 3759 2332 3829 possit.
2366 3757 2581 3813 Faciam
2609 3768 2666 3813 ut
2697 3760 2882 3826 vultis,
2908 3770 2969 3814 ut
2992 3771 3046 3815 et
3073 3761 3188 3830 ipse
3217 3765 3465 3833 promisi,
3498 3765 3607 3821 Do-

290 3870 377 3917 tur
416 3877 539 3917 cum
592 3878 659 3916 ex
709 3860 823 3930 lege
873 3873 1056 3915 Coram
1090 3855 1368 3915 fratribus,
1409 3852 1675 3923 sapientia
1716 3850 1895 3914 duce,

288 3964 549 4011 tractatus
599 3954 738 4008 foret
790 3961 1267 4022 opponereturque
1316 3950 1383 4004 ab
1429 3945 1663 4010 iisdem,
1714 3941 1899 3998 mundi

290 4047 505 4103 initiqu
532 4045 802 4118 ﬁnemque
825 4046 943 4116 ejus
969 4046 1183 4114 penitus
1204 4058 1233 4097 a
1259 4040 1413 4097 nobis
1435 4039 1559 4095 sciri
1586 4055 1688 4093 non
1712 4052 1893 4109 posse;

293 4141 434 4212 quod
474 4142 566 4194 alti
602 4139 878 4195 affirmant
924 4138 1042 4207 plus
1067 4152 1136 4190 xx
1190 4134 1356 4190 millia
1389 4149 1652 4188 annorum
1702 4130 1900 4184 habere

290 4233 401 4307 iam
434 4234 727 4300 mundum;
763 4232 850 4286 alii
881 4230 1095 4286 initium
1118 4239 1175 4284 et
1201 4227 1363 4283 ﬁnem
1396 4227 1529 4281 dare
1549 4225 1601 4280 ei
1630 4226 1897 4290 nolentes;

291 4328 385 4385 alii
418 4327 669 4402 (initium
700 4325 1109 4398 concedentes)
1145 4337 1408 4381 aeternum
1442 4325 1558 4379 fore
1591 4327 1896 4377 voluerunt.

295 4424 377 4479 Ad
411 4423 526 4478 ltutc
547 4439 648 4493 ego
689 4423 775 4476 aio
804 4440 819 4476 :
855 4420 1119 4477 Astruere
1150 4420 1252 4475 hoc
1298 4435 1394 4489 per
1433 4427 1629 4483 artem,
1662 4416 1902 4485 philoso-

298 4518 476 4590 phiam
526 4518 708 4573 mundi
756 4526 813 4572 et.
862 4518 1080 4571 inanem
1133 4514 1558 4584 deceptionem;
1610 4510 1902 4567 verborum

295 4626 549 4681 pompam
572 4610 959 4679 opinionisque
992 4606 1163 4676 magis
1190 4621 1350 4676 quam
1384 4614 1406 4642 θ
1439 4603 1724 4659 veritatem
1754 4616 1905 4655 ama-

296 4720 427 4761 vere
449 4716 503 4760 et
533 4714 655 4759 sunt
682 4715 975 4757 amatores.
1004 4701 1137 4755 Nam
1161 4699 1206 4754 si
1232 4714 1330 4755 nos
1354 4697 1584 4768 imperio
1610 4696 1726 4763 Dei,
1759 4696 1904 4766 quod

298 4798 461 4854 ﬁdele
501 4807 605 4867 est,
636 4797 955 4863 audiamus;
988 4795 1317 4864 accipiamus
1355 4806 1579 4847 necesse
1608 4798 1712 4849 est.
1744 4789 1904 4858 quid-

300 4889 429 4961 quid
463 4890 621 4944 nohis
648 4889 828 4943 divina
872 4889 957 4944 lex
1005 4888 1242 4944 ﬁdeliter
1272 4888 1545 4942 enarravit
1577 4900 1590 4936 :
1624 4883 1769 4955 quod
1805 4898 1905 4937 an-

301 4993 502 5041 nuente
527 4985 757 5039 Domino
786 4983 852 5053 (si
879 4982 1216 5062 permittitis)
1235 4981 1385 5036 vobis
1406 4978 1725 5046 simpliciter
1749 4991 1909 5050 enar-

303 5078 536 5136 rahitur.
570 5077 874 5135 Suntenint
906 5077 996 5147 qui
1029 5076 1285 5131 estimant
1312 5090 1506 5140 annos,
1534 5073 1589 5129 in
1621 5072 1760 5144 lege,
1794 5072 1909 5125 ina—

2000 3851 2147 3904 minn
2176 3849 2418 3917 scilicet,
2464 3851 2574 3906 Deo
2613 3851 2835 3907 Clll‘iSlo
2874 3863 3233 3910 monstrante.
3268 3858 3607 3928 Quapropter

2002 3953 2181 4011 partes
2218 3958 2414 3998 omnes
2456 3952 2510 3997 et
2553 3945 2768 4015 regulas
2814 3959 3084 4001 annorum
3131 3946 3338 4002 aiIabre
3378 3949 3609 4020 diligen-

2003 4034 2216 4106 tiusque
2260 4049 2588 4106 persequar;
2638 4045 2695 4091 ut
2745 4039 3019 4107 expositio
3068 4039 3225 4109 ipsa,
3275 4040 3604 4111 legentibus,

2000 4129 2154 4199 quasi
2180 4128 2572 4198 gradientibus,
2601 4129 2942 4186 delectabilis
2963 4133 3067 4197 via,
3098 4147 3248 4203 aequa
3272 4146 3325 4188 et
3354 4136 3505 4203 plana
3531 4136 3609 4190 vi-

2002 4221 2215 4277 deatur.
2250 4222 2378 4276 Post
2403 4222 2798 4291 prieteritorum
2832 4224 3051 4292 quidem
3082 4224 3477 4294 descriptorum
3509 4243 3605 4282 va-

2002 4316 2112 4369 rias
2145 4315 2571 4383 compositiones
2603 4314 2941 4385 (prtesertim
2980 4316 3070 4386 qui
3095 4316 3206 4386 jam
3238 4317 3604 4387 pra'judicatze

2002 4404 2276 4476 Opinionis
2303 4406 2616 4478 habentur),
2639 4406 2821 4462 dicere
2852 4406 3073 4478 aliquid,
3104 4408 3255 4464 nefas
3277 4422 3367 4464 aut
3408 4418 3606 4480 super-

2005 4498 2131 4555 bum
2162 4510 2279 4563 est;
2308 4499 2404 4555 sed
2434 4499 2641 4565 dicam;
2682 4512 2902 4555 necesse
2944 4509 3027 4555 est
3069 4500 3212 4555 enim
3254 4504 3467 4560 ratione
3514 4520 3607 4563 ro-

2002 4603 2187 4663 gente,
2212 4592 2458 4662 quamvis
2476 4593 2765 4661 superbum
2788 4590 2954 4646 credo
2980 4605 3087 4646 n0n
3107 4608 3228 4650 esse
3243 4596 3287 4649 si
3306 4600 3609 4666 posteriore

2008 4695 2273 4756 tempore.
2306 4702 2335 4738 a
2364 4700 2633 4756 quoquam
2661 4684 2855 4739 melius
2882 4684 3012 4755 quid
3037 4685 3105 4741 de
3132 4687 3255 4759 lege
3280 4688 3607 4758 proferatur.

2009 4780 2122 4835 Hoc
2144 4790 2200 4835 et
2230 4788 2452 4833 sanctus
2491 4782 2771 4849 apostolus
2794 4778 3024 4848 Paulus,
3059 4797 3243 4851 pacem
3282 4785 3607 4854 Consulens,

2008 4885 2239 4932 testatur
2265 4885 2321 4929 et
2350 4872 2485 4929 dicit
2514 4891 2526 4928 :
2559 4871 2677 4928 Etsi
2704 4873 2796 4927 alii
2825 4874 3009 4930 melius
3034 4876 3317 4930 revelatum
3340 4877 3499 4946 fuerit
3528 4893 3613 4932 se-

2013 4969 2170 5033 denti,
2199 4969 2344 5038 prior
2385 4975 2551 5021 taceat
2580 4965 2623 5037 (ι
2646 4965 2768 5022 Cor.
2796 4982 2908 5032 xxv,
2941 4966 3056 5037 30).
3093 4967 3157 5023 Et
3188 4969 3373 5037 utique
3398 4978 3614 5039 aposto-

2010 5067 2097 5120 lus
2126 5064 2195 5119 de
2233 5076 2577 5134 quacumque
2603 5059 2972 5129 disputatione
3001 5060 3158 5129 legis,
3188 5061 3290 5115 hoc
3319 5060 3456 5115 dixit
3484 5078 3499 5116 :
3533 5061 3612 5118 De

303 5170 446 5226 nitar
470 5182 557 5224 aut
589 5168 884 5240 superflue,
932 5168 1082 5239 quasi
1116 5183 1222 5221 non
1256 5166 1561 5222 necessarie
1592 5164 1757 5219 fuisse
1782 5178 1912 5218 con—
1936 5153 1992 5215 D
2016 5174 2124 5230 qua
2152 5173 2236 5223 re,
2258 5159 2381 5227 quis
2402 5154 2638 5228 qualiter
2656 5154 2910 5218 senserit,
2937 5155 3008 5209 ita
3034 5162 3092 5207 ut
3114 5155 3351 5210 senserit
3372 5165 3426 5210 et
3449 5155 3608 5223 bene,

307 5264 574 5335 soriptos:
622 5264 931 5320 nescientes
977 5278 1167 5333 parum
1213 5260 1414 5315 habere
1460 5259 1606 5324 fidei,
1650 5260 1785 5313 tales
1816 5258 1908 5329 qui

310 5360 451 5431 quod
496 5360 581 5414 lex
612 5359 710 5415 Dei
755 5360 1014 5421 insinuat,
1041 5374 1227 5413 verum
1257 5371 1379 5411 esse
1410 5371 1517 5408 non
1556 5353 1807 5409 credunt.
1840 5353 1910 5406 At

314 5452 432 5509 illi:
469 5453 689 5525 Magna,
726 5453 995 5522 inquiunt,
1024 5452 1109 5505 vis
1145 5461 1261 5517 est,
1290 5447 1493 5520 aliquid
1530 5447 1597 5503 de
1628 5447 1746 5518 lege
1785 5460 1910 5517 pro-

386 5638 413 5702 ξι
445 5628 676 5702 Eligere.
708 5630 975 5696 Suspecta
1006 5627 1190 5683 lectio.

382 5699 412 5742 δ
448 5699 570 5757 Ore.
606 5702 770 5757 Forte
798 5716 864 5754 ea:
891 5717 998 5754 ore.

389 5784 412 5812 ο
458 5773 584 5829 Vere
608 5775 886 5845 sapienter.
918 5770 1078 5827 Forte
1100 5786 1230 5826 verte
1258 5769 1544 5841 sapientia.
1562 5766 1627 5824 Et
1646 5781 1770 5823 mox
1796 5765 1917 5821 inde

316 5861 417 5921 pro
446 5846 605 5901 unde.

829 5940 1105 6002 Ps'rnon.
1148 5936 1325 6000 XIII.

2018 5254 2214 5309 melius
2240 5252 2411 5323 possit
2441 5250 2673 5306 admitti.
2710 5248 2862 5304 Nunc
2888 5247 2956 5303 de
2982 5262 3248 5305 annorum
3273 5251 3487 5318 integro
3515 5269 3616 5307 nu-

2019 5363 2169 5405 mero
2192 5348 2331 5402 ratio
2351 5347 2612 5411 vertitur;
2636 5343 2724 5399 ubi
2748 5352 2854 5398 neu
2883 5353 3059 5413 potest
3088 5346 3212 5414 quis
3244 5360 3341 5415 pro
3366 5348 3613 5418 perfecto

2018 5446 2250 5498 numero
2271 5439 2654 5513 imperfectum
2710 5451 2938 5508 ponere,
2986 5445 3078 5493 aut
3105 5438 3283 5509 ipsum
3314 5440 3613 5511 perfectum

2088 5619 2116 5656 ά
2146 5617 2266 5683 Qui.
2299 5617 2466 5673 Forte
2489 5615 2631 5686 quia.
2656 5613 2779 5686 Mos
2800 5627 2933 5686 vero
2958 5623 3124 5686 potest
3142 5632 3241 5686 pro
3268 5621 3455 5682 potuit.

2097 5700 2121 5729 ο
2162 5690 2457 5745 Veritatem.
2492 5685 2569 5742 ιω
2612 5684 2998 5755 rescripsimus
3035 5684 3157 5757 pro'
3182 5694 3459 5747 vanitatem
3502 5693 3622 5751 edi-

2025 5774 2227 5821 torum.

3136 5926 3215 5991 35
