4048 6350
1783 281 1856 353 ρ.
1894 279 1970 342 ΙΙ]
1976 279 2068 341 ιιι
2103 279 2460 342 ιιιιΔκιΑκι

3629 264 3784 349 ἠοο

473 395 878 455 venundare
914 407 1248 463 numerum;
1278 402 1334 452 at
1371 394 1519 468 quod
1566 395 1746 453 minus
1797 394 1989 463 fuerit,
2028 407 2086 454 et
2109 404 2164 467 Α
2188 398 2470 470 protectus
2493 407 2598 466 est,
2629 399 2760 455 anni
2788 406 2916 455 sunt
2947 399 3108 458 1012.
3139 400 3215 458 ita
3241 415 3340 472 per
3362 403 3614 460 ordinem
3647 424 3661 459 :
3689 419 3786 462 se-

476 491 598 562 pius
627 505 660 545 a
689 487 932 560 perfecto
959 503 1196 544 numero
1221 496 1475 544 astruere
1515 503 1727 544 verum.
1769 489 1938 560 Igitur
1967 488 2079 560 jam

475 586 760 642 veniamus
796 583 863 640 ad
892 599 1140 651 causam,
1177 591 1236 639 at
1276 598 1380 640 suo
1415 583 1615 640 ordine
1654 593 1851 641 cuncta
1896 597 2086 640 narre-

481 694 622 745 meo,
655 679 1110 752 intsiligaturque
1133 693 1244 750 quo
1268 677 1324 733 in
1351 677 1478 733 loco
1502 678 1644 735 hanc
1663 677 1913 734 volentes
1929 690 2082 732 asse-

477 773 578 844 qui
604 773 896 838 rationem,
929 782 958 812 ι
984 781 1080 828 aut
1108 772 1270 842 plene
1297 769 1552 827 dixerim.

552 867 642 924 lll.
666 867 802 924 Cum
825 884 957 940 ergo
981 867 1072 924 hic
1095 866 1327 923 mundus
1357 865 1621 923 Creatore
1648 865 1760 922 Deo
1787 865 2086 922 constitue-

478 969 637 1019 retur
679 961 998 1033 videretque
1046 962 1228 1016 omnia
1279 975 1378 1016 suo
1419 960 1575 1032 jussu
1618 975 1685 1015 ex
1716 959 1891 1015 nihilo
1920 973 2087 1029 appa-

483 1055 684 1121 ruisse,
709 1062 925 1110 mature
973 1054 1175 1110 caelum
1225 1068 1348 1109 cum
1389 1052 1724 1108 ornamentis
1753 1050 1890 1120 suis,
1920 1049 1974 1106 id
2002 1059 2092 1108 est

481 1147 677 1211 solem,
709 1155 766 1202 et
794 1145 1002 1215 lunam,
1052 1155 1106 1202 et
1146 1145 1366 1212 stellas,
1413 1154 1636 1217 propter
1665 1145 1812 1200 vices
1842 1155 1896 1200 et
1933 1142 2085 1214 signa

479 1244 813 1309 temporum,
853 1238 976 1294 luce
1017 1227 1327 1304 radiantes;
1357 1245 1560 1294 terram
1600 1253 1721 1293 cum
1756 1237 2088 1308 perfectione

479 1331 725 1387 omnium
753 1332 1026 1387 seminum
1057 1333 1244 1387 virore
1275 1331 1518 1403 plenam,
1551 1331 1784 1388 diversis
1812 1330 2087 1386 coloribus

478 1422 646 1480 tiores
673 1424 964 1480 habentem
1009 1424 1194 1480 divina
1243 1425 1486 1498 pictura;
1535 1425 1708 1484 maria
1733 1423 2087 1482 conclusione

476 1516 723 1590 riparum
755 1533 820 1575 ac
848 1519 1118 1573 montium
1140 1559 1155 1586 ,
1184 1533 1254 1575 ne
1288 1517 1681 1574 transcendant
1723 1515 1880 1589 quasi
1919 1515 2089 1572 valla-

479 1613 633 1670 tione
664 1612 898 1684 quadam
921 1613 1168 1681 obsessa,
1205 1613 1407 1670 isthinc
1425 1613 1589 1672 etiam
1612 1613 1788 1684 primo
1817 1613 2085 1682 prolatum

479 1714 694 1763 motum
727 1705 985 1761 habentia
1029 1706 1084 1760 in
1135 1721 1196 1762 se
1240 1715 1296 1762 et
1335 1719 1552 1762 omnem
1595 1707 1840 1762 mimum
1885 1705 2084 1760 vivam.

478 1799 612 1857 Post
649 1800 789 1857 hanc
819 1799 984 1872 igitur
1011 1797 1408 1872 perfectionem
1441 1802 1651 1869 mundi,
1683 1801 1888 1872 placuit
1915 1802 2088 1856 omni-

476 1892 690 1961 potenti
725 1893 836 1948 Deo
877 1894 1164 1950 instituere
1203 1893 1481 1951 hominem
1523 1910 1685 1966 quem
1727 1910 1837 1965 prae
1870 1893 2084 1950 caeteris

476 1985 808 2041 animalibus
854 1985 1066 2057 aliquid
1114 2002 1240 2044 esse
1286 1987 1638 2062 omnipotens
1675 1987 1818 2050 Dem
1858 1987 2027 2048 voluit
2065 2005 2082 2046 :

477 2094 603 2136 nam
636 2079 752 2147 illa,
791 2078 946 2150 jussu
997 2089 1050 2134 et
1081 2080 1250 2136 verbo
1299 2098 1399 2136 suo
1447 2079 1689 2148 creavit;
1733 2082 1875 2136 hunc
1915 2080 2084 2138 sacris

481 2171 735 2229 manibus
789 2172 946 2226 ﬁnxit
985 2171 1140 2244 (Gen.
1184 2188 1222 2235 ι,
1269 2173 1390 2244 27),
1431 2189 1591 2244 quem
1634 2174 1865 2230 liberum
1911 2173 2086 2228 domi-

479 2280 719 2335 numque
745 2279 916 2335 super
942 2266 1194 2322 universa
1229 2280 1326 2320 sua
1353 2266 1632 2336 praefecit:
1660 2267 1776 2334 illa,
1808 2278 1866 2321 ut
1892 2267 1958 2322 ab
1980 2267 2084 2323 hoc

474 2370 840 2431 regerentur;
883 2359 992 2422 hie.
1023 2370 1080 2416 ut
1124 2361 1348 2430 sapiens
1386 2361 1592 2416 animal
1620 2361 1890 2418 rationale
1915 2369 1970 2417 et
1997 2378 2084 2418 as-

471 2460 654 2510 tutum
675 2466 800 2514 sese
825 2453 1156 2524 gubernaret
1195 2453 1248 2508 ln
1281 2454 1505 2509 mundo.
1536 2455 1614 2510 Ex
1654 2455 1811 2511 istius
1851 2467 2084 2526 namque

474 2552 726 2617 Inrupere
807 2547 1326 2617 posteriornmque,
1385 2546 1630 2602 omnium
1701 2549 2084 2618 generationes

472 2638 844 2713 (currendo)
874 2639 1219 2695 ostendimus
1246 2653 1422 2709 usque
1450 2639 1516 2694 ad
1547 2647 1790 2694 nostram
1821 2647 2040 2694 aetatem
2065 2655 2080 2705 ;

475 2745 610 2806 quot
633 2735 759 2791 anni
789 2734 898 2790 sint
921 2750 987 2790 es
1012 2750 1122 2806 quo
1147 2734 1322 2792 tactus
1351 2743 1438 2791 est
1469 2735 1574 2791 iste
1611 2737 1664 2791 In
1695 2749 1804 2806 quo
1836 2735 2084 2807 degimus

475 2827 746 2895 mundus;
772 2827 868 2884 sed
898 2828 989 2899 qui
1016 2828 1126 2896 jam
1155 2828 1454 2884 secundum
1485 2827 1851 2898 evangelicum
1893 2841 2080 2884 vocem

472 2918 532 2976 in
563 2919 775 2976 ﬁneest
799 2921 1129 2976 constitutus
1162 2937 1176 2976 ε
1209 2935 1239 2975 a
1268 2919 1356 2977 die
1384 2935 1478 2976 rm
1513 2920 1738 2980 Kalend.
1783 2922 1940 2994 aprii.
1975 2923 2084 2977 orl-

470 3011 658 3082 ginosn
686 3009 714 3056 δ
741 3012 860 3082 ejus
885 3012 1072 3068 mundi
1106 3021 1358 3084 tenentes
1392 3027 1502 3084 quo
1529 3013 1844 3070 inchoatum
1885 3023 1940 3070 et
1967 3015 2079 3070 fac-

467 3110 585 3164 tum"
613 3119 756 3172 esse,
793 3104 850 3160 iu
889 3103 1078 3160 libello
1120 3104 1404 3172 Paschali;
1436 3107 1648 3163 ratione
1678 3115 1937 3164 currente
1969 3107 2081 3178 jam

470 3198 850 3270 exposuimus,
872 3206 931 3256 et
966 3215 997 3254 v
1023 3197 1142 3254 dies
1186 3200 1308 3255 sine
1341 3199 1560 3256 homine
1587 3199 1760 3256 fuisse
1789 3201 2075 3267 mundum,

470 3301 528 3351 et
558 3291 647 3347 die
671 3307 723 3346 vi
752 3293 938 3347 iictum
983 3301 1038 3348 et
1074 3290 1404 3348 viviﬁcatum
1451 3308 1545 3365 per
1587 3293 1681 3350 Dei
1729 3293 1915 3350 ﬂatum
1958 3309 2080 3351 esse
2107 3323 2153 3387 ρ
2181 3290 2396 3386 Lm“;

471 3383 846 3444 narravimus.

542 3475 638 3534 ιν.
676 3475 726 3536 Α
751 3475 1114 3546 primoplasti,
1145 3475 1277 3532 Ada
1319 3478 1528 3534 scilicet
1553 3517 1570 3545 ,
1603 3477 1886 3536 nativitate
1911 3493 2082 3547 usque

469 3567 540 3630 ad
578 3567 841 3629 diluvium
881 3568 1082 3626 factum
1123 3569 1224 3626 sub
1255 3569 1397 3637 Noe,
1428 3572 1555 3627 anni
1587 3579 1713 3628 sunt
1742 3582 1765 3612 ο
1791 3573 1955 3639 2257,
1989 3575 2080 3644 qui

471 3661 560 3720 sie
589 3675 687 3731 per
711 3661 1098 3731 generationes
1117 3661 1358 3733 singulas
1383 3663 1616 3720 ﬁdeliter
1637 3665 2078 3734 ceiuprobantur.

471 3751 652 3810 Adam
675 3767 824 3809 anno
861 3752 971 3810 930
997 3756 1190 3824 genuit
1211 3754 1368 3811 Sesh».
1395 3755 1532 3812 Setb
1561 3755 1669 3813 $06
1699 3758 1887 3828 genuit
1913 3758 2078 3815 Eoos.

470 3844 624 3908 Boos
645 3859 792 3908 sano
816 3847 920 3902 170
939 3848 1127 3917 genuit
1149 3846 1396 3904 Cainsm.
1427 3849 1656 3906 Caluum
1682 3867 1827 3908 anno
1851 3853 1960 3909 170
1981 3867 2081 3926 ge-

473 3939 597 4002 nuit
616 3937 924 3994 Ialalebsi.
951 3938 1236 3995 Malaiehei
1258 3955 1402 3996 anno
1425 3941 1528 4000 165
1547 3944 1729 4012 genuit
1750 3943 1960 3999 Jareth.
1994 3945 2085 4001 la-

471 4029 604 4088 uti
621 4045 770 4086 asine
798 4030 902 4087 162
929 4031 1120 4102 genuit
1149 4032 1353 4088 Ensch.
1382 4032 1570 4089 Euseb
1602 4047 1746 4090 anno
1770 4036 1873 4093 itis
1899 4038 2085 4108 genuit

473 4123 824 4184 “athalans.
848 4123 1168 4182 Istusslam
1200 4139 1348 4181 anno
1367 4127 1472 4183 i8!
1491 4129 1677 4198 genuit
1702 4128 1958 4185 Lamech.
1987 4131 2084 4188 liic

469 4217 682 4289 primos
705 4217 989 4273 Masusaim
1017 4232 1192 4274 artnos
1219 4233 1358 4290 quos
1383 4223 1714 4293 scriptorum
1742 4237 1898 4280 error
1921 4224 2046 4280 fecit
2066 4267 2080 4292 ,

473 4309 662 4368 nullus
691 4310 844 4376 vidit,
871 4310 1056 4370 nullus
1083 4312 1340 4383 inspexit,
1375 4311 1560 4370 nullus
1583 4315 1830 4386 diligenti
1858 4315 2085 4388 inquisi-

473 4402 630 4460 tione
649 4404 892 4459 correxit
928 4423 940 4458 ε
985 4404 1088 4461 107
1134 4419 1308 4460 armos
1349 4421 1474 4462 essu
1511 4408 1718 4464 vixisse
1748 4405 1777 4446 ⁸
1815 4418 1871 4464 et
1897 4413 2085 4480 genuit

471 4491 710 4553 Lamb
731 4510 752 4560 ε,
777 4505 903 4564 post
937 4496 1139 4552 vixisse
1171 4497 1276 4553 ΒΗ
1322 4513 1525 4566 annos,
1557 4501 1702 4571 quod
1743 4517 1930 4558 verum
1959 4519 2084 4560 esse

473 4599 586 4644 non
615 4595 821 4656 potest,
849 4589 975 4659 quia
1004 4588 1106 4644 8H
1141 4605 1314 4658 usque
1343 4594 1782 4656 tnasdiiuvium.
1813 4595 1882 4652 14
1908 4611 2082 4654 annos

473 4677 606 4749 plus
628 4691 752 4736 esse
794 4684 1470 4804 Instaurant-Diluvium
1499 4689 1646 4745 erant
1689 4701 1850 4744 nemo
1879 4692 2078 4756 evasit,
2104 4725 2159 4786 Β

473 4785 642 4804 ιη...
661 4779 864 4804 ...ωι-
897 4787 1075 4804 ........
1113 4791 1144 4804 ..
1204 4777 1344 4804 -..δη
1386 4780 1720 4804 ...,-..---λι.
1767 4782 1935 4804 μη---
1963 4783 2041 4804 ι.-

472 4779 864 4842 nan-spretor
896 4787 1077 4830 ansam
1113 4775 1346 4833 vivendo
1386 4780 1743 4836 transcendit.
1767 4782 1935 4853 igitur
1963 4783 2077 4838 Ma-

471 4865 708 4925 δικάσω
733 4864 868 4920 visit
897 4879 1043 4921 armo
1069 4866 1178 4923 ses
1201 4877 1256 4924 at
1280 4870 1557 4942 siegennit
1581 4873 1816 4931 Lamecb
1840 4891 1854 4934 z
1881 4888 1936 4932 et
1961 4887 2082 4947 post

469 4955 578 5015 hoc
598 4959 732 5014 vixit
750 4973 926 5018 unus
949 4958 1079 5026 781,
1111 4961 1193 5017 sic
1216 4963 1362 5018 enim
1385 4965 1586 5022 divina:
1613 4968 1915 5041 Scriptura:
1942 4970 2078 5028 ﬁdes

469 5065 601 5109 vara
632 5053 994 5121 demonstrat,
1025 5069 1148 5126 quae
1193 5054 1514 5115 Matusalam
1551 5072 1678 5119 ante
1709 5063 1989 5132 diluvium,
2023 5074 2080 5122 et

469 5143 698 5210 vixisse,
726 5155 780 5201 et
805 5154 1080 5202 moratum
1106 5157 1228 5204 esas
1253 5152 1510 5206 nsrrsvit.
2025 5222 2033 5229 .

539 5237 606 5298 V.
645 5238 884 5298 Lameeb
930 5256 1076 5296 anno
1107 5240 1208 5298 ηε
1245 5244 1438 5313 genuit
1479 5243 1628 5313 Noe;
1675 5252 2078 5307 κιαιηωίωο

463 5348 702 5403 natisque
739 5349 888 5392 sarta
916 5334 1052 5401 Nae,
1084 5335 1288 5394 fastum
1317 5349 1372 5393 et
1405 5352 1848 5399 oonsummatum
1885 5352 1971 5402 est
1999 5345 2080 5400 dl-

461 5425 694 5488 iusisse.
721 5427 763 5490 Δ
805 5426 994 5486 diluvii
1024 5435 1212 5486 autem
1239 5439 1493 5502 tenuiore
1519 5445 1700 5504 usque
1721 5437 1796 5490 οδ
1825 5446 1852 5480 ο
1881 5437 1956 5492 so
1983 5452 2079 5493 an.

463 5533 593 5574 num
626 5519 882 5587 Abrahae,
927 5535 1037 5590 quo
1063 5519 1131 5577 de
1172 5532 1317 5579 terra
1347 5540 1444 5580 sua
1482 5507 1550 5581 ad
1580 5531 2077 5599 peregrinationem

534 5623 561 5652 ι
590 5613 697 5669 Aut
721 5614 870 5681 pisae
893 5614 1134 5674 diurna.
1165 5615 1325 5673 Forte
1353 5617 1498 5674 haud
1514 5622 1664 5696 piens
1685 5621 1928 5684 disertim.

530 5684 556 5724 ιι
591 5685 728 5744 Eius
749 5686 952 5738 arandi.
986 5685 1151 5742 Forte
1189 5691 1463 5744 eiusmodi.

529 5703 556 5859 Ξ
582 5703 1463 5859 ε,ῗὲἶέήὲῧέῗὲ

579 5822 646 5878 Et
670 5841 788 5897 gon.
823 5823 996 5894 “Forte
1023 5828 1248 5897 melius,
1272 5845 1391 5886 eum
1410 5847 1529 5903 gen.

2185 493 2380 549 cundaa
2409 495 2814 565 generationes,
2861 510 2891 550 a
2923 495 3048 552 Sem
3077 495 3355 564 liiol'ioe,
3395 498 3786 555 ostenduntur.

2189 585 2300 642 Sed
2334 587 2458 656 quia
2488 586 2617 642 anni
2656 587 2782 644 Sent
2819 585 2840 626 τ
2871 589 2942 644 78
2988 588 3042 645 in
3081 591 3554 648 consummatione
3591 591 3792 650 diluvii

2184 679 2444 749 completi
2474 688 2635 747 sunt,
2679 679 2715 734 2
2739 679 2953 736 scilicet
2993 683 3118 738 anni
3149 683 3216 738 ad
3247 683 3515 740 rationem
3555 701 3793 741 summa:

2183 785 2348 843 quam
2374 782 2495 842 post
2523 772 2786 828 diluvium
2818 774 3252 846 designavimns,
3281 779 3578 834 necessarii
3607 787 3742 834 sunt
3779 795 3792 830 :

2185 863 2303 936 ipso
2321 865 2470 920 enim
2499 865 2626 922 Sem
2655 865 2882 922 biennio
2910 875 3034 938 post
3061 867 3352 936 diluvium,
3387 869 3485 925 fuit
3516 886 3793 926 annorum

2189 959 2312 1024 100.
2343 967 2401 1016 et
2429 960 2509 1016 sic
2535 962 2724 1030 genuit
2749 959 3009 1027 Ariesat;
3035 977 3175 1034 quos
3203 977 3374 1019 annos
3401 965 3439 1020 2
3477 963 3796 1037 descripto-

2187 1067 2280 1109 res
2301 1054 2461 1124 hujus
2487 1052 2715 1110 rationis
2750 1053 2808 1115 in
2838 1070 3128 1116 numerum
3152 1071 3422 1118 annuum
3453 1071 3564 1116 non
3588 1072 3800 1127 posue-

2189 1158 2340 1214 runt,
2371 1147 2650 1218 quomodo
2687 1165 2783 1205 eos
2815 1150 3040 1206 minime
3070 1151 3462 1221 pra-.viderunt.
3492 1153 3636 1224 Ergo
3667 1161 3803 1224 post

2187 1239 2476 1307 diluvium,
2507 1238 2634 1297 Sem
2663 1241 2796 1296 vixit
2834 1257 3008 1298 annos
3036 1243 3070 1297 2
3111 1254 3166 1298 et
3196 1244 3382 1314 genuit
3418 1243 3666 1300 Arfcxat.
3691 1246 3804 1300 Ar-

2188 1331 2334 1389 fexat
2365 1343 2544 1388 autem
2568 1347 2714 1388 anno
2738 1334 2839 1389 l35
2863 1334 3055 1404 genuit
3077 1333 3285 1390 Salam.
3311 1334 3492 1390 Salam
3520 1350 3668 1389 anno
3693 1335 3805 1392 150

2186 1423 2374 1500 genuit
2413 1423 2577 1484 liber.
2614 1425 2758 1486 Ebur
2787 1441 2936 1484 anno
2966 1425 3070 1486 134
3103 1430 3292 1498 genuit
3331 1427 3556 1484 Falech.
3587 1428 3805 1484 Falech

2189 1534 2334 1574 anno
2367 1519 2470 1574 150
2498 1520 2686 1589 genuit
2715 1519 2925 1590 Ragau.
2963 1517 3147 1590 Bagau
3173 1535 3319 1576 anno
3353 1521 3456 1576 i152
3482 1523 3672 1593 genuit
3698 1523 3807 1580 Sc-

2191 1625 2302 1668 ruc.
2349 1609 2522 1668 Seruc
2553 1625 2702 1668 anno
2741 1609 2852 1668 1⁸50
2880 1613 3070 1682 genuit
3097 1611 3300 1667 Nahor.
3341 1611 3526 1668 Nahor
3551 1629 3698 1668 anno
3728 1613 3807 1670 79

2189 1705 2378 1774 genuit
2405 1701 2609 1759 Thaso.
2637 1701 2824 1758 ’ἤδη
2851 1714 3035 1759 autem
3067 1719 3214 1760 anno
3247 1705 3316 1760 70
3352 1709 3540 1777 genuit
3561 1707 3804 1762 Abram.

2191 1799 2394 1854 Abram
2428 1813 2572 1853 anno
2603 1797 2671 1852 70
2695 1797 2763 1853 de
2790 1807 2936 1852 terra
2965 1813 3061 1852 sua
3095 1799 3372 1870 profectus
3401 1809 3482 1854 est
3524 1800 3543 1871 (
3568 1811 3624 1855 ut
3654 1800 3809 1855 dixi-

2192 1893 2336 1962 mus)
2361 1893 2412 1946 in
2440 1891 2690 1946 Curram.
2717 1893 2758 1946 Δ
2789 1891 3239 1962 peregrinatione
3264 1889 3496 1946 Abrahae
3529 1909 3704 1962 usque
3733 1893 3809 1948 ad

2190 1983 2586 2055 profectionem
2613 1984 2852 2044 ﬁliorum
2883 1985 3050 2046 Israel
3073 1999 3142 2044 ex
3168 1984 3407 2058 Βαγριο
3427 1985 3494 2040 ad
3518 2001 3809 2054 eremum,

2186 2077 2315 2132 anni
2350 2087 2477 2134 sunt
2507 2077 2634 2133 430.
2665 2086 2689 2124 8
2719 2075 2808 2133 Sic
2855 2075 3054 2134 deinde
3096 2093 3127 2133 a
3167 2077 3321 2134 nobis
3367 2081 3571 2137 certius
3615 2080 3811 2137 decla-

2187 2183 2399 2229 rantur.

2263 2287 2346 2342 Vl.
2378 2287 2654 2348 Abraham
2680 2288 2750 2346 30
2778 2304 2954 2350 annos
2985 2291 3364 2364 peregrinatus
3386 2302 3470 2347 est
3495 2301 3554 2348 et
3584 2293 3810 2362 accepit

2186 2381 2566 2453 promissionis
2609 2382 2775 2440 ﬁlium
2812 2382 2966 2444 Isaac
2992 2403 3005 2438 :
3033 2383 3130 2454 qui
3156 2399 3280 2440 cum
3311 2383 3539 2440 verbum
3584 2381 3804 2440 Domini

2184 2475 2554 2536 desiderasset
2580 2476 2792 2546 audire,
2821 2477 3042 2552 quando
3069 2475 3095 2515 δ
3125 2479 3298 2552 possit
3327 2495 3516 2534 semen
3542 2479 3664 2554 ejus
3688 2479 3806 2534 bre-

2184 2573 2426 2630 reditare
2455 2579 2660 2630 terram
2690 2571 2970 2640 Chanaan;
2996 2582 3186 2646 parato
3215 2573 3488 2630 sacriﬁcio
3511 2574 3580 2630 ad
3607 2590 3807 2645 vespe-

2184 2683 2298 2728 ram
2327 2665 2593 2726 Dominns
2622 2668 2671 2722 ei
2703 2667 2917 2724 locutus
2939 2676 3046 2733 est,
3073 2666 3411 2728 concludens
3435 2667 3602 2724 simul
3627 2677 3682 2722 et
3706 2668 3806 2728 de-

2184 2763 2409 2832 signans
2442 2759 2587 2834 quod
2617 2760 2795 2822 adhuc
2825 2778 3013 2818 semen
3049 2761 3168 2838 ejus
3195 2761 3683 2834 peregrinaturum
3713 2777 3805 2817 es-

2183 2866 2269 2916 sct
2297 2860 2350 2913 in
2370 2865 2511 2914 terra
2543 2857 2805 2914 Chanaan
2827 2865 2882 2912 et
2911 2858 2961 2912 in
2990 2859 3258 2913 servitute
3277 2853 3662 2930 zEgyptiorum
3698 2871 3800 2912 an-

2186 2949 2269 3006 nis
2293 2951 2424 3016 400,
2457 2952 2602 3006 sicut
2625 2950 2678 3005 in
2705 2943 2848 3008 libro
2869 2949 3153 3008 Geneseos
3173 2947 3453 3021 Scriptura
3479 2948 3664 3004 divina
3694 2949 3802 3021 ipsi

2182 3045 2421 3108 Abrahze
2451 3053 2723 3100 testatur:
2775 3043 2956 3100 Sciens
2999 3043 3128 3106 scies
3168 3043 3427 3118 quomodo
3466 3045 3800 3118 peregrinum

2183 3139 2276 3194 erit
2299 3155 2466 3194 semen
2496 3148 2640 3196 tuum
2671 3137 2722 3194 in
2756 3148 2893 3194 terra
2930 3155 3036 3194 non
3064 3153 3159 3194 sua
3191 3147 3238 3197 et
3263 3139 3316 3192 in
3337 3137 3630 3194 servitutem
3662 3137 3804 3192 redi-

2181 3244 2365 3310 gentur
2391 3244 2439 3288 et
2479 3233 2877 3288 dominabuntur
2915 3248 3094 3292 eorum
3120 3231 3268 3288 annis
3293 3232 3420 3289 400.
3451 3229 3667 3288 Gentem
3697 3250 3798 3289 ast-

2426 3325 2712 3394 servicrint,
2742 3343 2835 3406 ego
2856 3325 3108 3404 judicabo
3139 3323 3294 3400 (Gen.
3337 3342 3429 3394 xv,
3463 3325 3556 3394 13,
3583 3327 3695 3397 l-i).
3727 3325 3796 3381 Et

2185 3417 2308 3476 ideo
2349 3420 2792 3490 sapientissimus
2820 3419 3098 3492 legislator
3135 3417 3370 3495 Moyses,
3417 3431 3647 3476 auctore
3690 3419 3802 3482 Deo

2185 3521 2396 3578 nostro,
2439 3521 2661 3570 secutus
2717 3513 2788 3566 ita
2843 3511 2920 3566 ait
2964 3529 2977 3565 :
3023 3510 3294 3568 Habitatio
3342 3521 3516 3565 autem
3566 3509 3800 3581 ﬁliorum

2187 3604 2355 3662 Israel
2398 3622 2501 3680 qua
2545 3601 2902 3660 habitaverunt
2933 3603 2984 3658 in
3025 3613 3165 3660 terra
3206 3599 3430 3678 xﬁgypti
3473 3611 3522 3658 et
3567 3611 3620 3660 in
3661 3615 3799 3658 terra

2186 3695 2459 3762 Chanaan,
2489 3696 2592 3767 ipsi
2609 3705 2657 3750 et
2688 3707 2862 3774 patres
2881 3712 3062 3752 eorum
3081 3739 3094 3762 ,
3124 3694 3274 3749 armis
3303 3693 3408 3753 450
3427 3691 3652 3768 (Εποᾱη
3689 3711 3797 3759 xit,

2185 3790 2298 3866 40).
2348 3790 2462 3848 Hoc
2503 3790 2766 3848 videlicet
2802 3793 2986 3850 minus
3029 3792 3380 3848 attendentes
3426 3791 3797 3862 disputatores

2185 3901 2488 3953 annorum;
2517 3885 2572 3944 in
2603 3883 2845 3960 Egypto
2866 3886 3044 3942 solum
3075 3901 3252 3941 annos
3279 3884 3408 3952 350,
3433 3895 3622 3942 etnon
3649 3885 3797 3957 ipsos

2184 3977 2312 4044 450,
2346 3975 2490 4034 ﬁlios
2513 3977 2679 4032 lsrael
2705 3976 2898 4045 fuisse,
2929 3977 3131 4033 frustra
3161 3978 3450 4033 memorati
3477 3991 3629 4034 sunt.
3662 3976 3795 4034 Nam

2187 4082 2247 4128 ut
2274 4073 2513 4144 plenius,
2537 4072 2616 4128 sic
2639 4071 2837 4128 melius
2860 4071 2968 4128 4⁸50
2998 4087 3172 4130 annos
3195 4067 3292 4148 per
3321 4087 3512 4129 semen
3535 4069 3796 4138 Abrabm,

2185 4165 2254 4222 ab
2284 4163 2436 4224 Isaac
2479 4175 2611 4222 nato
2649 4181 2825 4240 usque
2872 4165 2940 4223 ad
2989 4180 3085 4222 eos
3137 4166 3206 4222 de
3253 4163 3493 4238 Egypto
3540 4179 3798 4240 egressos

2185 4259 2320 4334 (non
2353 4259 2406 4316 in
2438 4269 2584 4316 terra
2614 4257 2839 4338 Egypti
2879 4261 3080 4330 solum,
3114 4260 3211 4324 sed
3233 4259 3286 4316 in
3315 4273 3458 4317 terra
3486 4257 3796 4332 Chanaan)

2183 4366 2307 4408 esse
2350 4353 2684 4430 completos;
2741 4355 3122 4430 generationes
3176 4370 3370 4418 eorum
3413 4355 3798 4428 percurrendo

2186 4454 2576 4502 monstramus.
2608 4447 2758 4504 Isaac
2788 4463 2930 4504 anno
2959 4463 3059 4505 suo
3087 4449 3156 4505 60
3185 4451 3378 4522 genuit
3405 4447 3600 4505 Jacob.
3632 4448 3798 4506 Iacob

2183 4553 2306 4594 cum
2346 4548 2490 4595 esset
2517 4555 2784 4596 annorum
2827 4542 2930 4598 150
2967 4542 3211 4597 introivit
3258 4543 3313 4598 in
3346 4539 3646 4620 Egyptum
3675 4559 3796 4598 cum

2187 4631 2314 4688 ﬁliis
2345 4641 2398 4688 et
2423 4633 2714 4706 nepotibus
2744 4633 2860 4690 suis
2896 4635 3158 4706 omnique
3203 4636 3467 4712 progenie
3497 4650 3623 4696 sua,
3657 4637 3797 4690 inter

2225 4743 2323 4782 uos
2363 4738 2593 4802 nepotes
2645 4728 2746 4785 fuit
2791 4727 2963 4786 Caatb
3017 4729 3162 4785 ﬁlius
3206 4729 3361 4798 Levi,
3397 4729 3488 4802 qui
3534 4741 3627 4786 est
3665 4744 3798 4786 avus

2183 4817 2382 4891 Moysis
2416 4838 2429 4874 :
2474 4837 2606 4892 ergo
2643 4819 2869 4878 Amram
2901 4823 2952 4885 in
2977 4820 3217 4896 Egypto
3241 4834 3401 4879 natus
3423 4831 3529 4878 est.
3567 4824 3794 4878 Amram

2180 4913 2372 4986 genuit
2399 4911 2655 4988 Moysen;
2686 4930 2830 4972 anno
2859 4913 2931 4972 80
2961 4929 3062 4970 suo
3094 4913 3237 4970 idem
3270 4913 3485 4986 Moyses
3514 4915 3702 4970 exivit
3733 4911 3798 4968 de

2181 5001 2420 5076 Egypto
2447 5019 2569 5062 cum
2614 5005 2743 5063 ﬁliis
2771 5005 2966 5076 Israel,
2991 5021 3055 5062 ac
3095 5023 3193 5079 per
3234 5007 3339 5062 hoc
3379 5008 3431 5062 in
3478 5017 3626 5062 terra
3657 5005 3797 5061 Cha-

2181 5111 2320 5151 naan
2366 5095 2435 5152 ab
2479 5095 2626 5158 Isaac
2671 5107 2801 5155 nato
2843 5115 3016 5174 usque
3045 5098 3111 5155 ad
3158 5098 3326 5157 Jacob
3372 5099 3686 5171 ingressum
3741 5099 3792 5154 in

2184 5185 2501 5262 Egyptum,
2528 5189 2910 5252 habitaverunt
2942 5194 3102 5250 annis
3125 5192 3250 5262 MO,
3277 5203 3332 5250 et
3357 5195 3410 5250 in
3443 5192 3689 5264 Egypto
3717 5193 3791 5248 fe-

2183 5293 2376 5338 cerunt
2405 5299 2580 5340 annos
2603 5285 2727 5342 2i0.
2761 5285 2907 5342 Satis
2934 5297 3018 5343 est
3047 5287 3114 5342 ad
3156 5286 3591 5346 declarationem
3622 5300 3791 5341 anno-

2182 5391 2304 5431 rum
2337 5377 2562 5432 istorum
2601 5378 2671 5435 de
2701 5379 2899 5452 quibus
2937 5381 3331 5442 hmsitavct‘unt
3364 5395 3526 5453 quam
3569 5377 3788 5454 plurimi

2183 5468 2277 5538 qui
2316 5469 2385 5526 de
2415 5469 2478 5525 iis
2506 5469 2722 5528 fuerant
2749 5472 2938 5529 locuti.

2257 5637 2281 5664 ο
2311 5627 2500 5683 Melius
2520 5629 2610 5685 70.

2256 5695 2274 5734 ί
2305 5699 2498 5760 Melius
2519 5700 2610 5756 93.

2249 5775 2275 5842 _l
2307 5770 2420 5842 Sic.
2446 5769 2686 5842 Μοιριιὶ
2704 5775 2799 5828 sic.

2249 5836 2278 5878 ³³
2309 5836 2720 5902 Ροεείι.ἰ²“ὸι·ιθ
2749 5857 2943 5917 posset.
