4048 6350
268 304 400 364 1101

1316 303 1404 361 DE
1443 300 1657 362 MUNDI
1696 298 2104 362 DUBATIONE
2143 296 2502 359 LIDELLUS.

3434 298 3578 366 1102

339 424 452 482 γιι.
476 423 541 480 Et
567 421 692 479 ideo
711 422 960 480 afabrica
976 421 1160 479 mundi
1186 436 1358 495 usque
1385 422 1452 478 ad
1477 421 1873 492 profectionem
1904 426 1953 483 Α
1980 417 2240 485 sacerdos
2258 461 2273 487 ,
2303 433 2395 477 an.
2423 419 2516 477 20.
2542 418 2679 478 Huic
2710 423 2976 479 successit
3016 424 3242 485 Samuel
3270 425 3435 483 etiam
3467 429 3583 500 ipse

270 517 499 573 ﬁliorum
527 517 691 572 lsrael
708 514 777 573 de
789 513 1011 589 Egyto,
1031 516 1156 572 anni
1183 524 1311 571 sunt
1335 530 1391 571 ιιι
1417 524 1441 554 α
1464 514 1591 573 646.
1613 515 1668 572 in
1688 528 1873 570 eremo

270 611 496 669 fuerunt
521 608 550 649 δ
582 625 727 667 anno
754 609 847 677 40,
877 611 1077 667 deinde
1125 619 1337 668 mortuo
1369 610 1551 684 Moyse
1572 652 1587 675 ,
1619 609 1781 667 Iesus
1813 606 1883 663 ϐε

268 705 375 761 lius
402 703 571 771 Nave,
605 720 703 781 per
728 703 987 762 Jordanis
1008 706 1221 763 alveum
1252 705 1399 762 sicco
1424 704 1559 777 pede
1580 702 1647 760 ad
1676 712 1875 759 terram

272 797 652 870 promissiOnis
681 790 959 854 transtulit
994 799 1248 871 pepuios;
1286 806 1342 854 et
1375 798 1455 855 eis
1492 796 1707 859 favente
1737 793 1880 851 divi-

271 892 465 960 nitate,
496 892 781 949 debellans
818 908 1040 962 asperas
1068 902 1281 967 gentes,
1303 892 1570 971 judicavit
1590 900 1652 955 ut
1674 890 1875 963 justus.

273 986 385 1044 Sub
411 984 691 1043 iudicibus
730 995 908 1043 autem
951 986 1170 1044 fuerunt
1194 987 1326 1049 inibi
1366 987 1701 1063 captivitatis
1740 995 1881 1042 tem-

273 1094 426 1155 pora,
458 1094 485 1134 a
518 1079 650 1136 Jesu
681 1079 827 1138 Nave
878 1097 1052 1155 usque
1101 1081 1169 1139 ad
1215 1081 1526 1141 Samuelem
1558 1081 1877 1156 pr0pbetam

272 1173 362 1246 qui
391 1174 547 1230 unxit
571 1173 701 1231 Saul
730 1190 937 1247 regem,
970 1191 1066 1245 per
1094 1191 1266 1231 annos
1294 1175 1421 1232 561.
1448 1174 1554 1232 Sed
1585 1185 1642 1237 ut
1670 1188 1723 1232 et
1755 1190 1881 1231 nos-

274 1270 415 1323 tram
454 1282 725 1323 summam
761 1267 971 1340 integre
994 1267 1111 1325 lore
1141 1269 1451 1335 collectam,
1484 1278 1538 1324 et
1568 1269 1620 1327 in
1656 1267 1882 1329 Actibus

276 1358 667 1430 Apostolorum
697 1360 1008 1431 apostolum
1030 1361 1251 1416 Paulum
1276 1371 1423 1421 recte
1447 1362 1717 1435 posuisse,
1743 1377 1771 1416 a
1805 1361 1881 1419 le-

276 1451 532 1523 gentibus
571 1462 951 1523 cognoscatur,
980 1454 1124 1523 quod
1173 1453 1246 1508 ita
1276 1469 1305 1508 a
1346 1452 1476 1509 .iesu
1520 1452 1668 1513 Nave
1710 1451 1884 1507 divisa

278 1541 525 1613 patribus
553 1542 757 1598 nostris
786 1550 928 1599 terra
952 1541 1234 1612 Chanaan,
1266 1543 1418 1601 dedit
1440 1543 1751 1615 clsjudices
1781 1544 1886 1599 Do-

279 1638 461 1694 minus
490 1637 635 1693 Deus
662 1653 760 1709 per
785 1653 958 1694 annos
983 1634 1093 1696 450
1116 1655 1289 1710 usque
1319 1639 1386 1696 ad
1420 1640 1730 1697 Samuelem
1761 1653 1888 1715 pro-

276 1733 524 1807 phetam.
557 1733 856 1805 Apostolus
893 1722 1042 1791 enim
1076 1735 1274 1791 Paulus
1302 1734 1466 1790 aliter
1494 1749 1659 1807 agens
1688 1734 1742 1789 in
1777 1730 1886 1790 Ac-

1975 511 2076 569 Dei
2117 511 2413 583 sacerdos;
2445 522 2501 570 et
2525 514 2792 586 judicavit
2837 530 2927 573 an.
2970 515 3065 574 40.
3098 534 3385 591 usquequo
3429 523 3586 577 unxit

1976 604 2107 663 Saul
2154 620 2360 678 regem.
2401 605 2565 663 Fiunt
2608 620 2739 680 ergo
2782 623 2973 667 omnes
3015 611 3178 678 anni,
3213 620 3273 668 ut
3320 612 3584 683 diximus,

1975 696 2103 754 561.
2132 697 2266 754 Nam
2296 699 2390 765 qui
2436 709 2629 769 putant
2661 701 2729 758 de
2770 701 2857 759 his
2882 702 3042 759 annis
3068 703 3217 761 aliud
3255 705 3581 777 Apostoium

1978 792 2322 858 narravisse;
2346 791 2665 864 diligentius
2694 793 3006 860 advertant,
3027 811 3135 852 non
3164 795 3469 855 advertisse
3489 813 3587 856 eos

1978 881 2070 955 qui
2101 897 2370 938 annorum
2395 883 2678 940 historiam
2701 885 3066 958 descripsere,
3084 888 3213 960 quia
3241 897 3585 960 sequestrata

1978 979 2096 1033 sola
2125 976 2380 1034 Judicum
2425 987 2671 1046 tempora
2703 981 2789 1052 (ut
2815 980 2947 1038 fecit
2982 980 3309 1057 Apostolus)
3337 984 3455 1041 sine
3483 1002 3581 1043 an.

1981 1071 2069 1135 nis
2099 1073 2429 1145 captivitatis
2458 1080 2588 1139 sunt
2616 1074 2742 1130 anni
2768 1074 3052 1137 lll.3uut
3077 1092 3211 1150 ergo
3241 1077 3368 1133 anni
3392 1094 3585 1135 omnes

1983 1180 2014 1221 a
2052 1165 2260 1222 fabrica
2289 1166 2476 1223 mundi
2504 1172 2676 1241 usQue
2708 1169 2773 1231 ad
2795 1168 3107 1228 Samuelem
3140 1172 3230 1251 qui
3271 1174 3430 1235 unxit
3458 1173 3587 1230 Saul

1984 1272 2168 1330 regem
2195 1259 2362 1323 4500.
2407 1258 2809 1318 Successerunt
2836 1261 3037 1323 deinde
3070 1273 3316 1335 tempora
3357 1265 3586 1338 Regum.

1985 1351 2303 1417 Habuerunt
2332 1356 2496 1411 etiam
2527 1354 2710 1427 Reges
2750 1371 2846 1431 per
2875 1371 3005 1415 ann.
3052 1355 3157 1416 514
3185 1374 3217 1415 a
3259 1356 3389 1415 Saul
3421 1374 3595 1430 usque

1987 1445 2054 1501 ad
2085 1444 2410 1503 Sedechiam
2431 1463 2448 1517 ;
2469 1449 2555 1502 cui
2576 1446 3085 1509 Nabuchodonosor
3106 1444 3296 1507 Oculos
3316 1451 3594 1519 auferens,

1988 1557 2110 1598 eum
2142 1543 2195 1598 in
2225 1544 2460 1615 pistrino
2503 1543 2743 1600 necavit.
2796 1543 2887 1602 Sic
2928 1544 3127 1603 deinde
3172 1549 3600 1620 comprobantur

1989 1634 2115 1690 anni
2140 1633 2369 1709 Regum.
2402 1634 2536 1697 Saul
2566 1635 2815 1713 regnavit
2840 1638 3001 1695 annis
3028 1637 3123 1705 40,
3152 1638 3319 1696 David
3349 1641 3599 1713 regnavit

1989 1728 2148 1784 anuis
2177 1725 2249 1783 40
2289 1735 2347 1789 et
2381 1728 2664 1791 mensibus
2700 1731 2759 1798 ὅ,
2783 1730 3046 1793 Salomon
3074 1748 3203 1789 ann.
3228 1732 3320 1800 40,
3352 1733 3595 1791 Roboam

284 1827 430 1884 tibus
450 1826 840 1898 Apostolorum
869 1839 923 1884 et
951 1827 1094 1882 aliud
1126 1827 1462 1897 persuadens
1492 1846 1507 1883 :
1532 1842 1645 1883 non
1676 1836 1735 1883 et
1761 1842 1889 1899 cap-
1916 1808 1966 1870 Β
1992 1837 2123 1878 ann.
2149 1819 2390 1890 l7,Abia
2422 1838 2552 1883 ann.
2580 1821 2760 1891 3,Asa
2788 1839 2915 1885 ann.
2946 1826 3038 1894 41,
3058 1824 3320 1897 Josaphat
3348 1842 3477 1882 ann.
3505 1827 3599 1895 °25,

282 1920 550 1987 tivitatls,
590 1921 685 1977 sed
726 1920 843 1977 sola
893 1922 946 1977 in
1001 1921 1198 1992 quibus
1237 1920 1453 1993 judices
1484 1921 1792 1979 habuerunt
1839 1927 1896 1976 et

286 2012 550 2069 dominati
580 2022 726 2080 sunt,
762 2023 1004 2085 tempora
1035 2014 1340 2069 nominavit
1380 2031 1392 2067 :
1429 2012 1493 2067 Et
1522 2011 1664 2068 dedit
1701 2013 1774 2067 eis
1796 2010 1895 2067 Ju-

290 2109 449 2173 dicos,
483 2110 560 2166 ait
608 2109 744 2173 (Act.
784 2106 1043 2181 xm,‘20).
1087 2109 1145 2165 In
1186 2108 1557 2179 captivitatem
1608 2108 1752 2167 enim
1796 2122 1894 2178 pro

291 2203 531 2274 peccatis
556 2201 764 2269 traditi,
789 2217 898 2257 non
932 2216 1061 2256 suos
1087 2200 1310 2258 Judices
1335 2201 1667 2267 habuerunt,
1700 2198 1795 2255 sed
1828 2199 1896 2254 ab

292 2298 500 2352 exteris
522 2295 934 2367 premebantur.
960 2294 1094 2350 Nam
1125 2308 1225 2350 nec
1252 2294 1368 2367 ipse
1396 2294 1676 2364 apostolus
1699 2291 1900 2347 Paulus

294 2400 487 2447 contra
519 2389 678 2445 iidem
703 2390 1004 2461 Scriptura:
1030 2388 1155 2443 libri
1185 2385 1438 2443 iudicum
1462 2386 1652 2441 venire
1677 2392 1897 2461 posset,

294 2483 342 2540 si
397 2481 754 2554 quantitatem
807 2460 1112 2553 temporum
1155 2492 1477 2551 percurrere
1528 2476 1813 2533 voluisset.
1856 2460 1901 2530 A'

298 2577 414 2633 Dee
437 2577 597 2633 datos
638 2575 842 2648 populo
876 2573 1088 2647 judices
1118 2572 1451 2638 nominat-it,
1494 2571 1654 2626 iidem
1683 2568 1904 2625 Domini

298 2669 505 2726 Christi
536 2669 814 2725 insinuare
838 2668 1055 2734 volens;
1083 2682 1209 2723 nam
1232 2680 1405 2738 usque
1430 2662 1496 2719 ad
1523 2662 1717 2728 David,
1737 2659 1907 2717 verba

301 2761 368 2817 ad
399 2762 661 2835 populum
698 2759 861 2828 fecit,
892 2769 950 2816 ut
976 2774 1043 2817 ex
1074 2759 1191 2830 ejus
1230 2758 1438 2815 semine
1470 2755 1688 2811 venisse
1715 2753 1909 2809 Chris-

303 2863 418 2911 tum
444 2866 693 2911 narraret
718 2872 732 2909 :
765 2854 818 2910 in
841 2869 949 2926 quo
971 2852 1260 2910 credentes
1276 2852 1348 2923 (sl
1374 2847 1603 2921 vellent)
1628 2846 1909 2903 habituros

301 2948 527 3005 dimissa
558 2957 907 3021 peccatorum
937 2946 1267 3018 praedicavit.

375 3040 512 3099 Vill.
541 3040 668 3097 Haec
693 3040 931 3113 denique
957 3048 1203 3112 tempora
1232 3038 1476 3109 iudicum
1498 3038 1579 3094 sic
1606 3035 1913 3094 ostendun-

306 3141 415 3202 tur,
448 3132 609 3190 .iesus
644 3132 798 3189 Nave
834 3148 957 3188 cum
990 3132 1298 3189 senioribus
1334 3129 1601 3203 judicavit
1626 3129 1787 3184 annis
1816 3128 1909 3185 30.

1995 1916 2181 1973 Joram
2226 1932 2356 1974 ann.
2386 1916 2442 1987 8,
2474 1917 2739 1976 Ochosias
2774 1935 2903 1981 ann.
2938 1921 2958 1975 l
2986 1961 3001 1989 ,
3026 1916 3051 1957 ἀ
3084 1918 3346 1981 Godolias
3380 1936 3507 1977 ann.
3545 1921 3601 1988 6,

1997 2010 2129 2071 Joas
2158 2027 2290 2068 atm.
2318 2014 2412 2083 40,
2444 2011 2698 2069 Amasias
2728 2029 2857 2068 ann.
2884 2012 2977 2081 29,
3008 2014 3169 2075 Ozias
3195 2031 3324 2071 ann.
3359 2013 3606 2083 52,103-

1998 2105 2174 2175 tham,
2206 2122 2335 2167 ann.
2390 2107 2478 2177 17,
2522 2107 2706 2164 Achaz
2750 2124 2879 2167 ann.
2916 2108 3015 2177 i5,
3045 2108 3308 2165 Ezechias
3347 2126 3477 2169 ann.
3509 2108 3604 2178 29,

2000 2194 2276 2253 Manasses
2306 2212 2435 2254 ann.
2462 2198 2555 2266 55,
2582 2201 2751 2255 Amos
2783 2215 2910 2259 ann.
2932 2199 2990 2267 2,
3015 2198 3193 2256 Josias
3215 2218 3341 2257 ann.
3369 2201 3457 2270 51,
3483 2200 3609 2263 Joa-

2001 2289 2136 2346 chaz
2168 2306 2385 2347 menses
2416 2291 2472 2357 3,
2500 2290 2747 2347 Joachim
2772 2308 2902 2348 ann.
2936 2293 3025 2361 11,
3048 2291 3294 2353 Joachim
3328 2310 3545 2355 menses
3578 2295 3613 2351 5

2003 2389 2059 2438 et
2084 2381 2203 2438 dies
2228 2381 2320 2450 20,
2350 2382 2649 2445 Sedechias
2673 2400 2803 2440 ann.
2836 2384 2924 2440 11.
2948 2384 3089 2443 Sunt
3118 2401 3254 2463 ergo
3288 2396 3345 2443 ut
3371 2386 3611 2447 diximus

2004 2491 2134 2530 ann.
2161 2475 2370 2547 Regum
2398 2475 2527 2532 514.

2078 2567 2148 2625 Χ.
2176 2569 2223 2625 Α
2247 2569 2454 2626 fabrica
2486 2568 2701 2627 scilicet
2727 2571 2934 2641 mundi,
2968 2588 3139 2649 usque
3168 2572 3234 2629 ad
3263 2572 3611 2640 Sedechiam,

2008 2661 2230 2735 quando
2259 2661 2601 2720 Hierusalem
2637 2678 2827 2721 eversa
2858 2675 2960 2733 est,
2996 2674 3053 2723 et
3091 2666 3327 2739 p0pulus
3357 2666 3410 2724 in
3444 2667 3615 2747 Baby-

2011 2754 2194 2812 lonem
2228 2756 2647 2828 transmigratus
2681 2765 2786 2824 est,
2819 2759 2946 2813 anni
2989 2769 3119 2816 sunt
3154 2759 3318 2816 4814.
3349 2758 3481 2823 Post
3509 2776 3604 2815 un-

2011 2848 2284 2906 decimum
2314 2863 2448 2921 ergo
2487 2865 2689 2905 annum
2714 2849 3031 2921 Sedechize;
3059 2850 3398 2909 Hierusalem
3427 2867 3623 2909 eversa

2012 2957 2045 2998 a
2075 2957 2204 3015 rege
2242 2940 2784 3011 Nabuchodonosor;
2809 2942 3067 3001 Judaicus
3097 2945 3334 3016 populus
3364 2946 3417 3001 in
3453 2947 3629 3018 capti-

2016 3037 2239 3094 vitatem
2263 3036 2578 3110 Babylonia:
2608 3037 3029 3109 trausmigratus
3053 3046 3157 3095 est.
3180 3040 3309 3110 Qum
3334 3042 3627 3111 captivitas

2019 3130 2088 3187 70
2135 3144 2312 3188 annos
2350 3132 2531 3188 tenuit
2563 3147 2578 3185 :
2613 3132 2704 3202 qui
2747 3133 2907 3201 anni,
2938 3132 3215 3206 quomodo
3259 3133 3627 3189 consummati

305 3224 436 3282 Post
480 3227 595 3282 hac
639 3233 952 3297 peccantes,
995 3225 1183 3282 traditi
1228 3202 1357 3281 sunt
1394 3220 1914 3281 Chusanrasathaim
1942 3202 1997 3271 ο
2021 3232 2171 3289 sunt,
2204 3223 2325 3281 luce
2346 3224 2549 3280 clarius
2577 3202 3044 3293 demonstrantur,
3080 3241 3206 3282 cum
3239 3226 3363 3282 hinc
3391 3226 3457 3281 ad
3486 3226 3627 3283 heb-

303 3318 420 3391 regi
448 3318 875 3389 Mesopotamiae,
906 3319 1066 3375 annis
1090 3325 1253 3375 octo:
1281 3328 1337 3375 et
1364 3314 1627 3375 excitavit
1666 3316 1775 3372 illis
1805 3314 1916 3369 Do-

307 3412 491 3466 minus
526 3410 594 3466 ad
624 3410 888 3466 auxilium
918 3409 1211 3467 Gothoniei
1257 3428 1271 3465 :
1309 3410 1401 3482 qui
1438 3407 1623 3465 occiso
1661 3405 1917 3463 Cuiarsa-

306 3505 485 3572 motb,
511 3504 775 3578 judicavit
813 3503 982 3561 lsrael
1012 3506 1172 3561 annis
1202 3506 1291 3563 50.
1325 3505 1457 3560 Post
1483 3504 1652 3567 hunc,
1685 3516 1918 3573 peccan-

309 3606 412 3663 tes,
444 3598 762 3654 servierunt
786 3597 957 3669 Egion
990 3597 1102 3675 regi
1129 3596 1311 3662 Moab,
1344 3594 1503 3651 annis
1534 3597 1621 3652 i8.
1656 3594 1799 3653 Aoth
1825 3609 1921 3651 oc-

309 3690 443 3747 cidit
467 3689 669 3760 Bglon,
701 3699 759 3746 et
790 3689 1054 3767 judicavit
1072 3688 1217 3744 Acth
1246 3688 1402 3745 annis
1422 3685 1513 3745 80.
1542 3688 1653 3745 isto
1678 3697 1918 3755 mortuo,

309 3784 563 3855 peccavit
586 3783 844 3855 populus,
876 3793 931 3839 et
946 3782 1255 3839 servierunt
1273 3781 1431 3839 Jabin
1449 3780 1565 3853 regi
1584 3780 1923 3837 Cbananazo—

312 3893 435 3934 rum
463 3877 620 3934 annis
645 3877 739 3934 20.
760 3876 964 3934 Contra
990 3893 1149 3950 quem
1185 3877 1449 3933 Dominus
1486 3875 1773 3931 suscitavit
1811 3873 1921 3930 De-

312 3971 528 4040 boram,
552 3987 657 4041 quo
687 3973 869 4028 occiso
896 3970 1039 4040 Jabi,
1057 3972 1322 4043 judicavit
1342 3986 1473 4027 ann.
1496 3968 1587 4027 40.
1621 3969 1921 4026 Peccantes

314 4066 533 4128 iterum.
567 4064 750 4121 traditi
806 4074 933 4121 sunt
984 4064 1301 4121 Madianitls
1346 4079 1477 4119 ann.
1510 4064 1565 4117 7.
1604 4063 1783 4135 Super
1824 4061 1923 4118 hos

314 4157 556 4213 surrexit
585 4156 810 4214 Gedeon
841 4166 898 4213 et
936 4157 1207 4228 judicavit
1251 4157 1510 4229 populum
1547 4171 1636 4211 an.
1665 4156 1757 4211 tu.
1792 4155 1925 4211 Post

314 4250 520 4320 ipsum,
549 4249 692 4307 illius
715 4250 833 4320 ejus
852 4249 1119 4323 judicavit
1139 4265 1229 4305 an.
1254 4250 1309 4306 5.
1338 4249 1468 4305 Post
1490 4249 1659 4317 hunc,
1682 4247 1812 4304 Tola
1837 4246 1926 4318 ju-

294 4342 521 4401 dicavit
544 4359 635 4400 an.
666 4344 758 4400 22.
786 4345 1002 4402 Mortuo
1032 4345 1187 4412 Tola,
1217 4345 1424 4402 electus
1444 4352 1528 4401 est
1557 4359 1586 4399 a
1616 4342 1816 4416 populo
1835 4341 1927 4399 Ja-

318 4438 433 4504 lrir,
456 4447 510 4493 et
540 4438 659 4509 ipse
679 4437 945 4511 judicavit
975 4438 1232 4509 populum
1261 4453 1353 4493 an.
1382 4437 1473 4493 22.
1506 4435 1637 4493 Post
1662 4437 1782 4506 ejus
1809 4435 1928 4491 exi-

318 4538 460 4599 tum,
485 4530 730 4602 peccavit
758 4530 1015 4602 populus,
1039 4542 1095 4587 et
1122 4530 1305 4586 traditi
1332 4540 1459 4587 sunt
1475 4527 1804 4586 Ammanitis
1831 4542 1926 4585 an.

292 4640 297 4645 ‘
324 4624 428 4690 18;
459 4635 516 4681 et
540 4638 573 4679 a
611 4639 865 4696 pressura
904 4624 1202 4681 clamantes
1228 4624 1295 4679 ad
1329 4623 1639 4688 Dominum,
1668 4621 1931 4678 excitavit

294 4734 297 4737 λ
323 4716 436 4774 illis
467 4716 629 4790 Jepte
648 4759 663 4784 ,
692 4726 748 4774 et
770 4717 1033 4788 judicavit
1052 4733 1143 4773 an.
1181 4716 1235 4773 6.
1260 4717 1325 4773 Et
1346 4715 1528 4773 Sebon
1548 4713 1816 4786 judicavit
1835 4729 1925 4769 an.

325 4808 380 4865 ’1.
411 4809 666 4867 Peccavit
693 4809 896 4867 deinde
924 4811 1179 4882 populus,
1199 4818 1254 4867 et
1277 4808 1463 4867 traditi
1492 4819 1619 4865 sunt
1639 4807 1930 4880 aiiophylis

323 4916 417 4958 an.
449 4902 763 4960 40.1terum
789 4904 1037 4964 conversi
1066 4903 1134 4960 ad
1182 4904 1467 4960 Dominum
1488 4943 1503 4969 ,
1532 4902 1795 4958 excitavit
1823 4900 1931 4956 illis

326 4995 583 5063 Samson,
614 4998 707 5069 qui
727 4999 881 5054 victis
909 4998 1200 5070 aliophylis
1224 4996 1491 5068 judicavit
1518 5011 1644 5052 ann.
1671 4994 1763 5052 20.
1788 4996 1931 5051 Mor-

328 5097 429 5145 tuo
452 5103 519 5145 eo
534 5089 800 5162 judicavit
831 5101 855 5131 ο
893 5090 1185 5163 Semergar
1214 5105 1345 5146 ann.
1380 5089 1430 5145 1.
1465 5088 1597 5146 Post
1642 5088 1788 5146 hunc
1831 5089 1932 5145 fuit

330 5186 564 5257 populus
602 5185 654 5241 in
688 5201 843 5259 pace,
885 5195 942 5243 et
966 5201 1075 5241 non
1114 5186 1197 5242 eis
1241 5195 1358 5241 erat
1385 5196 1605 5253 rector;
1638 5187 1733 5243 sed
1761 5201 1932 5243 unus-

331 5283 566 5350 quisque
595 5282 736 5351 quod
764 5282 813 5336 ei
863 5281 1144 5355 placebat,
1167 5278 1421 5346 faciebat,
1466 5288 1523 5336 et
1553 5280 1659 5351 ipsi
1680 5280 1786 5336 sibi
1813 5278 1934 5335 fue-

296 5382 299 5383 '
334 5374 692 5444 runtjudices
726 5390 823 5445 per
843 5391 974 5433 ann.
1006 5375 1095 5431 ὅτι.

407 5465 501 5523 ιχ.
533 5466 846 5525 Transactis
893 5468 1054 5540 igitur
1101 5468 1260 5524 annis
1304 5467 1460 5535 istis,
1507 5466 1778 5539 judicavit
1819 5467 1940 5527 Heli

412 5635 445 5669 ι
468 5628 663 5685 Helius
698 5644 757 5684 ιιι
788 5630 857 5683 hi.

415 5696 443 5737 δ
466 5700 635 5755 Anno.
668 5699 833 5756 Forte
855 5717 1017 5756 annos
1042 5700 1126 5757 vel
1154 5701 1328 5754 annis.

420 5780 442 5844 εξ
476 5771 773 5844 S_em_ergar.
789 5772 884 5844 ΑΙ.
916 5773 1157 5844 Santgar.

419 5839 443 5877 δ
488 5839 756 5899 Godolias.
786 5843 979 5901 Melius
1006 5839 1283 5911 G'otholia,
1320 5854 1492 5898 mater
1520 5841 1792 5899 Ochosias.

2016 3316 2279 3374 domadas
2306 3318 2550 3374 Dsnielis
2580 3318 2932 3384 venerimus;
2964 3328 3021 3374 ut
3054 3318 3137 3375 ha:
3171 3318 3567 3386 hebdomades,
3597 3334 3627 3375 a

2016 3425 2129 3483 quo
2171 3419 2423 3482 tempore
2460 3419 2517 3467 et
2554 3410 2645 3466 ubi
2695 3411 2981 3481 completa:
3032 3412 3175 3477 sint,
3212 3410 3632 3483 diligentissime

2018 3503 2471 3576 comprobantur.
2502 3504 2691 3561 Daniel
2741 3505 2888 3559 enim
2921 3504 2973 3558 in
3011 3504 3219 3561 decima
3249 3506 3461 3561 visione
3508 3521 3629 3575 sua,

2019 3612 2143 3653 cum
2196 3606 2343 3654 totus
2389 3606 2598 3654 attenta
2643 3605 2825 3653 mente
2867 3597 3101 3669 pendula
3136 3597 3546 3664 sollicitudine,
3577 3599 3633 3655 in

2020 3689 2274 3747 oratione
2320 3691 2387 3745 ad
2428 3689 2601 3747 Deum
2646 3688 2841 3746 fuisset
2868 3691 3146 3759 intentus;
3176 3691 3321 3747 scire
3356 3692 3545 3748 volens
3586 3693 3635 3751 si

2018 3792 2193 3841 status
2220 3782 2567 3842 Hierusalem
2596 3793 2651 3841 et
2673 3785 2906 3857 populus
2933 3785 3074 3863 ejus,
3102 3796 3223 3859 post
3255 3785 3635 3857 captivitatem

2023 3882 2355 3955 Babyloniae,
2376 3881 2445 3937 ab
2472 3880 2724 3944 hostibus
2747 3880 2881 3937 nihil
2908 3883 3039 3943 mali
3066 3885 3300 3955 amplius
3324 3894 3630 3956 pateretur;

2020 3978 2276 4051 apparuit
2308 3975 2358 4031 ei
2390 3975 2617 4051 angelus
2646 3974 2744 4033 Dei
2771 3974 2961 4037 dicens
2987 3994 3002 4033 :
3028 3974 3221 4033 Daniel
3255 3979 3409 4041 modo
3432 3980 3635 4048 prodivi

2022 4071 2092 4131 ad
2119 4070 2491 4131 ostendendum
2519 4070 2611 4124 tibi
2637 4086 2881 4145 sensum;
2912 4070 3066 4125 exivit
3097 4072 3233 4131 enim
3262 4071 3473 4126 Domini
3500 4087 3636 4145 pm-

2023 4172 2248 4235 ceptum,
2281 4172 2330 4216 et
2360 4163 2473 4217 veni
2499 4172 2559 4217 ut
2599 4163 2942 4221 demonstrem
2972 4163 3067 4217 tibi
3094 4181 3111 4218 :
3144 4162 3238 4218 Vir
3270 4164 3408 4218 enim
3440 4180 3634 4219 concu-

2025 4257 2227 4331 piscens
2247 4272 2299 4315 es
2326 4265 2400 4313 tu.
2428 4254 2677 4329 Recogita
2698 4256 2858 4333 igitur
2879 4255 2933 4311 in
2967 4263 3298 4331 praceptum,
3333 4267 3383 4315 et
3402 4255 3636 4327 intellige

2024 4349 2313 4417 visionem;
2345 4347 2690 4422 Septuaginta
2716 4346 3057 4405 hebdomada:
3092 4350 3270 4405 incisa:
3302 4359 3425 4406 sunt
3465 4350 3519 4405 in
3541 4366 3637 4424 po-

2028 4440 2211 4512 pulum
2250 4450 2427 4512 tuum,
2469 4450 2518 4496 et
2555 4442 2609 4497 in
2659 4441 2916 4503 civitatem
2958 4439 3287 4499 Hierusalem
3339 4440 3502 4517 (Dan.
3554 4442 3633 4511 si,

2030 4533 2245 4608 εει-ει).

2105 4626 2199 4683 Xi.
2233 4627 2495 4701 Designat
2528 4626 2694 4699 igitur
2736 4628 2962 4699 angelus
3014 4625 3248 4695 Danieli,
3286 4637 3342 4684 et
3368 4644 3639 4686 summam

2035 4719 2087 4775 in
2118 4721 2461 4799 septuaginta
2491 4719 2955 4788 hebdomadibus,
2985 4729 3042 4776 et
3069 4735 3287 4779 rursum
3318 4736 3423 4777 suo
3447 4721 3640 4777 ordine

2034 4810 2268 4885 partitur
2296 4828 2414 4881 eas,
2448 4811 2667 4884 quando
2711 4822 2764 4868 et
2795 4812 3069 4885 quomodo
3105 4811 3509 4889 compleantur.
3555 4811 3637 4870 Ac

2034 4907 2105 4965 de
2156 4908 2349 4964 eodem
2419 4906 2649 4979 angelus
2700 4906 2779 4967 sic
2829 4907 3178 4983 prosequitur
3233 4905 3424 4965 dicens
3471 4922 3485 4959 :
3550 4904 3635 4961 Ad

2036 5002 2383 5057 oblitteranda
2402 5016 2516 5073 qua
2536 5009 2864 5077 acceperunt,
2894 5011 2940 5055 et
2958 4998 3370 5057 consummando
3398 5009 3630 5073 peccata,

2035 5106 2058 5135 ο
2078 5108 2125 5152 et
2154 5097 2446 5152 exorandus
2468 5096 2776 5173 injustitias,
2806 5104 2854 5150 et
2883 5094 3137 5151 uiolanda
3164 5094 3376 5160 delicta,
3400 5105 3447 5149 et
3472 5095 3638 5167 aequi-

2033 5198 2191 5245 tatem
2220 5189 2585 5259 sempiternam
2626 5186 3053 5261 excogitandum,
3092 5195 3139 5241 et
3190 5196 3245 5239 ut
3290 5186 3639 5241 concludatur

2033 5281 2165 5337 uisio
2188 5291 2235 5335 et
2266 5280 2537 5353 prophetia
2558 5324 2573 5349 ,
2607 5289 2654 5334 et
2680 5288 2735 5333 ut
2760 5289 2989 5350 ungatur
3017 5276 3243 5335 Sanctus
3271 5277 3586 5339 Sanctorum
3619 5293 3641 5332 :

2034 5385 2083 5429 et
2107 5383 2161 5429 tu
2184 5374 2391 5445 quiesce
2416 5382 2463 5428 et
2490 5372 2722 5443 iuteliige
2754 5369 2773 5409 ί
2801 5370 2863 5425 de
2891 5380 3141 5436 proventu
3174 5369 3506 5437 Sanctorum,
3536 5372 3642 5426 sive

2039 5476 2355 5542 prwceptum
2392 5464 2805 5541 respondendum
2835 5472 2882 5517 et
2906 5463 3274 5535 wdiﬁcandam
3303 5467 3480 5519 urbem
3512 5463 3641 5518 Hie-

2119 5634 2148 5671 ο
2185 5623 2256 5680 Et
2275 5626 2565 5682 mandas
2590 5625 2773 5696 injust.
2803 5620 2929 5679 Sec.
2965 5620 3110 5679 LXX
3128 5666 3141 5688 ,
3173 5627 3257 5680 καὶ
3284 5630 3375 5681 τοῦ
3400 5625 3643 5693 ἐξιλάσα-

2045 5699 2163 5756 σθαι
2188 5698 2406 5760 ἀδικίας.

2129 5768 2272 5843 μορ
2316 5777 2562 5843 prouentu
2584 5777 2733 5843 ,_ctc_.
2768 5767 2971 5843 Locum
3016 5765 3339 5843 mendosum
3365 5772 3637 5843 suspicor.

2053 5839 2222 5908 LXX,
2244 5836 2366 5901 Ἂτὶὸ
2398 5836 2570 5907 ἐξόδου
2595 5838 2745 5911 λόγου
2768 5845 2860 5896 τοῦ
2886 5838 3242 5913 ἀποκριθῆναι,
3270 5838 3347 5895 Ab
3367 5836 3511 5898 exiltt
3538 5858 3650 5899 ser-
