4048 6350
475 284 617 344 HO!

1785 272 1852 341 ρ.
1891 266 2062 330 sucu
2103 265 2458 327 HILARIANI

3639 262 3782 328 HM

467 402 715 461 rusalem.
743 411 904 468 usque
943 394 1011 449 ad
1038 391 1301 448 Christum
1325 390 1508 445 ducem
1530 431 1546 457 ,
1581 390 1931 445 hebdomadas
1959 405 2074 462 sep-
2099 390 2150 449 Α
2178 386 2493 442 Grmcorum
2548 399 2728 441 annos
2765 382 2948 441 divina
2991 381 3303 442 narratione
3354 384 3650 456 percurrit.
3697 386 3784 441 Fit

471 510 573 554 tem
605 495 765 565 (Dan.
797 491 890 556 Ἠ,
923 489 1017 562 25)
1051 508 1065 542 ι
1097 504 1218 560 qua:
1259 486 1618 542 hebdomadas:
1647 495 1776 541 sunt
1805 482 1876 538 49
1901 484 2026 537 anui
2054 500 2066 537 :

465 591 558 664 qui
587 589 737 653 anni,
769 585 836 642 ad
869 599 1072 655 corpus
1103 581 1173 637 70
1203 596 1474 636 annorum
1504 579 1843 649 captivitatis
1874 579 2069 634 Hieru-

467 683 640 738 salem
671 678 970 750 pertinent.
1017 679 1177 732 Anno
1209 676 1355 730 enim
1386 675 1567 744 primo
1599 673 1749 728 Darii
1779 673 1947 743 regis,
1977 671 2073 742 qui

465 772 798 847 regnavitad
820 787 1042 843 regnum
1067 767 1582 836 Chaldteorum._.qui
1601 767 1766 822 etiam
1786 765 2073 822 Balthazar

465 883 656 940 regem
686 865 924 932 occidit;
973 864 1161 918 Daniel
1186 862 1324 917 vidit
1353 860 1618 916 visionem
1641 877 1655 912 :
1680 867 1733 913 et
1756 857 1852 912 fuit
1882 857 1948 912 21
1975 874 2073 912 an-

435 945 573 1015 .nus
619 958 954 1029 captivitatis
1000 955 1378 1019 Hierusalem;
1418 952 1480 1009 18
1526 953 1672 1007 enim
1721 949 1884 1004 anuis
1936 950 2074 1004 vixit

465 1053 997 1113 Nabuchodonosor.
1029 1056 1384 1120 posteaquam
1438 1044 1714 1116 praedatus
1765 1053 1848 1098 est
1902 1042 2071 1098 Sede-

466 1148 647 1204 chiam
670 1157 723 1202 et
740 1143 1082 1200 Hierusalem
1100 1159 1116 1208 ;
1135 1152 1190 1197 et
1213 1141 1354 1194 filius
1383 1140 1505 1209 ejus
1519 1136 1803 1192 Balthazar
1825 1135 2073 1206 regnavit

464 1238 627 1296 annis
650 1239 705 1304 3,
739 1238 794 1292 in
836 1251 944 1308 qtto
986 1249 1132 1288 anno
1163 1232 1328 1288 tertio
1359 1229 1574 1285 occisus
1603 1237 1705 1292 est,
1740 1236 1796 1283 et
1827 1224 2073 1294 suscepit

465 1349 696 1406 regnum
725 1330 941 1386 Darius.
960 1327 1128 1398 Cujus
1152 1341 1296 1380 anno
1321 1323 1518 1392 primo,
1547 1321 1753 1377 Dauieli
1778 1320 1845 1374 ab
1873 1319 2070 1390 angelo

463 1427 665 1484 dicitur
694 1425 762 1481 de
790 1421 1149 1479 hebdomadis
1178 1419 1518 1489 septuaginta
1547 1433 1560 1470 :
1588 1430 1723 1486 quas
1748 1429 1872 1470 cum
1905 1410 2072 1482 parti-

463 1527 642 1582 retur,
667 1523 880 1587 septem
919 1510 1298 1574 hebdomadae,
1337 1510 1530 1579 primo,
1561 1507 1630 1562 ab
1656 1505 1848 1562 eodem
1877 1504 2068 1576 angelo

465 1614 767 1670 nominata:
795 1617 921 1664 sunt
953 1625 964 1660 :
992 1622 1113 1678 qua:
1136 1607 1216 1678 (ut
1256 1605 1464 1659 dictum
1492 1603 1599 1672 est)
1626 1611 1752 1654 sunt
1775 1600 1904 1654 anni
1933 1615 2068 1670 qua-

466 1705 715 1776 draginta
749 1717 980 1768 novem,
1012 1700 1104 1768 qui
1131 1698 1434 1770 junguntur
1477 1696 1541 1749 ad
1581 1694 1648 1748 21
1692 1692 2026 1764 captivitatis
2049 1733 2064 1756 ,

2176 481 2343 552 igitur
2367 481 2545 537 omnis
2565 497 2774 558 summa
2800 496 3068 537 annorum
3101 495 3288 552 regum
3314 479 3603 536 Persarum
3649 478 3780 544 9.63,

2176 587 2230 630 et
2257 574 2326 629 ab
2355 574 2671 629 Alexandro
2709 573 3004 630 Macedone
3044 588 3216 642 usque
3243 573 3310 628 ad
3343 573 3599 628 Antiochi
3641 583 3785 627 tem—

2177 680 2330 736 pora,
2361 666 2412 721 id
2443 676 2548 733 est,
2579 683 2750 737 usque
2780 665 2846 720 ad
2881 665 2979 722 141
3021 680 3224 721 annum
3253 665 3405 736 regni
3433 664 3781 732 Graecorum,

2175 759 2462 829 completa:
2492 769 2618 815 sunt
2650 759 2732 832 (ut
2759 755 3022 828 diximus)
3048 758 3402 816 hebdomadse
3428 757 3520 826 62,
3541 759 3646 814 hoc
3674 767 3783 824 est,

2176 866 2308 906 ann.
2337 850 2467 908 434.

2245 945 2390 1001 XIV.
2421 944 2552 1000 Post
2583 945 2653 1002 62
2681 946 3052 1004 hebdomadas
3081 947 3182 1021 (ait
3209 947 3468 1020 angelus)
3495 947 3786 1017 disperde-

2174 1049 2262 1095 tur
2293 1040 2480 1095 unctio
2505 1051 2561 1096 et
2581 1039 2804 1096 Sancta.
2841 1041 2982 1113 Ergo
3014 1053 3136 1112 post
3167 1041 3199 1096 7
3230 1051 3284 1098 et
3306 1042 3376 1098 62
3403 1041 3784 1098 hebdomadas

2175 1149 2282 1190 una
2327 1133 2670 1190 hebdomada
2715 1144 2986 1206 superest,
3034 1151 3196 1205 quam
3231 1134 3436 1191 faciunt
3473 1137 3600 1192 anni
3648 1137 3681 1190 7
3711 1135 3781 1191 ad

2173 1228 2582 1284 conclusionem
2610 1243 2840 1284 summae
2864 1229 2933 1284 70
2955 1228 3446 1287 hebdomadarum.
3471 1229 3526 1286 In
3550 1229 3655 1285 hac
3678 1230 3782 1286 sci-

2173 1319 2300 1375 licet
2331 1320 2692 1388 hehdomada,
2717 1322 2961 1392 gentium
2991 1321 3194 1376 malitia
3220 1323 3484 1388 excrevit,
3503 1323 3642 1377 sicut
3669 1322 3783 1392 jam

2171 1413 2240 1468 ab
2268 1412 2462 1483 angelo
2502 1412 2683 1468 fuerat
2711 1413 2918 1469 dielutn
2947 1431 2961 1482 ;
2992 1424 3052 1470 ut
3081 1416 3247 1470 etiam
3294 1416 3349 1471 in
3391 1415 3620 1472 dimidio
3653 1416 3788 1473 heb-

2172 1507 2421 1563 domadis
2489 1507 2768 1578 ejusdem,
2828 1509 2900 1564 ab
2953 1508 3227 1565 Antiocho
3293 1524 3420 1580 rege
3459 1509 3782 1566 Cra-corum

2171 1603 2416 1659 aufertur
2447 1602 2776 1658 sacriﬁcium
2806 1607 2873 1657 de
2901 1603 3024 1659 loco
3047 1612 3238 1659 sancto
3267 1623 3281 1657 :
3311 1612 3369 1660 et
3406 1603 3670 1661 Sanctum
3701 1604 3786 1673 ip-

2171 1711 2291 1751 sum
2324 1695 2586 1765 pollutum
2615 1705 2700 1752 est
2723 1695 2987 1752 feminino
3014 1706 3460 1768 aspernamento,
3485 1708 3542 1753 et
3571 1698 3786 1753 Abomi-

466 1797 684 1869 quando
730 1794 922 1850 Daniel
953 1792 1090 1848 vidit
1141 1791 1450 1854 visionem;
1483 1798 1538 1842 et
1580 1787 1891 1841 efﬁciuntur
1941 1786 2070 1840 anni
2099 1783 2149 1845 B
2176 1791 2316 1844 natio
2362 1789 2698 1844 desolationis
2744 1790 2883 1845 facta
2924 1800 3009 1844 est
3052 1805 3218 1862 super
3263 1790 3468 1857 altare,
3495 1801 3553 1846 et
3601 1801 3784 1848 statua

464 1890 809 1962 septuaginta
837 1930 850 1952 ,
881 1889 972 1959 qui
1001 1887 1256 1956 completi
1286 1895 1412 1940 sunt
1441 1883 1495 1938 in
1528 1881 1848 1954 Babylonia,
1885 1892 1940 1935 ut
1969 1879 2070 1935 im-

463 1989 708 2058 pleretur
760 1985 898 2038 visio
946 1991 1001 2037 et
1056 1981 1347 2054 prophetia
1397 1979 1704 2034 llieremite.
1759 1977 1887 2032 Post
1933 1991 2071 2047 quos

463 2095 641 2136 armos
666 2078 842 2151 Cyrus
869 2093 966 2132 rex
996 2075 1286 2131 Persarqu
1316 2073 1469 2144 jubet
1493 2071 1720 2143 populos
1745 2069 1823 2125 ite
1848 2069 1913 2123 ad
1947 2068 2072 2124 llie-

461 2173 704 2231 rusalem
736 2173 912 2242 primo
940 2184 1088 2224 anno
1115 2166 1269 2238 regni
1299 2165 1415 2231 sui;
1469 2174 1527 2218 ut
1575 2161 1835 2218 aediﬁcari
1883 2169 2072 2232 posset

464 2265 834 2332 Hierusalem,
858 2272 912 2318 et
935 2270 1233 2334 ungeretur
1258 2258 1518 2315 Sanctum
1547 2257 1896 2321 Sanctorum,
1924 2254 2069 2327 quod

463 2359 568 2415 fuit
591 2359 643 2414 in
675 2356 906 2424 'l'emplo
935 2356 1029 2410 Dei
1060 2353 1516 2409 sacratissititum.

534 2452 652 2510 XII.
695 2453 1070 2508 Revertuntur
1099 2449 1264 2519 igitur
1293 2445 1480 2517 pepuli
1507 2445 1576 2501 de
1614 2443 1936 2517 Babylonia,
1967 2442 2067 2497 ha-

461 2551 653 2608 bentes
682 2563 870 2604 secum
897 2545 1091 2601 ducem
1114 2542 1447 2606 Zorobabel,
1471 2541 1539 2596 de
1565 2556 1676 2610 quo
1701 2539 1905 2595 mentio
1931 2537 2072 2593 facta

457 2656 543 2701 est
579 2645 648 2699 ab
691 2643 886 2714 angelo
930 2640 998 2695 ad
1032 2639 1346 2704 Danielum;
1377 2652 1538 2707 usque
1562 2637 1631 2688 ad
1675 2634 1930 2688 christum
1970 2631 2070 2685 du-

463 2753 592 2803 cem,
614 2735 948 2790 hebdomade:
968 2743 1184 2804 septem.
1211 2731 1402 2788 Omnis
1423 2731 1568 2785 enim
1611 2744 1703 2784 rex
1746 2729 1925 2798 populi
1950 2727 2067 2794 Dei,

462 2830 518 2886 in
549 2829 734 2884 divina
767 2829 915 2898 lege,
948 2829 1187 2881 christus
1235 2824 1541 2895 appellatus
1573 2833 1676 2878 est.
1725 2821 1858 2877 Nam
1888 2831 1942 2877 et
1971 2821 2070 2876 Za-

463 2923 681 2978 charias
707 2921 992 2993 propheta,
1020 2919 1228 2990 Regem
1273 2920 1510 2973 futurum
1538 2933 1687 2984 eum,
1713 2919 1779 2972 ad
1807 2917 2069 2988 pupulum

464 3019 564 3075 sic,
590 3018 832 3088 loquitur
871 3015 1106 3071 dicens:
1141 3013 1337 3068 Manus
1381 3011 1674 3067 Zorobabel
1719 3012 2070 3080 laudauerunt

465 3113 680 3168 domum
709 3113 880 3175 istam,
913 3121 959 3164 et
989 3125 1176 3164 manus
1217 3113 1330 3183 ejus
1379 3107 1804 3162 consummabant
1841 3124 1954 3161 eam
1976 3149 1992 3174 ,
2023 3114 2073 3161 ct

2171 1882 2328 1939 Jovis
2358 1899 2519 1954 quem
2559 1882 2870 1954 Olympium
2918 1892 3156 1949 vocant,
3198 1882 3310 1938 illic
3351 1883 3638 1938 collocata.
3675 1883 3785 1942 Iste

2172 1976 2337 2032 etiam
2366 1975 2674 2031 Antiochus
2713 1987 2896 2032 mente
2935 1991 3194 2047 perversa
3222 1975 3548 2034 Antichristi
3591 1979 3784 2050 imagi-

2173 2086 2296 2126 nem
2343 2082 2590 2138 portans,
2641 2086 2801 2124 unam
2854 2069 3069 2140 plebem
3128 2086 3404 2140 unumque
3449 2071 3780 2144 sacrilegum

2173 2163 2435 2232 populum
2481 2162 2582 2217 sub
2613 2177 2781 2234 regno
2809 2178 2910 2218 suo
2951 2163 3171 2218 efficere
3202 2165 3524 2220 conabatur.
3555 2164 3694 2221 Nam
3726 2175 3784 2222 et

2171 2256 2487 2328 apostaticis
2515 2257 2826 2313 hominibus
2850 2256 3124 2314 aediﬁcare
3155 2258 3210 2314 iu
3245 2259 3588 2316 Hierusalem
3618 2276 3780 2333 gym-

2171 2349 2406 2412 nasium.
2435 2349 2488 2404 id
2521 2358 2626 2416 est,
2657 2350 2919 2418 studium,
2950 2353 3222 2408 concessit
3251 2370 3264 2408 :
3293 2363 3350 2409 et
3394 2354 3485 2409 ubi
3515 2370 3624 2409 non
3671 2355 3778 2411 nisi

2169 2440 2238 2496 ad
2268 2442 2603 2498 exorandum
2643 2459 2703 2499 se
2731 2458 3032 2514 sanctaque
3061 2445 3325 2502 sacriﬁcia
3361 2447 3466 2503 sibi
3492 2446 3778 2506 offerenda

2173 2535 2316 2592 Deus
2339 2537 2688 2607 omniporens
2725 2539 2986 2610 templum
3019 2538 3121 2594 sibi
3147 2539 3425 2596 collocare
3469 2545 3775 2614 praecepit;

2172 2630 2264 2686 ille
2284 2646 2347 2685 ex
2376 2630 2707 2701 spectaculis
2737 2631 3010 2687 idolorum
3046 2633 3293 2701 polluere
3328 2635 3667 2704 concupivit.

2243 2721 2360 2778 XV.
2404 2721 2542 2778 Cum
2588 2724 2751 2792 igitur
2795 2725 2823 2780 7
2869 2734 2926 2780 et
2977 2725 3048 2780 62
3087 2725 3444 2782 hebdomadas
3487 2728 3776 2797 completa:

2172 2816 2422 2880 fuissent,
2458 2819 2510 2873 in
2545 2819 2724 2888 prima
2751 2819 2858 2876 ista
2883 2819 3224 2876 hebdomada
3261 2822 3343 2892 (ut
3383 2824 3637 2894 superius
3660 2822 3779 2880 dic-

2172 2920 2284 2966 tum
2314 2909 2420 2982 est)
2454 2911 2621 2966 llbl‘OS
2647 2912 2784 2982 legis
2819 2912 3086 2981 comburi,
3119 2913 3414 2970 Sacriﬁcari
3441 2915 3776 2983 simulacris,

2172 3019 2223 3064 et
2251 3006 2530 3062 immunda
2562 3008 2916 3076 manducare,
2948 3009 3095 3078 genti
3126 3007 3437 3065 Judaaorum
3465 3009 3695 3077 indixit;
3723 3019 3781 3066 et

2174 3101 2276 3157 fuit
2322 3118 2495 3173 usque
2539 3102 2593 3157 in
2625 3103 2812 3173 quinta
2841 3113 2895 3158 et
2921 3104 3183 3174 vigesima
3220 3105 3311 3161 die
3342 3105 3550 3162 mensis
3580 3107 3614 3163 9
3641 3123 3774 3164 ann.

463 3220 738 3277 cognosces
783 3203 924 3278 quod
958 3201 1212 3256 Dominus
1240 3180 1566 3272 omnipotens
1607 3202 1746 3254 misit
1771 3217 1852 3254 me
1893 3202 1961 3254 ad
1986 3211 2072 3266 te;
2096 3180 2142 3244 (ἶ
2181 3193 2281 3250 148
2310 3196 2459 3266 regni
2488 3194 2801 3252 Graecorum
2830 3216 2842 3250 :
2869 3196 2921 3252 in
2951 3213 3060 3268 quo
3079 3212 3249 3266 anno,
3268 3198 3617 3268 complentur
3645 3201 3779 3257 heb-

459 3298 583 3365 quia
617 3299 732 3368 quis
757 3297 952 3358 sprevit
981 3305 1031 3349 te
1055 3296 1110 3350 in
1135 3294 1317 3350 diebus
1343 3294 1595 3363 pusillis?
1623 3305 1669 3348 et
1699 3293 1996 3365 gaudebunt
2019 3295 2073 3349 in

461 3401 530 3456 te,
559 3401 608 3446 et
651 3389 891 3446 videbunt
920 3389 978 3442 in
1014 3404 1172 3442 manu
1213 3386 1500 3441 Zorobabcl
1541 3386 1773 3459 lapidem
1801 3398 2073 3442 stanneum

465 3481 650 3554 (Zach.
700 3496 774 3548 tv,
809 3483 863 3548 9,
908 3477 998 3550 10)
1037 3497 1048 3533 :
1081 3478 1225 3550 quod
1260 3478 1426 3534 hodie
1455 3479 1851 3548 imperatores,
1877 3479 1930 3532 in
1959 3493 2081 3534 ωτι-ι

463 3591 536 3630 nu
563 3574 828 3640 dextera,
858 3571 1024 3626 veluti
1067 3573 1326 3643 populum
1372 3570 1517 3626 ferre
1550 3573 1826 3627 videntur.
1856 3570 2075 3642 Repetit

461 3667 728 3737 angelus,
753 3673 808 3720 et
835 3665 911 3718 ait
944 3663 1151 3719 Danieli
1185 3671 1212 3700 ιι
1239 3663 1309 3717 6?.
1341 3662 1715 3718 hebdomadas
1754 3663 2070 3730 Dominum,

464 3759 569 3815 hoc
595 3767 700 3821 est,
735 3759 787 3813 in
821 3758 1021 3828 quibus
1056 3757 1314 3812 restituto
1363 3758 1569 3826 templo
1615 3766 1670 3812 et
1697 3757 1918 3813 civitate
1944 3758 2072 3814 Hie-

468 3852 702 3907 rusalem
728 3890 743 3916 ,
780 3850 834 3904 in
877 3848 1248 3902 oblationibus
1300 3850 1415 3902 suis
1465 3849 1697 3902 Domino
1741 3850 2068 3904 servierunt.

467 3945 600 4015 Qua:
630 3941 986 3999 hebdomadas:
1017 3941 1087 3995 62
1127 3949 1257 3996 sunt
1296 3941 1424 3994 anni
1449 3941 1576 4004 454,
1614 3943 1706 4010 qui
1753 3943 1879 3995 anni
1917 3957 2071 3996 com-

464 4036 600 4108 pleti
628 4041 756 4091 sunt
784 4031 1122 4104 temporibus
1155 4030 1590 4086 Macbabmorum
1620 4048 1764 4086 atino
1796 4031 1893 4088 Ml
1921 4033 2072 4104 regni

464 4132 804 4190 Graecorum.
835 4127 944 4184 Isto
973 4141 1207 4197 namque
1233 4136 1502 4196 tempore,
1535 4123 1842 4181 Antiochus
1867 4125 2073 4183 Graecis

465 4225 702 4296 superba
736 4232 919 4278 mente
946 4223 1237 4292 regnabat.

533 4315 673 4372 Xlll.
708 4315 778 4370 Et
807 4316 1056 4386 quamvis
1087 4311 1226 4387 ordo
1258 4311 1362 4366 iste
1387 4324 1654 4366 annorum
1685 4309 1884 4367 divinm
1913 4310 2066 4385 legis,

465 4424 496 4464 a
519 4409 909 4464 consututione
932 4406 1118 4463 mundi
1149 4405 1385 4461 sufficiat
1409 4405 1546 4468 sibi;
1571 4414 1752 4460 tamen
1772 4418 1824 4460 ut
1856 4405 2072 4462 lectoris

462 4503 646 4556 animo
674 4503 997 4556 satisfacere
1026 4500 1334 4566 videamur,
1355 4500 1523 4554 etiam
1566 4514 1662 4568 per
1691 4514 1846 4570 reges
1874 4499 2070 4556 Persa-

2172 3290 2420 3345 domadae
2449 3285 2658 3346 omnes“
2673 3291 2764 3356 70,
2795 3306 2931 3362 quas
2957 3291 3256 3346 decurrens
3282 3291 3587 3363 designavit
3617 3308 3780 3366 ange-

2173 3382 2257 3438 lus
2300 3383 2544 3450 Dauieli,
2576 3383 2646 3438 de
2687 3384 3002 3440 turbatione
3053 3384 3294 3440 civitatis
3336 3384 3681 3443 Hierusalem
3724 3395 3782 3443 et

2174 3476 2358 3546 populi
2391 3477 2713 3541 eversione;
2745 3477 2815 3532 de
2855 3493 2958 3548 qua
2999 3493 3062 3532 re
3104 3478 3268 3533 etiam
3317 3477 3432 3548 ipse
3465 3477 3677 3546 Daniel,
3712 3480 3779 3535 ad

2174 3568 2469 3624 Dominum
2499 3570 2901 3639 concupiscens
2928 3570 3264 3641 requirebat.

2249 3658 2387 3717 XVI.
2430 3661 2510 3716 Ex
2540 3661 2665 3716 hinc
2691 3678 2864 3733 usque
2895 3662 2948 3718 in
2983 3663 3082 3718 l7t
3129 3678 3333 3719 annum
3368 3664 3521 3736 regni
3553 3664 3782 3722 Graeco-

2173 3771 2324 3820 rutn;
2347 3771 2454 3826 quo
2479 3765 2728 3825 tempore
2759 3755 2957 3811 Lucius
2987 3754 3232 3811 Licinius
3252 3755 3536 3824 Lucullus,
3555 3757 3650 3829 qui
3680 3757 3785 3815 fuit

2174 3849 2365 3904 consul
2405 3847 2816 3912 Romanorum,
2843 3849 2912 3904 de
2941 3849 3203 3906 societate
3228 3859 3284 3905 et
3307 3850 3570 3907 amicitiis
3595 3853 3665 3908 ad
3695 3853 3785 3910 Si-

2175 3957 2391 3998 monem
2427 3943 2647 3998 fratrem
2679 3942 2832 3999 Judae
2858 3943 3153 4000 Machabtei
3188 3945 3398 4002 litteras
3428 3947 3616 4014 dedit;
3647 3949 3780 4005 anni

2174 4043 2303 4090 sunt
2337 4035 2428 4091 26.
2463 4035 2544 4091 Ex
2583 4036 2742 4119 istius
2781 4053 3013 4109 namque
3055 4039 3346 4094 consulatu
3399 4056 3616 4098 annuos
3662 4044 3779 4114 jam

2174 4133 2448 4200 consules,
2479 4133 2855 4203 requirentes;
2887 4134 3197 4190 invenimus
3227 4150 3399 4204 usque
3441 4135 3511 4190 ad
3562 4138 3782 4208 passio-

2175 4239 2298 4280 nem
2346 4224 2563 4280 Domini
2597 4227 2770 4281 nostri
2800 4224 2929 4281 Jesu
2973 4224 3215 4293 Christi,
3254 4242 3426 4298 usque
3457 4227 3527 4283 ad
3574 4245 3784 4286 annum

2175 4317 2444 4372 decin‘imn
2473 4326 2690 4372 sextum
2719 4317 2932 4388 imperii
2955 4317 3160 4374 Tiberii
3190 4319 3453 4388 Carsaris,
3478 4319 3584 4376 179
3603 4335 3782 4377 annos

2174 4424 2301 4466 esse
2345 4410 2648 4480 completos
2672 4426 2686 4464 :
2710 4424 2773 4465 ac
2812 4426 2913 4482 per
2952 4409 3056 4466 hoc
3081 4426 3109 4464 a
3138 4409 3346 4467 fabrica
3378 4413 3565 4468 mundi
3607 4427 3784 4482 usque

2174 4502 2240 4557 ad
2273 4503 2585 4571 passionem
2628 4500 2832 4557 Christi
2878 4502 3178 4559 Salvatoris
3221 4503 3433 4569 nostri,
3479 4505 3610 4559 anni
3657 4513 3786 4561 sunt

458 4609 582 4649 rum
621 4600 939 4658 currentes,
971 4593 1038 4648 de
1080 4591 1326 4648 historiis
1375 4591 1716 4661 publicarum
1764 4569 2070 4649 litterarum
2095 4569 2150 4628 D
2178 4569 2342 4652 5530.
2377 4597 2612 4652 Proinde
2640 4596 2708 4650 ad
2739 4595 3153 4652 conclusionem
3196 4611 3293 4652 sex
3325 4595 3558 4653 millium
3611 4613 3785 4656 anno-

463 4689 808 4745 ostendimus
853 4703 882 4741 a
933 4687 1076 4759 Cyro
1123 4688 1194 4744 62
1249 4687 1621 4742 hebdomadas
1668 4690 1772 4744 isto
1827 4698 2072 4759 tempore

466 4784 898 4840 Machabazorum
933 4781 1101 4836 fuisse
1133 4782 1403 4851 impletas.
1439 4783 1612 4854 Cyrus
1637 4797 1870 4852 namque
1891 4783 2071 4840 Persis

460 4873 720 4946 regnavit
748 4874 905 4928 annis
939 4873 1029 4940 '50,
1057 4872 1394 4928 Artaxerxes
1421 4877 1667 4946 regnavit
1697 4876 1856 4931 annis
1883 4877 1938 4949 9,
1969 4880 2071 4932 Ar-

460 4985 563 5042 gus
601 4965 850 5040 regnavit
881 4968 1163 5022 mensibus
1200 4965 1253 5030 9,
1289 4966 1482 5020 Darius
1512 4971 1756 5038 regnavit
1786 4969 1947 5023 annis
1975 4970 2066 5036 36,

457 5064 800 5118 Artaxerxes
834 5058 1106 5116 secundus
1129 5059 1380 5129 regnavit
1403 5061 1561 5114 annis
1595 5061 1682 5128 19,
1707 5063 1987 5117 mensibus
2012 5063 2068 5126 2,

459 5156 766 5212 Socidanns
809 5155 1087 5210 mensibus
1119 5154 1172 5215 7,
1206 5151 1415 5208 Xerxes
1444 5153 1586 5209 ﬁlius
1629 5157 1802 5225 tnajor
1829 5159 2075 5226 regnavit

458 5251 620 5305 anuis
648 5249 742 5314 ΞΟ,
770 5248 1110 5306 Artaxerxes
1147 5249 1390 5317 regnavit
1426 5248 1515 5312 '72,
1550 5251 1787 5306 Artabus
1829 5241 2076 5323 regnavit

461 5343 742 5399 mensibus
773 5344 825 5410 7,
875 5342 1066 5397 Darius
1098 5341 1308 5397 Nothns
1357 5343 1606 5412 regnavit
1649 5360 1778 5399 ann.
1809 5345 1900 5410 29,
1941 5347 2072 5402 Olus

460 5434 710 5505 regnavit
732 5451 858 5489 ann.
886 5434 979 5500 22,
1007 5436 1174 5490 Arser
1211 5435 1459 5504 regnavit
1487 5450 1614 5498 ann.
1644 5437 1729 5500 17,
1761 5438 1953 5494 Darius
1985 5455 2071 5496 re-

459 5526 651 5596 gnavit
697 5541 826 5580 ann.
863 5525 917 5580 6.
956 5524 1108 5579 Hune
1158 5525 1440 5581 interfecit
1485 5528 1796 5583 Alexander
1847 5530 2071 5601 Magnus

463 5621 722 5689 Macedo;
765 5638 794 5675 a
845 5619 1002 5690 cujus
1046 5631 1293 5692 tempore
1347 5622 1576 5679 historia
1612 5623 2063 5695 Machabawrum,

469 5741 724 5812 mouisad
750 5742 1190 5812 respondendum.

2179 4706 2298 4746 rum
2333 4690 2601 4746 debentur
2632 4691 2760 4745 anni
2789 4688 2915 4745 470.
2947 4689 3184 4746 Necesse
3228 4703 3312 4746 εει
3353 4692 3528 4756 enim,
3557 4703 3620 4747 ut
3648 4709 3788 4764 quo-

2178 4784 2342 4840 modo
2373 4783 2466 4838 ﬁlii
2497 4783 2690 4851 Israel,
2719 4799 2748 4838 a
2788 4781 3181 4854 pollicitatione
3227 4783 3442 4838 Domini
3489 4784 3590 4841 Dei
3641 4787 3785 4843 facta

2175 4875 2244 4930 ad
2277 4876 2576 4940 Abraham,
2611 4883 2732 4944 post
2766 4875 2876 4932 470
2927 4888 3102 4930 annos
3149 4873 3532 4945 promissionis
3575 4886 3784 4933 terram

2177 4985 2474 5041 accepere;
2513 4970 2592 5024 sic
2628 4970 2794 5025 etiam
2843 4983 2943 5025 nos
2985 4967 3326 5034 Christiani,
3378 4981 3503 5038 post
3552 4971 3785 5027 tetidem

2179 5075 2374 5128 annos,
2405 5062 2634 5132 primam
2666 5061 3131 5117 resurrectionem
3161 5061 3504 5116 habebimus.
3539 5061 3788 5134 Populus

2179 5155 2324 5210 enim
2355 5152 2634 5220 Judaicus,
2667 5153 2722 5207 in
2753 5154 3006 5208 omnibus
3035 5153 3256 5224 ﬁguram
3288 5161 3532 5208 nostram
3555 5165 3786 5225 portat:

2179 5249 2245 5305 In
2275 5267 2375 5323 quo
2403 5253 2534 5321 ﬁnes
2558 5251 2863 5306 seculorum
2895 5257 3268 5304 concurrerant
3313 5248 3374 5320 (Ι
3404 5247 3524 5304 Cor.
3559 5265 3615 5316 x,
3649 5251 3719 5307 15
3740 5248 3785 5324 ).

2181 5344 2322 5416 Ergo
2363 5361 2392 5400 a
2441 5346 2695 5416 passione
2739 5344 2954 5399 Domini
2998 5343 3206 5398 Christi
3238 5348 3341 5412 (ex
3372 5357 3480 5413 quo
3533 5354 3788 5416 tempore

2181 5438 2286 5494 ﬁde
2313 5439 2366 5493 in
2395 5454 2452 5494 se
2483 5437 2864 5504 credentibus,
2896 5436 3353 5494 resurrecﬁonem
3399 5438 3673 5506 pollicitus
3699 5446 3787 5494 est

2177 5531 2273 5588 Dei
2307 5529 2514 5600 Filius)
2546 5531 2675 5586 anni
2721 5530 3100 5601 εοιινιριεθιιιιιι·
3147 5543 3376 5585 necesse
3418 5539 3504 5585 est
3546 5531 3694 5592 470.
3721 5539 3784 5585 ut

2177 5626 2533 5684 concludatur
2555 5641 2765 5684 summa
2795 5639 2891 5681 sex
2935 5623 3164 5680 millium
3197 5639 3490 5680 annorum.
3533 5623 3784 5696 Septimo

537 5819 562 5848 ⁸
602 5811 826 5874 Melius.
880 5822 992 5882 post
1035 5814 1104 5868 62
1161 5813 1506 5871 hebdomadas
1568 5815 1909 5872 occidendum
1961 5815 2262 5874 Dominum.
