  <div class='ocr_page' id='page_1' title='image "/cluster/home/n/w/nwhite01/storage/ocr_20150623/13/hvd.32044015471295/558.png"; bbox 0 0 4048 6350; ppageno 0'>
   <div class='ocr_carea' id='block_1_1' title="bbox 338 321 482 381">
    <p class='ocr_par' dir='ltr' id='par_1_1' title="bbox 338 321 482 381">
     <span class='ocr_line' id='line_1_1' title="bbox 338 321 482 381; baseline -0.014 0"><span class='ocrx_word' id='word_1_1' title='bbox 338 321 482 381; x_wconf 76' lang='grc'><strong>1103</strong></span> 
     </span>
    </p>
   </div>
   <div class='ocr_carea' id='block_1_2' title="bbox 1234 320 2697 381">
    <p class='ocr_par' dir='ltr' id='par_1_2' title="bbox 1234 320 2697 381">
     <span class='ocr_line' id='line_1_2' title="bbox 1234 320 2697 381; baseline -0.003 -2"><span class='ocrx_word' id='word_1_2' title='bbox 1234 322 1634 381; x_wconf 79' lang='lat' dir='ltr'><strong>EXPOSITUM</strong></span> <span class='ocrx_word' id='word_1_3' title='bbox 1677 322 1767 379; x_wconf 84' lang='lat' dir='ltr'><strong>DE</strong></span> <span class='ocrx_word' id='word_1_4' title='bbox 1808 321 1922 378; x_wconf 86' lang='lat' dir='ltr'><strong>DIE</strong></span> <span class='ocrx_word' id='word_1_5' title='bbox 1963 320 2259 379; x_wconf 77' lang='lat' dir='ltr'><strong>PASCIUE</strong></span> <span class='ocrx_word' id='word_1_6' title='bbox 2302 321 2388 378; x_wconf 84' lang='lat' dir='ltr'><strong>ET</strong></span> <span class='ocrx_word' id='word_1_7' title='bbox 2429 320 2697 380; x_wconf 81' lang='lat' dir='ltr'><strong>MENSIS.</strong></span> 
     </span>
    </p>
   </div>
   <div class='ocr_carea' id='block_1_3' title="bbox 3495 316 3637 376">
    <p class='ocr_par' dir='ltr' id='par_1_3' title="bbox 3495 316 3637 376">
     <span class='ocr_line' id='line_1_3' title="bbox 3495 316 3637 376; baseline -0.014 0"><span class='ocrx_word' id='word_1_8' title='bbox 3495 316 3637 376; x_wconf 77' lang='grc'><strong>1106</strong></span> 
     </span>
    </p>
   </div>
   <div class='ocr_carea' id='block_1_4' title="bbox 332 437 3639 512">
    <p class='ocr_par' dir='ltr' id='par_1_4' title="bbox 332 437 3639 512">
     <span class='ocr_line' id='line_1_4' title="bbox 332 437 3639 512; baseline -0.002 -14"><span class='ocrx_word' id='word_1_9' title='bbox 332 451 388 498; x_wconf 86' lang='lat' dir='ltr'><strong>et</strong></span> <span class='ocrx_word' id='word_1_10' title='bbox 423 440 717 497; x_wconf 87' lang='lat' dir='ltr'><strong>millesimo</strong></span> <span class='ocrx_word' id='word_1_11' title='bbox 764 456 909 497; x_wconf 89' lang='lat' dir='ltr'><strong>anno</strong></span> <span class='ocrx_word' id='word_1_12' title='bbox 957 441 1283 512; x_wconf 89' lang='lat' dir='ltr'><strong>incipiente,</strong></span> <span class='ocrx_word' id='word_1_13' title='bbox 1316 442 1423 498; x_wconf 85' lang='lat' dir='ltr'><strong>ﬁde</strong></span> <span class='ocrx_word' id='word_1_14' title='bbox 1469 458 1594 497; x_wconf 86' lang='lat' dir='ltr'><strong>vera</strong></span> <span class='ocrx_word' id='word_1_15' title='bbox 1642 440 1929 497; x_wconf 84' lang='lat' dir='ltr'><strong>credentes</strong></span> <span class='ocrx_word' id='word_1_16' title='bbox 1958 442 2006 504; x_wconf 80' lang='grc' dir='ltr'>Α</span> <span class='ocrx_word' id='word_1_17' title='bbox 2036 437 2191 503; x_wconf 89' lang='lat' dir='ltr'><strong>bunt,</strong></span> <span class='ocrx_word' id='word_1_18' title='bbox 2217 448 2276 494; x_wconf 91' lang='lat' dir='ltr'><strong>et</strong></span> <span class='ocrx_word' id='word_1_19' title='bbox 2296 438 2350 493; x_wconf 88' lang='lat' dir='ltr'><strong>hi</strong></span> <span class='ocrx_word' id='word_1_20' title='bbox 2379 453 2572 493; x_wconf 83' lang='lat' dir='ltr'><strong>oinnes</strong></span> <span class='ocrx_word' id='word_1_21' title='bbox 2592 438 2799 494; x_wconf 90' lang='lat' dir='ltr'><strong>nubent</strong></span> <span class='ocrx_word' id='word_1_22' title='bbox 2823 444 2879 492; x_wconf 91' lang='lat' dir='ltr'><strong>et</strong></span> <span class='ocrx_word' id='word_1_23' title='bbox 2899 437 3196 505; x_wconf 89' lang='lat' dir='ltr'><strong>nubentur,</strong></span> <span class='ocrx_word' id='word_1_24' title='bbox 3217 448 3269 492; x_wconf 88' lang='lat' dir='ltr'><strong>et</strong></span> <span class='ocrx_word' id='word_1_25' title='bbox 3298 437 3598 492; x_wconf 89' lang='lat' dir='ltr'><strong>morientur</strong></span> <span class='ocrx_word' id='word_1_26' title='bbox 3624 454 3639 492; x_wconf 91' lang='lat'><strong>:</strong></span> 
     </span>
    </p>
   </div>
   <div class='ocr_carea' id='block_1_5' title="bbox 333 533 1928 601">
    <p class='ocr_par' dir='ltr' id='par_1_5' title="bbox 333 533 1928 601">
     <span class='ocr_line' id='line_1_5' title="bbox 333 533 1928 601; baseline -0.002 -11"><span class='ocrx_word' id='word_1_27' title='bbox 333 533 711 591; x_wconf 88' lang='lat' dir='ltr'><strong>liberabuntur</strong></span> <span class='ocrx_word' id='word_1_28' title='bbox 753 551 785 590; x_wconf 89' lang='lat' dir='ltr'><strong>e</strong></span> <span class='ocrx_word' id='word_1_29' title='bbox 833 536 1066 601; x_wconf 81' lang='lat' dir='ltr'><strong>mundo;</strong></span> <span class='ocrx_word' id='word_1_30' title='bbox 1095 545 1220 589; x_wconf 84' lang='lat' dir='ltr'><strong>tunc</strong></span> <span class='ocrx_word' id='word_1_31' title='bbox 1249 536 1397 590; x_wconf 86' lang='lat' dir='ltr'><strong>enim</strong></span> <span class='ocrx_word' id='word_1_32' title='bbox 1447 536 1553 590; x_wconf 91' lang='lat' dir='ltr'><strong>erit</strong></span> <span class='ocrx_word' id='word_1_33' title='bbox 1595 533 1928 591; x_wconf 80' lang='lat' dir='ltr'><strong>resurrectio</strong></span> 
     </span>
    </p>
   </div>
   <div class='ocr_carea' id='block_1_6' title="bbox 334 628 1162 702">
    <p class='ocr_par' dir='ltr' id='par_1_6' title="bbox 334 628 1162 702">
     <span class='ocr_line' id='line_1_6' title="bbox 334 628 1162 702; baseline -0.002 -17"><span class='ocrx_word' id='word_1_34' title='bbox 334 629 506 702; x_wconf 88' lang='lat' dir='ltr'><strong>prima</strong></span> <span class='ocrx_word' id='word_1_35' title='bbox 534 629 775 684; x_wconf 72' lang='lat' dir='ltr'><strong>o&#39;nudum</strong></span> <span class='ocrx_word' id='word_1_36' title='bbox 807 628 1162 684; x_wconf 86' lang='lat' dir='ltr'><strong>Sanctorum.</strong></span> 
     </span>
    </p>
   </div>
   <div class='ocr_carea' id='block_1_7' title="bbox 405 720 1928 793">
    <p class='ocr_par' dir='ltr' id='par_1_7' title="bbox 405 720 1928 793">
     <span class='ocr_line' id='line_1_7' title="bbox 405 720 1928 793; baseline 0.001 -16"><span class='ocrx_word' id='word_1_37' title='bbox 405 720 570 777; x_wconf 80' lang='lat' dir='ltr'><strong>XVII.</strong></span> <span class='ocrx_word' id='word_1_38' title='bbox 600 720 679 777; x_wconf 89' lang='lat' dir='ltr'><strong>De</strong></span> <span class='ocrx_word' id='word_1_39' title='bbox 698 721 803 777; x_wconf 74' lang='grc'>400</span> <span class='ocrx_word' id='word_1_40' title='bbox 828 736 957 777; x_wconf 90' lang='lat' dir='ltr'><strong>vero</strong></span> <span class='ocrx_word' id='word_1_41' title='bbox 983 729 1038 775; x_wconf 90' lang='lat' dir='ltr'><strong>et</strong></span> <span class='ocrx_word' id='word_1_42' title='bbox 1066 722 1407 793; x_wconf 83' lang='lat' dir='ltr'><strong>septuaginta</strong></span> <span class='ocrx_word' id='word_1_43' title='bbox 1428 723 1585 778; x_wconf 88' lang='lat' dir='ltr'><strong>annis</strong></span> <span class='ocrx_word' id='word_1_44' title='bbox 1613 738 1643 777; x_wconf 93' lang='lat' dir='ltr'><strong>a</strong></span> <span class='ocrx_word' id='word_1_45' title='bbox 1674 723 1928 792; x_wconf 83' lang='lat' dir='ltr'><strong>passione</strong></span> 
     </span>
    </p>
   </div>
   <div class='ocr_carea' id='block_1_8' title="bbox 333 815 1928 883">
    <p class='ocr_par' dir='ltr' id='par_1_8' title="bbox 333 815 1928 883">
     <span class='ocr_line' id='line_1_8' title="bbox 333 815 1928 883; baseline 0 -10"><span class='ocrx_word' id='word_1_46' title='bbox 333 815 581 881; x_wconf 86' lang='lat' dir='ltr'><strong>Domini,</strong></span> <span class='ocrx_word' id='word_1_47' title='bbox 618 817 672 870; x_wconf 90' lang='lat' dir='ltr'><strong>in</strong></span> <span class='ocrx_word' id='word_1_48' title='bbox 718 816 1003 871; x_wconf 89' lang='lat' dir='ltr'><strong>consulatu</strong></span> <span class='ocrx_word' id='word_1_49' title='bbox 1054 815 1275 871; x_wconf 70' lang='lat' dir='ltr'><strong>Czesarii</strong></span> <span class='ocrx_word' id='word_1_50' title='bbox 1327 826 1381 871; x_wconf 91' lang='lat' dir='ltr'><strong>et</strong></span> <span class='ocrx_word' id='word_1_51' title='bbox 1423 818 1620 883; x_wconf 87' lang='lat' dir='ltr'><strong>Attici;</strong></span> <span class='ocrx_word' id='word_1_52' title='bbox 1654 818 1743 873; x_wconf 90' lang='lat' dir='ltr'><strong>die</strong></span> <span class='ocrx_word' id='word_1_53' title='bbox 1784 832 1928 873; x_wconf 94' lang='lat' dir='ltr'><strong>nono</strong></span> 
     </span>
    </p>
   </div>
   <div class='ocr_carea' id='block_1_9' title="bbox 330 910 1919 980">
    <p class='ocr_par' dir='ltr' id='par_1_9' title="bbox 330 910 1919 980">
     <span class='ocr_line' id='line_1_9' title="bbox 330 910 1919 980; baseline -0.001 -13"><span class='ocrx_word' id='word_1_54' title='bbox 330 910 596 968; x_wconf 80' lang='lat' dir='ltr'><strong>kalendas</strong></span> <span class='ocrx_word' id='word_1_55' title='bbox 619 911 839 980; x_wconf 84' lang='lat' dir='ltr'><strong>Aprilis,</strong></span> <span class='ocrx_word' id='word_1_56' title='bbox 873 912 1001 965; x_wconf 87' lang='lat' dir='ltr'><strong>anni</strong></span> <span class='ocrx_word' id='word_1_57' title='bbox 1033 914 1369 966; x_wconf 90' lang='lat' dir='ltr'><strong>transierunt</strong></span> <span class='ocrx_word' id='word_1_58' title='bbox 1402 911 1527 968; x_wconf 79' lang='lat'><strong>569.</strong></span> <span class='ocrx_word' id='word_1_59' title='bbox 1560 912 1784 967; x_wconf 85' lang='lat' dir='ltr'><strong>Restant</strong></span> <span class='ocrx_word' id='word_1_60' title='bbox 1819 913 1919 967; x_wconf 85' lang='lat' dir='ltr'><strong>ita-</strong></span> 
     </span>
    </p>
   </div>
   <div class='ocr_carea' id='block_1_10' title="bbox 329 1005 1925 1077">
    <p class='ocr_par' dir='ltr' id='par_1_10' title="bbox 329 1005 1925 1077">
     <span class='ocr_line' id='line_1_10' title="bbox 329 1005 1925 1077; baseline 0.001 -17"><span class='ocrx_word' id='word_1_61' title='bbox 329 1022 435 1077; x_wconf 86' lang='lat' dir='ltr'><strong>que</strong></span> <span class='ocrx_word' id='word_1_62' title='bbox 460 1005 589 1060; x_wconf 85' lang='lat' dir='ltr'><strong>anni</strong></span> <span class='ocrx_word' id='word_1_63' title='bbox 621 1006 717 1062; x_wconf 82' lang='grc'><strong>101</strong></span> <span class='ocrx_word' id='word_1_64' title='bbox 755 1013 813 1060; x_wconf 88' lang='lat' dir='ltr'><strong>ut</strong></span> <span class='ocrx_word' id='word_1_65' title='bbox 851 1018 1304 1062; x_wconf 87' lang='lat' dir='ltr'><strong>consummentur</strong></span> <span class='ocrx_word' id='word_1_66' title='bbox 1330 1006 1457 1061; x_wconf 87' lang='lat' dir='ltr'><strong>anni</strong></span> <span class='ocrx_word' id='word_1_67' title='bbox 1484 1006 1646 1072; x_wconf 88' lang='lat'><strong>6000,</strong></span> <span class='ocrx_word' id='word_1_68' title='bbox 1676 1007 1767 1077; x_wconf 88' lang='lat' dir='ltr'><strong>qui</strong></span> <span class='ocrx_word' id='word_1_69' title='bbox 1798 1007 1925 1061; x_wconf 91' lang='lat' dir='ltr'><strong>anni</strong></span> 
     </span>
    </p>
   </div>
   <div class='ocr_carea' id='block_1_11' title="bbox 330 1098 1924 1170">
    <p class='ocr_par' dir='ltr' id='par_1_11' title="bbox 330 1098 1924 1170">
     <span class='ocr_line' id='line_1_11' title="bbox 330 1098 1924 1170; baseline -0.002 -14"><span class='ocrx_word' id='word_1_70' title='bbox 330 1098 473 1156; x_wconf 85' lang='lat'><strong>6000</strong></span> <span class='ocrx_word' id='word_1_71' title='bbox 500 1115 609 1155; x_wconf 86' lang='lat' dir='ltr'><strong>non</strong></span> <span class='ocrx_word' id='word_1_72' title='bbox 636 1109 761 1155; x_wconf 87' lang='lat' dir='ltr'><strong>ante</strong></span> <span class='ocrx_word' id='word_1_73' title='bbox 786 1098 1147 1170; x_wconf 87' lang='lat' dir='ltr'><strong>complentur,</strong></span> <span class='ocrx_word' id='word_1_74' title='bbox 1172 1099 1272 1154; x_wconf 89' lang='lat' dir='ltr'><strong>nisi</strong></span> <span class='ocrx_word' id='word_1_75' title='bbox 1306 1101 1454 1169; x_wconf 91' lang='lat' dir='ltr'><strong>prius</strong></span> <span class='ocrx_word' id='word_1_76' title='bbox 1485 1116 1653 1170; x_wconf 83' lang='lat' dir='ltr'><strong>prope</strong></span> <span class='ocrx_word' id='word_1_77' title='bbox 1678 1100 1924 1155; x_wconf 90' lang='lat' dir='ltr'><strong>ultimum</strong></span> 
     </span>
    </p>
   </div>
   <div class='ocr_carea' id='block_1_12' title="bbox 331 1191 1924 1266">
    <p class='ocr_par' dir='ltr' id='par_1_12' title="bbox 331 1191 1924 1266">
     <span class='ocr_line' id='line_1_12' title="bbox 331 1191 1924 1266; baseline 0 -17"><span class='ocrx_word' id='word_1_78' title='bbox 331 1208 489 1263; x_wconf 83' lang='lat' dir='ltr'><strong>reges</strong></span> <span class='ocrx_word' id='word_1_79' title='bbox 514 1193 705 1249; x_wconf 83' lang='lat' dir='ltr'><strong>decem</strong></span> <span class='ocrx_word' id='word_1_80' title='bbox 739 1193 973 1249; x_wconf 72' lang='lat' dir='ltr'><strong>exierint</strong></span> <span class='ocrx_word' id='word_1_81' title='bbox 998 1191 1054 1248; x_wconf 90' lang='lat' dir='ltr'><strong>in</strong></span> <span class='ocrx_word' id='word_1_82' title='bbox 1086 1194 1380 1256; x_wconf 85' lang='lat' dir='ltr'><strong>mundum;</strong></span> <span class='ocrx_word' id='word_1_83' title='bbox 1412 1203 1463 1248; x_wconf 88' lang='lat' dir='ltr'><strong>et</strong></span> <span class='ocrx_word' id='word_1_84' title='bbox 1490 1194 1651 1249; x_wconf 86' lang='lat' dir='ltr'><strong>ﬁliam</strong></span> <span class='ocrx_word' id='word_1_85' title='bbox 1690 1194 1924 1266; x_wconf 87' lang='lat' dir='ltr'><strong>Babylo-</strong></span> 
     </span>
    </p>
   </div>
   <div class='ocr_carea' id='block_1_13' title="bbox 331 1283 1924 1355">
    <p class='ocr_par' dir='ltr' id='par_1_13' title="bbox 331 1283 1924 1355">
     <span class='ocr_line' id='line_1_13' title="bbox 331 1283 1924 1355; baseline 0 -15"><span class='ocrx_word' id='word_1_86' title='bbox 331 1284 435 1340; x_wconf 79' lang='lat' dir='ltr'><strong>nia:</strong></span> <span class='ocrx_word' id='word_1_87' title='bbox 462 1300 583 1355; x_wconf 72' lang='lat' dir='ltr'><strong>qua:</strong></span> <span class='ocrx_word' id='word_1_88' title='bbox 614 1299 758 1339; x_wconf 91' lang='lat' dir='ltr'><strong>nunc</strong></span> <span class='ocrx_word' id='word_1_89' title='bbox 782 1283 1016 1351; x_wconf 86' lang='lat' dir='ltr'><strong>obtinet,</strong></span> <span class='ocrx_word' id='word_1_90' title='bbox 1045 1283 1114 1339; x_wconf 89' lang='lat' dir='ltr'><strong>de</strong></span> <span class='ocrx_word' id='word_1_91' title='bbox 1144 1284 1322 1339; x_wconf 89' lang='lat' dir='ltr'><strong>medio</strong></span> <span class='ocrx_word' id='word_1_92' title='bbox 1347 1285 1532 1339; x_wconf 90' lang='lat' dir='ltr'><strong>mundi</strong></span> <span class='ocrx_word' id='word_1_93' title='bbox 1565 1284 1808 1340; x_wconf 80' lang='lat' dir='ltr'><strong>tulerint.</strong></span> <span class='ocrx_word' id='word_1_94' title='bbox 1840 1284 1924 1340; x_wconf 93' lang='lat' dir='ltr'><strong>Ad</strong></span> 
     </span>
    </p>
   </div>
   <div class='ocr_carea' id='block_1_14' title="bbox 327 1375 1923 1449">
    <p class='ocr_par' dir='ltr' id='par_1_14' title="bbox 327 1375 1923 1449">
     <span class='ocr_line' id='line_1_14' title="bbox 327 1375 1923 1449; baseline 0.001 -18"><span class='ocrx_word' id='word_1_95' title='bbox 327 1391 467 1449; x_wconf 91' lang='lat' dir='ltr'><strong>quos</strong></span> <span class='ocrx_word' id='word_1_96' title='bbox 489 1375 668 1431; x_wconf 92' lang='lat' dir='ltr'><strong>subito</strong></span> <span class='ocrx_word' id='word_1_97' title='bbox 693 1375 839 1431; x_wconf 82' lang='lat' dir='ltr'><strong>exiet</strong></span> <span class='ocrx_word' id='word_1_98' title='bbox 871 1390 1011 1431; x_wconf 91' lang='lat' dir='ltr'><strong>unus</strong></span> <span class='ocrx_word' id='word_1_99' title='bbox 1041 1383 1235 1446; x_wconf 85' lang='lat' dir='ltr'><strong>potens</strong></span> <span class='ocrx_word' id='word_1_100' title='bbox 1278 1391 1444 1445; x_wconf 80' lang='lat' dir='ltr'><strong>super</strong></span> <span class='ocrx_word' id='word_1_101' title='bbox 1483 1392 1606 1443; x_wconf 89' lang='lat' dir='ltr'><strong>eos,</strong></span> <span class='ocrx_word' id='word_1_102' title='bbox 1638 1377 1726 1447; x_wconf 92' lang='lat' dir='ltr'><strong>qui</strong></span> <span class='ocrx_word' id='word_1_103' title='bbox 1756 1386 1843 1432; x_wconf 91' lang='lat' dir='ltr'><strong>est</strong></span> <span class='ocrx_word' id='word_1_104' title='bbox 1871 1378 1923 1432; x_wconf 93' lang='lat' dir='ltr'><strong>in</strong></span> 
     </span>
    </p>
   </div>
   <div class='ocr_carea' id='block_1_15' title="bbox 327 1468 1922 1542">
    <p class='ocr_par' dir='ltr' id='par_1_15' title="bbox 327 1468 1922 1542">
     <span class='ocr_line' id='line_1_15' title="bbox 327 1468 1922 1542; baseline 0.001 -17"><span class='ocrx_word' id='word_1_105' title='bbox 327 1468 663 1541; x_wconf 81' lang='lat' dir='ltr'><strong>Apocalypsi</strong></span> <span class='ocrx_word' id='word_1_106' title='bbox 704 1468 877 1524; x_wconf 88' lang='lat' dir='ltr'><strong>Draco</strong></span> <span class='ocrx_word' id='word_1_107' title='bbox 906 1469 1239 1534; x_wconf 90' lang='lat' dir='ltr'><strong>nominatus,</strong></span> <span class='ocrx_word' id='word_1_108' title='bbox 1264 1480 1318 1525; x_wconf 89' lang='lat' dir='ltr'><strong>et</strong></span> <span class='ocrx_word' id='word_1_109' title='bbox 1348 1471 1612 1527; x_wconf 88' lang='lat' dir='ltr'><strong>obtinebit</strong></span> <span class='ocrx_word' id='word_1_110' title='bbox 1642 1485 1796 1542; x_wconf 81' lang='lat' dir='ltr'><strong>reges</strong></span> <span class='ocrx_word' id='word_1_111' title='bbox 1825 1470 1922 1526; x_wconf 84' lang='lat' dir='ltr'><strong>de-</strong></span> 
     </span>
    </p>
   </div>
   <div class='ocr_carea' id='block_1_16' title="bbox 328 1561 1924 1633">
    <p class='ocr_par' dir='ltr' id='par_1_16' title="bbox 328 1561 1924 1633">
     <span class='ocr_line' id='line_1_16' title="bbox 328 1561 1924 1633; baseline 0.001 -16"><span class='ocrx_word' id='word_1_112' title='bbox 328 1575 481 1628; x_wconf 87' lang='lat' dir='ltr'><strong>cem;</strong></span> <span class='ocrx_word' id='word_1_113' title='bbox 505 1571 559 1616; x_wconf 89' lang='lat' dir='ltr'><strong>et</strong></span> <span class='ocrx_word' id='word_1_114' title='bbox 585 1576 652 1616; x_wconf 79' lang='lat' dir='ltr'><strong>ex</strong></span> <span class='ocrx_word' id='word_1_115' title='bbox 682 1562 764 1617; x_wconf 90' lang='lat' dir='ltr'><strong>eis</strong></span> <span class='ocrx_word' id='word_1_116' title='bbox 794 1561 1005 1632; x_wconf 89' lang='lat' dir='ltr'><strong>aliquos</strong></span> <span class='ocrx_word' id='word_1_117' title='bbox 1058 1562 1277 1632; x_wconf 85' lang='lat' dir='ltr'><strong>perdet,</strong></span> <span class='ocrx_word' id='word_1_118' title='bbox 1306 1563 1397 1616; x_wconf 83' lang='lat' dir='ltr'><strong>alii</strong></span> <span class='ocrx_word' id='word_1_119' title='bbox 1428 1563 1530 1618; x_wconf 88' lang='lat' dir='ltr'><strong>sub</strong></span> <span class='ocrx_word' id='word_1_120' title='bbox 1571 1562 1687 1633; x_wconf 84' lang='lat' dir='ltr'><strong>ejus</strong></span> <span class='ocrx_word' id='word_1_121' title='bbox 1718 1562 1924 1619; x_wconf 88' lang='lat' dir='ltr'><strong>ditione</strong></span> 
     </span>
    </p>
   </div>
   <div class='ocr_carea' id='block_1_17' title="bbox 328 1653 1924 1729">
    <p class='ocr_par' dir='ltr' id='par_1_17' title="bbox 328 1653 1924 1729">
     <span class='ocr_line' id='line_1_17' title="bbox 328 1653 1924 1729; baseline 0.001 -21"><span class='ocrx_word' id='word_1_122' title='bbox 328 1653 691 1710; x_wconf 87' lang='lat' dir='ltr'><strong>remanebunt</strong></span> <span class='ocrx_word' id='word_1_123' title='bbox 716 1671 729 1707; x_wconf 91' lang='lat'><strong>:</strong></span> <span class='ocrx_word' id='word_1_124' title='bbox 756 1653 908 1709; x_wconf 87' lang='lat' dir='ltr'><strong>Tunc</strong></span> <span class='ocrx_word' id='word_1_125' title='bbox 929 1654 1242 1709; x_wconf 79' lang='lat' dir='ltr'><strong>revelabitur</strong></span> <span class='ocrx_word' id='word_1_126' title='bbox 1268 1656 1358 1709; x_wconf 90' lang='lat' dir='ltr'><strong>ille</strong></span> <span class='ocrx_word' id='word_1_127' title='bbox 1382 1657 1594 1728; x_wconf 88' lang='lat' dir='ltr'><strong>impius,</strong></span> <span class='ocrx_word' id='word_1_128' title='bbox 1624 1656 1768 1726; x_wconf 82' lang='lat' dir='ltr'><strong>[ilius</strong></span> <span class='ocrx_word' id='word_1_129' title='bbox 1807 1674 1924 1729; x_wconf 82' lang='lat' dir='ltr'><strong>per-</strong></span> 
     </span>
    </p>
   </div>
   <div class='ocr_carea' id='block_1_18' title="bbox 326 1746 1917 1821">
    <p class='ocr_par' dir='ltr' id='par_1_18' title="bbox 326 1746 1917 1821">
     <span class='ocr_line' id='line_1_18' title="bbox 326 1746 1917 1821; baseline 0.003 -21"><span class='ocrx_word' id='word_1_130' title='bbox 326 1746 559 1811; x_wconf 76' lang='lat' dir='ltr'><strong>ditionis,</strong></span> <span class='ocrx_word' id='word_1_131' title='bbox 575 1749 663 1818; x_wconf 89' lang='lat' dir='ltr'><strong>qui</strong></span> <span class='ocrx_word' id='word_1_132' title='bbox 684 1749 849 1802; x_wconf 86' lang='lat' dir='ltr'><strong>elatus</strong></span> <span class='ocrx_word' id='word_1_133' title='bbox 868 1757 944 1802; x_wconf 87' lang='lat' dir='ltr'><strong>est</strong></span> <span class='ocrx_word' id='word_1_134' title='bbox 960 1750 1203 1804; x_wconf 88' lang='lat' dir='ltr'><strong>adversus</strong></span> <span class='ocrx_word' id='word_1_135' title='bbox 1227 1766 1375 1804; x_wconf 86' lang='lat' dir='ltr'><strong>omne</strong></span> <span class='ocrx_word' id='word_1_136' title='bbox 1394 1750 1533 1821; x_wconf 83' lang='lat' dir='ltr'><strong>quod</strong></span> <span class='ocrx_word' id='word_1_137' title='bbox 1549 1750 1740 1804; x_wconf 88' lang='lat' dir='ltr'><strong>dicitur</strong></span> <span class='ocrx_word' id='word_1_138' title='bbox 1760 1751 1917 1814; x_wconf 78' lang='lat' dir='ltr'><strong>Deus,</strong></span> 
     </span>
    </p>
   </div>
   <div class='ocr_carea' id='block_1_19' title="bbox 2032 529 3641 601">
    <p class='ocr_par' dir='ltr' id='par_1_19' title="bbox 2032 529 3641 601">
     <span class='ocr_line' id='line_1_19' title="bbox 2032 529 3641 601; baseline -0.001 -14"><span class='ocrx_word' id='word_1_139' title='bbox 2032 546 2198 601; x_wconf 89' lang='lat' dir='ltr'><strong>super</strong></span> <span class='ocrx_word' id='word_1_140' title='bbox 2227 530 2345 597; x_wconf 91' lang='lat' dir='ltr'><strong>bos,</strong></span> <span class='ocrx_word' id='word_1_141' title='bbox 2366 534 2425 586; x_wconf 86' lang='lat' dir='ltr'><strong>et</strong></span> <span class='ocrx_word' id='word_1_142' title='bbox 2454 531 2620 601; x_wconf 68' lang='lat' dir='ltr'><strong>plaga:</strong></span> <span class='ocrx_word' id='word_1_143' title='bbox 2642 531 2746 585; x_wconf 74' lang='lat' dir='ltr'><strong>illa:</strong></span> <span class='ocrx_word' id='word_1_144' title='bbox 2772 530 3063 601; x_wconf 68' lang='lat' dir='ltr'><strong>descripta:</strong></span> <span class='ocrx_word' id='word_1_145' title='bbox 3091 531 3142 584; x_wconf 90' lang='lat' dir='ltr'><strong>in</strong></span> <span class='ocrx_word' id='word_1_146' title='bbox 3170 530 3501 601; x_wconf 85' lang='lat' dir='ltr'><strong>Apocalypsi</strong></span> <span class='ocrx_word' id='word_1_147' title='bbox 3542 529 3641 586; x_wconf 87' lang='lat' dir='ltr'><strong>ad-</strong></span> 
     </span>
    </p>
   </div>
   <div class='ocr_carea' id='block_1_20' title="bbox 2033 622 3633 695">
    <p class='ocr_par' dir='ltr' id='par_1_20' title="bbox 2033 622 3633 695">
     <span class='ocr_line' id='line_1_20' title="bbox 2033 622 3633 695; baseline -0.001 -17"><span class='ocrx_word' id='word_1_148' title='bbox 2033 624 2286 688; x_wconf 87' lang='lat' dir='ltr'><strong>venient,</strong></span> <span class='ocrx_word' id='word_1_149' title='bbox 2319 634 2372 679; x_wconf 90' lang='lat' dir='ltr'><strong>et</strong></span> <span class='ocrx_word' id='word_1_150' title='bbox 2404 625 2649 695; x_wconf 88' lang='lat' dir='ltr'><strong>partibus</strong></span> <span class='ocrx_word' id='word_1_151' title='bbox 2688 624 2922 678; x_wconf 83' lang='lat' dir='ltr'><strong>subinde</strong></span> <span class='ocrx_word' id='word_1_152' title='bbox 2972 624 3201 678; x_wconf 65' lang='lat' dir='ltr'><strong>caeditur</strong></span> <span class='ocrx_word' id='word_1_153' title='bbox 3252 622 3337 678; x_wconf 90' lang='lat' dir='ltr'><strong>hic</strong></span> <span class='ocrx_word' id='word_1_154' title='bbox 3377 622 3633 677; x_wconf 88' lang='lat' dir='ltr'><strong>mundus.</strong></span> 
     </span>
    </p>
   </div>
   <div class='ocr_carea' id='block_1_21' title="bbox 2032 716 3636 784">
    <p class='ocr_par' dir='ltr' id='par_1_21' title="bbox 2032 716 3636 784">
     <span class='ocr_line' id='line_1_21' title="bbox 2032 716 3636 784; baseline -0.002 -10"><span class='ocrx_word' id='word_1_155' title='bbox 2032 718 2164 774; x_wconf 89' lang='lat' dir='ltr'><strong>Nam</strong></span> <span class='ocrx_word' id='word_1_156' title='bbox 2190 719 2402 775; x_wconf 89' lang='lat' dir='ltr'><strong>Sanctis</strong></span> <span class='ocrx_word' id='word_1_157' title='bbox 2432 718 2551 784; x_wconf 87' lang='lat' dir='ltr'><strong>Dei,</strong></span> <span class='ocrx_word' id='word_1_158' title='bbox 2581 718 2636 773; x_wconf 91' lang='lat' dir='ltr'><strong>in</strong></span> <span class='ocrx_word' id='word_1_159' title='bbox 2668 717 3073 773; x_wconf 78' lang='lat' dir='ltr'><strong>resurrectione</strong></span> <span class='ocrx_word' id='word_1_160' title='bbox 3105 731 3242 771; x_wconf 88' lang='lat' dir='ltr'><strong>unus</strong></span> <span class='ocrx_word' id='word_1_161' title='bbox 3272 717 3375 771; x_wconf 89' lang='lat' dir='ltr'><strong>erit</strong></span> <span class='ocrx_word' id='word_1_162' title='bbox 3405 716 3557 782; x_wconf 90' lang='lat' dir='ltr'><strong>dies;</strong></span> <span class='ocrx_word' id='word_1_163' title='bbox 3581 723 3636 770; x_wconf 88' lang='lat' dir='ltr'><strong>ct</strong></span> 
     </span>
    </p>
   </div>
   <div class='ocr_carea' id='block_1_22' title="bbox 2034 810 3636 882">
    <p class='ocr_par' dir='ltr' id='par_1_22' title="bbox 2034 810 3636 882">
     <span class='ocr_line' id='line_1_22' title="bbox 2034 810 3636 882; baseline -0.002 -14"><span class='ocrx_word' id='word_1_164' title='bbox 2034 822 2239 868; x_wconf 91' lang='lat' dir='ltr'><strong>tantum</strong></span> <span class='ocrx_word' id='word_1_165' title='bbox 2272 814 2387 869; x_wconf 84' lang='lat' dir='ltr'><strong>erit</strong></span> <span class='ocrx_word' id='word_1_166' title='bbox 2411 812 2766 882; x_wconf 85' lang='lat' dir='ltr'><strong>prolongatus</strong></span> <span class='ocrx_word' id='word_1_167' title='bbox 2797 813 2847 866; x_wconf 94' lang='lat' dir='ltr'><strong>in</strong></span> <span class='ocrx_word' id='word_1_168' title='bbox 2897 811 3073 866; x_wconf 89' lang='lat' dir='ltr'><strong>lucem</strong></span> <span class='ocrx_word' id='word_1_169' title='bbox 3105 811 3224 865; x_wconf 79' lang='lat' dir='ltr'><strong>dies</strong></span> <span class='ocrx_word' id='word_1_170' title='bbox 3272 811 3372 865; x_wconf 89' lang='lat' dir='ltr'><strong>iste</strong></span> <span class='ocrx_word' id='word_1_171' title='bbox 3407 810 3636 865; x_wconf 81' lang='lat' dir='ltr'><strong>Sancto-</strong></span> 
     </span>
    </p>
   </div>
   <div class='ocr_carea' id='block_1_23' title="bbox 2031 905 3633 976">
    <p class='ocr_par' dir='ltr' id='par_1_23' title="bbox 2031 905 3633 976">
     <span class='ocr_line' id='line_1_23' title="bbox 2031 905 3633 976; baseline -0.004 -14"><span class='ocrx_word' id='word_1_172' title='bbox 2031 923 2185 973; x_wconf 85' lang='lat' dir='ltr'><strong>rum,</strong></span> <span class='ocrx_word' id='word_1_173' title='bbox 2238 919 2501 976; x_wconf 84' lang='lat' dir='ltr'><strong>quantutn</strong></span> <span class='ocrx_word' id='word_1_174' title='bbox 2544 906 2727 976; x_wconf 90' lang='lat' dir='ltr'><strong>impiis</strong></span> <span class='ocrx_word' id='word_1_175' title='bbox 2780 906 2925 960; x_wconf 88' lang='lat' dir='ltr'><strong>illius</strong></span> <span class='ocrx_word' id='word_1_176' title='bbox 2982 906 3034 959; x_wconf 90' lang='lat' dir='ltr'><strong>in</strong></span> <span class='ocrx_word' id='word_1_177' title='bbox 3068 905 3268 959; x_wconf 88' lang='lat' dir='ltr'><strong>mundo</strong></span> <span class='ocrx_word' id='word_1_178' title='bbox 3306 919 3429 959; x_wconf 92' lang='lat' dir='ltr'><strong>cum</strong></span> <span class='ocrx_word' id='word_1_179' title='bbox 3476 918 3633 974; x_wconf 66' lang='lat' dir='ltr'><strong>paena</strong></span> 
     </span>
    </p>
   </div>
   <div class='ocr_carea' id='block_1_24' title="bbox 2029 999 3633 1067">
    <p class='ocr_par' dir='ltr' id='par_1_24' title="bbox 2029 999 3633 1067">
     <span class='ocr_line' id='line_1_24' title="bbox 2029 999 3633 1067; baseline 0 -13"><span class='ocrx_word' id='word_1_180' title='bbox 2029 1002 2366 1067; x_wconf 83' lang='lat' dir='ltr'><strong>viventibus,</strong></span> <span class='ocrx_word' id='word_1_181' title='bbox 2398 1001 2545 1056; x_wconf 90' lang='lat' dir='ltr'><strong>mille</strong></span> <span class='ocrx_word' id='word_1_182' title='bbox 2596 1001 3035 1056; x_wconf 89' lang='lat' dir='ltr'><strong>numerabuntur</strong></span> <span class='ocrx_word' id='word_1_183' title='bbox 3069 1001 3220 1054; x_wconf 90' lang='lat' dir='ltr'><strong>anni.</strong></span> <span class='ocrx_word' id='word_1_184' title='bbox 3255 999 3361 1055; x_wconf 88' lang='lat' dir='ltr'><strong>Iste</strong></span> <span class='ocrx_word' id='word_1_185' title='bbox 3405 1010 3489 1054; x_wconf 84' lang='lat' dir='ltr'><strong>est</strong></span> <span class='ocrx_word' id='word_1_186' title='bbox 3514 1000 3633 1055; x_wconf 88' lang='lat' dir='ltr'><strong>dies</strong></span> 
     </span>
    </p>
   </div>
   <div class='ocr_carea' id='block_1_25' title="bbox 2029 1093 3635 1163">
    <p class='ocr_par' dir='ltr' id='par_1_25' title="bbox 2029 1093 3635 1163">
     <span class='ocr_line' id='line_1_25' title="bbox 2029 1093 3635 1163; baseline -0.002 -14"><span class='ocrx_word' id='word_1_187' title='bbox 2029 1097 2295 1163; x_wconf 90' lang='lat' dir='ltr'><strong>septimus</strong></span> <span class='ocrx_word' id='word_1_188' title='bbox 2316 1135 2329 1159; x_wconf 94' lang='lat'><strong>,</strong></span> <span class='ocrx_word' id='word_1_189' title='bbox 2354 1103 2409 1148; x_wconf 91' lang='lat' dir='ltr'><strong>et</strong></span> <span class='ocrx_word' id='word_1_190' title='bbox 2440 1094 2699 1148; x_wconf 89' lang='lat' dir='ltr'><strong>sabbatus</strong></span> <span class='ocrx_word' id='word_1_191' title='bbox 2727 1102 2965 1148; x_wconf 63' lang='lat' dir='ltr'><strong>aeternus</strong></span> <span class='ocrx_word' id='word_1_192' title='bbox 3012 1103 3068 1149; x_wconf 90' lang='lat' dir='ltr'><strong>et</strong></span> <span class='ocrx_word' id='word_1_193' title='bbox 3098 1106 3282 1158; x_wconf 89' lang='lat' dir='ltr'><strong>verus,</strong></span> <span class='ocrx_word' id='word_1_194' title='bbox 3310 1093 3470 1161; x_wconf 88' lang='lat' dir='ltr'><strong>cujus</strong></span> <span class='ocrx_word' id='word_1_195' title='bbox 3498 1093 3635 1146; x_wconf 91' lang='lat' dir='ltr'><strong>ima-</strong></span> 
     </span>
    </p>
   </div>
   <div class='ocr_carea' id='block_1_26' title="bbox 2024 1185 3632 1261">
    <p class='ocr_par' dir='ltr' id='par_1_26' title="bbox 2024 1185 3632 1261">
     <span class='ocr_line' id='line_1_26' title="bbox 2024 1185 3632 1261; baseline -0.003 -18"><span class='ocrx_word' id='word_1_196' title='bbox 2024 1189 2209 1260; x_wconf 78' lang='lat' dir='ltr'><strong>ginem</strong></span> <span class='ocrx_word' id='word_1_197' title='bbox 2240 1198 2295 1243; x_wconf 90' lang='lat' dir='ltr'><strong>et</strong></span> <span class='ocrx_word' id='word_1_198' title='bbox 2337 1187 2564 1259; x_wconf 83' lang='lat' dir='ltr'><strong>ﬁguram</strong></span> <span class='ocrx_word' id='word_1_199' title='bbox 2611 1196 2758 1243; x_wconf 89' lang='lat' dir='ltr'><strong>tenet</strong></span> <span class='ocrx_word' id='word_1_200' title='bbox 2805 1187 3063 1261; x_wconf 87' lang='lat' dir='ltr'><strong>sabbatus</strong></span> <span class='ocrx_word' id='word_1_201' title='bbox 3091 1185 3193 1241; x_wconf 91' lang='lat' dir='ltr'><strong>iste</strong></span> <span class='ocrx_word' id='word_1_202' title='bbox 3229 1185 3546 1255; x_wconf 85' lang='lat' dir='ltr'><strong>temporalis</strong></span> <span class='ocrx_word' id='word_1_203' title='bbox 3578 1186 3632 1239; x_wconf 91' lang='lat' dir='ltr'><strong>in</strong></span> 
     </span>
    </p>
   </div>
   <div class='ocr_carea' id='block_1_27' title="bbox 2027 1282 3635 1356">
    <p class='ocr_par' dir='ltr' id='par_1_27' title="bbox 2027 1282 3635 1356">
     <span class='ocr_line' id='line_1_27' title="bbox 2027 1282 3635 1356; baseline 0 -18"><span class='ocrx_word' id='word_1_204' title='bbox 2027 1283 2198 1356; x_wconf 84' lang='lat' dir='ltr'><strong>Moysi</strong></span> <span class='ocrx_word' id='word_1_205' title='bbox 2232 1284 2348 1354; x_wconf 86' lang='lat' dir='ltr'><strong>lege</strong></span> <span class='ocrx_word' id='word_1_206' title='bbox 2383 1285 2754 1354; x_wconf 84' lang='lat' dir='ltr'><strong>eooscriptus.</strong></span> <span class='ocrx_word' id='word_1_207' title='bbox 2799 1284 2953 1339; x_wconf 89' lang='lat' dir='ltr'><strong>Sicut</strong></span> <span class='ocrx_word' id='word_1_208' title='bbox 2982 1286 3127 1339; x_wconf 90' lang='lat' dir='ltr'><strong>enim</strong></span> <span class='ocrx_word' id='word_1_209' title='bbox 3158 1285 3360 1354; x_wconf 79' lang='grc' dir='ltr'><strong>ροιιιιιο</strong></span> <span class='ocrx_word' id='word_1_210' title='bbox 3406 1282 3635 1338; x_wconf 87' lang='lat' dir='ltr'><strong>Judaico</strong></span> 
     </span>
    </p>
   </div>
   <div class='ocr_carea' id='block_1_28' title="bbox 2026 1375 3635 1446">
    <p class='ocr_par' dir='ltr' id='par_1_28' title="bbox 2026 1375 3635 1446">
     <span class='ocr_line' id='line_1_28' title="bbox 2026 1375 3635 1446; baseline -0.001 -16"><span class='ocrx_word' id='word_1_211' title='bbox 2026 1376 2232 1431; x_wconf 90' lang='lat' dir='ltr'><strong>dictum</strong></span> <span class='ocrx_word' id='word_1_212' title='bbox 2258 1394 2271 1429; x_wconf 88' lang='lat'><strong>:</strong></span> <span class='ocrx_word' id='word_1_213' title='bbox 2297 1377 2403 1431; x_wconf 84' lang='lat' dir='ltr'><strong>Sex</strong></span> <span class='ocrx_word' id='word_1_214' title='bbox 2434 1375 2549 1431; x_wconf 89' lang='lat' dir='ltr'><strong>dies</strong></span> <span class='ocrx_word' id='word_1_215' title='bbox 2575 1391 2805 1446; x_wconf 80' lang='lat' dir='ltr'><strong>operare</strong></span> <span class='ocrx_word' id='word_1_216' title='bbox 2832 1391 3000 1445; x_wconf 85' lang='lat' dir='ltr'><strong>opera</strong></span> <span class='ocrx_word' id='word_1_217' title='bbox 3034 1377 3218 1431; x_wconf 89' lang='lat' dir='ltr'><strong>mundi</strong></span> <span class='ocrx_word' id='word_1_218' title='bbox 3246 1393 3259 1442; x_wconf 95' lang='lat'><strong>;</strong></span> <span class='ocrx_word' id='word_1_219' title='bbox 3284 1377 3517 1446; x_wconf 90' lang='lat' dir='ltr'><strong>septimo</strong></span> <span class='ocrx_word' id='word_1_220' title='bbox 3539 1392 3635 1429; x_wconf 85' lang='lat' dir='ltr'><strong>att-</strong></span> 
     </span>
    </p>
   </div>
   <div class='ocr_carea' id='block_1_29' title="bbox 2028 1467 3633 1539">
    <p class='ocr_par' dir='ltr' id='par_1_29' title="bbox 2028 1467 3633 1539">
     <span class='ocr_line' id='line_1_29' title="bbox 2028 1467 3633 1539; baseline -0.001 -16"><span class='ocrx_word' id='word_1_221' title='bbox 2028 1477 2135 1524; x_wconf 92' lang='lat' dir='ltr'><strong>tem</strong></span> <span class='ocrx_word' id='word_1_222' title='bbox 2177 1469 2266 1522; x_wconf 89' lang='lat' dir='ltr'><strong>die</strong></span> <span class='ocrx_word' id='word_1_223' title='bbox 2296 1468 2387 1539; x_wconf 91' lang='lat' dir='ltr'><strong>qui</strong></span> <span class='ocrx_word' id='word_1_224' title='bbox 2429 1469 2734 1538; x_wconf 85' lang='lat' dir='ltr'><strong>appellatus</strong></span> <span class='ocrx_word' id='word_1_225' title='bbox 2765 1477 2848 1523; x_wconf 90' lang='lat' dir='ltr'><strong>est</strong></span> <span class='ocrx_word' id='word_1_226' title='bbox 2878 1468 3194 1536; x_wconf 84' lang='lat' dir='ltr'><strong>sabbatum,</strong></span> <span class='ocrx_word' id='word_1_227' title='bbox 3235 1469 3517 1539; x_wconf 89' lang='lat' dir='ltr'><strong>requiesce</strong></span> <span class='ocrx_word' id='word_1_228' title='bbox 3565 1467 3633 1522; x_wconf 88' lang='lat' dir='ltr'><strong>ab</strong></span> 
     </span>
    </p>
   </div>
   <div class='ocr_carea' id='block_1_30' title="bbox 2026 1561 3631 1635">
    <p class='ocr_par' dir='ltr' id='par_1_30' title="bbox 2026 1561 3631 1635">
     <span class='ocr_line' id='line_1_30' title="bbox 2026 1561 3631 1635; baseline -0.002 -17"><span class='ocrx_word' id='word_1_229' title='bbox 2026 1563 2285 1633; x_wconf 85' lang='lat' dir='ltr'><strong>operibus</strong></span> <span class='ocrx_word' id='word_1_230' title='bbox 2342 1566 2447 1618; x_wconf 89' lang='lat' dir='ltr'><strong>tuis</strong></span> <span class='ocrx_word' id='word_1_231' title='bbox 2476 1562 2673 1635; x_wconf 77' lang='lat' dir='ltr'><strong>(Exod.</strong></span> <span class='ocrx_word' id='word_1_232' title='bbox 2723 1563 2818 1630; x_wconf 73' lang='grc'><strong>23,</strong></span> <span class='ocrx_word' id='word_1_233' title='bbox 2870 1564 3000 1633; x_wconf 68' lang='grc'><strong>19.);</strong></span> <span class='ocrx_word' id='word_1_234' title='bbox 3036 1563 3079 1618; x_wconf 88' lang='lat' dir='ltr'><strong>si</strong></span> <span class='ocrx_word' id='word_1_235' title='bbox 3125 1564 3329 1618; x_wconf 87' lang='lat' dir='ltr'><strong>sanctis</strong></span> <span class='ocrx_word' id='word_1_236' title='bbox 3375 1561 3631 1616; x_wconf 87' lang='lat' dir='ltr'><strong>omnibus</strong></span> 
     </span>
    </p>
   </div>
   <div class='ocr_carea' id='block_1_31' title="bbox 2024 1656 3631 1730">
    <p class='ocr_par' dir='ltr' id='par_1_31' title="bbox 2024 1656 3631 1730">
     <span class='ocr_line' id='line_1_31' title="bbox 2024 1656 3631 1730; baseline -0.002 -17"><span class='ocrx_word' id='word_1_237' title='bbox 2024 1660 2114 1730; x_wconf 91' lang='lat' dir='ltr'><strong>qui</strong></span> <span class='ocrx_word' id='word_1_238' title='bbox 2162 1669 2289 1714; x_wconf 89' lang='lat' dir='ltr'><strong>sunt</strong></span> <span class='ocrx_word' id='word_1_239' title='bbox 2334 1660 2402 1714; x_wconf 90' lang='lat' dir='ltr'><strong>ab</strong></span> <span class='ocrx_word' id='word_1_240' title='bbox 2434 1659 2591 1713; x_wconf 87' lang='lat' dir='ltr'><strong>initio</strong></span> <span class='ocrx_word' id='word_1_241' title='bbox 2626 1660 2835 1724; x_wconf 90' lang='lat' dir='ltr'><strong>mundi,</strong></span> <span class='ocrx_word' id='word_1_242' title='bbox 2862 1670 2917 1714; x_wconf 91' lang='lat' dir='ltr'><strong>et</strong></span> <span class='ocrx_word' id='word_1_243' title='bbox 2948 1675 3092 1714; x_wconf 90' lang='lat' dir='ltr'><strong>nunc</strong></span> <span class='ocrx_word' id='word_1_244' title='bbox 3137 1660 3189 1713; x_wconf 91' lang='lat' dir='ltr'><strong>in</strong></span> <span class='ocrx_word' id='word_1_245' title='bbox 3236 1656 3453 1712; x_wconf 75' lang='lat' dir='ltr'><strong>Christo</strong></span> <span class='ocrx_word' id='word_1_246' title='bbox 3502 1669 3631 1710; x_wconf 85' lang='lat' dir='ltr'><strong>vera</strong></span> 
     </span>
    </p>
   </div>
   <div class='ocr_carea' id='block_1_32' title="bbox 2024 1749 3636 1820">
    <p class='ocr_par' dir='ltr' id='par_1_32' title="bbox 2024 1749 3636 1820">
     <span class='ocr_line' id='line_1_32' title="bbox 2024 1749 3636 1820; baseline -0.002 -14"><span class='ocrx_word' id='word_1_247' title='bbox 2024 1751 2130 1808; x_wconf 88' lang='lat' dir='ltr'><strong>ﬁde</strong></span> <span class='ocrx_word' id='word_1_248' title='bbox 2151 1752 2530 1817; x_wconf 86' lang='lat' dir='ltr'><strong>credentibus;</strong></span> <span class='ocrx_word' id='word_1_249' title='bbox 2559 1754 2853 1807; x_wconf 88' lang='lat' dir='ltr'><strong>transactis</strong></span> <span class='ocrx_word' id='word_1_250' title='bbox 2879 1752 3089 1806; x_wconf 83' lang='lat' dir='ltr'><strong>scilicet</strong></span> <span class='ocrx_word' id='word_1_251' title='bbox 3111 1766 3207 1805; x_wconf 83' lang='lat' dir='ltr'><strong>sex</strong></span> <span class='ocrx_word' id='word_1_252' title='bbox 3230 1750 3421 1805; x_wconf 89' lang='lat' dir='ltr'><strong>diebus</strong></span> <span class='ocrx_word' id='word_1_253' title='bbox 3448 1749 3525 1820; x_wconf 87' lang='lat' dir='ltr'><strong>(id</strong></span> <span class='ocrx_word' id='word_1_254' title='bbox 3546 1756 3636 1803; x_wconf 89' lang='lat' dir='ltr'><strong>est</strong></span> 
     </span>
    </p>
   </div>
   <div class='ocr_carea' id='block_1_33' title="bbox 324 1838 3632 1924">
    <p class='ocr_par' dir='ltr' id='par_1_33' title="bbox 324 1838 3632 1924">
     <span class='ocr_line' id='line_1_33' title="bbox 324 1838 3632 1924; baseline 0.001 -32"><span class='ocrx_word' id='word_1_255' title='bbox 324 1847 416 1893; x_wconf 83' lang='lat' dir='ltr'><strong>aut</strong></span> <span class='ocrx_word' id='word_1_256' title='bbox 441 1838 579 1909; x_wconf 87' lang='lat' dir='ltr'><strong>quod</strong></span> <span class='ocrx_word' id='word_1_257' title='bbox 599 1838 785 1894; x_wconf 81' lang='lat' dir='ltr'><strong>colitur</strong></span> <span class='ocrx_word' id='word_1_258' title='bbox 806 1882 820 1904; x_wconf 89' lang='lat'><strong>,</strong></span> <span class='ocrx_word' id='word_1_259' title='bbox 844 1841 917 1894; x_wconf 86' lang='lat' dir='ltr'><strong>ita</strong></span> <span class='ocrx_word' id='word_1_260' title='bbox 948 1850 1003 1894; x_wconf 86' lang='lat' dir='ltr'><strong>ut</strong></span> <span class='ocrx_word' id='word_1_261' title='bbox 1030 1842 1084 1895; x_wconf 89' lang='lat' dir='ltr'><strong>in</strong></span> <span class='ocrx_word' id='word_1_262' title='bbox 1109 1839 1295 1912; x_wconf 84' lang='lat' dir='ltr'><strong>templo</strong></span> <span class='ocrx_word' id='word_1_263' title='bbox 1327 1840 1425 1897; x_wconf 87' lang='lat' dir='ltr'><strong>Dei</strong></span> <span class='ocrx_word' id='word_1_264' title='bbox 1466 1844 1649 1897; x_wconf 84' lang='lat' dir='ltr'><strong>sedens</strong></span> <span class='ocrx_word' id='word_1_265' title='bbox 1688 1842 1920 1897; x_wconf 80' lang='lat' dir='ltr'><strong>ostendat</strong></span> <span class='ocrx_word' id='word_1_266' title='bbox 1952 1864 2000 1924; x_wconf 79' lang='grc' dir='ltr'><strong>Β</strong></span> <span class='ocrx_word' id='word_1_267' title='bbox 2024 1858 2121 1899; x_wconf 77' lang='lat' dir='ltr'><strong>sex</strong></span> <span class='ocrx_word' id='word_1_268' title='bbox 2149 1844 2380 1899; x_wconf 90' lang='lat' dir='ltr'><strong>millium</strong></span> <span class='ocrx_word' id='word_1_269' title='bbox 2404 1844 2696 1914; x_wconf 90' lang='lat' dir='ltr'><strong>annorum)</strong></span> <span class='ocrx_word' id='word_1_270' title='bbox 2720 1844 2775 1899; x_wconf 92' lang='lat' dir='ltr'><strong>in</strong></span> <span class='ocrx_word' id='word_1_271' title='bbox 2799 1845 2999 1916; x_wconf 88' lang='lat' dir='ltr'><strong>quibus</strong></span> <span class='ocrx_word' id='word_1_272' title='bbox 3030 1845 3112 1898; x_wconf 90' lang='lat' dir='ltr'><strong>eis</strong></span> <span class='ocrx_word' id='word_1_273' title='bbox 3138 1844 3294 1898; x_wconf 85' lang='lat' dir='ltr'><strong>labor</strong></span> <span class='ocrx_word' id='word_1_274' title='bbox 3335 1853 3389 1897; x_wconf 90' lang='lat' dir='ltr'><strong>et</strong></span> <span class='ocrx_word' id='word_1_275' title='bbox 3419 1841 3632 1898; x_wconf 83' lang='lat' dir='ltr'><strong>crucia-</strong></span> 
     </span>
    </p>
   </div>
   <div class='ocr_carea' id='block_1_34' title="bbox 322 1934 1918 2007">
    <p class='ocr_par' dir='ltr' id='par_1_34' title="bbox 322 1934 1918 2007">
     <span class='ocr_line' id='line_1_34' title="bbox 322 1934 1918 2007; baseline 0.004 -21"><span class='ocrx_word' id='word_1_276' title='bbox 322 1948 379 1987; x_wconf 86' lang='lat' dir='ltr'><strong>se</strong></span> <span class='ocrx_word' id='word_1_277' title='bbox 400 1942 658 2006; x_wconf 85' lang='lat' dir='ltr'><strong>tamquam</strong></span> <span class='ocrx_word' id='word_1_278' title='bbox 681 1935 794 2005; x_wconf 84' lang='lat' dir='ltr'><strong>ipse</strong></span> <span class='ocrx_word' id='word_1_279' title='bbox 834 1935 970 1990; x_wconf 88' lang='lat' dir='ltr'><strong>Deus</strong></span> <span class='ocrx_word' id='word_1_280' title='bbox 992 1936 1057 2006; x_wconf 95' lang='lat' dir='ltr'><strong>(ll</strong></span> <span class='ocrx_word' id='word_1_281' title='bbox 1079 1934 1257 1991; x_wconf 78' lang='lat' dir='ltr'><strong>Thess.</strong></span> <span class='ocrx_word' id='word_1_282' title='bbox 1280 1952 1341 2002; x_wconf 85' lang='lat' dir='ltr'><strong>tt,</strong></span> <span class='ocrx_word' id='word_1_283' title='bbox 1366 1938 1419 2001; x_wconf 89' lang='grc'><strong>8,</strong></span> <span class='ocrx_word' id='word_1_284' title='bbox 1445 1937 1520 2007; x_wconf 63' lang='grc' dir='ltr'><strong>ὅ).</strong></span> <span class='ocrx_word' id='word_1_285' title='bbox 1548 1937 1644 1992; x_wconf 86' lang='lat' dir='ltr'><strong>llic</strong></span> <span class='ocrx_word' id='word_1_286' title='bbox 1664 1937 1766 1991; x_wconf 87' lang='lat' dir='ltr'><strong>erit</strong></span> <span class='ocrx_word' id='word_1_287' title='bbox 1795 1953 1918 2007; x_wconf 84' lang='lat' dir='ltr'><strong>pro-</strong></span> 
     </span>
    </p>
   </div>
   <div class='ocr_carea' id='block_1_35' title="bbox 323 2026 1922 2100">
    <p class='ocr_par' dir='ltr' id='par_1_35' title="bbox 323 2026 1922 2100">
     <span class='ocr_line' id='line_1_35' title="bbox 323 2026 1922 2100; baseline 0.002 -18"><span class='ocrx_word' id='word_1_288' title='bbox 323 2026 475 2098; x_wconf 87' lang='lat' dir='ltr'><strong>prius</strong></span> <span class='ocrx_word' id='word_1_289' title='bbox 523 2028 915 2085; x_wconf 81' lang='lat' dir='ltr'><strong>Antichristtts.</strong></span> <span class='ocrx_word' id='word_1_290' title='bbox 964 2029 1100 2085; x_wconf 87' lang='lat' dir='ltr'><strong>Huic</strong></span> <span class='ocrx_word' id='word_1_291' title='bbox 1155 2031 1563 2100; x_wconf 86' lang='lat' dir='ltr'><strong>potentissimus</strong></span> <span class='ocrx_word' id='word_1_292' title='bbox 1609 2031 1701 2086; x_wconf 90' lang='lat' dir='ltr'><strong>ille</strong></span> <span class='ocrx_word' id='word_1_293' title='bbox 1750 2031 1922 2086; x_wconf 91' lang='lat' dir='ltr'><strong>Draco</strong></span> 
     </span>
    </p>
   </div>
   <div class='ocr_carea' id='block_1_36' title="bbox 326 2122 1920 2197">
    <p class='ocr_par' dir='ltr' id='par_1_36' title="bbox 326 2122 1920 2197">
     <span class='ocr_line' id='line_1_36' title="bbox 326 2122 1920 2197; baseline 0.001 -19"><span class='ocrx_word' id='word_1_294' title='bbox 326 2123 415 2178; x_wconf 84' lang='lat' dir='ltr'><strong>cui</strong></span> <span class='ocrx_word' id='word_1_295' title='bbox 446 2122 635 2179; x_wconf 87' lang='lat' dir='ltr'><strong>decem</strong></span> <span class='ocrx_word' id='word_1_296' title='bbox 660 2132 948 2180; x_wconf 90' lang='lat' dir='ltr'><strong>cesserunt</strong></span> <span class='ocrx_word' id='word_1_297' title='bbox 973 2140 1153 2195; x_wconf 85' lang='lat' dir='ltr'><strong>reges,</strong></span> <span class='ocrx_word' id='word_1_298' title='bbox 1174 2126 1356 2181; x_wconf 86' lang='lat' dir='ltr'><strong>tradet</strong></span> <span class='ocrx_word' id='word_1_299' title='bbox 1377 2126 1487 2181; x_wconf 86' lang='lat' dir='ltr'><strong>vim</strong></span> <span class='ocrx_word' id='word_1_300' title='bbox 1516 2136 1570 2182; x_wconf 91' lang='lat' dir='ltr'><strong>et</strong></span> <span class='ocrx_word' id='word_1_301' title='bbox 1596 2134 1920 2197; x_wconf 89' lang='lat' dir='ltr'><strong>potestatem</strong></span> 
     </span>
    </p>
   </div>
   <div class='ocr_carea' id='block_1_37' title="bbox 322 2218 1923 2284">
    <p class='ocr_par' dir='ltr' id='par_1_37' title="bbox 322 2218 1923 2284">
     <span class='ocr_line' id='line_1_37' title="bbox 322 2218 1923 2284; baseline 0 -11"><span class='ocrx_word' id='word_1_302' title='bbox 322 2229 512 2284; x_wconf 86' lang='lat' dir='ltr'><strong>suam,</strong></span> <span class='ocrx_word' id='word_1_303' title='bbox 545 2227 600 2273; x_wconf 88' lang='lat' dir='ltr'><strong>et</strong></span> <span class='ocrx_word' id='word_1_304' title='bbox 645 2218 988 2273; x_wconf 89' lang='lat' dir='ltr'><strong>mirabuntur</strong></span> <span class='ocrx_word' id='word_1_305' title='bbox 1041 2220 1278 2274; x_wconf 82' lang='lat' dir='ltr'><strong>universi</strong></span> <span class='ocrx_word' id='word_1_306' title='bbox 1326 2221 1607 2274; x_wconf 88' lang='lat' dir='ltr'><strong>mortales.</strong></span> <span class='ocrx_word' id='word_1_307' title='bbox 1656 2219 1723 2273; x_wconf 87' lang='lat' dir='ltr'><strong>Et</strong></span> <span class='ocrx_word' id='word_1_308' title='bbox 1760 2228 1923 2274; x_wconf 86' lang='lat' dir='ltr'><strong>erunt</strong></span> 
     </span>
    </p>
   </div>
   <div class='ocr_carea' id='block_1_38' title="bbox 324 2309 1922 2383">
    <p class='ocr_par' dir='ltr' id='par_1_38' title="bbox 324 2309 1922 2383">
     <span class='ocr_line' id='line_1_38' title="bbox 324 2309 1922 2383; baseline 0.001 -18"><span class='ocrx_word' id='word_1_309' title='bbox 324 2309 648 2365; x_wconf 80' lang='lat' dir='ltr'><strong>Antichristi</strong></span> <span class='ocrx_word' id='word_1_310' title='bbox 693 2319 938 2382; x_wconf 88' lang='lat' dir='ltr'><strong>tempora</strong></span> <span class='ocrx_word' id='word_1_311' title='bbox 989 2311 1134 2382; x_wconf 68' lang='lat' dir='ltr'><strong>(quae</strong></span> <span class='ocrx_word' id='word_1_312' title='bbox 1186 2318 1454 2383; x_wconf 89' lang='lat' dir='ltr'><strong>tempora,</strong></span> <span class='ocrx_word' id='word_1_313' title='bbox 1510 2312 1759 2367; x_wconf 87' lang='lat' dir='ltr'><strong>mortalia</strong></span> <span class='ocrx_word' id='word_1_314' title='bbox 1814 2313 1922 2367; x_wconf 91' lang='lat' dir='ltr'><strong>sint</strong></span> 
     </span>
    </p>
   </div>
   <div class='ocr_carea' id='block_1_39' title="bbox 323 2386 1922 2480">
    <p class='ocr_par' dir='ltr' id='par_1_39' title="bbox 323 2386 1922 2480">
     <span class='ocr_line' id='line_1_39' title="bbox 323 2386 1922 2480; baseline 0.003 -23"><span class='ocrx_word' id='word_1_315' title='bbox 323 2386 565 2480; x_wconf 70' lang='lat' dir='ltr'><strong>necesse</strong></span> <span class='ocrx_word' id='word_1_316' title='bbox 599 2402 708 2475; x_wconf 88' lang='lat' dir='ltr'><strong>est)</strong></span> <span class='ocrx_word' id='word_1_317' title='bbox 755 2405 936 2474; x_wconf 88' lang='lat' dir='ltr'><strong>qualia</strong></span> <span class='ocrx_word' id='word_1_318' title='bbox 990 2420 1111 2459; x_wconf 91' lang='lat' dir='ltr'><strong>cum</strong></span> <span class='ocrx_word' id='word_1_319' title='bbox 1144 2404 1444 2460; x_wconf 85' lang='lat' dir='ltr'><strong>Antiochus</strong></span> <span class='ocrx_word' id='word_1_320' title='bbox 1475 2406 1578 2460; x_wconf 89' lang='lat' dir='ltr'><strong>sub</strong></span> <span class='ocrx_word' id='word_1_321' title='bbox 1609 2421 1779 2476; x_wconf 86' lang='lat' dir='ltr'><strong>regno</strong></span> <span class='ocrx_word' id='word_1_322' title='bbox 1821 2420 1922 2461; x_wconf 91' lang='lat' dir='ltr'><strong>suo</strong></span> 
     </span>
    </p>
   </div>
   <div class='ocr_carea' id='block_1_40' title="bbox 321 2496 1921 2567">
    <p class='ocr_par' dir='ltr' id='par_1_40' title="bbox 321 2496 1921 2567">
     <span class='ocr_line' id='line_1_40' title="bbox 321 2496 1921 2567; baseline 0.004 -18"><span class='ocrx_word' id='word_1_323' title='bbox 321 2510 493 2551; x_wconf 85' lang='lat' dir='ltr'><strong>unum</strong></span> <span class='ocrx_word' id='word_1_324' title='bbox 538 2496 793 2567; x_wconf 90' lang='lat' dir='ltr'><strong>populum</strong></span> <span class='ocrx_word' id='word_1_325' title='bbox 824 2496 876 2551; x_wconf 92' lang='lat' dir='ltr'><strong>in</strong></span> <span class='ocrx_word' id='word_1_326' title='bbox 921 2497 1191 2567; x_wconf 86' lang='lat' dir='ltr'><strong>apostasia</strong></span> <span class='ocrx_word' id='word_1_327' title='bbox 1240 2497 1421 2555; x_wconf 76' lang='lat' dir='ltr'><strong>facere</strong></span> <span class='ocrx_word' id='word_1_328' title='bbox 1473 2499 1808 2566; x_wconf 79' lang='lat' dir='ltr'><strong>conabatur;</strong></span> <span class='ocrx_word' id='word_1_329' title='bbox 1836 2500 1921 2555; x_wconf 91' lang='lat' dir='ltr'><strong>cui</strong></span> 
     </span>
    </p>
   </div>
   <div class='ocr_carea' id='block_1_41' title="bbox 322 2587 1922 2666">
    <p class='ocr_par' dir='ltr' id='par_1_41' title="bbox 322 2587 1922 2666">
     <span class='ocr_line' id='line_1_41' title="bbox 322 2587 1922 2666; baseline 0.005 -22"><span class='ocrx_word' id='word_1_330' title='bbox 322 2587 490 2661; x_wconf 87' lang='lat' dir='ltr'><strong>(quia</strong></span> <span class='ocrx_word' id='word_1_331' title='bbox 523 2599 738 2661; x_wconf 84' lang='lat' dir='ltr'><strong>lempus</strong></span> <span class='ocrx_word' id='word_1_332' title='bbox 766 2608 872 2646; x_wconf 88' lang='lat' dir='ltr'><strong>non</strong></span> <span class='ocrx_word' id='word_1_333' title='bbox 902 2590 1045 2662; x_wconf 83' lang='lat' dir='ltr'><strong>fuit)</strong></span> <span class='ocrx_word' id='word_1_334' title='bbox 1079 2609 1185 2648; x_wconf 92' lang='lat' dir='ltr'><strong>non</strong></span> <span class='ocrx_word' id='word_1_335' title='bbox 1217 2594 1344 2648; x_wconf 92' lang='lat' dir='ltr'><strong>talia</strong></span> <span class='ocrx_word' id='word_1_336' title='bbox 1394 2607 1713 2661; x_wconf 77' lang='lat' dir='ltr'><strong>evenerunt,</strong></span> <span class='ocrx_word' id='word_1_337' title='bbox 1741 2597 1922 2666; x_wconf 88' lang='lat' dir='ltr'><strong>qualia</strong></span> 
     </span>
    </p>
   </div>
   <div class='ocr_carea' id='block_1_42' title="bbox 324 2682 1923 2757">
    <p class='ocr_par' dir='ltr' id='par_1_42' title="bbox 324 2682 1923 2757">
     <span class='ocr_line' id='line_1_42' title="bbox 324 2682 1923 2757; baseline 0.003 -19"><span class='ocrx_word' id='word_1_338' title='bbox 324 2682 558 2738; x_wconf 88' lang='lat' dir='ltr'><strong>tentabit</strong></span> <span class='ocrx_word' id='word_1_339' title='bbox 591 2682 813 2740; x_wconf 84' lang='lat' dir='ltr'><strong>efficere</strong></span> <span class='ocrx_word' id='word_1_340' title='bbox 840 2684 1226 2741; x_wconf 87' lang='lat' dir='ltr'><strong>Antichristus.</strong></span> <span class='ocrx_word' id='word_1_341' title='bbox 1260 2686 1397 2741; x_wconf 92' lang='lat' dir='ltr'><strong>Dum</strong></span> <span class='ocrx_word' id='word_1_342' title='bbox 1426 2688 1670 2753; x_wconf 88' lang='lat' dir='ltr'><strong>venerit,</strong></span> <span class='ocrx_word' id='word_1_343' title='bbox 1703 2688 1769 2742; x_wconf 90' lang='lat' dir='ltr'><strong>ad</strong></span> <span class='ocrx_word' id='word_1_344' title='bbox 1804 2704 1923 2757; x_wconf 88' lang='lat' dir='ltr'><strong>per-</strong></span> 
     </span>
    </p>
   </div>
   <div class='ocr_carea' id='block_1_43' title="bbox 322 2773 1923 2852">
    <p class='ocr_par' dir='ltr' id='par_1_43' title="bbox 322 2773 1923 2852">
     <span class='ocr_line' id='line_1_43' title="bbox 322 2773 1923 2852; baseline 0.004 -23"><span class='ocrx_word' id='word_1_345' title='bbox 322 2773 587 2831; x_wconf 88' lang='lat' dir='ltr'><strong>ditionem</strong></span> <span class='ocrx_word' id='word_1_346' title='bbox 618 2776 912 2832; x_wconf 89' lang='lat' dir='ltr'><strong>inﬁdelium</strong></span> <span class='ocrx_word' id='word_1_347' title='bbox 945 2780 1131 2833; x_wconf 82' lang='lat' dir='ltr'><strong>veniet</strong></span> <span class='ocrx_word' id='word_1_348' title='bbox 1160 2795 1173 2832; x_wconf 91' lang='lat'><strong>:</strong></span> <span class='ocrx_word' id='word_1_349' title='bbox 1206 2779 1361 2848; x_wconf 77' lang='lat' dir='ltr'><strong>Cujus</strong></span> <span class='ocrx_word' id='word_1_350' title='bbox 1386 2788 1632 2850; x_wconf 85' lang='lat' dir='ltr'><strong>tempus,</strong></span> <span class='ocrx_word' id='word_1_351' title='bbox 1663 2796 1835 2852; x_wconf 83' lang='lat' dir='ltr'><strong>grave</strong></span> <span class='ocrx_word' id='word_1_352' title='bbox 1860 2796 1923 2837; x_wconf 87' lang='lat' dir='ltr'><strong>ac</strong></span> 
     </span>
    </p>
   </div>
   <div class='ocr_carea' id='block_1_44' title="bbox 323 2869 1924 2945">
    <p class='ocr_par' dir='ltr' id='par_1_44' title="bbox 323 2869 1924 2945">
     <span class='ocr_line' id='line_1_44' title="bbox 323 2869 1924 2945; baseline 0.002 -21"><span class='ocrx_word' id='word_1_353' title='bbox 323 2869 615 2925; x_wconf 86' lang='lat' dir='ltr'><strong>nefandum</strong></span> <span class='ocrx_word' id='word_1_354' title='bbox 646 2870 784 2937; x_wconf 89' lang='lat' dir='ltr'><strong>erit;</strong></span> <span class='ocrx_word' id='word_1_355' title='bbox 813 2888 963 2943; x_wconf 86' lang='lat' dir='ltr'><strong>quem</strong></span> <span class='ocrx_word' id='word_1_356' title='bbox 987 2870 1128 2927; x_wconf 89' lang='lat' dir='ltr'><strong>solus</strong></span> <span class='ocrx_word' id='word_1_357' title='bbox 1163 2871 1416 2929; x_wconf 80' lang='lat' dir='ltr'><strong>Dominus</strong></span> <span class='ocrx_word' id='word_1_358' title='bbox 1443 2873 1679 2929; x_wconf 82' lang='lat' dir='ltr'><strong>Christus</strong></span> <span class='ocrx_word' id='word_1_359' title='bbox 1722 2877 1924 2945; x_wconf 75' lang='lat' dir='ltr'><strong>interﬁ-</strong></span> 
     </span>
    </p>
   </div>
   <div class='ocr_carea' id='block_1_45' title="bbox 321 2960 1924 3037">
    <p class='ocr_par' dir='ltr' id='par_1_45' title="bbox 321 2960 1924 3037">
     <span class='ocr_line' id='line_1_45' title="bbox 321 2960 1924 3037; baseline 0.006 -23"><span class='ocrx_word' id='word_1_360' title='bbox 321 2960 421 3015; x_wconf 82' lang='lat' dir='ltr'><strong>ciet</strong></span> <span class='ocrx_word' id='word_1_361' title='bbox 472 2963 659 3030; x_wconf 75' lang='lat' dir='ltr'><strong>spiritu</strong></span> <span class='ocrx_word' id='word_1_362' title='bbox 687 2964 792 3018; x_wconf 85' lang='lat' dir='ltr'><strong>oris</strong></span> <span class='ocrx_word' id='word_1_363' title='bbox 840 2964 941 3032; x_wconf 86' lang='lat' dir='ltr'><strong>sui,</strong></span> <span class='ocrx_word' id='word_1_364' title='bbox 964 2973 1013 3018; x_wconf 91' lang='lat' dir='ltr'><strong>et</strong></span> <span class='ocrx_word' id='word_1_365' title='bbox 1058 2967 1321 3020; x_wconf 85' lang='lat' dir='ltr'><strong>evacuabit</strong></span> <span class='ocrx_word' id='word_1_366' title='bbox 1365 2968 1637 3037; x_wconf 67' lang='lat' dir='ltr'><strong>praesentia</strong></span> <span class='ocrx_word' id='word_1_367' title='bbox 1676 2968 1924 3024; x_wconf 81' lang='lat' dir='ltr'><strong>adventus</strong></span> 
     </span>
    </p>
   </div>
   <div class='ocr_carea' id='block_1_46' title="bbox 323 3051 735 3127">
    <p class='ocr_par' dir='ltr' id='par_1_46' title="bbox 323 3051 735 3127">
     <span class='ocr_line' id='line_1_46' title="bbox 323 3051 735 3127; baseline -0.002 -19"><span class='ocrx_word' id='word_1_368' title='bbox 323 3053 403 3108; x_wconf 89' lang='lat' dir='ltr'><strong>sui</strong></span> <span class='ocrx_word' id='word_1_369' title='bbox 429 3051 621 3125; x_wconf 54' lang='lat' dir='ltr'><strong>una.</strong></span> <span class='ocrx_word' id='word_1_370' title='bbox 655 3054 735 3127; x_wconf 73' lang='lat'><strong>4).</strong></span> 
     </span>
    </p>
   </div>
   <div class='ocr_carea' id='block_1_47' title="bbox 394 3147 1917 3221">
    <p class='ocr_par' dir='ltr' id='par_1_47' title="bbox 394 3147 1917 3221">
     <span class='ocr_line' id='line_1_47' title="bbox 394 3147 1917 3221; baseline 0.005 -19"><span class='ocrx_word' id='word_1_371' title='bbox 394 3147 584 3204; x_wconf 77' lang='lat' dir='ltr'><strong>XVIII.</strong></span> <span class='ocrx_word' id='word_1_372' title='bbox 626 3150 898 3219; x_wconf 87' lang='lat' dir='ltr'><strong>Superato</strong></span> <span class='ocrx_word' id='word_1_373' title='bbox 939 3150 1102 3221; x_wconf 79' lang='lat' dir='ltr'><strong>igitur</strong></span> <span class='ocrx_word' id='word_1_374' title='bbox 1142 3160 1196 3207; x_wconf 92' lang='lat' dir='ltr'><strong>et</strong></span> <span class='ocrx_word' id='word_1_375' title='bbox 1241 3152 1531 3209; x_wconf 81' lang='lat' dir='ltr'><strong>interfecto</strong></span> <span class='ocrx_word' id='word_1_376' title='bbox 1561 3153 1917 3221; x_wconf 88' lang='lat' dir='ltr'><strong>Antichristo,</strong></span> 
     </span>
    </p>
   </div>
   <div class='ocr_carea' id='block_1_48' title="bbox 2025 1937 3447 2007">
    <p class='ocr_par' dir='ltr' id='par_1_48' title="bbox 2025 1937 3447 2007">
     <span class='ocr_line' id='line_1_48' title="bbox 2025 1937 3447 2007; baseline -0.002 -15"><span class='ocrx_word' id='word_1_377' title='bbox 2025 1944 2114 1992; x_wconf 89' lang='lat' dir='ltr'><strong>tus</strong></span> <span class='ocrx_word' id='word_1_378' title='bbox 2143 1938 2270 2003; x_wconf 89' lang='lat' dir='ltr'><strong>fuit;</strong></span> <span class='ocrx_word' id='word_1_379' title='bbox 2300 1940 2447 1993; x_wconf 88' lang='lat' dir='ltr'><strong>venit</strong></span> <span class='ocrx_word' id='word_1_380' title='bbox 2472 1938 2590 1992; x_wconf 88' lang='lat' dir='ltr'><strong>dies</strong></span> <span class='ocrx_word' id='word_1_381' title='bbox 2611 1939 2877 2007; x_wconf 90' lang='lat' dir='ltr'><strong>septimus</strong></span> <span class='ocrx_word' id='word_1_382' title='bbox 2898 1947 2954 1991; x_wconf 90' lang='lat' dir='ltr'><strong>et</strong></span> <span class='ocrx_word' id='word_1_383' title='bbox 2974 1937 3235 1993; x_wconf 87' lang='lat' dir='ltr'><strong>sabbatus</strong></span> <span class='ocrx_word' id='word_1_384' title='bbox 3261 1950 3447 1990; x_wconf 89' lang='lat' dir='ltr'><strong>verus.</strong></span> 
     </span>
    </p>
   </div>
   <div class='ocr_carea' id='block_1_49' title="bbox 2097 2025 3631 2105">
    <p class='ocr_par' dir='ltr' id='par_1_49' title="bbox 2097 2025 3631 2105">
     <span class='ocr_line' id='line_1_49' title="bbox 2097 2025 3631 2105; baseline -0.003 -20"><span class='ocrx_word' id='word_1_385' title='bbox 2097 2030 2239 2086; x_wconf 81' lang='lat' dir='ltr'><strong>XIX.</strong></span> <span class='ocrx_word' id='word_1_386' title='bbox 2274 2032 2615 2105; x_wconf 81' lang='lat' dir='ltr'><strong>Quapropter</strong></span> <span class='ocrx_word' id='word_1_387' title='bbox 2643 2046 2859 2086; x_wconf 89' lang='lat' dir='ltr'><strong>omnem</strong></span> <span class='ocrx_word' id='word_1_388' title='bbox 2891 2032 3125 2085; x_wconf 88' lang='lat' dir='ltr'><strong>animam</strong></span> <span class='ocrx_word' id='word_1_389' title='bbox 3167 2025 3493 2099; x_wconf 60' lang='lat' dir='ltr'><strong>praemonuit</strong></span> <span class='ocrx_word' id='word_1_390' title='bbox 3524 2026 3631 2081; x_wconf 90' lang='lat' dir='ltr'><strong>Do-</strong></span> 
     </span>
    </p>
   </div>
   <div class='ocr_carea' id='block_1_50' title="bbox 2026 2121 3632 2195">
    <p class='ocr_par' dir='ltr' id='par_1_50' title="bbox 2026 2121 3632 2195">
     <span class='ocr_line' id='line_1_50' title="bbox 2026 2121 3632 2195; baseline -0.004 -15"><span class='ocrx_word' id='word_1_391' title='bbox 2026 2125 2205 2180; x_wconf 79' lang='lat' dir='ltr'><strong>minus</strong></span> <span class='ocrx_word' id='word_1_392' title='bbox 2232 2125 2487 2180; x_wconf 85' lang='lat' dir='ltr'><strong>Christus</strong></span> <span class='ocrx_word' id='word_1_393' title='bbox 2529 2125 2584 2179; x_wconf 90' lang='lat' dir='ltr'><strong>in</strong></span> <span class='ocrx_word' id='word_1_394' title='bbox 2628 2126 2926 2195; x_wconf 82' lang='lat' dir='ltr'><strong>Evangelio</strong></span> <span class='ocrx_word' id='word_1_395' title='bbox 2966 2124 3031 2178; x_wconf 89' lang='lat' dir='ltr'><strong>ad</strong></span> <span class='ocrx_word' id='word_1_396' title='bbox 3083 2122 3417 2178; x_wconf 88' lang='lat' dir='ltr'><strong>credendum</strong></span> <span class='ocrx_word' id='word_1_397' title='bbox 3472 2121 3524 2175; x_wconf 91' lang='lat' dir='ltr'><strong>in</strong></span> <span class='ocrx_word' id='word_1_398' title='bbox 3573 2133 3632 2173; x_wconf 88' lang='lat' dir='ltr'><strong>se</strong></span> 
     </span>
    </p>
   </div>
   <div class='ocr_carea' id='block_1_51' title="bbox 2023 2218 3633 2286">
    <p class='ocr_par' dir='ltr' id='par_1_51' title="bbox 2023 2218 3633 2286">
     <span class='ocr_line' id='line_1_51' title="bbox 2023 2218 3633 2286; baseline -0.002 -16"><span class='ocrx_word' id='word_1_399' title='bbox 2023 2228 2151 2273; x_wconf 90' lang='lat' dir='ltr'><strong>ante</strong></span> <span class='ocrx_word' id='word_1_400' title='bbox 2188 2233 2309 2273; x_wconf 88' lang='lat' dir='ltr'><strong>esse</strong></span> <span class='ocrx_word' id='word_1_401' title='bbox 2354 2218 2707 2282; x_wconf 85' lang='lat' dir='ltr'><strong>currendum,</strong></span> <span class='ocrx_word' id='word_1_402' title='bbox 2743 2235 2847 2272; x_wconf 84' lang='lat' dir='ltr'><strong>IIOII</strong></span> <span class='ocrx_word' id='word_1_403' title='bbox 2880 2232 2946 2273; x_wconf 74' lang='grc' dir='ltr'><strong>ΘΟ</strong></span> <span class='ocrx_word' id='word_1_404' title='bbox 2978 2228 3227 2286; x_wconf 78' lang='lat' dir='ltr'><strong>tempore</strong></span> <span class='ocrx_word' id='word_1_405' title='bbox 3256 2229 3364 2286; x_wconf 91' lang='lat' dir='ltr'><strong>quo</strong></span> <span class='ocrx_word' id='word_1_406' title='bbox 3391 2221 3447 2269; x_wconf 88' lang='lat' dir='ltr'><strong>et</strong></span> <span class='ocrx_word' id='word_1_407' title='bbox 3472 2227 3633 2283; x_wconf 70' lang='lat' dir='ltr'><strong>pmna</strong></span> 
     </span>
    </p>
   </div>
   <div class='ocr_carea' id='block_1_52' title="bbox 2025 2308 3635 2383">
    <p class='ocr_par' dir='ltr' id='par_1_52' title="bbox 2025 2308 3635 2383">
     <span class='ocr_line' id='line_1_52' title="bbox 2025 2308 3635 2383; baseline -0.006 -14"><span class='ocrx_word' id='word_1_408' title='bbox 2025 2324 2225 2369; x_wconf 57' lang='lat' dir='ltr'><strong>aeterna</strong></span> <span class='ocrx_word' id='word_1_409' title='bbox 2257 2315 2457 2383; x_wconf 90' lang='lat' dir='ltr'><strong>impiis,</strong></span> <span class='ocrx_word' id='word_1_410' title='bbox 2484 2325 2537 2368; x_wconf 91' lang='lat' dir='ltr'><strong>et</strong></span> <span class='ocrx_word' id='word_1_411' title='bbox 2566 2328 2777 2368; x_wconf 89' lang='lat' dir='ltr'><strong>merces</strong></span> <span class='ocrx_word' id='word_1_412' title='bbox 2810 2314 2948 2366; x_wconf 90' lang='lat' dir='ltr'><strong>bona</strong></span> <span class='ocrx_word' id='word_1_413' title='bbox 2994 2311 3201 2366; x_wconf 85' lang='lat' dir='ltr'><strong>sanctis</strong></span> <span class='ocrx_word' id='word_1_414' title='bbox 3253 2308 3510 2364; x_wconf 89' lang='lat' dir='ltr'><strong>reddatur</strong></span> <span class='ocrx_word' id='word_1_415' title='bbox 3538 2322 3635 2361; x_wconf 81' lang='lat' dir='ltr'><strong>ue-</strong></span> 
     </span>
    </p>
   </div>
   <div class='ocr_carea' id='block_1_53' title="bbox 2025 2400 3631 2476">
    <p class='ocr_par' dir='ltr' id='par_1_53' title="bbox 2025 2400 3631 2476">
     <span class='ocr_line' id='line_1_53' title="bbox 2025 2400 3631 2476; baseline -0.006 -15"><span class='ocrx_word' id='word_1_416' title='bbox 2025 2420 2178 2461; x_wconf 88' lang='lat' dir='ltr'><strong>ccsse</strong></span> <span class='ocrx_word' id='word_1_417' title='bbox 2199 2418 2283 2461; x_wconf 85' lang='lat' dir='ltr'><strong>est</strong></span> <span class='ocrx_word' id='word_1_418' title='bbox 2307 2422 2405 2475; x_wconf 89' lang='lat' dir='ltr'><strong>pro</strong></span> <span class='ocrx_word' id='word_1_419' title='bbox 2432 2407 2643 2460; x_wconf 89' lang='lat' dir='ltr'><strong>meritis</strong></span> <span class='ocrx_word' id='word_1_420' title='bbox 2666 2404 3005 2476; x_wconf 82' lang='lat' dir='ltr'><strong>singulorum</strong></span> <span class='ocrx_word' id='word_1_421' title='bbox 3039 2422 3049 2455; x_wconf 93' lang='lat'><strong>:</strong></span> <span class='ocrx_word' id='word_1_422' title='bbox 3082 2402 3312 2473; x_wconf 73' lang='lat' dir='ltr'><strong>Rogata,</strong></span> <span class='ocrx_word' id='word_1_423' title='bbox 3343 2400 3537 2469; x_wconf 87' lang='lat' dir='ltr'><strong>inquit,</strong></span> <span class='ocrx_word' id='word_1_424' title='bbox 3566 2415 3631 2452; x_wconf 84' lang='lat' dir='ltr'><strong>ne</strong></span> 
     </span>
    </p>
   </div>
   <div class='ocr_carea' id='block_1_54' title="bbox 2024 2488 3627 2571">
    <p class='ocr_par' dir='ltr' id='par_1_54' title="bbox 2024 2488 3627 2571">
     <span class='ocr_line' id='line_1_54' title="bbox 2024 2488 3627 2571; baseline -0.007 -18"><span class='ocrx_word' id='word_1_425' title='bbox 2024 2500 2115 2569; x_wconf 83' lang='lat' dir='ltr'><strong>ﬁat</strong></span> <span class='ocrx_word' id='word_1_426' title='bbox 2142 2499 2267 2571; x_wconf 77' lang='lat' dir='ltr'><strong>fuga</strong></span> <span class='ocrx_word' id='word_1_427' title='bbox 2296 2508 2461 2554; x_wconf 84' lang='lat' dir='ltr'><strong>vestra</strong></span> <span class='ocrx_word' id='word_1_428' title='bbox 2488 2498 2653 2554; x_wconf 87' lang='lat' dir='ltr'><strong>hieme</strong></span> <span class='ocrx_word' id='word_1_429' title='bbox 2679 2508 2769 2553; x_wconf 86' lang='lat' dir='ltr'><strong>aut</strong></span> <span class='ocrx_word' id='word_1_430' title='bbox 2793 2497 3006 2552; x_wconf 87' lang='lat' dir='ltr'><strong>sabbato</strong></span> <span class='ocrx_word' id='word_1_431' title='bbox 3047 2494 3268 2565; x_wconf 74' lang='lat' dir='ltr'><strong>(Matth.</strong></span> <span class='ocrx_word' id='word_1_432' title='bbox 3322 2508 3469 2555; x_wconf 75' lang='lat' dir='ltr'><strong>sxw,</strong></span> <span class='ocrx_word' id='word_1_433' title='bbox 3509 2488 3627 2560; x_wconf 73' lang='grc'><strong>20).</strong></span> 
     </span>
    </p>
   </div>
   <div class='ocr_carea' id='block_1_55' title="bbox 2026 2586 3632 2664">
    <p class='ocr_par' dir='ltr' id='par_1_55' title="bbox 2026 2586 3632 2664">
     <span class='ocr_line' id='line_1_55' title="bbox 2026 2586 3632 2664; baseline -0.007 -15"><span class='ocrx_word' id='word_1_434' title='bbox 2026 2593 2154 2649; x_wconf 91' lang='lat' dir='ltr'><strong>Post</strong></span> <span class='ocrx_word' id='word_1_435' title='bbox 2175 2595 2465 2664; x_wconf 88' lang='lat' dir='ltr'><strong>septimum</strong></span> <span class='ocrx_word' id='word_1_436' title='bbox 2507 2606 2560 2649; x_wconf 92' lang='lat' dir='ltr'><strong>et</strong></span> <span class='ocrx_word' id='word_1_437' title='bbox 2593 2593 2945 2649; x_wconf 84' lang='lat' dir='ltr'><strong>millesimum</strong></span> <span class='ocrx_word' id='word_1_438' title='bbox 2974 2606 3173 2645; x_wconf 85' lang='lat' dir='ltr'><strong>annum</strong></span> <span class='ocrx_word' id='word_1_439' title='bbox 3206 2590 3449 2643; x_wconf 89' lang='lat' dir='ltr'><strong>solvetur</strong></span> <span class='ocrx_word' id='word_1_440' title='bbox 3473 2586 3632 2641; x_wconf 89' lang='lat' dir='ltr'><strong>Sata-</strong></span> 
     </span>
    </p>
   </div>
   <div class='ocr_carea' id='block_1_56' title="bbox 2027 2677 3633 2751">
    <p class='ocr_par' dir='ltr' id='par_1_56' title="bbox 2027 2677 3633 2751">
     <span class='ocr_line' id='line_1_56' title="bbox 2027 2677 3633 2751; baseline -0.008 -8"><span class='ocrx_word' id='word_1_441' title='bbox 2027 2702 2125 2743; x_wconf 88' lang='lat' dir='ltr'><strong>nas</strong></span> <span class='ocrx_word' id='word_1_442' title='bbox 2150 2688 2220 2742; x_wconf 91' lang='lat' dir='ltr'><strong>de</strong></span> <span class='ocrx_word' id='word_1_443' title='bbox 2249 2701 2473 2742; x_wconf 86' lang='lat' dir='ltr'><strong>carcere</strong></span> <span class='ocrx_word' id='word_1_444' title='bbox 2502 2702 2624 2751; x_wconf 89' lang='lat' dir='ltr'><strong>suo,</strong></span> <span class='ocrx_word' id='word_1_445' title='bbox 2650 2696 2705 2741; x_wconf 89' lang='lat' dir='ltr'><strong>et</strong></span> <span class='ocrx_word' id='word_1_446' title='bbox 2731 2686 2877 2740; x_wconf 79' lang='lat' dir='ltr'><strong>exiet</strong></span> <span class='ocrx_word' id='word_1_447' title='bbox 2909 2684 3173 2739; x_wconf 82' lang='lat' dir='ltr'><strong>seducere</strong></span> <span class='ocrx_word' id='word_1_448' title='bbox 3202 2688 3393 2751; x_wconf 86' lang='lat' dir='ltr'><strong>gentes</strong></span> <span class='ocrx_word' id='word_1_449' title='bbox 3433 2677 3550 2747; x_wconf 86' lang='lat' dir='ltr'><strong>Gog</strong></span> <span class='ocrx_word' id='word_1_450' title='bbox 3577 2687 3633 2730; x_wconf 91' lang='lat' dir='ltr'><strong>ct</strong></span> 
     </span>
    </p>
   </div>
   <div class='ocr_carea' id='block_1_57' title="bbox 2026 2771 3630 2851">
    <p class='ocr_par' dir='ltr' id='par_1_57' title="bbox 2026 2771 3630 2851">
     <span class='ocr_line' id='line_1_57' title="bbox 2026 2771 3630 2851; baseline -0.009 -15"><span class='ocrx_word' id='word_1_451' title='bbox 2026 2780 2214 2851; x_wconf 80' lang='lat' dir='ltr'><strong>Magog</strong></span> <span class='ocrx_word' id='word_1_452' title='bbox 2235 2797 2249 2847; x_wconf 90' lang='lat'><strong>;</strong></span> <span class='ocrx_word' id='word_1_453' title='bbox 2274 2789 2328 2835; x_wconf 90' lang='lat' dir='ltr'><strong>et</strong></span> <span class='ocrx_word' id='word_1_454' title='bbox 2352 2794 2689 2849; x_wconf 78' lang='lat' dir='ltr'><strong>congregans</strong></span> <span class='ocrx_word' id='word_1_455' title='bbox 2711 2793 2804 2833; x_wconf 91' lang='lat' dir='ltr'><strong>eas</strong></span> <span class='ocrx_word' id='word_1_456' title='bbox 2826 2777 2893 2831; x_wconf 87' lang='lat' dir='ltr'><strong>ad</strong></span> <span class='ocrx_word' id='word_1_457' title='bbox 2922 2785 3099 2831; x_wconf 87' lang='lat' dir='ltr'><strong>castra</strong></span> <span class='ocrx_word' id='word_1_458' title='bbox 3123 2774 3448 2829; x_wconf 82' lang='lat' dir='ltr'><strong>Sanctorum</strong></span> <span class='ocrx_word' id='word_1_459' title='bbox 3474 2771 3630 2840; x_wconf 88' lang='lat' dir='ltr'><strong>quasi</strong></span> 
     </span>
    </p>
   </div>
   <div class='ocr_carea' id='block_1_58' title="bbox 2028 2868 3629 2944">
    <p class='ocr_par' dir='ltr' id='par_1_58' title="bbox 2028 2868 3629 2944">
     <span class='ocr_line' id='line_1_58' title="bbox 2028 2868 3629 2944; baseline -0.007 -16"><span class='ocrx_word' id='word_1_460' title='bbox 2028 2883 2361 2944; x_wconf 84' lang='lat' dir='ltr'><strong>pugnaturas</strong></span> <span class='ocrx_word' id='word_1_461' title='bbox 2392 2890 2405 2925; x_wconf 87' lang='lat'><strong>:</strong></span> <span class='ocrx_word' id='word_1_462' title='bbox 2433 2884 2486 2926; x_wconf 88' lang='lat' dir='ltr'><strong>et</strong></span> <span class='ocrx_word' id='word_1_463' title='bbox 2512 2872 2808 2927; x_wconf 86' lang='lat' dir='ltr'><strong>descendet</strong></span> <span class='ocrx_word' id='word_1_464' title='bbox 2834 2870 2974 2941; x_wconf 84' lang='lat' dir='ltr'><strong>ignis</strong></span> <span class='ocrx_word' id='word_1_465' title='bbox 3001 2868 3069 2924; x_wconf 90' lang='lat' dir='ltr'><strong>de</strong></span> <span class='ocrx_word' id='word_1_466' title='bbox 3101 2868 3256 2931; x_wconf 66' lang='lat' dir='ltr'><strong>cutio,</strong></span> <span class='ocrx_word' id='word_1_467' title='bbox 3290 2874 3345 2919; x_wconf 88' lang='lat' dir='ltr'><strong>ct</strong></span> <span class='ocrx_word' id='word_1_468' title='bbox 3369 2876 3629 2918; x_wconf 81' lang='lat' dir='ltr'><strong>consum-</strong></span> 
     </span>
    </p>
   </div>
   <div class='ocr_carea' id='block_1_59' title="bbox 2026 2958 3633 3023">
    <p class='ocr_par' dir='ltr' id='par_1_59' title="bbox 2026 2958 3633 3023">
     <span class='ocr_line' id='line_1_59' title="bbox 2026 2958 3633 3023; baseline -0.007 0"><span class='ocrx_word' id='word_1_469' title='bbox 2026 2968 2317 3023; x_wconf 85' lang='lat' dir='ltr'><strong>mabuntur</strong></span> <span class='ocrx_word' id='word_1_470' title='bbox 2346 2981 2535 3022; x_wconf 89' lang='lat' dir='ltr'><strong>omnes</strong></span> <span class='ocrx_word' id='word_1_471' title='bbox 2570 2966 2853 3021; x_wconf 83' lang='lat' dir='ltr'><strong>homines:</strong></span> <span class='ocrx_word' id='word_1_472' title='bbox 2886 2976 2935 3019; x_wconf 89' lang='lat' dir='ltr'><strong>ct</strong></span> <span class='ocrx_word' id='word_1_473' title='bbox 2972 2973 3101 3018; x_wconf 94' lang='lat' dir='ltr'><strong>tunc</strong></span> <span class='ocrx_word' id='word_1_474' title='bbox 3127 2964 3233 3017; x_wconf 89' lang='lat' dir='ltr'><strong>erit</strong></span> <span class='ocrx_word' id='word_1_475' title='bbox 3273 2958 3514 3017; x_wconf 88' lang='lat' dir='ltr'><strong>secunda</strong></span> <span class='ocrx_word' id='word_1_476' title='bbox 3543 2974 3633 3013; x_wconf 87' lang='lat' dir='ltr'><strong>re-</strong></span> 
     </span>
    </p>
   </div>
   <div class='ocr_carea' id='block_1_60' title="bbox 2025 3052 3631 3129">
    <p class='ocr_par' dir='ltr' id='par_1_60' title="bbox 2025 3052 3631 3129">
     <span class='ocr_line' id='line_1_60' title="bbox 2025 3052 3631 3129; baseline -0.008 -12"><span class='ocrx_word' id='word_1_477' title='bbox 2025 3062 2292 3117; x_wconf 89' lang='lat' dir='ltr'><strong>surrectio</strong></span> <span class='ocrx_word' id='word_1_478' title='bbox 2326 3063 2473 3116; x_wconf 92' lang='lat' dir='ltr'><strong>omni</strong></span> <span class='ocrx_word' id='word_1_479' title='bbox 2495 3062 2678 3127; x_wconf 90' lang='lat' dir='ltr'><strong>carni;</strong></span> <span class='ocrx_word' id='word_1_480' title='bbox 2708 3058 3168 3129; x_wconf 88' lang='lat' dir='ltr'><strong>etjudicabuntur</strong></span> <span class='ocrx_word' id='word_1_481' title='bbox 3194 3069 3389 3110; x_wconf 87' lang='lat' dir='ltr'><strong>omnes</strong></span> <span class='ocrx_word' id='word_1_482' title='bbox 3423 3052 3631 3123; x_wconf 88' lang='lat' dir='ltr'><strong>judicio</strong></span> 
     </span>
    </p>
   </div>
   <div class='ocr_carea' id='block_1_61' title="bbox 2026 3144 3634 3226">
    <p class='ocr_par' dir='ltr' id='par_1_61' title="bbox 2026 3144 3634 3226">
     <span class='ocr_line' id='line_1_61' title="bbox 2026 3144 3634 3226; baseline -0.009 -16"><span class='ocrx_word' id='word_1_483' title='bbox 2026 3155 2121 3210; x_wconf 91' lang='lat' dir='ltr'><strong>Dei</strong></span> <span class='ocrx_word' id='word_1_484' title='bbox 2151 3158 2296 3226; x_wconf 83' lang='lat' dir='ltr'><strong>justo</strong></span> <span class='ocrx_word' id='word_1_485' title='bbox 2318 3170 2416 3225; x_wconf 91' lang='lat' dir='ltr'><strong>pro</strong></span> <span class='ocrx_word' id='word_1_486' title='bbox 2438 3170 2505 3209; x_wconf 87' lang='lat' dir='ltr'><strong>eo</strong></span> <span class='ocrx_word' id='word_1_487' title='bbox 2536 3154 2677 3223; x_wconf 87' lang='lat' dir='ltr'><strong>quod</strong></span> <span class='ocrx_word' id='word_1_488' title='bbox 2707 3170 2814 3208; x_wconf 90' lang='lat' dir='ltr'><strong>non</strong></span> <span class='ocrx_word' id='word_1_489' title='bbox 2847 3151 3226 3214; x_wconf 90' lang='lat' dir='ltr'><strong>crediderunt,</strong></span> <span class='ocrx_word' id='word_1_490' title='bbox 3259 3148 3353 3202; x_wconf 91' lang='lat' dir='ltr'><strong>sed</strong></span> <span class='ocrx_word' id='word_1_491' title='bbox 3384 3146 3487 3201; x_wconf 91' lang='lat' dir='ltr'><strong>sibi</strong></span> <span class='ocrx_word' id='word_1_492' title='bbox 3518 3144 3634 3214; x_wconf 89' lang='lat' dir='ltr'><strong>pla-</strong></span> 
     </span>
    </p>
   </div>
   <div class='ocr_carea' id='block_1_62' title="bbox 321 3238 3629 3319">
    <p class='ocr_par' dir='ltr' id='par_1_62' title="bbox 321 3238 3629 3319">
     <span class='ocr_line' id='line_1_62' title="bbox 321 3238 3629 3319; baseline -0.002 -23"><span class='ocrx_word' id='word_1_493' title='bbox 321 3254 534 3296; x_wconf 83' lang='lat' dir='ltr'><strong>summa</strong></span> <span class='ocrx_word' id='word_1_494' title='bbox 559 3245 831 3313; x_wconf 86' lang='lat' dir='ltr'><strong>completa</strong></span> <span class='ocrx_word' id='word_1_495' title='bbox 864 3259 1131 3300; x_wconf 87' lang='lat' dir='ltr'><strong>annorum</strong></span> <span class='ocrx_word' id='word_1_496' title='bbox 1164 3262 1258 3301; x_wconf 86' lang='lat' dir='ltr'><strong>sex</strong></span> <span class='ocrx_word' id='word_1_497' title='bbox 1285 3248 1509 3302; x_wconf 91' lang='lat' dir='ltr'><strong>millium</strong></span> <span class='ocrx_word' id='word_1_498' title='bbox 1534 3249 1625 3302; x_wconf 86' lang='lat' dir='ltr'><strong>lict</strong></span> <span class='ocrx_word' id='word_1_499' title='bbox 1646 3262 1924 3305; x_wconf 86' lang='lat' dir='ltr'><strong>resurrec-</strong></span> <span class='ocrx_word' id='word_1_500' title='bbox 1953 3250 1998 3313; x_wconf 89' lang='lat' dir='ltr'>C</span> <span class='ocrx_word' id='word_1_501' title='bbox 2030 3257 2260 3305; x_wconf 90' lang='lat' dir='ltr'><strong>cuerunt</strong></span> <span class='ocrx_word' id='word_1_502' title='bbox 2285 3250 2337 3303; x_wconf 90' lang='lat' dir='ltr'><strong>in</strong></span> <span class='ocrx_word' id='word_1_503' title='bbox 2380 3247 2625 3319; x_wconf 82' lang='lat' dir='ltr'><strong>justitiis.</strong></span> <span class='ocrx_word' id='word_1_504' title='bbox 2669 3246 2735 3300; x_wconf 90' lang='lat' dir='ltr'><strong>Et</strong></span> <span class='ocrx_word' id='word_1_505' title='bbox 2767 3254 2888 3315; x_wconf 89' lang='lat' dir='ltr'><strong>post</strong></span> <span class='ocrx_word' id='word_1_506' title='bbox 2932 3248 3032 3299; x_wconf 88' lang='lat' dir='ltr'><strong>hoc</strong></span> <span class='ocrx_word' id='word_1_507' title='bbox 3057 3285 3070 3307; x_wconf 90' lang='lat'><strong>,</strong></span> <span class='ocrx_word' id='word_1_508' title='bbox 3101 3242 3381 3296; x_wconf 84' lang='lat' dir='ltr'><strong>auferetur</strong></span> <span class='ocrx_word' id='word_1_509' title='bbox 3428 3238 3629 3293; x_wconf 66' lang='lat' dir='ltr'><strong>caelum</strong></span> 
     </span>
    </p>
   </div>
   <div class='ocr_carea' id='block_1_63' title="bbox 321 3333 1917 3410">
    <p class='ocr_par' dir='ltr' id='par_1_63' title="bbox 321 3333 1917 3410">
     <span class='ocr_line' id='line_1_63' title="bbox 321 3333 1917 3410; baseline 0.005 -22"><span class='ocrx_word' id='word_1_510' title='bbox 321 3333 398 3388; x_wconf 92' lang='lat' dir='ltr'><strong>tio</strong></span> <span class='ocrx_word' id='word_1_511' title='bbox 420 3333 662 3390; x_wconf 85' lang='lat' dir='ltr'><strong>onminm</strong></span> <span class='ocrx_word' id='word_1_512' title='bbox 685 3347 1000 3393; x_wconf 84' lang='lat' dir='ltr'><strong>sanctorum</strong></span> <span class='ocrx_word' id='word_1_513' title='bbox 1032 3338 1207 3395; x_wconf 89' lang='lat' dir='ltr'><strong>adhuc</strong></span> <span class='ocrx_word' id='word_1_514' title='bbox 1230 3341 1528 3410; x_wconf 78' lang='lat' dir='ltr'><strong>supersﬁte</strong></span> <span class='ocrx_word' id='word_1_515' title='bbox 1554 3341 1789 3406; x_wconf 86' lang='lat' dir='ltr'><strong>mundo;</strong></span> <span class='ocrx_word' id='word_1_516' title='bbox 1822 3341 1917 3396; x_wconf 83' lang='lat' dir='ltr'><strong>de-</strong></span> 
     </span>
    </p>
   </div>
   <div class='ocr_carea' id='block_1_64' title="bbox 318 3427 1919 3504">
    <p class='ocr_par' dir='ltr' id='par_1_64' title="bbox 318 3427 1919 3504">
     <span class='ocr_line' id='line_1_64' title="bbox 318 3427 1919 3504; baseline 0.003 -21"><span class='ocrx_word' id='word_1_517' title='bbox 318 3427 667 3484; x_wconf 88' lang='lat' dir='ltr'><strong>currentibus</strong></span> <span class='ocrx_word' id='word_1_518' title='bbox 704 3430 870 3484; x_wconf 79' lang='lat' dir='ltr'><strong>etiam</strong></span> <span class='ocrx_word' id='word_1_519' title='bbox 902 3431 1062 3486; x_wconf 87' lang='lat' dir='ltr'><strong>annis</strong></span> <span class='ocrx_word' id='word_1_520' title='bbox 1096 3433 1271 3499; x_wconf 88' lang='lat' dir='ltr'><strong>mille,</strong></span> <span class='ocrx_word' id='word_1_521' title='bbox 1308 3433 1359 3487; x_wconf 89' lang='lat' dir='ltr'><strong>in</strong></span> <span class='ocrx_word' id='word_1_522' title='bbox 1389 3434 1584 3504; x_wconf 84' lang='lat' dir='ltr'><strong>quibus</strong></span> <span class='ocrx_word' id='word_1_523' title='bbox 1619 3434 1785 3491; x_wconf 87' lang='lat' dir='ltr'><strong>draco</strong></span> <span class='ocrx_word' id='word_1_524' title='bbox 1829 3434 1919 3488; x_wconf 88' lang='lat' dir='ltr'><strong>ille</strong></span> 
     </span>
    </p>
   </div>
   <div class='ocr_carea' id='block_1_65' title="bbox 318 3521 1919 3596">
    <p class='ocr_par' dir='ltr' id='par_1_65' title="bbox 318 3521 1919 3596">
     <span class='ocr_line' id='line_1_65' title="bbox 318 3521 1919 3596; baseline 0.003 -21"><span class='ocrx_word' id='word_1_525' title='bbox 318 3523 574 3591; x_wconf 88' lang='lat' dir='ltr'><strong>antiquus</strong></span> <span class='ocrx_word' id='word_1_526' title='bbox 621 3521 807 3595; x_wconf 84' lang='lat' dir='ltr'><strong>(Apoc.</strong></span> <span class='ocrx_word' id='word_1_527' title='bbox 838 3539 929 3591; x_wconf 82' lang='lat' dir='ltr'><strong>xx,</strong></span> <span class='ocrx_word' id='word_1_528' title='bbox 958 3524 1039 3595; x_wconf 82' lang='lat'><strong>&#39;5),</strong></span> <span class='ocrx_word' id='word_1_529' title='bbox 1069 3524 1320 3580; x_wconf 89' lang='lat' dir='ltr'><strong>diabolus</strong></span> <span class='ocrx_word' id='word_1_530' title='bbox 1352 3534 1410 3579; x_wconf 88' lang='lat' dir='ltr'><strong>et</strong></span> <span class='ocrx_word' id='word_1_531' title='bbox 1453 3539 1693 3593; x_wconf 84' lang='lat' dir='ltr'><strong>satanas,</strong></span> <span class='ocrx_word' id='word_1_532' title='bbox 1725 3526 1919 3596; x_wconf 81' lang='lat' dir='ltr'><strong>ligatus</strong></span> 
     </span>
    </p>
   </div>
   <div class='ocr_carea' id='block_1_66' title="bbox 319 3613 1919 3689">
    <p class='ocr_par' dir='ltr' id='par_1_66' title="bbox 319 3613 1919 3689">
     <span class='ocr_line' id='line_1_66' title="bbox 319 3613 1919 3689; baseline 0.002 -20"><span class='ocrx_word' id='word_1_533' title='bbox 319 3613 374 3669; x_wconf 90' lang='lat' dir='ltr'><strong>in</strong></span> <span class='ocrx_word' id='word_1_534' title='bbox 405 3615 629 3686; x_wconf 86' lang='lat' dir='ltr'><strong>abysso,</strong></span> <span class='ocrx_word' id='word_1_535' title='bbox 663 3628 1043 3685; x_wconf 71' lang='lat' dir='ltr'><strong>sequesnatus</strong></span> <span class='ocrx_word' id='word_1_536' title='bbox 1070 3618 1177 3674; x_wconf 90' lang='lat' dir='ltr'><strong>erit</strong></span> <span class='ocrx_word' id='word_1_537' title='bbox 1203 3634 1272 3673; x_wconf 90' lang='lat' dir='ltr'><strong>ne</strong></span> <span class='ocrx_word' id='word_1_538' title='bbox 1303 3618 1527 3673; x_wconf 88' lang='lat' dir='ltr'><strong>sedncat</strong></span> <span class='ocrx_word' id='word_1_539' title='bbox 1549 3634 1874 3689; x_wconf 87' lang='lat' dir='ltr'><strong>quemquam</strong></span> <span class='ocrx_word' id='word_1_540' title='bbox 1904 3660 1919 3685; x_wconf 95' lang='lat'><strong>,</strong></span> 
     </span>
    </p>
   </div>
   <div class='ocr_carea' id='block_1_67' title="bbox 273 3703 1921 3784">
    <p class='ocr_par' dir='ltr' id='par_1_67' title="bbox 273 3703 1921 3784">
     <span class='ocr_line' id='line_1_67' title="bbox 273 3703 1921 3784; baseline 0.002 -22"><span class='ocrx_word' id='word_1_541' title='bbox 273 3703 496 3763; x_wconf 51' lang='lat' dir='ltr'><strong>’donec</strong></span> <span class='ocrx_word' id='word_1_542' title='bbox 523 3724 974 3768; x_wconf 76' lang='lat' dir='ltr'><strong>consummentur</strong></span> <span class='ocrx_word' id='word_1_543' title='bbox 1010 3712 1141 3767; x_wconf 90' lang='lat' dir='ltr'><strong>anni</strong></span> <span class='ocrx_word' id='word_1_544' title='bbox 1190 3723 1330 3778; x_wconf 87' lang='lat' dir='ltr'><strong>tres;</strong></span> <span class='ocrx_word' id='word_1_545' title='bbox 1362 3714 1453 3784; x_wconf 92' lang='lat' dir='ltr'><strong>qui</strong></span> <span class='ocrx_word' id='word_1_546' title='bbox 1493 3715 1621 3768; x_wconf 88' lang='lat' dir='ltr'><strong>anni</strong></span> <span class='ocrx_word' id='word_1_547' title='bbox 1678 3724 1792 3769; x_wconf 91' lang='lat' dir='ltr'><strong>tres</strong></span> <span class='ocrx_word' id='word_1_548' title='bbox 1836 3712 1921 3767; x_wconf 90' lang='lat' dir='ltr'><strong>his</strong></span> 
     </span>
    </p>
   </div>
   <div class='ocr_carea' id='block_1_68' title="bbox 316 3807 1927 3879">
    <p class='ocr_par' dir='ltr' id='par_1_68' title="bbox 316 3807 1927 3879">
     <span class='ocr_line' id='line_1_68' title="bbox 316 3807 1927 3879; baseline 0.002 -22"><span class='ocrx_word' id='word_1_549' title='bbox 316 3807 825 3863; x_wconf 86' lang='lat' dir='ltr'><strong>annumerabuntur</strong></span> <span class='ocrx_word' id='word_1_550' title='bbox 855 3808 947 3878; x_wconf 90' lang='lat' dir='ltr'><strong>qui</strong></span> <span class='ocrx_word' id='word_1_551' title='bbox 978 3808 1078 3863; x_wconf 89' lang='lat' dir='ltr'><strong>sub</strong></span> <span class='ocrx_word' id='word_1_552' title='bbox 1118 3811 1278 3879; x_wconf 86' lang='lat' dir='ltr'><strong>signo</strong></span> <span class='ocrx_word' id='word_1_553' title='bbox 1306 3809 1626 3864; x_wconf 78' lang='lat' dir='ltr'><strong>Antichristi</strong></span> <span class='ocrx_word' id='word_1_554' title='bbox 1677 3823 1927 3864; x_wconf 87' lang='lat' dir='ltr'><strong>remane-</strong></span> 
     </span>
    </p>
   </div>
   <div class='ocr_carea' id='block_1_69' title="bbox 2030 3329 3633 3405">
    <p class='ocr_par' dir='ltr' id='par_1_69' title="bbox 2030 3329 3633 3405">
     <span class='ocr_line' id='line_1_69' title="bbox 2030 3329 3633 3405; baseline -0.007 -10"><span class='ocrx_word' id='word_1_555' title='bbox 2030 3341 2132 3396; x_wconf 91' lang='lat' dir='ltr'><strong>boc</strong></span> <span class='ocrx_word' id='word_1_556' title='bbox 2169 3352 2224 3395; x_wconf 90' lang='lat' dir='ltr'><strong>et</strong></span> <span class='ocrx_word' id='word_1_557' title='bbox 2270 3354 2414 3395; x_wconf 90' lang='lat' dir='ltr'><strong>terra</strong></span> <span class='ocrx_word' id='word_1_558' title='bbox 2448 3341 2579 3405; x_wconf 85' lang='lat' dir='ltr'><strong>ista;</strong></span> <span class='ocrx_word' id='word_1_559' title='bbox 2604 3350 2659 3393; x_wconf 89' lang='lat' dir='ltr'><strong>et</strong></span> <span class='ocrx_word' id='word_1_560' title='bbox 2697 3337 2890 3393; x_wconf 83' lang='lat' dir='ltr'><strong>civitas</strong></span> <span class='ocrx_word' id='word_1_561' title='bbox 2930 3338 3018 3390; x_wconf 87' lang='lat' dir='ltr'><strong>illa</strong></span> <span class='ocrx_word' id='word_1_562' title='bbox 3045 3351 3165 3405; x_wconf 77' lang='lat' dir='ltr'><strong>qua:</strong></span> <span class='ocrx_word' id='word_1_563' title='bbox 3206 3334 3259 3389; x_wconf 93' lang='lat' dir='ltr'><strong>in</strong></span> <span class='ocrx_word' id='word_1_564' title='bbox 3304 3329 3633 3401; x_wconf 84' lang='lat' dir='ltr'><strong>Apocalypsi</strong></span> 
     </span>
    </p>
   </div>
   <div class='ocr_carea' id='block_1_70' title="bbox 2022 3425 3632 3504">
    <p class='ocr_par' dir='ltr' id='par_1_70' title="bbox 2022 3425 3632 3504">
     <span class='ocr_line' id='line_1_70' title="bbox 2022 3425 3632 3504; baseline -0.006 -15"><span class='ocrx_word' id='word_1_565' title='bbox 2022 3433 2289 3504; x_wconf 89' lang='lat' dir='ltr'><strong>descripta</strong></span> <span class='ocrx_word' id='word_1_566' title='bbox 2320 3444 2425 3500; x_wconf 88' lang='lat' dir='ltr'><strong>est,</strong></span> <span class='ocrx_word' id='word_1_567' title='bbox 2458 3442 2646 3502; x_wconf 87' lang='lat' dir='ltr'><strong>parata</strong></span> <span class='ocrx_word' id='word_1_568' title='bbox 2676 3431 2744 3487; x_wconf 91' lang='lat' dir='ltr'><strong>de</strong></span> <span class='ocrx_word' id='word_1_569' title='bbox 2785 3432 2924 3487; x_wconf 59' lang='lat' dir='ltr'><strong>caelo</strong></span> <span class='ocrx_word' id='word_1_570' title='bbox 2951 3428 3249 3485; x_wconf 89' lang='lat' dir='ltr'><strong>descendet</strong></span> <span class='ocrx_word' id='word_1_571' title='bbox 3272 3441 3395 3481; x_wconf 93' lang='lat' dir='ltr'><strong>cum</strong></span> <span class='ocrx_word' id='word_1_572' title='bbox 3424 3425 3632 3479; x_wconf 77' lang='lat' dir='ltr'><strong>divitiis</strong></span> 
     </span>
    </p>
   </div>
   <div class='ocr_carea' id='block_1_71' title="bbox 2028 3521 3630 3596">
    <p class='ocr_par' dir='ltr' id='par_1_71' title="bbox 2028 3521 3630 3596">
     <span class='ocr_line' id='line_1_71' title="bbox 2028 3521 3630 3596; baseline -0.006 -17"><span class='ocrx_word' id='word_1_573' title='bbox 2028 3526 2118 3580; x_wconf 89' lang='lat' dir='ltr'><strong>Dei</strong></span> <span class='ocrx_word' id='word_1_574' title='bbox 2144 3567 2158 3591; x_wconf 94' lang='lat'><strong>,</strong></span> <span class='ocrx_word' id='word_1_575' title='bbox 2186 3530 2237 3581; x_wconf 93' lang='lat' dir='ltr'><strong>in</strong></span> <span class='ocrx_word' id='word_1_576' title='bbox 2270 3542 2372 3596; x_wconf 89' lang='lat' dir='ltr'><strong>qua</strong></span> <span class='ocrx_word' id='word_1_577' title='bbox 2409 3526 2540 3595; x_wconf 89' lang='lat' dir='ltr'><strong>justi</strong></span> <span class='ocrx_word' id='word_1_578' title='bbox 2588 3526 2947 3579; x_wconf 78' lang='lat' dir='ltr'><strong>habitabant:</strong></span> <span class='ocrx_word' id='word_1_579' title='bbox 2984 3533 3037 3577; x_wconf 89' lang='lat' dir='ltr'><strong>et</strong></span> <span class='ocrx_word' id='word_1_580' title='bbox 3065 3521 3170 3575; x_wconf 91' lang='lat' dir='ltr'><strong>erit</strong></span> <span class='ocrx_word' id='word_1_581' title='bbox 3199 3521 3397 3576; x_wconf 67' lang='lat' dir='ltr'><strong>caelum</strong></span> <span class='ocrx_word' id='word_1_582' title='bbox 3428 3531 3630 3572; x_wconf 88' lang='lat' dir='ltr'><strong>novum</strong></span> 
     </span>
    </p>
   </div>
   <div class='ocr_carea' id='block_1_72' title="bbox 2022 3610 3629 3689">
    <p class='ocr_par' dir='ltr' id='par_1_72' title="bbox 2022 3610 3629 3689">
     <span class='ocr_line' id='line_1_72' title="bbox 2022 3610 3629 3689; baseline -0.007 -14"><span class='ocrx_word' id='word_1_583' title='bbox 2022 3627 2078 3675; x_wconf 90' lang='lat' dir='ltr'><strong>et</strong></span> <span class='ocrx_word' id='word_1_584' title='bbox 2106 3631 2244 3675; x_wconf 91' lang='lat' dir='ltr'><strong>terra</strong></span> <span class='ocrx_word' id='word_1_585' title='bbox 2282 3636 2441 3685; x_wconf 84' lang='lat' dir='ltr'><strong>nova,</strong></span> <span class='ocrx_word' id='word_1_586' title='bbox 2467 3628 2523 3675; x_wconf 88' lang='lat' dir='ltr'><strong>et</strong></span> <span class='ocrx_word' id='word_1_587' title='bbox 2555 3630 2788 3689; x_wconf 88' lang='lat' dir='ltr'><strong>utraque</strong></span> <span class='ocrx_word' id='word_1_588' title='bbox 2816 3619 2867 3673; x_wconf 91' lang='lat' dir='ltr'><strong>in</strong></span> <span class='ocrx_word' id='word_1_589' title='bbox 2903 3614 3265 3689; x_wconf 86' lang='lat' dir='ltr'><strong>perpetuitate</strong></span> <span class='ocrx_word' id='word_1_590' title='bbox 3293 3610 3589 3668; x_wconf 87' lang='lat' dir='ltr'><strong>manebunt</strong></span> <span class='ocrx_word' id='word_1_591' title='bbox 3617 3628 3629 3662; x_wconf 90' lang='lat'><strong>:</strong></span> 
     </span>
    </p>
   </div>
   <div class='ocr_carea' id='block_1_73' title="bbox 2025 3704 3629 3785">
    <p class='ocr_par' dir='ltr' id='par_1_73' title="bbox 2025 3704 3629 3785">
     <span class='ocr_line' id='line_1_73' title="bbox 2025 3704 3629 3785; baseline -0.007 -17"><span class='ocrx_word' id='word_1_592' title='bbox 2025 3715 2175 3785; x_wconf 90' lang='lat' dir='ltr'><strong>impii</strong></span> <span class='ocrx_word' id='word_1_593' title='bbox 2200 3715 2254 3768; x_wconf 93' lang='lat' dir='ltr'><strong>in</strong></span> <span class='ocrx_word' id='word_1_594' title='bbox 2275 3713 2621 3769; x_wconf 86' lang='lat' dir='ltr'><strong>ambustione</strong></span> <span class='ocrx_word' id='word_1_595' title='bbox 2652 3711 3037 3782; x_wconf 69' lang='lat' dir='ltr'><strong>wterna;justi</strong></span> <span class='ocrx_word' id='word_1_596' title='bbox 3070 3718 3252 3764; x_wconf 87' lang='lat' dir='ltr'><strong>autem</strong></span> <span class='ocrx_word' id='word_1_597' title='bbox 3279 3722 3402 3763; x_wconf 90' lang='lat' dir='ltr'><strong>cum</strong></span> <span class='ocrx_word' id='word_1_598' title='bbox 3438 3705 3549 3761; x_wconf 90' lang='lat' dir='ltr'><strong>Deo</strong></span> <span class='ocrx_word' id='word_1_599' title='bbox 3576 3704 3629 3758; x_wconf 94' lang='lat' dir='ltr'><strong>in</strong></span> 
     </span>
    </p>
   </div>
   <div class='ocr_carea' id='block_1_74' title="bbox 2025 3806 2601 3863">
    <p class='ocr_par' dir='ltr' id='par_1_74' title="bbox 2025 3806 2601 3863">
     <span class='ocr_line' id='line_1_74' title="bbox 2025 3806 2601 3863; baseline -0.005 -1"><span class='ocrx_word' id='word_1_600' title='bbox 2025 3808 2134 3863; x_wconf 90' lang='lat' dir='ltr'><strong>vita</strong></span> <span class='ocrx_word' id='word_1_601' title='bbox 2160 3820 2385 3863; x_wconf 65' lang='lat' dir='ltr'><strong>acterna.</strong></span> <span class='ocrx_word' id='word_1_602' title='bbox 2407 3806 2601 3863; x_wconf 90' lang='lat' dir='ltr'><strong>Amen.</strong></span> 
     </span>
    </p>
   </div>
   <div class='ocr_carea' id='block_1_75' title="bbox 313 3935 3624 3960">
    <p class='ocr_par' dir='ltr' id='par_1_75' title="bbox 313 3935 3624 3960">
     <span class='ocr_line' id='line_1_75' title="bbox 313 3935 3624 3960; baseline 0 -1"><span class='ocrx_word' id='word_1_603' title='bbox 313 3935 3624 3960; x_wconf 43' lang='grc' dir='ltr'><em>ΗΜ</em></span> 
     </span>
    </p>
   </div>
   <div class='ocr_carea' id='block_1_76' title="bbox 450 4030 3183 4190">
    <p class='ocr_par' dir='ltr' id='par_1_76' title="bbox 450 4030 3183 4190">
     <span class='ocr_line' id='line_1_76' title="bbox 450 4030 3183 4190; baseline -0.003 -34"><span class='ocrx_word' id='word_1_604' title='bbox 761 4030 1505 4190; x_wconf 77' lang='lat' dir='ltr'><strong>&#39;QUINTI</strong></span> <span class='ocrx_word' id='word_1_605' title='bbox 1580 4039 2076 4154; x_wconf 68' lang='lat' dir='ltr'><strong>auus</strong></span> <span class='ocrx_word' id='word_1_606' title='bbox 2154 4040 3183 4154; x_wconf 73' lang='lat' dir='ltr'><strong>HILARIANI</strong></span> 
     </span>
    </p>
   </div>
   <div class='ocr_carea' id='block_1_77' title="bbox 510 4218 1907 4405">
    <p class='ocr_par' dir='ltr' id='par_1_77' title="bbox 510 4218 1907 4405">
     <span class='ocr_line' id='line_1_77' title="bbox 510 4218 1907 4405; baseline 0.001 -11"><span class='ocrx_word' id='word_1_607' title='bbox 510 4218 1303 4405; x_wconf 40' lang='lat' dir='ltr'><strong>&#39;EXPOSITUM</strong></span> <span class='ocrx_word' id='word_1_608' title='bbox 1412 4246 1568 4395; x_wconf 79' lang='lat' dir='ltr'><strong>DE</strong></span> <span class='ocrx_word' id='word_1_609' title='bbox 1679 4248 1907 4398; x_wconf 81' lang='lat' dir='ltr'><strong>DIE</strong></span> 
     </span>
    </p>
   </div>
   <div class='ocr_carea' id='block_1_78' title="bbox 2018 4242 3411 4434">
    <p class='ocr_par' dir='ltr' id='par_1_78' title="bbox 2018 4242 3411 4434">
     <span class='ocr_line' id='line_1_78' title="bbox 2018 4242 3411 4434; baseline -0.004 -35"><span class='ocrx_word' id='word_1_610' title='bbox 2018 4246 2521 4401; x_wconf 66' lang='lat' dir='ltr'><strong>PASGIIM</strong></span> <span class='ocrx_word' id='word_1_611' title='bbox 2632 4247 2783 4397; x_wconf 74' lang='lat' dir='ltr'>ET</span> <span class='ocrx_word' id='word_1_612' title='bbox 2892 4242 3411 4434; x_wconf 69' lang='lat' dir='ltr'><strong>mmsis.</strong></span> 
     </span>
    </p>
   </div>
   <div class='ocr_carea' id='block_1_79' title="bbox 385 4555 3635 4634">
    <p class='ocr_par' dir='ltr' id='par_1_79' title="bbox 385 4555 3635 4634">
     <span class='ocr_line' id='line_1_79' title="bbox 385 4555 3635 4634; baseline 0.002 -22"><span class='ocrx_word' id='word_1_613' title='bbox 385 4556 429 4612; x_wconf 88' lang='lat' dir='ltr'><strong>I.</strong></span> <span class='ocrx_word' id='word_1_614' title='bbox 460 4555 516 4611; x_wconf 94' lang='lat' dir='ltr'><strong>In</strong></span> <span class='ocrx_word' id='word_1_615' title='bbox 574 4572 760 4621; x_wconf 88' lang='lat' dir='ltr'><strong>unum,</strong></span> <span class='ocrx_word' id='word_1_616' title='bbox 787 4557 1006 4626; x_wconf 84' lang='lat' dir='ltr'><strong>fratres,</strong></span> <span class='ocrx_word' id='word_1_617' title='bbox 1035 4560 1286 4616; x_wconf 86' lang='lat' dir='ltr'><strong>nonnulli</strong></span> <span class='ocrx_word' id='word_1_618' title='bbox 1313 4577 1377 4617; x_wconf 91' lang='lat' dir='ltr'><strong>ac</strong></span> <span class='ocrx_word' id='word_1_619' title='bbox 1406 4564 1553 4618; x_wconf 89' lang='lat' dir='ltr'><strong>servi</strong></span> <span class='ocrx_word' id='word_1_620' title='bbox 1585 4563 1707 4631; x_wconf 86' lang='lat' dir='ltr'><strong>Dei,</strong></span> <span class='ocrx_word' id='word_1_621' title='bbox 1741 4562 1810 4618; x_wconf 93' lang='lat' dir='ltr'><strong>dc</strong></span> <span class='ocrx_word' id='word_1_622' title='bbox 1833 4561 1917 4617; x_wconf 86' lang='lat' dir='ltr'><strong>di-</strong></span> <span class='ocrx_word' id='word_1_623' title='bbox 1943 4568 1995 4629; x_wconf 83' lang='grc' dir='ltr'><strong>Ι)</strong></span> <span class='ocrx_word' id='word_1_624' title='bbox 2022 4559 2119 4613; x_wconf 88' lang='lat' dir='ltr'><strong>erit</strong></span> <span class='ocrx_word' id='word_1_625' title='bbox 2146 4558 2287 4613; x_wconf 85' lang='lat' dir='ltr'><strong>vobis</strong></span> <span class='ocrx_word' id='word_1_626' title='bbox 2313 4558 2365 4612; x_wconf 92' lang='lat' dir='ltr'><strong>in</strong></span> <span class='ocrx_word' id='word_1_627' title='bbox 2387 4558 2644 4613; x_wconf 81' lang='lat' dir='ltr'><strong>mensibus</strong></span> <span class='ocrx_word' id='word_1_628' title='bbox 2666 4559 2812 4611; x_wconf 89' lang='lat' dir='ltr'><strong>anni.</strong></span> <span class='ocrx_word' id='word_1_629' title='bbox 2830 4557 2970 4612; x_wconf 87' lang='lat' dir='ltr'><strong>Fare</strong></span> <span class='ocrx_word' id='word_1_630' title='bbox 2988 4559 3159 4628; x_wconf 82' lang='lat' dir='ltr'><strong>itaque</strong></span> <span class='ocrx_word' id='word_1_631' title='bbox 3183 4561 3251 4613; x_wconf 85' lang='lat' dir='ltr'><strong>ad</strong></span> <span class='ocrx_word' id='word_1_632' title='bbox 3271 4576 3472 4614; x_wconf 89' lang='lat' dir='ltr'><strong>omnem</strong></span> <span class='ocrx_word' id='word_1_633' title='bbox 3496 4562 3635 4634; x_wconf 83' lang='lat' dir='ltr'><strong>Syn-</strong></span> 
     </span>
    </p>
   </div>
   <div class='ocr_carea' id='block_1_80' title="bbox 320 4648 1920 4725">
    <p class='ocr_par' dir='ltr' id='par_1_80' title="bbox 320 4648 1920 4725">
     <span class='ocr_line' id='line_1_80' title="bbox 320 4648 1920 4725; baseline 0.003 -21"><span class='ocrx_word' id='word_1_634' title='bbox 320 4650 457 4705; x_wconf 84' lang='lat' dir='ltr'><strong>vinis</strong></span> <span class='ocrx_word' id='word_1_635' title='bbox 485 4648 783 4720; x_wconf 85' lang='lat' dir='ltr'><strong>Scripturis</strong></span> <span class='ocrx_word' id='word_1_636' title='bbox 810 4660 868 4705; x_wconf 90' lang='lat' dir='ltr'><strong>ut</strong></span> <span class='ocrx_word' id='word_1_637' title='bbox 909 4652 1089 4723; x_wconf 89' lang='lat' dir='ltr'><strong>aliqua</strong></span> <span class='ocrx_word' id='word_1_638' title='bbox 1121 4661 1502 4721; x_wconf 85' lang='lat' dir='ltr'><strong>tractaremus,</strong></span> <span class='ocrx_word' id='word_1_639' title='bbox 1539 4670 1686 4725; x_wconf 65' lang='lat' dir='ltr'><strong>saepe</strong></span> <span class='ocrx_word' id='word_1_640' title='bbox 1715 4670 1920 4709; x_wconf 87' lang='lat' dir='ltr'><strong>conve-</strong></span> 
     </span>
    </p>
   </div>
   <div class='ocr_carea' id='block_1_81' title="bbox 321 4742 1922 4813">
    <p class='ocr_par' dir='ltr' id='par_1_81' title="bbox 321 4742 1922 4813">
     <span class='ocr_line' id='line_1_81' title="bbox 321 4742 1922 4813; baseline 0.003 -16"><span class='ocrx_word' id='word_1_641' title='bbox 321 4745 525 4809; x_wconf 87' lang='lat' dir='ltr'><strong>nimus,</strong></span> <span class='ocrx_word' id='word_1_642' title='bbox 548 4742 733 4812; x_wconf 80' lang='lat' dir='ltr'><strong>ibique</strong></span> <span class='ocrx_word' id='word_1_643' title='bbox 779 4743 1225 4801; x_wconf 87' lang='lat' dir='ltr'><strong>desiderantibus</strong></span> <span class='ocrx_word' id='word_1_644' title='bbox 1263 4748 1368 4813; x_wconf 90' lang='lat' dir='ltr'><strong>eis,</strong></span> <span class='ocrx_word' id='word_1_645' title='bbox 1401 4747 1469 4802; x_wconf 90' lang='lat' dir='ltr'><strong>de</strong></span> <span class='ocrx_word' id='word_1_646' title='bbox 1508 4747 1772 4803; x_wconf 68' lang='lat' dir='ltr'><strong>PASCHALI</strong></span> <span class='ocrx_word' id='word_1_647' title='bbox 1796 4746 1922 4802; x_wconf 78' lang='lat' dir='ltr'><strong>Cm-</strong></span> 
     </span>
    </p>
   </div>
   <div class='ocr_carea' id='block_1_82' title="bbox 319 4837 1923 4910">
    <p class='ocr_par' dir='ltr' id='par_1_82' title="bbox 319 4837 1923 4910">
     <span class='ocr_line' id='line_1_82' title="bbox 319 4837 1923 4910; baseline 0.004 -20"><span class='ocrx_word' id='word_1_648' title='bbox 319 4849 453 4890; x_wconf 69' lang='lat' dir='ltr'><strong>cuno</strong></span> <span class='ocrx_word' id='word_1_649' title='bbox 483 4851 653 4905; x_wconf 85' lang='lat' dir='ltr'><strong>pauca</strong></span> <span class='ocrx_word' id='word_1_650' title='bbox 683 4837 905 4893; x_wconf 89' lang='lat' dir='ltr'><strong>interim</strong></span> <span class='ocrx_word' id='word_1_651' title='bbox 938 4839 1108 4893; x_wconf 91' lang='lat' dir='ltr'><strong>locuti</strong></span> <span class='ocrx_word' id='word_1_652' title='bbox 1130 4881 1143 4905; x_wconf 94' lang='lat'><strong>,</strong></span> <span class='ocrx_word' id='word_1_653' title='bbox 1175 4840 1392 4910; x_wconf 91' lang='lat' dir='ltr'><strong>plenam</strong></span> <span class='ocrx_word' id='word_1_654' title='bbox 1434 4856 1523 4897; x_wconf 86' lang='lat' dir='ltr'><strong>me</strong></span> <span class='ocrx_word' id='word_1_655' title='bbox 1550 4842 1923 4897; x_wconf 79' lang='lat' dir='ltr'><strong>exhibiturum</strong></span> 
     </span>
    </p>
   </div>
   <div class='ocr_carea' id='block_1_83' title="bbox 318 4928 1926 5006">
    <p class='ocr_par' dir='ltr' id='par_1_83' title="bbox 318 4928 1926 5006">
     <span class='ocr_line' id='line_1_83' title="bbox 318 4928 1926 5006; baseline 0.005 -24"><span class='ocrx_word' id='word_1_656' title='bbox 318 4928 585 4984; x_wconf 85' lang='lat' dir='ltr'><strong>rationem</strong></span> <span class='ocrx_word' id='word_1_657' title='bbox 612 4930 864 4999; x_wconf 89' lang='lat' dir='ltr'><strong>promisi.</strong></span> <span class='ocrx_word' id='word_1_658' title='bbox 904 4930 1268 5001; x_wconf 86' lang='lat' dir='ltr'><strong>Igiturjussio</strong></span> <span class='ocrx_word' id='word_1_659' title='bbox 1301 4932 1535 4989; x_wconf 78' lang='lat' dir='ltr'><strong>fratrum</strong></span> <span class='ocrx_word' id='word_1_660' title='bbox 1587 4950 1767 4989; x_wconf 91' lang='lat' dir='ltr'><strong>meum</strong></span> <span class='ocrx_word' id='word_1_661' title='bbox 1799 4952 1926 5006; x_wconf 86' lang='lat' dir='ltr'><strong>pro-</strong></span> 
     </span>
    </p>
   </div>
   <div class='ocr_carea' id='block_1_84' title="bbox 318 5020 1924 5099">
    <p class='ocr_par' dir='ltr' id='par_1_84' title="bbox 318 5020 1924 5099">
     <span class='ocr_line' id='line_1_84' title="bbox 318 5020 1924 5099; baseline 0.006 -23"><span class='ocrx_word' id='word_1_662' title='bbox 318 5020 549 5077; x_wconf 88' lang='lat' dir='ltr'><strong>missum</strong></span> <span class='ocrx_word' id='word_1_663' title='bbox 599 5024 795 5078; x_wconf 90' lang='lat' dir='ltr'><strong>iterum</strong></span> <span class='ocrx_word' id='word_1_664' title='bbox 844 5032 899 5079; x_wconf 88' lang='lat' dir='ltr'><strong>et</strong></span> <span class='ocrx_word' id='word_1_665' title='bbox 949 5040 1097 5092; x_wconf 69' lang='lat' dir='ltr'><strong>saepe</strong></span> <span class='ocrx_word' id='word_1_666' title='bbox 1135 5026 1438 5091; x_wconf 85' lang='lat' dir='ltr'><strong>admonuit,</strong></span> <span class='ocrx_word' id='word_1_667' title='bbox 1474 5038 1527 5082; x_wconf 92' lang='lat' dir='ltr'><strong>ut</strong></span> <span class='ocrx_word' id='word_1_668' title='bbox 1559 5025 1724 5095; x_wconf 92' lang='lat' dir='ltr'><strong>illud,</strong></span> <span class='ocrx_word' id='word_1_669' title='bbox 1776 5028 1924 5099; x_wconf 91' lang='lat' dir='ltr'><strong>quod</strong></span> 
     </span>
    </p>
   </div>
   <div class='ocr_carea' id='block_1_85' title="bbox 319 5111 1926 5190">
    <p class='ocr_par' dir='ltr' id='par_1_85' title="bbox 319 5111 1926 5190">
     <span class='ocr_line' id='line_1_85' title="bbox 319 5111 1926 5190; baseline 0.005 -22"><span class='ocrx_word' id='word_1_670' title='bbox 319 5111 521 5168; x_wconf 90' lang='lat' dir='ltr'><strong>dudum</strong></span> <span class='ocrx_word' id='word_1_671' title='bbox 544 5114 612 5169; x_wconf 91' lang='lat' dir='ltr'><strong>de</strong></span> <span class='ocrx_word' id='word_1_672' title='bbox 645 5115 858 5170; x_wconf 89' lang='lat' dir='ltr'><strong>ratione</strong></span> <span class='ocrx_word' id='word_1_673' title='bbox 891 5114 1120 5171; x_wconf 75' lang='lat' dir='ltr'><strong>Pascbae</strong></span> <span class='ocrx_word' id='word_1_674' title='bbox 1138 5119 1343 5173; x_wconf 88' lang='lat' dir='ltr'><strong>sensim</strong></span> <span class='ocrx_word' id='word_1_675' title='bbox 1377 5119 1754 5190; x_wconf 88' lang='lat' dir='ltr'><strong>patienterque</strong></span> <span class='ocrx_word' id='word_1_676' title='bbox 1780 5130 1926 5176; x_wconf 83' lang='lat' dir='ltr'><strong>trac-</strong></span> 
     </span>
    </p>
   </div>
   <div class='ocr_carea' id='block_1_86' title="bbox 320 5207 1927 5280">
    <p class='ocr_par' dir='ltr' id='par_1_86' title="bbox 320 5207 1927 5280">
     <span class='ocr_line' id='line_1_86' title="bbox 320 5207 1927 5280; baseline 0.005 -18"><span class='ocrx_word' id='word_1_677' title='bbox 320 5207 576 5273; x_wconf 87' lang='lat' dir='ltr'><strong>tavimus,</strong></span> <span class='ocrx_word' id='word_1_678' title='bbox 613 5207 666 5262; x_wconf 93' lang='lat' dir='ltr'><strong>id</strong></span> <span class='ocrx_word' id='word_1_679' title='bbox 694 5207 806 5276; x_wconf 88' lang='lat' dir='ltr'><strong>jam</strong></span> <span class='ocrx_word' id='word_1_680' title='bbox 830 5207 1035 5278; x_wconf 85' lang='lat' dir='ltr'><strong>scripto</strong></span> <span class='ocrx_word' id='word_1_681' title='bbox 1062 5223 1186 5264; x_wconf 88' lang='lat' dir='ltr'><strong>meo</strong></span> <span class='ocrx_word' id='word_1_682' title='bbox 1215 5209 1563 5280; x_wconf 87' lang='lat' dir='ltr'><strong>deliniretur,</strong></span> <span class='ocrx_word' id='word_1_683' title='bbox 1596 5212 1701 5269; x_wconf 91' lang='lat' dir='ltr'><strong>hoc</strong></span> <span class='ocrx_word' id='word_1_684' title='bbox 1733 5223 1837 5279; x_wconf 74' lang='lat' dir='ltr'><strong>est,</strong></span> <span class='ocrx_word' id='word_1_685' title='bbox 1865 5222 1927 5270; x_wconf 85' lang='lat' dir='ltr'><strong>ut</strong></span> 
     </span>
    </p>
   </div>
   <div class='ocr_carea' id='block_1_87' title="bbox 238 5302 1923 5377">
    <p class='ocr_par' dir='ltr' id='par_1_87' title="bbox 238 5302 1923 5377">
     <span class='ocr_line' id='line_1_87' title="bbox 238 5302 1923 5377; baseline 0.005 -20"><span class='ocrx_word' id='word_1_686' title='bbox 238 5316 241 5319; x_wconf 74' lang='lat'><em>‘</em></span> <span class='ocrx_word' id='word_1_687' title='bbox 319 5316 442 5357; x_wconf 90' lang='lat' dir='ltr'><strong>cum</strong></span> <span class='ocrx_word' id='word_1_688' title='bbox 478 5317 586 5356; x_wconf 91' lang='lat' dir='ltr'><strong>non</strong></span> <span class='ocrx_word' id='word_1_689' title='bbox 617 5302 761 5356; x_wconf 87' lang='lat' dir='ltr'><strong>aliud</strong></span> <span class='ocrx_word' id='word_1_690' title='bbox 804 5303 1069 5358; x_wconf 89' lang='lat' dir='ltr'><strong>Dominus</strong></span> <span class='ocrx_word' id='word_1_691' title='bbox 1095 5303 1239 5358; x_wconf 83' lang='lat' dir='ltr'><strong>Deus</strong></span> <span class='ocrx_word' id='word_1_692' title='bbox 1286 5306 1458 5377; x_wconf 68' lang='lat' dir='ltr'><strong>Moysi</strong></span> <span class='ocrx_word' id='word_1_693' title='bbox 1488 5323 1650 5377; x_wconf 89' lang='lat' dir='ltr'><strong>quam</strong></span> <span class='ocrx_word' id='word_1_694' title='bbox 1684 5309 1923 5377; x_wconf 89' lang='lat' dir='ltr'><strong>primum</strong></span> 
     </span>
    </p>
   </div>
   <div class='ocr_carea' id='block_1_88' title="bbox 322 5394 1928 5471">
    <p class='ocr_par' dir='ltr' id='par_1_88' title="bbox 322 5394 1928 5471">
     <span class='ocr_line' id='line_1_88' title="bbox 322 5394 1928 5471; baseline 0.004 -20"><span class='ocrx_word' id='word_1_695' title='bbox 322 5410 569 5451; x_wconf 89' lang='lat' dir='ltr'><strong>mensem</strong></span> <span class='ocrx_word' id='word_1_696' title='bbox 602 5394 915 5456; x_wconf 87' lang='lat' dir='ltr'><strong>nominarit,</strong></span> <span class='ocrx_word' id='word_1_697' title='bbox 952 5405 1008 5452; x_wconf 90' lang='lat' dir='ltr'><strong>et</strong></span> <span class='ocrx_word' id='word_1_698' title='bbox 1032 5397 1083 5450; x_wconf 90' lang='lat' dir='ltr'><strong>in</strong></span> <span class='ocrx_word' id='word_1_699' title='bbox 1115 5412 1182 5451; x_wconf 92' lang='lat' dir='ltr'><strong>eo</strong></span> <span class='ocrx_word' id='word_1_700' title='bbox 1210 5397 1416 5453; x_wconf 69' lang='lat' dir='ltr'><strong>Pascha</strong></span> <span class='ocrx_word' id='word_1_701' title='bbox 1462 5400 1734 5455; x_wconf 87' lang='lat' dir='ltr'><strong>celebrari</strong></span> <span class='ocrx_word' id='word_1_702' title='bbox 1789 5418 1928 5471; x_wconf 69' lang='lat' dir='ltr'><strong>prte-</strong></span> 
     </span>
    </p>
   </div>
   <div class='ocr_carea' id='block_1_89' title="bbox 323 5488 1926 5568">
    <p class='ocr_par' dir='ltr' id='par_1_89' title="bbox 323 5488 1926 5568">
     <span class='ocr_line' id='line_1_89' title="bbox 323 5488 1926 5568; baseline 0.004 -23"><span class='ocrx_word' id='word_1_703' title='bbox 323 5490 491 5562; x_wconf 89' lang='lat' dir='ltr'><strong>cepit,</strong></span> <span class='ocrx_word' id='word_1_704' title='bbox 533 5489 725 5546; x_wconf 89' lang='lat' dir='ltr'><strong>dicens</strong></span> <span class='ocrx_word' id='word_1_705' title='bbox 751 5508 764 5546; x_wconf 89' lang='lat'><strong>:</strong></span> <span class='ocrx_word' id='word_1_706' title='bbox 790 5488 988 5545; x_wconf 77' lang='lat' dir='ltr'><strong>Mensis</strong></span> <span class='ocrx_word' id='word_1_707' title='bbox 1032 5490 1115 5544; x_wconf 80' lang='lat' dir='ltr'><strong>hic</strong></span> <span class='ocrx_word' id='word_1_708' title='bbox 1155 5491 1362 5547; x_wconf 87' lang='lat' dir='ltr'><strong>initium</strong></span> <span class='ocrx_word' id='word_1_709' title='bbox 1408 5495 1696 5566; x_wconf 85' lang='lat' dir='ltr'><strong>mensium,</strong></span> <span class='ocrx_word' id='word_1_710' title='bbox 1728 5498 1926 5568; x_wconf 80' lang='lat' dir='ltr'><strong>primus</strong></span> 
     </span>
    </p>
   </div>
   <div class='ocr_carea' id='block_1_90' title="bbox 397 5634 1645 5710">
    <p class='ocr_par' dir='ltr' id='par_1_90' title="bbox 397 5634 1645 5710">
     <span class='ocr_line' id='line_1_90' title="bbox 397 5634 1645 5710; baseline 0 -17"><span class='ocrx_word' id='word_1_711' title='bbox 397 5648 423 5710; x_wconf 59' lang='grc' dir='ltr'><strong>ξι</strong></span> <span class='ocrx_word' id='word_1_712' title='bbox 464 5637 585 5694; x_wconf 84' lang='lat' dir='ltr'><strong>Vid.</strong></span> <span class='ocrx_word' id='word_1_713' title='bbox 622 5650 787 5708; x_wconf 87' lang='lat' dir='ltr'><strong>supra</strong></span> <span class='ocrx_word' id='word_1_714' title='bbox 811 5634 1110 5708; x_wconf 84' lang='lat' dir='ltr'><strong>Prolegom.</strong></span> <span class='ocrx_word' id='word_1_715' title='bbox 1141 5653 1255 5709; x_wconf 84' lang='lat' dir='ltr'><strong>cap.</strong></span> <span class='ocrx_word' id='word_1_716' title='bbox 1287 5636 1341 5705; x_wconf 87' lang='lat'><strong>9,</strong></span> <span class='ocrx_word' id='word_1_717' title='bbox 1368 5636 1432 5710; x_wconf 57' lang='grc' dir='ltr'><strong>δέ</strong></span> <span class='ocrx_word' id='word_1_718' title='bbox 1463 5637 1488 5692; x_wconf 87' lang='grc'><strong>1</strong></span> <span class='ocrx_word' id='word_1_719' title='bbox 1519 5648 1566 5693; x_wconf 88' lang='lat' dir='ltr'><strong>et</strong></span> <span class='ocrx_word' id='word_1_720' title='bbox 1588 5637 1645 5693; x_wconf 64' lang='grc' dir='ltr'><strong>ἓ.</strong></span> 
     </span>
    </p>
   </div>
   <div class='ocr_carea' id='block_1_91' title="bbox 394 5708 766 5767">
    <p class='ocr_par' dir='ltr' id='par_1_91' title="bbox 394 5708 766 5767">
     <span class='ocr_line' id='line_1_91' title="bbox 394 5708 766 5767; baseline -0.005 -2"><span class='ocrx_word' id='word_1_721' title='bbox 394 5708 425 5751; x_wconf 65' lang='grc' dir='ltr'>δ</span> <span class='ocrx_word' id='word_1_722' title='bbox 466 5710 565 5767; x_wconf 83' lang='lat' dir='ltr'><strong>Ms.</strong></span> <span class='ocrx_word' id='word_1_723' title='bbox 595 5718 766 5765; x_wconf 79' lang='lat' dir='ltr'><strong>tertiu.</strong></span> 
     </span>
    </p>
   </div>
   <div class='ocr_carea' id='block_1_92' title="bbox 397 5782 818 5848">
    <p class='ocr_par' dir='ltr' id='par_1_92' title="bbox 397 5782 818 5848">
     <span class='ocr_line' id='line_1_92' title="bbox 397 5782 818 5848; baseline -0.01 -10"><span class='ocrx_word' id='word_1_724' title='bbox 397 5792 421 5823; x_wconf 69' lang='grc' dir='ltr'><strong>θ</strong></span> <span class='ocrx_word' id='word_1_725' title='bbox 463 5782 562 5838; x_wconf 83' lang='lat' dir='ltr'><strong>Ms.</strong></span> <span class='ocrx_word' id='word_1_726' title='bbox 596 5783 818 5848; x_wconf 81' lang='lat' dir='ltr'><strong>Quarta.</strong></span> 
     </span>
    </p>
   </div>
   <div class='ocr_carea' id='block_1_93' title="bbox 2023 4649 3635 4725">
    <p class='ocr_par' dir='ltr' id='par_1_93' title="bbox 2023 4649 3635 4725">
     <span class='ocr_line' id='line_1_93' title="bbox 2023 4649 3635 4725; baseline 0.003 -21"><span class='ocrx_word' id='word_1_727' title='bbox 2023 4668 2241 4725; x_wconf 87' lang='lat' dir='ltr'><strong>agogam</strong></span> <span class='ocrx_word' id='word_1_728' title='bbox 2272 4651 2503 4720; x_wconf 80' lang='lat' dir='ltr'><strong>ﬁliorum</strong></span> <span class='ocrx_word' id='word_1_729' title='bbox 2539 4649 2739 4718; x_wconf 82' lang='lat' dir='ltr'><strong>Israel,</strong></span> <span class='ocrx_word' id='word_1_730' title='bbox 2783 4662 2837 4705; x_wconf 90' lang='lat' dir='ltr'><strong>ut</strong></span> <span class='ocrx_word' id='word_1_731' title='bbox 2876 4652 3069 4722; x_wconf 75' lang='lat' dir='ltr'><strong>faciant</strong></span> <span class='ocrx_word' id='word_1_732' title='bbox 3112 4650 3352 4721; x_wconf 84' lang='lat' dir='ltr'><strong>Pascha,</strong></span> <span class='ocrx_word' id='word_1_733' title='bbox 3383 4655 3635 4725; x_wconf 80' lang='lat' dir='ltr'><strong>incipien-</strong></span> 
     </span>
    </p>
   </div>
   <div class='ocr_carea' id='block_1_94' title="bbox 2025 4747 3636 4821">
    <p class='ocr_par' dir='ltr' id='par_1_94' title="bbox 2025 4747 3636 4821">
     <span class='ocr_line' id='line_1_94' title="bbox 2025 4747 3636 4821; baseline 0.005 -23"><span class='ocrx_word' id='word_1_734' title='bbox 2025 4753 2098 4799; x_wconf 86' lang='lat' dir='ltr'><strong>tes</strong></span> <span class='ocrx_word' id='word_1_735' title='bbox 2122 4763 2153 4799; x_wconf 92' lang='lat' dir='ltr'><strong>a</strong></span> <span class='ocrx_word' id='word_1_736' title='bbox 2204 4756 2387 4815; x_wconf 87' lang='lat' dir='ltr'><strong>quarta</strong></span> <span class='ocrx_word' id='word_1_737' title='bbox 2418 4747 2615 4800; x_wconf 86' lang='lat' dir='ltr'><strong>decima</strong></span> <span class='ocrx_word' id='word_1_738' title='bbox 2655 4751 2844 4800; x_wconf 88' lang='lat' dir='ltr'><strong>mensis</strong></span> <span class='ocrx_word' id='word_1_739' title='bbox 2889 4747 3047 4820; x_wconf 82' lang='lat' dir='ltr'><strong>hujus</strong></span> <span class='ocrx_word' id='word_1_740' title='bbox 3086 4748 3155 4801; x_wconf 88' lang='lat' dir='ltr'><strong>ad</strong></span> <span class='ocrx_word' id='word_1_741' title='bbox 3183 4764 3447 4821; x_wconf 81' lang='lat' dir='ltr'><strong>vesperam</strong></span> <span class='ocrx_word' id='word_1_742' title='bbox 3474 4767 3636 4819; x_wconf 83' lang='lat' dir='ltr'><strong>usque</strong></span> 
     </span>
    </p>
   </div>
   <div class='ocr_carea' id='block_1_95' title="bbox 2026 4839 3634 4915">
    <p class='ocr_par' dir='ltr' id='par_1_95' title="bbox 2026 4839 3634 4915">
     <span class='ocr_line' id='line_1_95' title="bbox 2026 4839 3634 4915; baseline 0.002 -18"><span class='ocrx_word' id='word_1_743' title='bbox 2026 4844 2079 4897; x_wconf 89' lang='lat' dir='ltr'><strong>in</strong></span> <span class='ocrx_word' id='word_1_744' title='bbox 2106 4842 2398 4896; x_wconf 83' lang='lat' dir='ltr'><strong>vicesimam</strong></span> <span class='ocrx_word' id='word_1_745' title='bbox 2431 4842 2649 4912; x_wconf 81' lang='lat' dir='ltr'><strong>primam</strong></span> <span class='ocrx_word' id='word_1_746' title='bbox 2686 4839 2885 4912; x_wconf 74' lang='lat' dir='ltr'><strong>(Exod.</strong></span> <span class='ocrx_word' id='word_1_747' title='bbox 2916 4857 3013 4905; x_wconf 78' lang='lat' dir='ltr'><strong>xu,</strong></span> <span class='ocrx_word' id='word_1_748' title='bbox 3037 4842 3094 4909; x_wconf 73' lang='lat'><strong>2,</strong></span> <span class='ocrx_word' id='word_1_749' title='bbox 3134 4843 3187 4905; x_wconf 85' lang='grc'><strong>’5,</strong></span> <span class='ocrx_word' id='word_1_750' title='bbox 3224 4843 3311 4907; x_wconf 84' lang='grc'><strong>18,</strong></span> <span class='ocrx_word' id='word_1_751' title='bbox 3341 4859 3444 4897; x_wconf 90' lang='lat' dir='ltr'><strong>sec.</strong></span> <span class='ocrx_word' id='word_1_752' title='bbox 3478 4843 3634 4915; x_wconf 78' lang='lat' dir='ltr'><strong>Lxx).</strong></span> 
     </span>
    </p>
   </div>
   <div class='ocr_carea' id='block_1_96' title="bbox 2028 4933 3635 5005">
    <p class='ocr_par' dir='ltr' id='par_1_96' title="bbox 2028 4933 3635 5005">
     <span class='ocr_line' id='line_1_96' title="bbox 2028 4933 3635 5005; baseline 0 -14"><span class='ocrx_word' id='word_1_753' title='bbox 2028 4933 2185 4991; x_wconf 88' lang='lat' dir='ltr'><strong>Unde</strong></span> <span class='ocrx_word' id='word_1_754' title='bbox 2213 4950 2344 4988; x_wconf 87' lang='lat' dir='ltr'><strong>vero</strong></span> <span class='ocrx_word' id='word_1_755' title='bbox 2375 4937 2584 5004; x_wconf 89' lang='lat' dir='ltr'><strong>primus</strong></span> <span class='ocrx_word' id='word_1_756' title='bbox 2611 4933 2716 4989; x_wconf 73' lang='lat' dir='ltr'><strong>iste</strong></span> <span class='ocrx_word' id='word_1_757' title='bbox 2758 4935 2964 4989; x_wconf 89' lang='lat' dir='ltr'><strong>mensis</strong></span> <span class='ocrx_word' id='word_1_758' title='bbox 2997 4934 3243 5003; x_wconf 91' lang='lat' dir='ltr'><strong>incipiat,</strong></span> <span class='ocrx_word' id='word_1_759' title='bbox 3275 4935 3356 5005; x_wconf 85' lang='lat' dir='ltr'><strong>vel</strong></span> <span class='ocrx_word' id='word_1_760' title='bbox 3390 4933 3484 4989; x_wconf 90' lang='lat' dir='ltr'><strong>ubi</strong></span> <span class='ocrx_word' id='word_1_761' title='bbox 3516 4945 3635 4991; x_wconf 86' lang='lat' dir='ltr'><strong>ter-</strong></span> 
     </span>
    </p>
   </div>
   <div class='ocr_carea' id='block_1_97' title="bbox 2028 5027 3634 5099">
    <p class='ocr_par' dir='ltr' id='par_1_97' title="bbox 2028 5027 3634 5099">
     <span class='ocr_line' id='line_1_97' title="bbox 2028 5027 3634 5099; baseline 0.002 -16"><span class='ocrx_word' id='word_1_762' title='bbox 2028 5030 2237 5083; x_wconf 88' lang='lat' dir='ltr'><strong>minum</strong></span> <span class='ocrx_word' id='word_1_763' title='bbox 2265 5027 2484 5093; x_wconf 89' lang='lat' dir='ltr'><strong>habeat,</strong></span> <span class='ocrx_word' id='word_1_764' title='bbox 2514 5029 2789 5099; x_wconf 89' lang='lat' dir='ltr'><strong>scriptura</strong></span> <span class='ocrx_word' id='word_1_765' title='bbox 2822 5030 3003 5084; x_wconf 89' lang='lat' dir='ltr'><strong>divina</strong></span> <span class='ocrx_word' id='word_1_766' title='bbox 3036 5028 3179 5084; x_wconf 87' lang='lat' dir='ltr'><strong>haud</strong></span> <span class='ocrx_word' id='word_1_767' title='bbox 3212 5028 3371 5083; x_wconf 90' lang='lat' dir='ltr'><strong>nobis</strong></span> <span class='ocrx_word' id='word_1_768' title='bbox 3399 5029 3634 5086; x_wconf 87' lang='lat' dir='ltr'><strong>eviden-</strong></span> 
     </span>
    </p>
   </div>
   <div class='ocr_carea' id='block_1_98' title="bbox 2030 5122 3636 5193">
    <p class='ocr_par' dir='ltr' id='par_1_98' title="bbox 2030 5122 3636 5193">
     <span class='ocr_line' id='line_1_98' title="bbox 2030 5122 3636 5193; baseline 0.002 -16"><span class='ocrx_word' id='word_1_769' title='bbox 2030 5124 2235 5179; x_wconf 92' lang='lat' dir='ltr'><strong>tissima</strong></span> <span class='ocrx_word' id='word_1_770' title='bbox 2264 5125 2631 5193; x_wconf 81' lang='lat' dir='ltr'><strong>responsione</strong></span> <span class='ocrx_word' id='word_1_771' title='bbox 2672 5124 2993 5180; x_wconf 87' lang='lat' dir='ltr'><strong>declaravit.</strong></span> <span class='ocrx_word' id='word_1_772' title='bbox 3034 5125 3144 5179; x_wconf 89' lang='lat' dir='ltr'><strong>Cur</strong></span> <span class='ocrx_word' id='word_1_773' title='bbox 3174 5137 3307 5193; x_wconf 83' lang='lat' dir='ltr'><strong>ergo</strong></span> <span class='ocrx_word' id='word_1_774' title='bbox 3345 5122 3507 5179; x_wconf 88' lang='lat' dir='ltr'><strong>hodie</strong></span> <span class='ocrx_word' id='word_1_775' title='bbox 3534 5124 3636 5181; x_wconf 87' lang='lat' dir='ltr'><strong>abs</strong></span> 
     </span>
    </p>
   </div>
   <div class='ocr_carea' id='block_1_99' title="bbox 2024 5215 3634 5289">
    <p class='ocr_par' dir='ltr' id='par_1_99' title="bbox 2024 5215 3634 5289">
     <span class='ocr_line' id='line_1_99' title="bbox 2024 5215 3634 5289; baseline 0.002 -18"><span class='ocrx_word' id='word_1_776' title='bbox 2024 5215 2054 5255; x_wconf 74' lang='grc' dir='ltr'><strong>ι)</strong></span> <span class='ocrx_word' id='word_1_777' title='bbox 2087 5218 2250 5273; x_wconf 89' lang='lat' dir='ltr'><strong>tertio</strong></span> <span class='ocrx_word' id='word_1_778' title='bbox 2303 5233 2569 5275; x_wconf 89' lang='lat' dir='ltr'><strong>nonarum</strong></span> <span class='ocrx_word' id='word_1_779' title='bbox 2622 5218 2933 5273; x_wconf 80' lang='lat' dir='ltr'><strong>Martiarum</strong></span> <span class='ocrx_word' id='word_1_780' title='bbox 2985 5233 3157 5288; x_wconf 74' lang='lat' dir='ltr'><strong>usque</strong></span> <span class='ocrx_word' id='word_1_781' title='bbox 3213 5217 3266 5272; x_wconf 91' lang='lat' dir='ltr'><strong>in</strong></span> <span class='ocrx_word' id='word_1_782' title='bbox 3313 5229 3335 5257; x_wconf 77' lang='grc' dir='ltr'><strong>ο</strong></span> <span class='ocrx_word' id='word_1_783' title='bbox 3376 5228 3634 5289; x_wconf 85' lang='lat' dir='ltr'><strong>quartum</strong></span> 
     </span>
    </p>
   </div>
   <div class='ocr_carea' id='block_1_100' title="bbox 2031 5312 3636 5384">
    <p class='ocr_par' dir='ltr' id='par_1_100' title="bbox 2031 5312 3636 5384">
     <span class='ocr_line' id='line_1_100' title="bbox 2031 5312 3636 5384; baseline 0.001 -16"><span class='ocrx_word' id='word_1_784' title='bbox 2031 5329 2297 5368; x_wconf 91' lang='lat' dir='ltr'><strong>nonarum</strong></span> <span class='ocrx_word' id='word_1_785' title='bbox 2327 5315 2595 5384; x_wconf 85' lang='lat' dir='ltr'><strong>Aprilium</strong></span> <span class='ocrx_word' id='word_1_786' title='bbox 2628 5312 2656 5352; x_wconf 70' lang='grc' dir='ltr'><em>ἀ</em></span> <span class='ocrx_word' id='word_1_787' title='bbox 2687 5315 2830 5369; x_wconf 91' lang='lat' dir='ltr'><strong>diem</strong></span> <span class='ocrx_word' id='word_1_788' title='bbox 2856 5313 2984 5367; x_wconf 89' lang='lat' dir='ltr'><strong>luna</strong></span> <span class='ocrx_word' id='word_1_789' title='bbox 3019 5313 3193 5384; x_wconf 86' lang='lat' dir='ltr'><strong>prima</strong></span> <span class='ocrx_word' id='word_1_790' title='bbox 3233 5327 3262 5367; x_wconf 88' lang='lat' dir='ltr'><strong>a</strong></span> <span class='ocrx_word' id='word_1_791' title='bbox 3292 5313 3454 5368; x_wconf 87' lang='lat' dir='ltr'><strong>nobis</strong></span> <span class='ocrx_word' id='word_1_792' title='bbox 3482 5328 3636 5384; x_wconf 75' lang='lat' dir='ltr'><strong>qua:-</strong></span> 
     </span>
    </p>
   </div>
   <div class='ocr_carea' id='block_1_101' title="bbox 2030 5404 3635 5479">
    <p class='ocr_par' dir='ltr' id='par_1_101' title="bbox 2030 5404 3635 5479">
     <span class='ocr_line' id='line_1_101' title="bbox 2030 5404 3635 5479; baseline 0.001 -15"><span class='ocrx_word' id='word_1_793' title='bbox 2030 5407 2188 5473; x_wconf 86' lang='lat' dir='ltr'><strong>ritur,</strong></span> <span class='ocrx_word' id='word_1_794' title='bbox 2219 5424 2316 5463; x_wconf 90' lang='lat' dir='ltr'><strong>seu</strong></span> <span class='ocrx_word' id='word_1_795' title='bbox 2345 5425 2406 5464; x_wconf 76' lang='lat' dir='ltr'><strong>ex</strong></span> <span class='ocrx_word' id='word_1_796' title='bbox 2439 5418 2463 5446; x_wconf 80' lang='grc' dir='ltr'>θ</span> <span class='ocrx_word' id='word_1_797' title='bbox 2486 5409 2679 5479; x_wconf 89' lang='lat' dir='ltr'><strong>quinto</strong></span> <span class='ocrx_word' id='word_1_798' title='bbox 2725 5407 2944 5463; x_wconf 81' lang='lat' dir='ltr'><strong>decimo</strong></span> <span class='ocrx_word' id='word_1_799' title='bbox 2981 5406 3337 5463; x_wconf 84' lang='lat' dir='ltr'><strong>kalendarum</strong></span> <span class='ocrx_word' id='word_1_800' title='bbox 3361 5404 3635 5478; x_wconf 89' lang='lat' dir='ltr'><strong>Aprilium</strong></span> 
     </span>
    </p>
   </div>
   <div class='ocr_carea' id='block_1_102' title="bbox 2030 5499 3633 5571">
    <p class='ocr_par' dir='ltr' id='par_1_102' title="bbox 2030 5499 3633 5571">
     <span class='ocr_line' id='line_1_102' title="bbox 2030 5499 3633 5571; baseline 0.002 -16"><span class='ocrx_word' id='word_1_801' title='bbox 2030 5499 2084 5555; x_wconf 89' lang='lat' dir='ltr'><strong>in</strong></span> <span class='ocrx_word' id='word_1_802' title='bbox 2117 5501 2354 5571; x_wconf 89' lang='lat' dir='ltr'><strong>septimo</strong></span> <span class='ocrx_word' id='word_1_803' title='bbox 2384 5501 2599 5556; x_wconf 78' lang='lat' dir='ltr'><strong>decimo</strong></span> <span class='ocrx_word' id='word_1_804' title='bbox 2637 5499 2995 5557; x_wconf 84' lang='lat' dir='ltr'><strong>kalendarum</strong></span> <span class='ocrx_word' id='word_1_805' title='bbox 3034 5501 3295 5557; x_wconf 86' lang='lat' dir='ltr'><strong>Maiarum</strong></span> <span class='ocrx_word' id='word_1_806' title='bbox 3323 5503 3433 5571; x_wconf 88' lang='lat' dir='ltr'><strong>die,</strong></span> <span class='ocrx_word' id='word_1_807' title='bbox 3466 5513 3527 5558; x_wconf 86' lang='lat' dir='ltr'><strong>ut</strong></span> <span class='ocrx_word' id='word_1_808' title='bbox 3558 5503 3633 5559; x_wconf 88' lang='lat' dir='ltr'><strong>sit</strong></span> 
     </span>
    </p>
   </div>
   <div class='ocr_carea' id='block_1_103' title="bbox 2106 5638 2358 5676">
    <p class='ocr_par' dir='ltr' id='par_1_103' title="bbox 2106 5638 2358 5676">
     <span class='ocr_line' id='line_1_103' title="bbox 2106 5638 2358 5676; baseline 0 0"><span class='ocrx_word' id='word_1_809' title='bbox 2106 5638 2252 5676; x_wconf 67' lang='lat' dir='ltr'><strong>nd</strong></span> <span class='ocrx_word' id='word_1_810' title='bbox 2303 5642 2358 5676; x_wconf 68' lang='grc' dir='ltr'><strong>Αἱ</strong></span> 
     </span>
    </p>
   </div>
   <div class='ocr_carea' id='block_1_104' title="bbox 2112 5640 3635 5783">
    <p class='ocr_par' dir='ltr' id='par_1_104' title="bbox 2112 5640 3635 5783">
     <span class='ocr_line' id='line_1_104' title="bbox 2112 5640 2358 5676; baseline 0.004 -24"><span class='ocrx_word' id='word_1_811' title='bbox 2112 5640 2133 5676; x_wconf 49' lang='grc' dir='ltr'><strong>τι</strong></span> <span class='ocrx_word' id='word_1_812' title='bbox 2346 5642 2358 5653; x_wconf 94' lang='grc'><strong>.</strong></span> 
     </span>
     <span class='ocr_line' id='line_1_105' title="bbox 2112 5640 3635 5783; baseline 0.002 -17"><span class='ocrx_word' id='word_1_813' title='bbox 2112 5721 2136 5748; x_wconf 77' lang='grc' dir='ltr'><strong>ο</strong></span> <span class='ocrx_word' id='word_1_814' title='bbox 2303 5642 2488 5781; x_wconf 55' lang='lat' dir='ltr'><strong>:ifihtu</strong></span> <span class='ocrx_word' id='word_1_815' title='bbox 2505 5710 2728 5783; x_wconf 77' lang='lat' dir='ltr'><strong>decima.</strong></span> <span class='ocrx_word' id='word_1_816' title='bbox 2756 5709 2830 5764; x_wconf 87' lang='lat' dir='ltr'><strong>Ita</strong></span> <span class='ocrx_word' id='word_1_817' title='bbox 2855 5710 3059 5781; x_wconf 60' lang='lat' dir='ltr'><strong>saepius</strong></span> <span class='ocrx_word' id='word_1_818' title='bbox 3083 5725 3300 5783; x_wconf 89' lang='lat' dir='ltr'><strong>quoque</strong></span> <span class='ocrx_word' id='word_1_819' title='bbox 3324 5712 3378 5767; x_wconf 91' lang='lat' dir='ltr'><strong>in</strong></span> <span class='ocrx_word' id='word_1_820' title='bbox 3399 5726 3635 5783; x_wconf 83' lang='lat' dir='ltr'><strong>sequen-</strong></span> 
     </span>
    </p>
   </div>
   <div class='ocr_carea' id='block_1_105' title="bbox 2038 5781 2933 5853">
    <p class='ocr_par' dir='ltr' id='par_1_105' title="bbox 2038 5781 2933 5853">
     <span class='ocr_line' id='line_1_106' title="bbox 2038 5781 2933 5853; baseline -0.001 -14"><span class='ocrx_word' id='word_1_821' title='bbox 2038 5782 2183 5839; x_wconf 85' lang='lat' dir='ltr'><strong>tibus</strong></span> <span class='ocrx_word' id='word_1_822' title='bbox 2215 5787 2314 5839; x_wconf 87' lang='lat' dir='ltr'><strong>ista</strong></span> <span class='ocrx_word' id='word_1_823' title='bbox 2345 5784 2600 5853; x_wconf 80' lang='lat' dir='ltr'><strong>exprimit</strong></span> <span class='ocrx_word' id='word_1_824' title='bbox 2629 5781 2803 5839; x_wconf 81' lang='lat' dir='ltr'><strong>codex</strong></span> <span class='ocrx_word' id='word_1_825' title='bbox 2827 5797 2933 5838; x_wconf 90' lang='lat' dir='ltr'><strong>ms.</strong></span> 
     </span>
    </p>
   </div>
   <div class='ocr_carea' id='block_1_106' title="bbox 398 5894 3599 5971">
    <p class='ocr_par' dir='ltr' id='par_1_106' title="bbox 398 5894 3599 5971">
     <span class='ocr_line' id='line_1_107' title="bbox 398 5894 3599 5971; baseline 0.001 -18"><span class='ocrx_word' id='word_1_826' title='bbox 398 5902 416 5922; x_wconf 87' lang='lat'>&quot;</span> <span class='ocrx_word' id='word_1_827' title='bbox 455 5896 567 5954; x_wconf 84' lang='lat' dir='ltr'><strong>Hoc</strong></span> <span class='ocrx_word' id='word_1_828' title='bbox 593 5896 910 5967; x_wconf 79' lang='lat' dir='ltr'><strong>Expositum</strong></span> <span class='ocrx_word' id='word_1_829' title='bbox 942 5895 1138 5961; x_wconf 66' lang='lat' dir='ltr'><strong>legitur</strong></span> <span class='ocrx_word' id='word_1_830' title='bbox 1164 5897 1305 5964; x_wconf 83' lang='lat' dir='ltr'><strong>apud</strong></span> <span class='ocrx_word' id='word_1_831' title='bbox 1333 5895 1677 5952; x_wconf 84' lang='lat' dir='ltr'><strong>Gallandium</strong></span> <span class='ocrx_word' id='word_1_832' title='bbox 1708 5899 1759 5951; x_wconf 90' lang='lat' dir='ltr'><strong>in</strong></span> <span class='ocrx_word' id='word_1_833' title='bbox 1794 5898 2094 5967; x_wconf 79' lang='lat' dir='ltr'><strong>appendice</strong></span> <span class='ocrx_word' id='word_1_834' title='bbox 2118 5899 2246 5952; x_wconf 63' lang='lat' dir='ltr'><strong>trimi</strong></span> <span class='ocrx_word' id='word_1_835' title='bbox 2270 5915 2333 5952; x_wconf 76' lang='lat' dir='ltr'><strong>ex</strong></span> <span class='ocrx_word' id='word_1_836' title='bbox 2368 5914 2475 5965; x_wconf 80' lang='lat' dir='ltr'><strong>quo</strong></span> <span class='ocrx_word' id='word_1_837' title='bbox 2508 5898 2768 5955; x_wconf 79' lang='lat' dir='ltr'><strong>llilariaoi</strong></span> <span class='ocrx_word' id='word_1_838' title='bbox 2792 5915 2955 5967; x_wconf 81' lang='lat' dir='ltr'><strong>opera</strong></span> <span class='ocrx_word' id='word_1_839' title='bbox 2982 5894 3368 5971; x_wconf 61' lang='lat' dir='ltr'><strong>excerpsimus.</strong></span> <span class='ocrx_word' id='word_1_840' title='bbox 3405 5894 3563 5958; x_wconf 67' lang='lat' dir='ltr'><strong>I-‘iirr.</strong></span> <span class='ocrx_word' id='word_1_841' title='bbox 3594 5904 3599 5910; x_wconf 89' lang='grc'><strong>’</strong></span> 
     </span>
    </p>
   </div>
  </div>
