4048 6350
417 312 559 371 “07

1723 309 1792 381 ρ.
1830 308 2005 369 sum
2034 306 2399 368 attentarit

3582 309 3726 367 H08

408 435 603 491 quarta
632 423 869 490 decima,
896 423 1279 479 maturatur.
1305 420 1517 479 ainde
1546 422 1881 495 ubicunque
1924 436 2019 479 oe-
2043 420 2096 482 A
2121 423 2212 493 qui
2242 422 2419 492 primo
2449 421 2605 478 [lctus
2653 431 2765 489 est,
2791 436 2856 477 ex
2904 435 3010 492 qua
3039 422 3436 479 consuetudine
3485 422 3570 479 vel
3614 433 3727 480 tra-

410 518 647 575 ettrrerit
694 515 817 571 dies
848 515 1096 579 Paschal,
1122 514 1365 586 {egit-isne
1392 514 1764 581 celebramus,
1795 515 1961 572 sicuti
1988 529 2020 570 a

412 612 667 667 Pluribus
680 610 890 665 nostris
910 609 1255 667 celebratum
1280 609 1654 681 traditurum
1673 624 1797 667 esse
1816 620 2025 682 cogno-

411 704 617 757 vimus.
647 700 803 757 Nunc
832 708 1049 771 tempus
1078 700 1325 767 advenit,
1349 715 1461 772 quo
1491 703 1706 758 ratione
1731 702 1872 774 legis
1899 716 2025 757 oras

408 800 565 850 Hune
587 806 706 849 mea
724 792 940 850 Inflare
964 803 1163 850 cuncta
1181 792 2022 865 ordinantemediscurramus,

412 887 672 944 videlicet
702 886 1007 942 retinentes
1033 924 1051 955 ,
1097 886 1245 959 quod
1272 886 1480 943 Pascha
1535 901 1645 942 non
1690 901 1721 940 a
1752 886 2024 957 principio

410 980 630 1045 mundi,
656 981 756 1034 sed
778 990 810 1032 a
840 976 868 1017 δ
895 978 1083 1050 Moyse
1107 993 1265 1036 sacra
1296 992 1428 1036 voce
1468 979 1743 1035 celebrari
1778 993 2024 1049 ιιι-περ·

410 1082 527 1128 tum
550 1080 657 1140 est,
690 1079 749 1126 et
789 1070 935 1142 quod
991 1082 1013 1110 ο
1046 1086 1237 1127 mense
1256 1072 1497 1142 primum
1545 1085 1653 1127 non
1684 1081 1741 1128 ut
1778 1069 2025 1143 Βαγριῆ

411 1182 482 1222 ex
529 1175 727 1235 quarto
781 1162 1136 1221 kalendarum
1194 1163 1606 1235 Septembrium
1654 1164 1775 1231 die,
1829 1175 1923 1220 aut
1962 1173 2025 1220 ut

410 1258 645 1315 Romani
687 1273 720 1314 e
756 1256 1011 1313 kalendis
1034 1255 1064 1294 ἀ
1100 1256 1376 1313 Januariis
1416 1257 1655 1327 primum
1693 1272 1853 1312 suum
1887 1258 2026 1313 inci-

413 1353 574 1423 piunt
599 1366 872 1419 mensem,
906 1350 1003 1406 sed
1030 1364 1101 1405 ex
1124 1349 1323 1405 divinas
1353 1349 1488 1420 legis
1517 1348 1849 1406 auctoritate
1877 1363 2025 1405 same

411 1458 534 1516 per,
556 1443 819 1516 omnique
867 1459 1016 1499 anno
1059 1443 1189 1499 luna
1220 1456 1325 1499 suo
1369 1457 1536 1499 cursu
1578 1443 1817 1515 primum
1860 1443 2024 1499 nobis

412 1544 647 1608 generat
670 1550 942 1592 mensem.
966 1534 1077 1591 Sed
1104 1549 1354 1592 mensem
1382 1535 1545 1592 istum
1574 1534 1811 1606 primum
1859 1551 2025 1607 prop-

416 1641 501 1686 ter
529 1628 737 1685 Pascba
770 1636 1043 1683 nostrum
1087 1636 1149 1683 ut
1184 1628 1430 1699 legitime
1475 1643 1870 1699 cognoscamus
1894 1670 1911 1695 ,
1950 1630 2021 1687 ad

418 1724 688 1793 originem
712 1723 903 1779 mundi
949 1733 1098 1778 certa
1130 1723 1345 1779 ratione
1387 1722 1468 1778 ire
1521 1720 1929 1794 compellimur;
1962 1731 2024 1779 ut

2123 513 2333 571 dicione
2381 515 2463 571 sic
2491 514 2633 587 apud
2673 517 2888 587 aliquas
2913 525 3108 587 gentes
3135 518 3467 574 remansisse
3492 532 3727 589 cogatc-

2123 610 2287 677 citur,
2315 620 2370 664 ut
2414 608 2558 676 apud
2605 609 2914 681 Egyptios,
2942 607 3036 679 qui
3064 609 3164 665 hos
3194 610 3436 681 quinque
3480 609 3605 666 dies
3631 625 3727 667 va-

2123 703 2277 759 civos
2324 703 2549 769 habent,
2581 717 2720 773 quos
2750 702 2788 723 ⁸³
2816 704 3164 778 inquilinatu
3202 705 3502 776 appellant.
3546 703 3615 760 Ει
3654 703 3726 759 ab

2122 793 2395 865 aliquibus
2422 793 2859 865 descriptoribus
2885 793 3171 861 Romanis,
3188 796 3280 866 qui
3313 795 3585 850 rationem
3612 794 3729 852 die-

2124 902 2243 943 rum
2295 887 2541 943 scribere
2589 888 2843 954 voluere,
2875 896 3027 943 atros
3067 888 3532 956 intercalaresque
3559 887 3731 946 fuisse

2125 980 2388 1035 nominati
2421 988 2568 1035 sunt.
2592 979 2765 1035 Nemo
2792 979 2952 1050 igitur
2984 980 3176 1051 priscis
3203 979 3569 1050 temporibus,
3602 981 3729 1050 quia

2125 1072 2355 1129 necdum
2386 1073 2708 1129 ostenderat
2735 1073 2876 1129 Deus
2901 1087 3119 1128 cursum
3141 1072 3277 1128 solis
3293 1087 3356 1128 ac
3376 1073 3543 1138 lunae,
3566 1087 3731 1129 nemo

2125 1166 2404 1221 hominum
2427 1164 2876 1236 apprehendebat
2896 1174 2923 1201 ιι
2949 1166 3101 1220 verni
3121 1164 3432 1236 astutiaque
3448 1173 3730 1234 tempore,

2124 1261 2367 1316 autumni
2391 1270 2448 1316 et
2468 1258 2670 1317 hiemis
2696 1270 2889 1324 metu,
2918 1268 3198 1315 crementa
3221 1268 3246 1295 ο
3268 1257 3733 1330 decrementaque

2123 1353 2333 1408 dierum
2378 1367 2443 1408 ac
2496 1352 2743 1408 noctium
2787 1350 3106 1421 colligebat,
3133 1365 3297 1421 quem
3348 1350 3465 1406 suis
3504 1364 3735 1421 quoque

2125 1447 2465 1518 temporibus
2487 1446 2604 1503 hinc
2625 1445 2915 1502 luminaria
2939 1446 3171 1516 imperio
3202 1444 3301 1501 Dei
3325 1445 3610 1516 explicare
3636 1459 3734 1501 us-

2123 1556 2229 1613 que
2250 1540 2318 1595 ad
2349 1541 2511 1596 ﬁnem
2558 1539 2825 1610 temporis
2864 1540 3017 1609 iussa
3060 1547 3211 1596 sunt.
3245 1539 3399 1596 Unde
3447 1555 3551 1611 pro
3592 1551 3737 1596 tem-

2125 1649 2259 1705 pore
2282 1631 2389 1690 Job
2416 1633 2572 1689 illum
2623 1632 3030 1690 sanetisiimum
3059 1631 3547 1703 beatissirnumque
3589 1632 3740 1688 Deus

2122 1728 2477 1798 omnipotens
2502 1729 2649 1784 inter
2680 1727 2851 1783 multa
2884 1727 3249 1797 correptionis
3277 1727 3440 1783 verba
3469 1728 3640 1782 etiam
3664 1725 3739 1783 de

413 1818 562 1873 diem
592 1855 609 1885 ,
638 1818 696 1872 in
753 1830 868 1888 quo
925 1815 1221 1871 luminaria
1264 1816 1405 1873 facta
1453 1827 1581 1873 sunt
1607 1857 1624 1883 ,
1673 1818 1757 1872 vel
1801 1818 2021 1888 qualem
2052 1820 2103 1882 Β
2130 1823 2233 1877 hoc
2253 1820 2563 1889 admonuit,
2589 1821 2780 1877 dicens
2809 1838 2824 1876 :
2858 1820 2928 1875 Et
2958 1820 3054 1875 hoc
3072 1821 3199 1875 mihi
3224 1821 3330 1888 die,
3357 1837 3427 1875 an
3452 1822 3590 1876 scias
3614 1837 3742 1875 cur-

414 1911 624 1966 mundo
675 1911 826 1967 Deus
876 1910 1068 1966 fecerit
1102 1911 1313 1979 lunam,
1342 1926 1678 1983 cognoscere
1714 1912 2022 1982 possimus,

411 2004 547 2061 licet
579 2005 634 2059 in
676 2004 1094 2060 constructione
1124 2005 1311 2061 mundi
1338 2020 1447 2061 non
1497 2005 1645 2062 aliud
1685 2006 2023 2063 credendum

415 2109 518 2167 est,
554 2099 659 2155 nisi
679 2098 805 2170 quia
828 2099 975 2154 Deus
997 2099 1350 2171 omnipotens
1370 2099 1557 2155 omnia
1579 2099 1833 2171 aqualis,
1864 2100 2023 2171 plena

415 2174 771 2263 perfectaque
786 2191 1104 2248 constituit.

490 2286 555 2341 ll.
588 2285 1090 2342 Demnetrandum
1142 2294 1227 2341 est
1259 2285 1427 2357 igitur
1468 2287 1637 2356 primo
1673 2302 1798 2344 cum
1838 2286 2024 2343 mundi

418 2380 626 2437 fabrica
658 2378 1032 2445 inchoantur,
1064 2379 1193 2450 quia
1216 2379 1289 2434 sit
1308 2379 1453 2445 dies,
1478 2394 1647 2450 quem
1679 2379 1830 2435 Deus
1850 2380 2029 2435 omni-

419 2484 617 2546 potens
646 2473 889 2531 creando
920 2474 1103 2529 lucem
1130 2473 1464 2530 constituit:
1492 2474 1552 2528 in
1577 2475 1815 2529 “mdis
1840 2484 2030 2530 osten-

419 2566 638 2631 demus,
682 2567 866 2622 lunnm
899 2582 929 2621 a
964 2566 1167 2622 Deoad
1204 2580 1495 2638 vesperum
1519 2578 1544 2605 ε
1575 2568 1752 2639 qualis
1778 2566 2030 2638 profecto

420 2661 492 2716 sit
534 2660 716 2727 facta,
771 2661 857 2716 vel
910 2659 1135 2716 ubinam
1174 2660 1299 2730 eius
1330 2675 1510 2716 annm
1567 2662 1730 2719 linem
1762 2662 2025 2733 accipiat:

419 2754 503 2809 sic
556 2753 746 2808 deinde
792 2751 811 2791 ί
846 2753 1253 2818 coartabimus,
1298 2768 1469 2823 quare
1504 2754 1608 2809 abs
1650 2769 1711 2810 ιιι
1757 2768 2028 2810 nonarum

422 2844 740 2900 Martiarum
785 2858 957 2915 usque
1002 2843 1061 2899 in
1110 2860 1163 2899 tv
1192 2858 1465 2900 nonarum
1520 2845 1794 2915 Aprilium
1824 2855 1851 2895 α
1880 2845 2030 2902 diem

426 2938 597 3007 prima
629 2937 758 2993 luna
779 2954 808 2990 a
836 2938 996 2993 nobis
1018 2938 1307 3005 qua'ritur.
1337 2940 1423 2995 vel
1452 2955 1520 2995 ex
1560 2956 1631 2996 xv
1674 2940 2029 2998 kalendarum

427 3030 699 3101 Aprilium
724 3046 896 3102 usque
925 3030 979 3086 in
1010 3047 1116 3086 xvu
1134 3030 1493 3088 kalendarum
1522 3032 1786 3089 Maiarum
1828 3032 1857 3071 ⁸³
1884 3034 2030 3092 diem

425 3125 493 3180 ad
530 3124 925 3181 celebrandum
969 3127 1180 3195 integre
1208 3126 1414 3183 Pascha
1467 3143 1559 3183 xtv
1612 3128 1928 3199 requiratur
1972 3138 2033 3185 ut

2127 1930 2247 1970 sum
2275 1914 2399 1969 satis
2426 1924 2477 1968 et
2502 1915 2642 1970 lente
2662 1913 2807 1982 (Job.
2836 1928 3022 1979 xxvnt,
3053 1912 3186 1981 i9)?
3216 1913 3296 1968 Eo
3339 1915 3541 1983 quippe
3592 1922 3737 1968 tem-

2129 2025 2283 2081 pore,
2304 2023 2417 2079 quo
2442 2022 2474 2063 a
2505 2008 2739 2065 Domino
2781 2009 2892 2064 Deo
2920 2016 3111 2063 nostro
3143 2007 3318 2078 legem
3348 2007 3522 2080 Moysi
3551 2007 3741 2064 datam

2126 2118 2250 2160 esse
2302 2103 2684 2173 cognoscimus
2736 2110 2963 2173 propter
3027 2100 3238 2156 Pascha
3296 2100 3689 2157 celebrandum
3720 2139 3742 2169 ,

2129 2204 2158 2245 ι»
2186 2195 2456 2251 mensium
2487 2209 2868 2265 annorumque
2900 2193 3168 2249 rationem
3216 2208 3312 2263 per
3342 2194 3484 2248 luna:
3513 2208 3743 2249 cursum

2129 2289 2178 2345 ei
2202 2288 2444 2353 tradidit,
2478 2297 2540 2344 ut
2568 2303 2637 2343 ex
2666 2297 2694 2338 ει
2723 2286 3011 2343 neomenia
3056 2300 3308 2341 mensem
3356 2286 3599 2356 primum
3640 2301 3742 2342 seu

2129 2381 2274 2449 alios
2300 2380 2506 2438 habere
2532 2379 2824 2452 potuisset,
2853 2379 2945 2450 qui
2977 2394 3122 2434 nunc
3167 2395 3235 2435 ex
3266 2380 3402 2450 legis
3442 2378 3743 2436 traditione

2130 2471 2424 2541 Colligitur,
2455 2473 2500 2527 si
2528 2471 2695 2528 modo
2731 2472 2799 2539 is,
2822 2471 2914 2541 qui
2944 2471 3206 2542 colligere
3243 2472 3393 2538 velit,
3426 2468 3745 2542 diligentis-

2132 2564 2271 2621 sime
2292 2573 2694 2634 perscrutatur,
2727 2562 2816 2618 cui
2838 2562 2917 2618 rei
2933 2577 3033 2618 nos
3054 2577 3276 2634 operam
3304 2561 3502 2619 dantes
3523 2564 3745 2634 singula

2132 2658 2478 2729 exponimus,
2529 2656 2894 2727 incipientes,
2940 2665 3001 2711 ut
3046 2656 3330 2723 diximus,
3361 2671 3393 2711 a
3437 2654 3531 2713 die
3563 2652 3743 2728 primo

2134 2749 2341 2806 mundi.

2204 2842 2294 2899 IV.
2336 2839 2403 2897 In
2430 2842 2685 2915 principio
2708 2884 2721 2907 ,
2746 2842 2925 2912 inquit
2956 2842 3193 2914 Moyses,
3235 2842 3356 2912 fecit
3389 2840 3530 2896 Deus
3556 2842 3743 2896 calum

2133 2943 2180 2989 et
2200 2942 2413 3001 terram,
2436 2944 2575 2989 terra
2595 2943 2770 2989 autem
2792 2942 2903 2988 erat
2923 2933 3198 2989 invisibilis
3219 2944 3263 2988 et
3295 2934 3671 3002 incomposita,
3692 2944 3744 2997 et

2133 3027 2351 3083 tenebras
2366 3036 2511 3082 erant
2541 3044 2697 3095 super
2719 3029 2963 3098 abyssum
2989 3039 3034 3081 et
3062 3027 3277 3094 spiritus
3312 3026 3408 3080 Dei
3446 3029 3746 3098 superinc-

2133 3120 2281 3175 lratur
2307 3135 2463 3189 super
2498 3136 2681 3189 aquas.
2708 3117 2777 3173 Et
2803 3120 2937 3174 dixit
2969 3117 3136 3185 Deus,
3165 3120 3257 3189 ﬁat
3283 3120 3397 3184 lux,
3422 3129 3469 3172 et
3499 3120 3641 3189 facta
3664 3129 3741 3173 est

425 3219 575 3274 omni
597 3234 661 3273 ex
692 3228 849 3287 parte
874 3219 1242 3288 praecludatur
1280 3220 1464 3275 aditus
1492 3218 1509 3257 ί
1542 3220 1659 3287 bis,
1688 3220 1782 3291 qui
1810 3230 2027 3277 contra-

2138 3214 2249 3268 ια.
2277 3211 2347 3267 Ει
2372 3213 2499 3266 vidit
2526 3210 2667 3268 Deus
2688 3214 2877 3280 lucem,
2903 3214 3022 3283 quia
3050 3212 3185 3268 bona
3215 3223 3315 3281 est,
3337 3222 3386 3267 et
3405 3214 3583 3267 diuisit
3603 3215 3742 3270 inter

426 3311 759 3367 dictionibus
780 3313 1027 3378 student,
1052 3327 1123 3368 ne
1151 3314 1204 3368 in
1226 3313 1413 3384 aliquo
1432 3328 1537 3371 nos
1554 3314 1737 3370 minus
1762 3314 2031 3372 rationem

431 3405 446 3454 ἱ
484 3404 805 3461 deﬁnivisse
833 3405 1192 3461 arbitrentur.

502 3496 588 3553 lli.
622 3495 759 3551 Cum
784 3498 1025 3553 necdum
1074 3509 1225 3553 esset
1257 3497 1343 3553 les
1385 3498 1457 3554 ab
1510 3499 1888 3569 omnipotente
1927 3499 2034 3555 Do-

430 3589 582 3645 mino
610 3590 834 3653 tradita,
862 3588 1116 3644 homines
1176 3589 1231 3644 in
1259 3604 1424 3649 cursu
1455 3590 1598 3644 lunae
1637 3593 1835 3662 sapius
1860 3591 2031 3648 haesi-

429 3683 637 3737 tabant.
666 3682 773 3738 Alii
792 3681 847 3735 in
868 3684 1058 3736 urbem
1074 3681 1320 3752 plenam,
1338 3682 1515 3752 qualis
1536 3681 1635 3738 Dei
1652 3682 1810 3754 jussu
1828 3683 2033 3741 mundo

430 3783 546 3827 orta
572 3774 767 3837 fuerat,
803 3773 1030 3842 primam
1082 3774 1468 3844 appellabant,
1499 3776 1590 3830 alii
1628 3776 1780 3831 aliud
1820 3779 2029 3834 sentie-

428 3866 581 3921 bant.
624 3865 840 3920 Menses
887 3866 1051 3936 igitur
1100 3867 1477 3922 tantummodo
1523 3882 1620 3939 per
1678 3869 2029 3925 tricenarium

431 3972 720 4013 numerum
769 3966 1173 4027 computantes,
1208 3959 1260 4013 in
1294 3960 1556 4014 trecentis
1604 3962 1886 4030 sexaginta
1917 3962 2034 4017 die-

430 4050 533 4104 bus
557 4063 777 4105 cursum
804 4044 1092 4103 duodecim
1114 4047 1142 4086 ι
1170 4046 1438 4104 mensium
1482 4040 1864 4121 explicabunt,
1893 4054 2033 4111 sicut

429 4150 647 4213 tempus
671 4142 805 4197 illud
822 4141 1013 4199 diluvii
1040 4140 1319 4198 Geneseos
1346 4142 1630 4214 Scriptura
1663 4143 1899 4202 tricenos
1917 4147 2031 4205 dies

427 4236 483 4290 in
533 4236 719 4291 mense
764 4233 1079 4291 ctrcu‘rrisse
1126 4238 1486 4291 monstratur.
1517 4235 1773 4308 Quinque
1818 4239 2032 4297 scilicet

425 4328 567 4395 dies,
594 4329 685 4399 qui
706 4330 1003 4398 supersunt
1026 4322 1097 4383 ad
1136 4328 1341 4383 annual
1364 4322 1688 4396 (linendum,
1717 4328 1773 4386 in
1818 4336 2031 4388 nemos

398 4418 563 4474 'riam
588 4410 808 4475 fabrica:
834 4421 926 4476 Dei
951 4421 1109 4476 vacui
1141 4420 1586 4478 nominabantur.
1609 4422 1861 4495 Quinque
1881 4427 2028 4482 enim

428 4511 622 4566 diebus
650 4510 955 4567 fabricatus
983 4520 1070 4569 est
1111 4512 1368 4578 mundus,
1405 4513 1572 4569 homo
1600 4530 1733 4570 vero
1758 4526 1915 4573 sexto
1938 4516 2030 4576 die

2136 3306 2299 3360 lucem
2325 3313 2371 3359 et
2402 3304 2655 3359 tenebras.
2691 3304 2759 3360 Et
2790 3306 2988 3360 vocavit
3020 3304 3159 3360 Deus
3189 3306 3354 3360 lucem
3393 3306 3553 3373 diem,
3587 3317 3634 3360 et
3662 3317 3739 3363 te-

2136 3398 2319 3454 nebras
2338 3399 2531 3453 vocavit
2556 3408 2773 3453 noctem.
2802 3397 2873 3452 Et
2894 3398 3090 3468 factum
3114 3408 3188 3453 est
3212 3414 3439 3467 uespere.
3470 3410 3516 3455 ct
3538 3399 3741 3468 (“tum

2134 3501 2207 3547 est
2226 3507 2379 3546 mane
2405 3492 2514 3548 dies
2546 3508 2698 3546 unus.
2732 3491 2796 3545 Et
2823 3491 2995 3546 divisit
3025 3491 3162 3545 Deus
3188 3492 3320 3545 inter
3342 3492 3511 3565 lucent
3538 3503 3586 3545 et
3606 3500 3743 3567 tene-

2135 3583 2276 3649 bras,
2307 3582 2409 3637 hoc
2455 3591 2561 3648 est,
2589 3583 2803 3638 libravit
2832 3582 2977 3638 diem
3010 3592 3065 3638 et
3094 3592 3311 3638 noctem
3345 3580 3502 3655 (Gen.
3541 3581 3599 3649 l,
3625 3583 3741 3651 1-5,

2133 3692 2237 3730 sec.
2270 3673 2462 3744 LXX).
2488 3673 2570 3730 Ad
2596 3674 2897 3745 iussionem
2923 3673 3068 3730 enim
3094 3675 3189 3729 Dei
3237 3675 3325 3729 lux
3367 3673 3507 3729 facta
3556 3674 3627 3729 ita
3660 3684 3763 3737 te—_

2136 3770 2331 3826 nebras
2383 3767 2702 3836 intercidit,
2734 3778 2791 3822 ut
2821 3782 3014 3845 cursus
3060 3768 3203 3824 inter
3233 3778 3463 3839 utraque
3511 3767 3742 3839 aequalis

2134 3869 2446 3939 appareret,
2468 3870 2522 3916 et
2538 3859 2734 3916 exinde
2748 3862 2862 3931 jam
2886 3860 3004 3917 dies
3026 3874 3089 3916 ac
3111 3875 3219 3915 nox
3235 3870 3512 3915 crementa
3535 3871 3591 3915 et
3608 3861 3741 3917 rde-

2134 3962 2413 4011 crementa
2460 3954 2669 4009 alterna
2698 3953 2814 4008 vice
2860 3952 3223 4023 susciperent,
3254 3944 3308 4008 et
3367 3962 3613 4023 tempora
3642 3944 3739 4008 de-

2135 4046 2521 4102 munstrarent.
2550 4040 2705 4102 Sicut
2747 4047 2893 4101 enim
2926 4054 3069 4100 terra
3097 4052 3153 4101 et
3174 4040 3347 4100 maria
3374 4060 3593 4099 omnem
3621 4046 3743 4099 ani-

2134 4154 2276 4195 mam
2319 4138 2495 4194 vivam
2538 4138 2683 4195 Deus
2720 4134 3099 4209 omnipotens,
3128 4140 3309 4210 primo
3339 4140 3393 4195 in
3441 4150 3605 4196 aetate
3651 4141 3740 4195 in-

2137 4244 2284 4305 tegra
2311 4231 2382 4288 ad
2419 4247 2641 4303 genus,
2667 4247 2765 4287 nec
2810 4244 2919 4288 non
2976 4242 3032 4287 et
3080 4246 3271 4288 manus
3310 4230 3520 4289 fructus
3572 4240 3739 4287 terra:

2135 4328 2405 4399 perfectos
2433 4341 2557 4383 cum
2586 4328 2703 4383 suis
2729 4326 3030 4383 seminibus
3058 4340 3186 4382 mox
3230 4324 3394 4396 jussit
3440 4326 3624 4391 educi,
3657 4328 3737 4383 sic

2132 4418 2332 4475 deinde
2357 4419 2624 4491 imprimis
2651 4418 2788 4474 lucis
2806 4434 2869 4473 ac
2897 4420 3242 4475 tenebrarum
3272 4420 3509 4490 spatium
3539 4420 3736 4490 aequali

2131 4525 2292 4567 cursu
2315 4511 2616 4567 constituit.
2669 4512 2773 4567 Iste
2804 4511 2965 4581 igitur
2992 4512 3109 4567 dies
3142 4511 3349 4581 primus
3379 4515 3735 4583 cognoscitur

430 4610 554 4675 post
592 4604 773 4658 omnia
817 4594 995 4660 factus
1022 4615 1129 4674 est,
1162 4622 1230 4663 ex
1254 4622 1362 4678 quo
1382 4608 1547 4663 etiam
1573 4608 1665 4665 die
1712 4609 1781 4665 ad
1823 4610 2021 4668 duode-
2051 4610 2103 4672 Β
2132 4619 2274 4672 esse,
2307 4600 2399 4677 qui
2428 4606 2479 4660 in
2507 4605 2715 4681 origine
2745 4604 2916 4661 factus
2938 4613 3044 4670 est,
3072 4604 3123 4659 in
3151 4620 3258 4675 quo
3288 4605 3463 4662 lucem
3490 4616 3731 4661 noctem-

426 4699 533 4753 cim
584 4692 982 4767 percurrendos
1011 4713 1231 4756 menses
1283 4710 1572 4781 computus
1612 4701 1665 4757 ei
1692 4702 1903 4759 dierum
1925 4703 2028 4762 fuit

424 4796 798 4847 trecentorum
850 4789 1135 4859 sexaginta
1179 4792 1230 4846 in
1280 4792 1454 4861 pridie
1490 4794 1597 4849 diei
1639 4793 1785 4850 illius
1810 4835 1829 4863 ,
1858 4811 2022 4868 quem

426 4882 602 4958 primo
639 4868 925 4939 constituit
948 4874 1109 4938 Deus.
1141 4878 1394 4955 Quinque
1422 4885 1625 4943 deinde
1659 4868 1674 4925 ί
1707 4889 1882 4945 vacivi
1905 4889 2024 4947 dies

423 4979 648 5053 fuerunt
678 4986 851 5048 usque
877 4977 930 5032 in
959 4968 1136 5049 pridie
1162 4977 1464 5036 nativitatis
1484 4979 1729 5052 ejusdem
1761 4980 2020 5054 hominis,

496 5132 529 5246 ἒ
562 5130 1135 5246 ῐῆῗεθῧῖᾙηηὰπαὺη.

502 5205 529 5246 δ
568 5206 667 5261 lis.
701 5204 937 5277 Moysen.
972 5265 979 5273 _

502 5288 526 5316 ο
558 5276 823 5351 Scilicet,
844 5275 984 5348 quod
1008 5277 1197 5333 mensis
1222 5278 1422 5351 primus
1475 5281 1622 5338 nobis
1666 5288 1735 5344 sit
1778 5289 2029 5348 ἀρωγαί-

424 5348 653 5404 nuntius.

496 5417 524 5502 «ξ
689 5414 956 5502 19W“-

499 5500 524 5563 ξ
560 5490 695 5563 Scil.
720 5492 988 5563 factumet
1009 5491 1119 5547 ubi.

502 5560 522 5600 ΐ
565 5561 665 5616 Ms.
694 5560 1067 5617 enarravimus.

497 5642 523 5682 s
562 5632 660 5687 Ms.
690 5631 811 5687 Die.

490 5700 526 5743 δ
552 5705 651 5759 Ms.
682 5700 804 5759 Bis.

382 5823 387 5829 .
501 5773 517 5810 ί
561 5773 659 5849 bis.
692 5775 736 5849 is
774 5781 1028 5849 utmpe.

498 5855 511 5895 l
561 5843 657 5900 Ms.
687 5844 946 5918 deﬁnisse.

2131 4716 2237 4774 que
2287 4698 2546 4756 Dominus
2596 4698 2741 4756 Deus
2789 4696 3229 4770 feeitwqualcm,
3266 4706 3286 4733 '
3340 4701 3491 4754 verni
3521 4699 3732 4755 scilicet

2132 4805 2397 4868 tempore,
2449 4811 2558 4867 quo
2594 4804 2759 4866 caput
2810 4795 2937 4851 anni
2988 4809 3113 4850 esse
3160 4793 3335 4849 voluit
3382 4794 3731 4865 omnipotens

2131 4889 2297 4967 Deus.

2206 4984 2269 5041 ν.
2310 4983 2420 5041 Isto
2474 4982 2637 5054 igitur
2694 4990 2939 5054 tempore
2988 4979 3274 5037 fabricavit
3328 4990 3383 5037 et
3440 4979 3729 5041 mundum.

2198 5138 2229 5188 ἱ
2268 5134 2371 5204 Ms.
2403 5142 2765 5213 epagomeno‘s.

2206 5166 2228 5260 ἶ
2271 5166 2804 5290 ῧῗιὲῖξῖαἵιῗέῗπὲᾷίθ
2830 5221 3003 5289 sunt,
3046 5228 3104 5276 ut
3128 5221 3293 5292 paulo
3342 5231 3491 5280 ante.
3536 5219 3633 5278 se
3672 5226 3728 5277 et

2128 5292 2295 5365 paulo
2320 5300 2465 5360 post.

2196 5373 2237 5445 ξι
2275 5363 2763 5445 its-Immem-

2200 5436 2231 5472 η
2279 5432 2439 5487 γετίι
2454 5432 2686 5488 scilicet.

2207 5510 2232 5541 ο
2268 5503 2373 5577 pls.
2404 5504 2832 5577 detrimentoque.

2202 5584 2231 5625 ρ
2269 5573 2365 5629 Ms.
2396 5590 2648 5632 mensum.

2202 5655 2229 5696 ει
2268 5645 2367 5701 Ms.
2399 5647 2617 5702 contria.

2200 5726 2224 5756 ι
2265 5716 2366 5773 Ms.
2391 5717 2715 5774 detrimenta.

2199 5797 2221 5825 ³
2263 5787 2407 5861 Lege
2434 5790 2587 5844 reris.
