4048 6350
325 307 468 370 M09

1252 305 1649 368 EXPOSITUM
1687 307 1777 368 DE
1813 307 1934 366 DIE
1971 307 2268 374 PASCHIE
2309 309 2398 372 ΕΤ
2435 307 2702 368 MENSIS.

3475 310 3621 368 “10

323 426 464 484 Ante
499 425 686 482 omnia
714 424 860 482 enim
899 433 1145 496 tempora
1193 424 1356 482 etiam
1389 432 1600 496 tempus
1625 423 1772 488 istud
1803 425 1913 495 pri-
1939 429 1992 492 Α
2017 438 2048 480 a
2069 425 2210 491 Deo,
2241 425 2545 483 retinentes
2573 425 2788 498 vigilias
2815 424 3046 484 Pascha
3091 425 3344 494 initiante
3389 441 3624 501 vespera

321 535 414 576 mo
449 519 794 576 constituam
837 517 1092 589 dignatus
1133 527 1224 574 est
1271 516 1533 592 Dominus
1555 557 1572 584 ,
1601 516 1745 588 quod
1800 531 1912 588 prae

321 609 535 668 steteris
585 609 658 666 sit
708 608 942 667 blandus
967 649 983 676 ,
1027 609 1176 666 aeris
1215 609 1478 679 qualitate
1517 607 1775 677 libratus,
1803 622 1914 680 quo

322 713 516 764 cuncta
539 711 700 762 terrae
743 701 1019 759 nascentia
1047 701 1293 773 glacialis
1321 701 1516 758 hiemis
1565 710 1784 771 torpore
1811 700 1910 760 de-

323 796 530 860 functo,
557 805 616 851 et
642 796 766 852 laeto
793 797 899 852 hoc
945 796 1096 852 verni
1129 795 1390 866 temporis
1441 809 1572 851 aere
1619 802 1910 866 suscepto,

323 889 378 946 in
402 889 584 948 varios
612 888 813 945 diversi
844 889 1064 960 generis
1088 887 1254 946 ﬂores
1311 889 1628 960 seminaque
1659 903 1914 960 prorum-

322 992 493 1058 punt;
533 993 593 1040 ut
631 984 823 1041 laudes
865 983 1263 1055 quodammodo
1307 985 1471 1040 etiam
1512 984 1628 1056 ipsa
1682 983 1914 1040 Domino

319 1079 565 1138 Creatori
585 1080 836 1138 fecundis
875 1080 1238 1152 primitiarum
1280 1081 1544 1138 fructibus
1567 1095 1692 1138 cum
1733 1079 1913 1138 homi-

321 1191 450 1233 num
489 1176 646 1234 testis
665 1175 977 1247 gratissima
1011 1175 1293 1234 suavitatis
1333 1174 1619 1234 fertilitate
1659 1174 1913 1232 concele-

319 1269 498 1338 brent,
530 1269 585 1324 in
611 1284 722 1340 quo
747 1268 915 1326 etiam
965 1281 1108 1324 nunc
1139 1268 1426 1326 instituas
1449 1283 1482 1323 a
1535 1267 1767 1324 Domino
1801 1267 1918 1338 pri-

319 1377 441 1420 mus
483 1363 724 1419 occurrit
763 1362 1151 1434 aequinoctius,
1179 1361 1277 1434 qui
1310 1361 1613 1420 secundum
1639 1361 1920 1432 cognomi-

318 1455 594 1512 aatioaem
625 1463 655 1496 ⁸
683 1454 951 1511 mensium
1001 1454 1371 1512 Rotnanorum
1418 1469 1516 1512 vui
1559 1452 1914 1512 ualcant-mn

318 1547 588 1618 Aprilium
627 1547 931 1606 invenitur.
973 1547 1112 1604 Hinc
1151 1562 1286 1619 ergo
1335 1547 1548 1604 initium
1599 1555 1910 1613 sumentes,

321 1643 572 1698 universa
595 1654 716 1712 quae
741 1640 1148 1713 proposuimus,
1179 1639 1556 1698 decurremus.

390 1735 484 1792 Vl.
515 1736 592 1792 De
623 1734 722 1791 die
754 1735 931 1806 primo
953 1733 1146 1792 mundi
1183 1735 1349 1790 locuti
1381 1735 1624 1792 breviter
1651 1734 1918 1806 explicui-

2014 517 2374 580 celebramus.

2089 608 2196 664 Vll.
2222 609 2609 678 Esposuimus,
2639 612 2766 667 luna
2789 629 2822 668 a
2863 611 3096 669 Domino
3126 613 3306 685 qualis
3329 615 3407 672 sit
3433 630 3463 670 v
3509 614 3612 674 ita.

2013 703 2432 776 lendasApriles
2457 704 2524 760 ad
2557 721 2841 776 vesperam
2885 707 3048 762 tacta.
3075 707 3234 764 Nunc
3281 718 3336 764 et
3379 708 3477 766 ubi
3521 724 3620 766 an-

2015 811 2143 852 num
2191 810 2351 854 suum
2405 798 2758 868 esplicuerit,
2797 798 3261 858 demonstramus.
3305 801 3418 858 iste
3469 802 3617 860 enim

2013 902 2191 944 annus
2212 889 2424 946 caeteris
2444 892 2604 946 annis
2629 891 2921 948 terminum
2941 893 3147 964 posuit.
3171 893 3280 950 Sed
3299 893 3444 965 quod
3467 910 3622 952 men-

2015 997 2104 1039 ses
2149 993 2206 1039 et
2258 998 2453 1054 annos,
2482 994 2543 1040 ut
2591 999 2758 1056 supra
2813 987 3279 1055 mcunoravimus,
3307 1003 3408 1046 suo
3455 1002 3622 1048 cursu

2016 1075 2142 1132 luna
2171 1077 2574 1134 demonstraret
2620 1093 2716 1148 per
2760 1079 3101 1148 neomenias,
3135 1079 3186 1135 id
3220 1088 3323 1146 est,
3351 1095 3528 1138 novos
3557 1094 3624 1136 ac

2015 1169 2195 1240 primo
2218 1169 2338 1226 dies
2362 1165 2392 1206 ιι
2418 1185 2692 1237 mensum,
2720 1185 2858 1241 quos
2887 1181 3123 1242 generat
3164 1171 3318 1239 luna,
3352 1171 3622 1231 Dominus

2018 1263 2160 1320 Deus
2191 1277 2287 1319 sua
2311 1263 2604 1320 testatione
2641 1263 2907 1320 declarat.
2935 1263 3028 1322 Sic
3071 1264 3219 1320 enim
3264 1273 3321 1320 et
3359 1264 3624 1335 scriptum

2018 1365 2102 1412 est
2132 1373 2145 1410 :
2178 1354 2248 1410 Et
2264 1356 2467 1412 locutus
2489 1367 2565 1412 est
2593 1354 2849 1414 Dominus
2880 1355 3026 1416 Deus
3045 1360 3115 1414 ad
3135 1356 3376 1431 Moysen,
3405 1359 3626 1416 dicens:

2021 1449 2088 1506 In
2116 1451 2200 1506 die
2247 1453 2415 1522 primo
2442 1453 2722 1510 neomenia:
2749 1455 2940 1510 mensis
2985 1456 3144 1527 primi
3195 1453 3210 1492 ί
3255 1454 3519 1512 dedicabis
3545 1464 3626 1514 ta-

2019 1545 2354 1602 bernaculum
2403 1547 2686 1603 testimonii
2716 1546 2915 1621 (Exod.
2965 1565 3062 1616 xc,
3091 1550 3150 1616 1,
3193 1549 3250 1616 2,
3277 1566 3380 1607 sec.
3431 1548 3626 1623 LXX).

2020 1637 2088 1696 Et
2113 1639 2220 1694 alio
2245 1639 2386 1707 loco,
2415 1653 2538 1696 cum
2568 1640 2637 1696 de
2663 1639 2970 1704 sacriﬁciis.
3011 1641 3230 1712 quando
3253 1653 3313 1698 et
3347 1642 3626 1714 quomodo

2019 1731 2204 1790 oﬂ‘erri
2235 1732 2521 1799 deberent,
2553 1733 2666 1790 ait:
2696 1733 2874 1792 Etiam
2910 1734 3139 1804 oﬂ'eretis
3175 1738 3461 1807 sacriﬁcia,
3494 1747 3544 1792 ct
3569 1737 3627 1793 ia

321 1844 460 1884 mus.
487 1827 608 1884 iam
659 1827 731 1884 ad
772 1828 915 1884 lunm
955 1827 1224 1885 rationem
1270 1828 1571 1886 veniamus.
1605 1827 1916 1886 Transactis
1944 1836 1992 1898 Β
2020 1829 2298 1884 neomettiis
2339 1827 2528 1883 mensis
2557 1844 2622 1884 ea:
2667 1845 2840 1884 mense
2877 1829 2933 1886 in
2969 1831 3232 1886 mensibus
3275 1831 3403 1888 anni
3429 1828 3626 1904 (Nunt.

319 1921 466 1978 enirn
491 1921 669 1977 tribus
689 1919 905 1988 diebus,
927 1930 1124 1991 quarto
1144 1920 1256 1986 die,
1281 1920 1335 1976 id
1357 1931 1464 1989 est,
1498 1936 1532 1975 v
1559 1919 1915 1978 kalendarum

320 2015 585 2086 Aprilium
611 2015 668 2071 in
695 2015 868 2088 signis
907 2015 1380 2086 temporibusque,
1411 2015 1627 2081 diebus,
1675 2024 1733 2072 et
1759 2014 1918 2072 annis

321 2110 464 2168 haud
493 2111 656 2168 simul
687 2100 974 2166 luminaria
1007 2121 1136 2172 sunt
1185 2111 1505 2168 cottstituta.
1563 2110 1718 2168 Licet
1771 2109 1915 2168 enim

322 2220 430 2259 uno
447 2205 540 2260 die
559 2212 686 2260 sunt
711 2203 874 2270 facta,
899 2213 1084 2261 tamen
1105 2205 1250 2262 Deus
1301 2205 1651 2276 omnipotens
1669 2245 1688 2272 ,
1717 2213 1778 2260 ut
1803 2205 1918 2260 cla.

321 2309 439 2354 rum
485 2298 648 2354 nobis
667 2297 912 2358 efﬁceret
955 2297 1139 2363 diem,
1189 2300 1364 2357 solem
1415 2314 1576 2356 mane
1603 2299 1910 2356 constituit.

321 2389 802 2461 Appropinquante
835 2390 997 2461 igitur
1023 2400 1185 2448 nocte
1213 2392 1268 2450 in
1299 2406 1557 2462 unmeros
1585 2402 1640 2448 et
1665 2401 1916 2462 tempora

319 2483 472 2538 vario
493 2496 656 2538 cursu
681 2482 988 2540 volventem
1014 2485 1405 2542 menstrualem
1433 2485 1672 2542 instituit
1690 2485 1914 2544 lunam:

321 2590 443 2646 quae
471 2575 600 2630 luna
621 2575 693 2630 ad
725 2590 1013 2648 vesperum
1041 2589 1236 2648 quarta
1259 2578 1472 2638 decima
1493 2576 1521 2620 δ
1543 2577 1752 2636 dodran
1777 2578 1916 2636 facta

321 2675 429 2736 est,
469 2682 533 2724 ea
553 2669 794 2736 ratione,
821 2678 958 2726 utet
1003 2685 1194 2728 omnes
1213 2671 1406 2742 primae
1433 2673 1615 2728 noctis
1657 2670 1918 2728 tenebras

321 2761 643 2832 illustraret,
674 2771 957 2836 totamque
984 2775 1334 2836 percurreret
1359 2776 1600 2833 noctem,
1630 2775 1688 2824 et
1727 2775 1792 2824 ut
1817 2766 1916 2822 lio-

324 2855 456 2912 nnini
503 2871 668 2924 novo,
712 2857 801 2914 cui
831 2856 947 2914 bac
993 2857 1253 2916 Dominus
1284 2859 1426 2916 Deus
1467 2858 1917 2928 iaciebat,sesto

321 2948 433 3017 die,
451 2950 616 3008 sicuti
651 2950 764 3021 jam
799 2952 882 3008 sol
906 2950 1016 3008 diei
1041 2951 1222 3008 tamus
1259 2952 1354 3020 sit,
1383 2952 1462 3008 ita
1490 2953 1540 3009 ei
1579 2953 1730 3010 aliud
1771 2967 1917 3023 opus

322 3041 450 3101 lusa
499 3045 651 3100 nocti
695 3045 988 3116 proﬁciens
1037 3044 1342 3116 procedere
1393 3047 1691 3114 videretur,
1719 3061 1791 3104 ne
1820 3047 1916 3104 de-

319 3144 500 3192 sertus
519 3150 555 3194 a
598 3136 743 3194 lucis
772 3147 794 3176 ο
827 3139 1009 3204 exitu,-
1037 3138 1277 3209 solisque
1295 3137 1547 3204 claritate
1569 3177 1587 3207 ,
1609 3138 1918 3208 insperatae

2018 1937 2206 1988 xxvtn,
2239 1923 2330 1986 it,
2361 1921 2452 1990 14,
2471 1938 2580 1978 sec.
2611 1921 2802 1994 LXX).
2825 1923 2887 1980 ln
2918 1923 3061 1980 libro
3105 1925 3272 1980 etiam
3303 1923 3626 1995 Regnorum

2019 2013 2220 2070 dictum
2247 2022 2332 2072 est
2363 2030 2376 2067 :
2409 2011 2540 2069 Cum
2565 2029 2622 2068 se
2649 2013 2990 2070 absconderet
3009 2013 3206 2082 Dauid,
3245 2016 3432 2072 timens
3448 2031 3627 2090 regem

2020 2109 2173 2177 Saul,
2199 2118 2248 2162 et
2275 2110 2414 2180 facta
2439 2117 2561 2163 sunt
2583 2110 2878 2175 neomenia,
2897 2119 2950 2163 et
2985 2110 3200 2164 intrauit
3235 2107 3354 2164 Rea;
3375 2109 3447 2164 ad
3477 2124 3626 2166 mett-

2017 2216 2149 2268 sam,
2174 2210 2231 2256 ut
2273 2203 2641 2269 manducaret,
2665 2212 2714 2258 et
2741 2219 2860 2257 cum
2905 2219 2966 2258 eo
3007 2202 3153 2258 soliti
3203 2203 3430 2258 conniw
3467 2216 3619 2256 rene-

2016 2304 2158 2350 rttnt.
2190 2291 2363 2354 David
2385 2305 2559 2352 autem
2600 2312 2706 2352 non
2745 2297 2958 2352 intrauit
3005 2312 3124 2354 cum
3161 2311 3244 2362 eo,
3290 2304 3338 2350 et
3377 2298 3628 2367 apparuit

2019 2389 2163 2446 locus
2183 2392 2316 2462 ejus,
2344 2397 2395 2444 et
2437 2388 2570 2444 nihil
2595 2389 2800 2446 locutus
2828 2398 2906 2444 est
2931 2388 3065 2449 Saul
3083 2389 3176 2443 illo
3199 2387 3312 2456 die,
3331 2397 3384 2442 et
3419 2390 3620 2460 factum

2018 2495 2092 2540 est
2119 2486 2176 2540 in
2197 2485 2478 2540 crastinum
2505 2485 2559 2540 in
2582 2484 2812 2542 secundo
2837 2485 2922 2539 die
2954 2483 3360 2578 mensisﬂllieg.
3404 2498 3498 2549 xx,
3523 2481 3626 2544 2ρο

2016 2575 2112 2644 26,
2135 2593 2244 2632 sec.
2273 2575 2462 2647 LXX).
2491 2577 2549 2632 lu
2577 2575 2812 2632 PSalmis
2841 2591 3058 2647 quoque
3099 2574 3308 2630 dictum
3341 2583 3426 2630 est
3475 2574 3626 2630 ειη-

2019 2689 2138 2728 nam
2169 2675 2340 2743 posuit
2359 2671 2504 2727 Deus
2526 2673 2584 2726 in
2603 2680 2840 2742 tempora
2865 2670 3043 2746 (Psal.
3063 2685 3180 2736 cm,
3227 2668 3340 2742 19).
3372 2669 3541 2740 Igitur
3569 2669 3624 2724 in

2019 2763 2209 2836 viginti
2256 2779 2455 2822 novem
2499 2764 2668 2820 semis
2707 2763 2826 2820 dies
2873 2764 3018 2820 lunae
3063 2763 3303 2833 explicat
3349 2776 3622 2818 mensem.-

2017 2855 2400 2928 Quapropter?
2427 2856 2552 2926 quia
2580 2870 2690 2912 non
2734 2855 2948 2927 penitus
2978 2861 3198 2911 tenuata
3245 2853 3368 2912 luce
3413 2853 3621 2912 linitur.

2018 2950 2288 3008 Creterum
2313 2950 2427 3022 jam
2471 2949 2618 3004 aliud
2650 2965 2790 3021 opus
2818 2958 2987 3016 esset,
3025 2963 3134 3005 non
3175 2947 3233 3004 id
3271 2947 3418 3018 quod
3443 2951 3626 3018 primo

2018 3045 2222 3102 fecerat
2241 3044 2590 3116 omnipotens
2617 3044 2783 3102 Deus.
2818 3044 3116 3102 Tricesima
3137 3058 3270 3114 ergo
3291 3043 3425 3100 luna
3439 3042 3624 3102 latens

2017 3137 2074 3196 in
2116 3140 2352 3196 semisse
2399 3146 2644 3194 cavatur.
2675 3137 2982 3195 Dsodecies
3039 3137 3202 3208 igitur
3248 3137 3417 3194 vicies
3446 3149 3626 3194 nonus

317 3228 582 3286 sensolas
615 3229 878 3288 tenebras
905 3237 1205 3302 pateretur.
1237 3231 1316 3287 Eo
1357 3231 1506 3290 enim
1545 3240 1796 3303 tempore
1827 3233 1916 3290 lus
1942 3225 1988 3288 C
2021 3235 2187 3292 semis
2205 3232 2521 3290 efﬁciuntur
2539 3232 2658 3289 dies
2681 3233 2910 3288 trecenti
2939 3230 3329 3303 quinquaginta
3361 3236 3620 3300 quatuor.

318 3335 440 3380 una
485 3321 650 3382 talem
667 3338 836 3380 triane
870 3324 1016 3396 quod
1043 3325 1248 3394 oritur,
1272 3326 1363 3382 sol
1395 3325 1624 3396 respicit
1655 3325 1714 3382 in
1757 3327 1917 3384 Occi-

315 3411 558 3481 dentem,
585 3415 638 3470 in
659 3415 1006 3472 inchoatione
1035 3432 1166 3474 vero
1193 3418 1368 3473 noctis
1397 3429 1519 3489 post
1538 3415 1566 3456 ἀ
1595 3418 1913 3478 abscessum

315 3505 473 3574 lucis,
513 3518 1024 3579 consummatosque
1047 3524 1242 3566 cursus
1273 3510 1428 3579 solis,
1460 3526 1583 3583 quae
1627 3527 1753 3567 cum
1797 3514 1912 3568 vir-

314 3608 430 3658 tute
453 3601 593 3660 lucis
620 3617 734 3660 sua:
761 3603 1008 3676 clypeata
1045 3604 1175 3662 luna
1193 3605 1464 3676 procedit.
1493 3606 1614 3663 Non
1631 3606 1916 3666 immerito

313 3695 478 3750 etiam
503 3706 605 3765 per
635 3695 857 3769 Moysen
907 3698 961 3752 in
983 3697 1172 3754 Exodo
1201 3698 1461 3756 Dominus
1511 3700 1654 3758 Deus
1708 3703 1914 3772 populo

312 3802 415 3845 suo
429 3790 593 3860 jussit
619 3805 686 3848 ex
711 3801 908 3862 quarta
937 3793 1152 3854 decima
1181 3794 1307 3852 luna
1325 3795 1492 3866 primi
1525 3797 1726 3854 mensis
1749 3798 1908 3868 plena

311 3882 381 3938 ad
413 3897 704 3954 vesperum
760 3899 933 3957 usque
979 3884 1052 3942 ad
1083 3887 1402 3944 vicesimam
1443 3888 1674 3958 primam
1701 3887 1906 3945 Pascha

309 3973 516 4036 debere
531 3974 825 4034 celebrari.
856 3975 1036 4034 Voluit
1061 3979 1214 4033 enim
1255 3978 1525 4036 Dominus
1555 3990 1578 4017 θ
1609 3979 1910 4038 hebdoma-

309 4065 436 4122 dam
463 4067 688 4124 Pascbte
713 4083 744 4124 a
769 4076 957 4139 quarta
984 4069 1194 4126 decima
1221 4071 1386 4141 plena
1407 4070 1477 4126 ad
1503 4087 1788 4142 vesperum
1811 4071 1909 4129 ba-

310 4159 440 4217 bcre
466 4161 703 4231 initium,
732 4171 790 4218 ut
815 4162 1170 4222 illucescente
1185 4164 1280 4222 die
1305 4164 1551 4230 Pastum,
1581 4167 1672 4236 qui
1693 4165 1905 4236 primus

307 4265 392 4310 est
421 4255 778 4312 hebdomadis
823 4257 1064 4327 ejusdem
1091 4259 1283 4328 quinta
1313 4256 1525 4316 decima
1555 4258 1676 4314 luna
1731 4258 1904 4327 prima

306 4347 389 4401 eis
436 4347 628 4402 luisset
665 4347 790 4403 dies
837 4355 1172 4419 azymorum.
1213 4349 1475 4406 Dominus
1513 4349 1660 4406 enim
1695 4349 1755 4404 in
1802 4348 1906 4405 Lc-

306 4440 471 4498 vitico
487 4439 747 4510 declarat,
775 4441 879 4498 hoc
899 4441 1088 4498 dicens
1111 4460 1127 4497 :
1147 4441 1213 4497 In
1240 4444 1406 4516 primo
1421 4459 1618 4511 mense,
1647 4445 1704 4499 in
1719 4453 1904 4515 quarta

306 4537 508 4592 decima
533 4537 621 4594 die
664 4538 878 4604 mensis,
923 4538 979 4592 in
1029 4537 1199 4592 medio
1238 4539 1644 4610 vespertinorttm
1693 4537 1904 4594 Pascha

2092 3324 2230 3382 Ylll.
2267 3325 2452 3396 Itaque
2495 3323 2551 3380 in
2582 3339 2614 3379 v
2637 3337 2814 3378 nonas
2843 3321 3064 3378 Martias
3093 3320 3286 3377 eadem
3340 3321 3468 3376 luna
3511 3335 3618 3378 ana-

2019 3436 2145 3476 num
2187 3434 2346 3476 suum
2385 3417 2662 3476 currendo
2709 3416 3022 3488 complevit.
3081 3415 3197 3474 Hoc
3235 3429 3341 3487 per
3375 3414 3620 3486 singulos

2014 3527 2234 3570 menses
2281 3512 2412 3568 anni
2464 3512 2638 3584 ipsius
2665 3511 2813 3568 lunai
2867 3511 3098 3582 probare
3129 3523 3440 3580 possumus.
3481 3507 3619 3570 Nam

2014 3606 2246 3678 primum
2301 3621 2460 3662 situm
2519 3619 2765 3662 mensem
2815 3606 2937 3662 haec
2981 3604 3112 3660 luna
3161 3619 3202 3660 si
3243 3602 3368 3658 idus
3401 3600 3620 3672 Apriles

2012 3698 2430 3767 consummavit,
2447 3711 2522 3754 eo
2543 3696 2693 3768 quod
2709 3696 2864 3754 eami
2901 3697 3116 3768 plenam
3141 3696 3288 3754 Deus
3316 3695 3522 3754 mundo
3533 3693 3619 3752 te.

2011 3794 2104 3857 cit,
2125 3808 2196 3850 ac
2221 3792 2523 3865 procedere
2544 3792 2728 3864 jussit.

2083 3885 2394 3944 Secundum
2425 3901 2668 3944 mensem
2695 3901 2749 3942 tv
2783 3886 2907 3943 idus
2929 3885 3102 3944 Maias
3125 3885 3407 3957 explicuit.

2081 3979 2323 4035 Tertium
2377 3993 2509 4034 vero
2565 3993 2808 4036 mensem
2853 3993 2913 4034 ut
2967 3977 3090 4036 idus
3107 3977 3302 4038 iunias
3351 3991 3613 4036 corneum-

2009 4073 2198 4130 mavit.
3671 4059 3678 4067 ’

2075 4167 2339 4234 Quartum
2369 4179 2616 4220 mensem
2641 4171 2800 4222 sexto
2819 4163 2940 4220 idus
2968 4162 3160 4220 Julius.

2076 4259 2334 4328 Quintum
2366 4271 2611 4314 mensem
2635 4273 2670 4311 v
2700 4257 2822 4312 idus
2849 4258 3137 4325 Angusus.

2077 4349 2304 4408 Sextum
2333 4363 2577 4404 mensem
2605 4364 2679 4406 vn
2699 4347 2825 4404 idus
2855 4345 3232 4418 Septembres.

2073 4442 2376 4513 Septimum
2395 4455 2638 4498 mensem
2675 4454 2848 4497 nonas
2887 4439 3174 4498 Octobres.

2073 4535 2333 4592 Octavum
2358 4549 2600 4590 mensem
2630 4549 2802 4590 nonas
2830 4533 3184 4591 Novembres.

307 4626 552 4696 Domino,
585 4640 633 4686 et
671 4631 726 4686 in
752 4632 932 4702 quinta
972 4631 1173 4688 decium
1215 4631 1403 4686 mensis
1445 4631 1601 4705 hujus
1646 4631 1753 4686 dies
1777 4631 1898 4700 [esti
1925 4621 1976 4682 Β
2068 4626 2281 4684 Nonum
2312 4641 2556 4684 mensem
2580 4618 3137 4684 nonas'Decembres.

304 4737 606 4793 azymorum
650 4719 879 4778 Domino
903 4721 1093 4796 (Leuit.
1145 4736 1298 4790 xxnt,
1347 4719 1414 4788 5,
1458 4722 1513 4790 6,
1545 4738 1654 4776 sec.
1705 4718 1896 4792 LXX).

306 4814 435 4872 Dies
457 4816 601 4871 enim
630 4815 851 4874 lunares
883 4813 904 4852 τ
943 4829 1171 4885 vespere
1194 4813 1481 4882 incipiunt,
1507 4820 1563 4890 et
1592 4812 1644 4868 in
1675 4828 1902 4883 vespere

309 4908 599 4974 ﬁniuntur;
623 4909 881 4978 quoniam
916 4908 1042 4962 luna
1085 4922 1115 4961 a
1147 4906 1262 4962 Deo
1295 4918 1350 4960 ut
1385 4920 1482 4963 sua
1507 4905 1630 4962 luce
1677 4917 1902 4977 prapter

309 5001 495 5058 rudem
525 5002 703 5058 adhuc
753 5002 1027 5058 hominem
1060 5002 1240 5058 noctis
1267 5002 1522 5060 tenebras
1548 4995 1900 5072 temperaret,

305 5109 338 5149 a
364 5109 589 5166 vespere
619 5096 810 5165 quinto
831 5093 1192 5156 kalendarum
1239 5094 1504 5166 Aprilium
1530 5093 1618 5151 die
1645 5093 1910 5156 nativitas

307 5189 377 5243 tis
398 5189 613 5258 accepit
641 5197 848 5254 ortum,
877 5198 928 5244 et
961 5203 1130 5260 usque
1173 5190 1223 5242 in
1256 5197 1279 5235 8
1301 5187 1462 5246 aliam
1502 5201 1811 5258 vesperam,
1841 5187 1896 5244 id

305 5289 390 5337 est
415 5297 469 5338 tv
498 5279 760 5338 kalendas
789 5282 1008 5354 Apriles
1037 5281 1198 5353 primi
1230 5277 1336 5337 diei
1384 5280 1468 5336 sui
1493 5281 1747 5338 exhibuit
1773 5297 1901 5339 cur-

303 5388 446 5442 sum,
486 5383 820 5446 quapropter
843 5373 1007 5430 hodie
1035 5387 1135 5430 uos
1167 5373 1414 5430 lunarem
1462 5386 1680 5430 cursum
1722 5372 1899 5432 edocti

376 5524 402 5553 ἰ
433 5514 532 5570 Ms.
559 5529 849 5584 mensuum.

372 5585 399 5626 ι)
440 5584 518 5640 lta
557 5601 690 5641 sane
715 5585 768 5640 in
799 5600 904 5640 ms.
925 5593 1153 5656 apparet
1177 5583 1466 5655 legendum
1497 5593 1621 5642 esse
1659 5585 1892 5641 dodran-

304 5669 426 5714 tem.
458 5659 512 5712 In
535 5659 886 5728 sequentibus
907 5659 1097 5714 eadem
1135 5657 1343 5712 ratione
1363 5658 1628 5727 scriptum
1651 5657 1896 5715 invectic-

300 5745 442 5787 mns.

379 5811 404 5841 ο
445 5799 541 5854 Ms.
574 5799 788 5855 exitum.

377 5870 401 5908 ἀ
444 5871 543 5936 Ms.
566 5870 824 5929 abscessu.

2077 4720 2353 4776 Decimum
2381 4733 2624 4776 mensem
2651 4734 2710 4776 tu
2736 4732 2912 4776 nonas
2931 4718 3240 4778 Ianuarias.

2077 4813 2428 4870 Undecimum
2457 4827 2698 4870 mensem
2730 4828 2782 4869 tv
2825 4827 3000 4870 nonas
3027 4811 3379 4874 Februarias.

2077 4906 2464 4964 Duodecimum
2485 4907 2689 4978 quippe
2719 4922 2879 4962 suum
2906 4922 3154 4984 mensem
3191 4922 3222 4960 v
3244 4905 3430 4964 Nonas
3449 4905 3602 4964 Mar-

2005 5005 2106 5058 tias
2135 5000 2452 5072 assignavit,
2474 4999 2564 5055 die
2595 5015 2730 5056 vero
2755 5015 2808 5056 tv
2839 5015 3107 5056 nonarum
3136 4997 3446 5056 Martiarum
3475 5009 3602 5070 post

2003 5095 2091 5154 die
2115 5111 2147 5151 v
2173 5109 2437 5152 nonarum
2458 5094 2775 5168 earumdem
2805 5099 3094 5150 transactis
3117 5093 3406 5152 duodecim
3435 5095 3598 5163 Iunis.

2005 5188 2056 5246 id
2089 5198 2194 5254 est,
2223 5187 2507 5245 duodecim
2547 5187 2827 5245 mensibus
2867 5187 3125 5259 apparuit
3170 5187 3424 5244 nativitas
3448 5187 3598 5258 eius~

2004 5281 2128 5336 dem
2157 5280 2319 5336 lunai.

2079 5374 2171 5432 IX.
2197 5373 2434 5432 Proinde
2451 5374 2508 5430 in
2535 5374 2797 5431 trecentis
2819 5371 3208 5446 quinquaginta
3225 5381 3464 5446 quatuor
3487 5369 3606 5430 die-

2077 5521 2101 5550 °
2142 5511 2242 5568 Ms.
2267 5512 2628 5566 ebdomadum.
2651 5508 2727 5564 Ita
2753 5519 2808 5566 et
2829 5510 2881 5564 in
2914 5523 3030 5581 seq.

2081 5581 2100 5622 τ
2143 5584 2242 5639 Ms.
2271 5598 2516 5653 vesperae.
2543 5581 2619 5636 Ita
2644 5589 2701 5636 et
2731 5582 2782 5635 in
2812 5596 2930 5653 seq.

2076 5664 2103 5703 8
2143 5655 2242 5711 Ms.
2265 5652 2371 5708 alia
2398 5668 2626 5722 vespera.

2078 5723 2106 5796 ιδ
2147 5727 2290 5796 Lege
2321 5725 2588 5796 mensium.

2085 5795 2102 5834 ί
2145 5795 2245 5854 Ms.
2271 5795 2548 5851 dedicaris.

2087 5868 2100 5920 i
2149 5869 2251 5927 Ms.
2281 5865 2456 5940 plena.
