4048 6350
435 302 573 360 illi

1731 301 1798 370 ρ.
1840 299 2010 358 lULll
2052 299 2404 358 mmmam

3592 301 3733 358 11ιῖ

427 415 535 472 bus
565 415 691 471 iuna
747 415 1082 486 perexplicat
1109 430 1340 481 annum,
1377 415 1456 470 sol
1499 429 1634 470 vero
1674 415 1726 469 in
1773 414 2037 472 trecentis
2064 424 2117 482 Α
2141 417 2260 472 sine
2292 415 2397 470 ulla
2437 416 2845 473 intermissione
2888 415 3094 472 Pascha
3137 419 3315 473 lacere
3360 425 3601 488 Oportet.
3639 415 3733 472 Sic

433 511 709 582 sexaginta
740 510 985 580 quinque
1013 516 1069 564 et
1098 508 1364 580 quadran,
1397 508 1649 564 undecim
1675 508 1884 564 scilicet
1911 507 2029 564 dies

430 614 560 661 sunt
601 615 656 659 et
685 604 930 673 quadran
953 645 968 670 ,
1009 618 1144 674 quos
1174 604 1325 674 quasi
1370 603 1551 658 minus
1583 603 1787 658 habere
1817 603 2031 658 videtur

431 699 576 755 ratio
619 698 761 753 inme
809 713 838 752 a
877 698 1091 753 ratione
1133 698 1284 754 solis.
1325 698 1430 770 Sex
1477 698 1597 753 dies
1643 706 2028 754 cavaturarmn

431 793 576 848 lunae
599 791 887 847 duodecim
917 791 1194 858 semisses,
1227 802 1283 847 et
1311 791 1548 863 quinque
1574 792 1674 859 illi,
1701 792 1792 864 qui
1827 792 1878 846 in
1910 807 2028 848 me-

431 889 660 942 moriam
685 886 906 942 fabrica:
931 887 1042 952 Dei,
1064 887 1238 942 vacivi
1263 888 1703 952 nominabantur,
1728 901 1868 959 quos
1888 903 2030 944 nunc

430 979 751 1049 compositio
785 980 1025 1034 Romana
1069 994 1234 1050 super
1282 981 1492 1051 aliquos
1543 995 1756 1036 menses
1807 981 2026 1048 divisit,

433 1090 572 1147 quos
600 1076 957 1130 intercalares
987 1074 1309 1140 nominavit,
1335 1083 1363 1113 ³
1383 1086 1436 1130 et
1461 1074 1821 1145 quadrantem
1853 1076 2026 1144 illum,

431 1185 592 1243 quem
627 1173 802 1240 potius
834 1173 972 1225 ratio
998 1172 1236 1226 continet
1265 1172 1417 1237 solis,
1446 1173 1535 1243 qui
1563 1171 1805 1242 quadran
1835 1187 2030 1243 super-

431 1280 674 1340 putatus,
707 1277 898 1338 quater
926 1283 1022 1336 per
1050 1281 1304 1322 accessus
1341 1275 1572 1338 quatuor
1616 1282 1881 1322 annorum
1909 1267 2026 1322 elli-

429 1361 582 1416 ciens
612 1375 789 1415 assem
819 1360 884 1414 ad
913 1375 1130 1415 cursum
1161 1359 1293 1414 solis
1320 1359 1532 1414 accedit
1556 1359 1641 1413 bis
1671 1361 1813 1430 sexti
1841 1359 2028 1414 kalen-

429 1453 626 1508 darum
657 1452 989 1508 Martiarum.
1025 1453 1132 1510 Sed
1165 1456 1420 1522 queuiam
1454 1454 1537 1507 soi
1567 1462 1622 1508 et
1652 1455 1798 1517 luna,
1833 1454 1949 1508 dics
1975 1463 2028 1509 et

433 1562 538 1601 nox
569 1547 710 1602 alter
741 1545 791 1600 in
822 1546 1049 1600 alterius
1074 1560 1378 1600 connexam
1411 1546 1574 1600 habet
1601 1545 2025 1616 disputationem

431 1655 598 1708 super
621 1653 811 1696 cccuu
833 1639 948 1694 dies
970 1655 1170 1693 annum
1201 1640 1466 1706 lunarem,
1497 1639 1762 1694 accedunt
1786 1639 1838 1694 bi
1868 1639 2030 1694 unde-

430 1732 533 1787 cim
564 1732 680 1786 dies
709 1743 761 1784 et
802 1730 1046 1808 quadran
1092 1730 1426 1794 bissextilis,
1458 1741 1515 1785 et
1557 1730 1636 1786 sic
1677 1747 1851 1785 annus
1895 1732 2027 1786 solis

2133 509 2278 564 enim
2306 509 2374 563 de
2399 524 2462 564 ea
2493 524 2555 563 re
2586 509 2844 564 Dominus
2882 511 2935 564 in
2979 509 3172 565 Exodo
3203 519 3439 565 testatur
3467 520 3524 565 et
3549 510 3684 564 dicit
3716 526 3732 562 :

2135 599 2284 655 Diem
2307 605 2492 666 festum
2523 601 2746 656 Pascha:
2767 603 3118 669 observabitis,
3146 614 3342 673 septem
3367 604 3546 658 diebus
3570 601 3734 658 edetis

2133 712 2336 767 azyma,
2364 698 2494 750 sicut
2523 699 2745 768 prwcepi
2776 697 2866 751 tibi
2895 713 2986 770 per
3014 709 3214 766 tempus
3243 699 3430 752 mensis
3461 713 3733 752 novorum.

2134 789 2201 843 In
2225 806 2288 844 eo
2315 791 2448 845 enim
2486 793 2657 845 exiisti
2697 793 2761 846 de
2790 801 2932 846 terra
2973 790 3195 863 [Egypti
3227 790 3422 862 (Exod.
3457 805 3608 854 xxm,
3645 789 3730 857 i5,

2132 900 2236 939 sec.
2270 885 2424 956 ιιι).
2455 884 2587 940 item
2619 887 2673 940 in
2715 884 2956 941 Levitico
2987 886 3245 955 praecepit
3276 887 3539 940 Dominus
3569 895 3626 938 et
3647 884 3732 939 di-

2131 977 2205 1030 cit
2231 993 2244 1030 :
2277 976 2343 1031 In
2386 977 2550 1046 primo
2580 994 2750 1031 mense
2775 979 2829 1032 in
2858 993 2947 1033 xtv
2979 979 3166 1033 mensis
3196 980 3250 1032 in
3293 979 3458 1033 medio
3487 978 3738 1049 vespertic

2133 1086 2318 1124 norum
2363 1068 2570 1124 Pascha
2623 1068 2869 1134 Domini,
2904 1081 2952 1124 et
2991 1072 3046 1124 in
3093 1087 3163 1125 xv
3200 1073 3388 1125 mensis
3429 1072 3591 1142 hujus
3631 1068 3737 1124 dies

2135 1167 2250 1236 festi
2289 1182 2585 1237 azymorum
2618 1165 2839 1220 Domino
2871 1163 3059 1236 (Leuit.
3095 1179 3244 1229 xxm,
3277 1163 3332 1228 5,
3362 1165 3420 1230 6,
3449 1179 3554 1218 see.
3583 1162 3736 1234 ιιι).

2132 1257 2265 1313 Item
2299 1260 2350 1313 in
2385 1259 2632 1314 Numeris
2661 1277 2673 1311 :
2705 1257 2936 1312 Locutus
2966 1266 3042 1312 est
3068 1256 3317 1312 Dominus
3344 1257 3414 1311 ad
3443 1257 3662 1326 Moysen
3687 1257 3743 1310 in

2133 1353 2330 1408 deserto
2387 1352 2534 1424 Syna
2580 1369 2718 1406 anno
2767 1351 2991 1406 secundo
3047 1351 3385 1422 profectionis
3438 1365 3620 1404 coruus
3677 1365 3744 1404 ex

2133 1445 2366 1518 ngypto
2406 1448 2460 1500 in
2489 1463 2660 1500 mense
2687 1447 2875 1518 primo,
2918 1446 3134 1500 dicens:
3163 1442 3264 1499 Dic
3303 1453 3350 1498 et
3393 1445 3594 1515 faciant
3641 1443 3742 1512 filii

2137 1537 2156 1578 τ
2177 1538 2346 1594 Israel
2368 1539 2575 1594 Pascha
2593 1541 2648 1593 in
2674 1549 2900 1612 tempore
2924 1554 3040 1603 suo,
3061 1548 3249 1608 quarta
3275 1538 3475 1591 decima
3496 1537 3582 1590 die
3599 1551 3744 1589 men-

2131 1638 2204 1691 sis
2237 1637 2390 1704 primi
2419 1637 2488 1690 ad
2518 1646 2542 1682 κ
2574 1653 2783 1708 vespera
2814 1636 2974 1706 facies
3003 1635 3138 1689 illud
3169 1631 3452 1688 secundum
3483 1642 3742 1698 tempora,

2130 1729 2411 1786 secundum
2457 1731 2622 1800 legem
2669 1745 2852 1794 suam,
2901 1737 2946 1781 et
2999 1731 3279 1781 secundum
3330 1723 3743 1796 corporationens

429 1823 633 1878 habere
679 1824 1029 1892 cognoscitur
1069 1822 1187 1878 dies
1216 1837 1422 1878 cccuv
1449 1833 1504 1879 et
1532 1829 1797 1892 quadran.
1829 1823 2017 1894 Igitur,
2053 1829 2100 1889 Β
2125 1839 2269 1877 suam
2301 1823 2459 1892 facies
2486 1821 2639 1876 illud.
2671 1821 2734 1874 Et
2755 1822 2957 1876 locutus
2985 1828 3055 1874 est
3079 1819 3285 1890 Moyses
3310 1816 3434 1887 ﬁliis
3459 1814 3630 1869 Israel
3660 1817 3746 1884 {a-

428 1919 551 1986 quia
586 1917 707 1969 luna
742 1918 978 1986 primum
1021 1931 1176 1970 suum
1223 1917 1488 1984 explicuit
1537 1933 1771 1982 annum,
1816 1919 1866 1972 id
1913 1927 2029 1984 est,

427 2009 482 2062 in
525 2023 558 2060 v
603 2022 869 2061 nonarum
921 2006 1260 2072 Martiarum,
1292 2022 1347 2061 ιιι
1399 2023 1668 2062 nonarum
1715 2008 2031 2064 Martiarum

429 2099 548 2154 dies
575 2099 642 2152 ad
675 2100 906 2168 primum
941 2115 1187 2156 mensem
1237 2099 1508 2170 pertinere
1537 2102 1774 2157 videtur.

499 2192 569 2248 Χ.
599 2193 704 2250 Sed
728 2193 982 2263 quoniam
1007 2193 1186 2248 divina
1212 2195 1386 2264 pietas
1403 2195 1472 2248 ita
1497 2195 1700 2262 sanxit,
1727 2205 1784 2250 ut
1813 2194 2032 2252 Pascha:

429 2287 746 2344 soiemnitas
796 2305 900 2343 non
933 2290 1094 2344 aliter
1119 2306 1282 2362 quam
1326 2291 1377 2344 in
1424 2290 1598 2362 primo
1629 2306 1817 2347 mense
1843 2291 2031 2362 procul

428 2379 597 2436 dubio
623 2383 955 2447 celebretur,
988 2396 1049 2437 ea
1079 2384 1293 2438 ratione
1325 2399 1430 2438 non
1461 2401 1488 2436 a
1520 2399 1576 2438 tv
1607 2398 1867 2439 nouarum
1893 2383 2034 2438 Mar-

430 2473 626 2528 tiarum
657 2474 750 2530 die
779 2485 1000 2544 propter
1030 2474 1058 2513 δ
1089 2477 1359 2533 rationem
1393 2477 1613 2531 Paschaa
1644 2476 1814 2547 prima
1844 2477 1970 2532 luna
2001 2491 2034 2531 a

429 2568 590 2624 nobis
621 2570 920 2639 quieritnr;
953 2571 1208 2639 quoniam
1238 2571 1291 2624 in
1324 2571 1427 2624 isto
1457 2570 1549 2626 die
1587 2586 1733 2625 anno
1773 2571 1890 2639 ipso
1917 2571 2030 2638 pri-

428 2679 521 2720 mo
552 2674 798 2719 vertente
845 2679 954 2724 non
1004 2663 1141 2718 assis
1174 2666 1398 2734 plenus,
1435 2664 1530 2719 sed
1573 2666 1739 2718 semis
1783 2664 2034 2734 apparuit

427 2756 588 2824 luna,
620 2757 728 2812 alia
755 2774 884 2812 vero
913 2757 1035 2823 die,
1071 2758 1124 2812 id
1156 2769 1238 2812 est
1261 2799 1275 2822 ,
1308 2773 1366 2813 ιιι
1411 2774 1680 2812 nonarum
1713 2759 2030 2814 Martiarum

427 2848 484 2902 in
515 2863 639 2904 asse
670 2850 831 2919 pleno
869 2851 1041 2916 prima
1088 2850 1261 2907 fuisse
1290 2853 1662 2921 cognoscitur.
1696 2851 1855 2909 Unde
1888 2863 1910 2892 α
1945 2854 2029 2908 in-

429 2941 747 3004 telligimus,
767 2957 888 2998 eam
915 2944 1131 2999 nonnisi
1155 2960 1184 2999 a
1207 2961 1258 3000 tv
1288 2961 1550 3000 nouarum
1577 2946 1889 3002 Martiarum
1917 2947 2027 3016 die,

430 3043 489 3090 nt
515 3036 714 3091 rectius
735 3037 894 3092 nobis
916 3052 969 3092 Iit
995 3053 1169 3093 nonas
1196 3039 1412 3094 Martias
1443 3041 1612 3110 prima
1645 3044 1814 3112 possit
1835 3056 2032 3097 occur-

425 3143 584 3197 rere,
619 3131 952 3188 incremcnta
985 3133 1126 3188 assis
1165 3133 1414 3202 ejusdem
1447 3135 1589 3189 lunae
1617 3148 1795 3192 ortum
1828 3137 1894 3192 ad
1931 3152 2028 3192 na-

2135 1931 2246 1970 cere
2259 1915 2464 1970 Pascha
2485 1915 2537 1968 in
2563 1915 2760 1968 deserto
2780 1913 2948 1984 Syna,
2967 1921 3014 1966 et
3031 1911 3315 1966 secundum
3337 1907 3475 1974 quod
3493 1907 3744 1976 price-epit

2134 2007 2392 2064 Dominus
2421 2009 2611 2080 Moysi,
2635 2011 2709 2062 sic
2723 2011 2954 2079 fecerunt
2974 2006 3074 2077 ﬁlii
3101 2003 3270 2060 Israel
3294 2003 3484 2075 (Nam.
3514 2017 3593 2068 Ix,
3616 2001 3740 2066 {-5.

2133 2119 2234 2158 sec.
2257 2103 2405 2176 ιιι).
2438 2103 2504 2157 Et
2536 2103 2696 2173 paulo
2726 2113 2848 2173 post
2870 2117 2996 2156 cum
3027 2101 3454 2160 comminatione
3483 2097 3749 2169 praecepit

2137 2197 2392 2252 Dominus
2414 2210 2468 2252 et
2504 2197 2636 2251 dicit
2670 2214 2683 2249 :
2714 2194 2882 2250 liorno
2914 2198 3004 2266 qui
3025 2196 3186 2264 fuerit
3209 2193 3434 2248 mundus
3455 2235 3470 2257 ,
3504 2202 3552 2246 et
3582 2192 3640 2245 in
3663 2192 3748 2244 sia

2133 2288 2290 2361 longa
2319 2305 2420 2342 non
2448 2290 2624 2361 fuerit,
2653 2299 2702 2342 et
2729 2288 3003 2343 cessaverit
3034 2291 3204 2360 facere
3239 2285 3465 2351 Pascha,
3498 2286 3747 2340 extermi-

2133 2387 2338 2440 nabitur
2365 2386 2538 2440 anima
2564 2386 2661 2439 illa
2688 2386 2752 2440 de
2783 2385 2978 2458 populo
3005 2401 3116 2449 suo,
3148 2384 3272 2455 quia
3299 2398 3485 2436 utunus
3513 2379 3744 2435 Domino

2132 2491 2309 2532 nostro
2335 2495 2434 2532 non
2457 2477 2640 2532 obtulit
2669 2488 2896 2546 tempore
2922 2493 3038 2539 suo,
3067 2485 3114 2530 et
3139 2483 3404 2547 peccatum
3428 2489 3583 2527 suum
3605 2471 3745 2526 acci-

2131 2571 2235 2641 piet
2278 2570 2429 2622 homo
2467 2569 2556 2623 ille
2597 2567 2788 2639 (lbid.,
2824 2569 2934 2637 13).
2983 2566 3118 2623 item
3188 2567 3242 2621 in
3313 2563 3746 2620 Denteronomio

2133 2663 2345 2734 Moyses
2376 2662 2442 2717 ad
2473 2662 2729 2733 populum
2758 2661 3019 2732 loquitur,
3052 2660 3240 2715 dicens
3275 2679 3289 2714 :
3328 2659 3566 2713 Observa
3595 2674 3740 2712 nien-

2130 2771 2236 2809 sem
2267 2771 2514 2809 novorum
2533 2797 2547 2820 ,
2575 2765 2622 2808 et
2653 2756 2813 2826 facies
2845 2754 3050 2809 Pascha
3082 2752 3304 2810 Domino
3333 2752 3445 2808 Deo
3472 2763 3586 2816 tuo,
3617 2753 3742 2820 quia

2131 2850 2184 2904 in
2211 2867 2378 2904 mense
2410 2867 2658 2908 novorum
2687 2851 2840 2906 existi
2866 2850 2930 2903 de
2959 2859 3094 2903 terra
3119 2847 3346 2923 [Egypti
3376 2857 3547 2913 nocte,
3569 2859 3618 2900 et
3642 2846 3743 2900 int-

2132 2943 2350 2998 molabis
2397 2943 2602 2999 Pascha
2651 2941 2864 2998 Domini
2915 2941 3020 2997 Deo
3065 2953 3153 2998 tuo
3194 2940 3389 3014 (Deut.
3437 2939 3735 3007 “1,1,2,

2129 3055 2231 3094 sec.
2277 3035 2427 3109 ιιι).
2464 3037 2636 3092 Etiam
2691 3037 2743 3091 in
2806 3037 2950 3091 libro
3006 3037 3181 3106 primo
3233 3035 3420 3090 Esdrzn
3489 3032 3740 3103 apertius

2131 3131 2394 3200 scriptum
2427 3141 2514 3188 est
2545 3147 2566 3186 :
2605 3129 2671 3184 Et
2702 3131 2804 3202 egit
2827 3129 3005 3186 Josias
3034 3128 3242 3184 Pascha
3268 3130 3322 3182 in
3359 3127 3738 3200 Hierosolymis

424 3221 688 3278 tivitatem
715 3223 916 3279 debere
938 3225 1316 3281 tenere.Nuuc
1344 3228 1507 3295 igitur
1527 3243 1582 3282 tv
1611 3243 1784 3282 nonas
1807 3229 2026 3284 Martias
2055 3215 2100 3279 C
2131 3219 2378 3284 Domina.
2402 3233 2452 3277 et
2476 3223 2760 3276 immolavit
2783 3219 2953 3277 Fasec
2983 3230 3167 3292 quarta
3203 3221 3401 3276 decima
3427 3223 3553 3275 luna
3581 3221 3738 3291 primi

424 3325 548 3368 cum
570 3317 877 3370 occurrerit
906 3315 1031 3370 luna
1059 3317 1254 3384 prima,
1280 3317 1487 3374 idcirco
1513 3317 1877 3386 declinamus,
1901 3319 2026 3391 quia

424 3404 478 3459 in
510 3420 634 3460 xxiv
665 3406 829 3462 horas
867 3408 1042 3463 noctis
1079 3419 1137 3464 et
1176 3408 1283 3465 diei
1315 3413 1452 3465 assis
1484 3411 1602 3480 ipse
1631 3412 1939 3480 coniicitur,
1973 3423 2028 3469 et

424 3495 494 3552 de
519 3496 609 3552 die
646 3497 822 3552 ultimi
868 3500 1073 3554 mensis
1113 3502 1238 3556 anui
1271 3504 1530 3558 transacti
1572 3503 1723 3573 ejus,
1769 3506 1858 3574 qui
1887 3514 1969 3562 est
1994 3522 2028 3562 v

424 3604 602 3646 nonas
631 3591 848 3647 Martias
878 3593 944 3648 ad
975 3608 1153 3649 assem
1183 3609 1340 3650 suum
1373 3596 1560 3667 incipit
1589 3597 1989 3654 incrementum
2008 3642 2023 3664 ,

425 3694 483 3742 et
511 3700 580 3742 ne
607 3685 797 3740 ultimo
842 3702 1030 3743 mense
1060 3688 1268 3744 initium
1300 3699 1646 3747 accrementa
1688 3694 1814 3747 luna
1851 3693 2026 3762 prima

423 3778 626 3833 mensis
657 3777 816 3846 primi
849 3778 1053 3836 habere
1083 3781 1353 3838 videatur.
1383 3782 1495 3839 iste
1524 3784 1642 3839 dies
1673 3801 1724 3839 ιν
1757 3801 2023 3842 nonarum

423 3869 738 3924 Martiarum
766 3872 974 3927 medius
1000 3889 1028 3926 a
1058 3875 1215 3929 nobis
1243 3877 1536 3950 retinetur,
1557 3886 1615 3932 ut
1639 3878 1712 3934 sit
1734 3879 1876 3935 inter
1897 3878 1924 3917 ἀ
1940 3880 2027 3936 die

421 3962 602 4018 ultimi
633 3964 1154 4032 mensistransacti,
1172 3979 1226 4023 et
1251 3967 1397 4024 inter
1422 3985 1481 4025 ιιι
1515 3987 1644 4027 ιιοιι.
1668 3971 1798 4028 Mar.
1823 3984 1879 4027 ut
1901 3974 2027 4030 luna

421 4059 621 4130 prima,
640 4075 762 4128 quae
783 4058 946 4116 fuerit
973 4077 1030 4116 ιιι
1057 4078 1184 4116 non.
1210 4062 1341 4118 Mar.
1367 4080 1430 4120 ex
1456 4065 1545 4120 die
1571 4081 1625 4119 tv
1654 4083 1785 4122 non.
1807 4083 2025 4124 earum-

419 4150 546 4208 dem
575 4152 783 4208 initimn
817 4153 1018 4210 habeat
1057 4166 1485 4213 accremeutnm.
1534 4159 1589 4214 in
1623 4162 1862 4216 eo.eniin
1898 4163 2023 4232 die,

419 4244 473 4301 id
505 4255 610 4314 est,
631 4247 685 4301 in
709 4263 766 4303 ιιι
797 4263 925 4303 ιιοη.
954 4249 1086 4303 Mar.
1116 4250 1163 4305 si
1191 4250 1352 4306 fuerit
1378 4253 1504 4308 luna
1532 4255 1702 4324 prima
1729 4255 1848 4311 sine
1873 4271 2028 4312 scru-

422 4338 549 4407 pulo
576 4341 731 4407 anui,
756 4350 811 4395 et
837 4340 888 4396 in
915 4341 999 4396 die
1022 4342 1182 4412 primi
1213 4347 1418 4399 mensis
1448 4346 1618 4413 prima
1659 4362 1784 4402 esse
1814 4348 2025 4404 inveni-

425 4439 529 4491 tnr.
561 4440 618 4487 et
664 4433 733 4488 de
776 4432 866 4488 die
920 4436 1076 4504 primi
1112 4437 1314 4492 mensis
1368 4437 1435 4492 ad
1477 4439 1818 4496 nativitatem
1867 4457 2021 4498 suam

425 4525 624 4595 accipit
669 4527 1084 4584 incrementum.

491 4613 585 4671 XI.
618 4615 783 4686 igitur
811 4633 875 4673 ex
905 4618 994 4674 die
1015 4621 1122 4675 isto
1147 4637 1206 4677 ιιι
1232 4638 1358 4677 non.
1393 4623 1529 4679 Mar.
1562 4640 1734 4694 usque
1767 4627 1818 4680 in
1853 4626 1944 4697 die
1969 4644 2022 4684 tv
2050 4602 2102 4662 D

421 4721 554 4763 non.
582 4706 758 4778 April.
792 4712 961 4778 quaeri
993 4729 1020 4763 a
1051 4715 1208 4766 nobis
1235 4713 1432 4777 debet,
1465 4724 1520 4768 ut
1549 4717 1624 4771 sit
1657 4715 1778 4771 luna
1811 4718 2016 4787 prima,

418 4803 545 4873 quia
575 4803 626 4856 in
655 4815 1000 4872 quocumque
1030 4804 1121 4859 die
1151 4821 1217 4860 ex
1248 4805 1331 4861 bis
1364 4823 1501 4863 xxix
1533 4808 1727 4866 diebus
1755 4813 1878 4866 luna
1910 4814 2021 4882 pri-

421 4910 507 4949 ma
535 4909 658 4950 cum
700 4894 898 4962 fuerit,
935 4896 1060 4952 inde
1093 4896 1280 4968 incipit
1319 4905 1524 4968 primus
1556 4903 1760 4959 mensis
1787 4907 2016 4963 lunaris.

421 4984 502 5041 Ex
523 4987 611 5042 die
638 5003 768 5043 vero
792 5002 863 5042 xv
885 4987 994 5044 kal.
1016 4990 1284 5059 Aprilium
1310 5007 1480 5062 usque
1509 4995 1561 5049 in
1589 5011 1698 5052 xvn
1719 4995 1827 5051 kal.
1855 4997 2017 5053 Maia-

419 5094 540 5134 rum
576 5090 599 5118 ο
628 5081 770 5138 diem
805 5083 1054 5154 iegaiiter
1085 5085 1208 5140 luna
1237 5095 1294 5140 ut
1315 5086 1382 5140 sit
1411 5096 1602 5156 quarta
1632 5090 1861 5159 decima,
1891 5107 2019 5148 vera

419 5175 632 5230 ratione
661 5177 925 5233 firmatur.
959 5177 1096 5234 Hinc
1121 5192 1356 5250 namque
1393 5180 1774 5250 decurrentes,
1807 5185 1896 5240 ubi
1927 5201 2020 5243 oc-

417 5275 654 5325 currerit
684 5270 803 5326 dies
841 5279 1223 5328 sacrosanctus
1267 5273 1521 5339 Pascha,
1547 5290 1680 5332 sane
1727 5279 1778 5332 in
1821 5282 2016 5336 eodem

413 5361 630 5434 pridem
658 5365 836 5436 primo
862 5380 1072 5436 mense,
1104 5381 1266 5438 quem
1309 5366 1439 5424 luna
1467 5371 1750 5441 genuerit,
1779 5373 1926 5441 jnste
1953 5389 2017 5431 ac

488 5555 518 5586 ι
554 5546 656 5603 Ms.
695 5548 764 5603 ei.

488 5617 516 5658 δ
555 5618 657 5675 Ms.
697 5619 918 5676 ratione.

493 5703 516 5766 ξ
555 5691 660 5766 Ms.
701 5691 1058 5766 intelligimus.

489 5763 516 5800 ά
555 5762 687 5834 Leg.
723 5762 884 5834 diem:

491 5839 517 5873 ⁸
553 5833 654 5892 Ms.
694 5833 798 5889 die.

2131 3317 2316 3371 mensis
2343 3317 2411 3370 ad
2440 3315 2468 3354 ¹ι
2489 3333 2749 3386 vesperam
2775 3316 2816 3388 (l
2845 3315 3001 3372 Esdr.
3034 3332 3072 3384 I,
3101 3315 3154 3378 1.
3185 3331 3289 3370 sec.
3319 3330 3461 3382 Lxx;
3497 3313 3659 3390 Vulg.
3691 3313 3737 3370 ιι

2130 3407 2314 3463 Parui.
2347 3424 2514 3472 xxxv,
2550 3409 2626 3480 i).

2204 3506 2315 3562 Xii.
2351 3505 2457 3562 Sed
2503 3506 2631 3578 quid
2677 3507 2843 3562 multa
2891 3505 3287 3575 discurrimus,
3321 3521 3445 3563 cum
3489 3507 3638 3562 idem
3681 3507 3738 3563 in

2131 3600 2383 3654 omnibus
2411 3600 2696 3670 scripturis
2725 3599 2897 3655 sacris
2926 3609 3288 3656 memoratum
3313 3600 3419 3664 sit,
3467 3601 3520 3656 in
3555 3600 3738 3670 primo

2131 3707 2320 3748 mense
2351 3693 2557 3748 Pascha
2589 3692 2791 3749 debere
2828 3691 2845 3730 ί
2879 3694 3184 3750 celebrare.
3221 3693 3329 3750 Sed
3373 3709 3618 3750 mensem
3664 3694 3764 3772 is:

2133 3796 2243 3840 tum
2274 3787 2505 3855 primum
2539 3786 2664 3842 luna
2693 3789 2796 3842 ista
2817 3795 2989 3842 tutum
3016 3789 3477 3859 terminatumque
3504 3804 3612 3844 non
3640 3791 3740 3845 ha-

2130 3879 2239 3940 bet.
2271 3887 2328 3934 ut
2358 3881 2498 3937 idem
2523 3891 2577 3936 et
2607 3881 2723 3952 ipse
2755 3896 2970 3951 semper
2998 3891 3273 3948 occurrat,
3297 3882 3394 3937 sed
3425 3882 3570 3948 dies,
3593 3898 3735 3954 quos

2128 3985 2292 4041 supra
2320 3972 2760 4039 memoravimus,
2785 3989 2914 4028 xxix
2943 3987 3009 4030 ex
3038 3989 3094 4030 ιιι
3118 3989 3384 4030 nonarum
3413 3973 3736 4032 Martiarum

2129 4061 2182 4117 in
2213 4078 2270 4118 tv
2295 4078 2554 4121 nonarum
2587 4066 2852 4135 Aprilium
2885 4064 2899 4116 i
2936 4066 3046 4129 die.
3075 4068 3128 4122 in
3153 4066 3353 4138 quibus
3379 4083 3526 4122 anno
3558 4071 3739 4138 primo

2131 4167 2405 4212 transacto
2435 4173 2463 4212 a
2498 4158 2697 4213 fabrica
2742 4158 2968 4223 mundi,
3015 4160 3250 4230 primum
3294 4174 3454 4215 suum
3482 4161 3737 4217 exhibuit

2129 4267 2409 4319 mensem,
2435 4262 2492 4307 ut
2532 4267 2657 4309 cum
2699 4254 2752 4309 in
2794 4271 2901 4309 uno
2945 4254 3035 4310 die
3077 4271 3144 4311 ex
3178 4257 3263 4310 his
3308 4255 3474 4312 fuerit
3519 4260 3735 4326 prima,

2127 4345 2322 4400 exinde
2349 4345 2462 4415 ipsa
2493 4347 2722 4416 primum
2753 4347 2910 4402 nobis
2933 4359 3156 4418 generat
3180 4365 3448 4405 mensem.
3471 4351 3599 4405 llaec
3619 4363 3736 4408 etc-

2127 4439 2238 4494 nim
2271 4439 2410 4494 ratio
2436 4441 2806 4512 embolysmos
2833 4449 2889 4496 et
2914 4456 3236 4498 communes
3275 4457 3452 4499 annos
3484 4443 3635 4500 facit.
3671 4445 3732 4503 Si

2127 4534 2342 4605 quando
2371 4535 2516 4591 enim
2546 4537 2600 4590 in
2629 4535 2963 4592 duodecimo
2989 4552 3177 4592 mense
3192 4547 3400 4594 autem
3432 4556 3566 4594 non.
3595 4540 3730 4596 Mar.

2127 4629 2216 4684 die
2247 4645 2372 4684 rion.
2403 4629 2671 4696 explicitis
2710 4629 2903 4685 diebus
2946 4632 3072 4686 anni
3113 4633 3231 4697 sui,
3264 4648 3426 4704 quem
3476 4635 3736 4706 superius

2126 4725 2568 4788 memoravimus,
2583 4725 2771 4780 eadem
2800 4723 2926 4778 luna
2943 4728 3261 4796 apparuerit
3286 4724 3484 4795 prima,
3509 4728 3734 4784 tertium

2124 4817 2395 4874 deeinnnn
2441 4835 2679 4874 mensem
2710 4835 2933 4876 necesse
2960 4831 3044 4875 est
3083 4821 3308 4890 impleat
3347 4832 3404 4876 et
3433 4820 3604 4877 faciat
3629 4839 3733 4878 an-

2125 4925 2252 4963 num
2299 4911 2721 4982 embolysmum.
2760 4910 2818 4967 Si
2858 4926 3006 4967 anno
3035 4913 3310 4981 completo
3340 4927 3440 4968 suo
3483 4922 3734 4984 tempore

2124 5001 2477 5072 competenti,
2506 5000 2559 5056 id
2601 5013 2705 5066 est,
2737 5002 2790 5056 in
2817 5002 3032 5068 diebus,
3064 5005 3156 5073 qui
3199 5005 3265 5058 ad
3299 5007 3539 5075 primum
3575 5022 3732 5062 men-

2129 5108 2242 5149 sem
2273 5095 2546 5162 pertinere
2577 5095 2852 5158 videntur.
2883 5094 3172 5151 transactis
3197 5097 3411 5153 scilicet
3432 5097 3730 5155 duodecim

2129 5190 2408 5245 mensibus
2450 5191 2564 5246 suis
2607 5191 2768 5246 fuerit
2795 5190 2968 5263 prima
3010 5191 3175 5259 luna,
3202 5194 3509 5250 communis
3547 5211 3730 5254 annus

2126 5280 2354 5338 eliectus
2383 5291 2486 5339 est.
2521 5283 2584 5338 lii
2630 5299 2860 5355 namque
2901 5299 3065 5339 xsvtn
3109 5285 3231 5342 dies
3273 5289 3648 5360 embolysmos
3672 5299 3730 5347 et

2124 5391 2447 5434 communes
2469 5393 2646 5436 annos
2669 5378 2750 5435 sic
2770 5378 3141 5436 manifestam.
3167 5379 3431 5440 Undecim
3457 5383 3579 5444 dies
3599 5394 3728 5443 sunt

2195 5554 2216 5594 ί
2257 5557 2362 5631 _Ms.
2403 5555 2613 5612 lstrael.
2655 5557 2744 5614 Sic
2780 5567 2841 5615 et
2875 5573 3024 5631 saepe
3059 5560 3211 5620 alibi.

2190 5637 2217 5700 ti
2427 5645 2709 5700 vesperam.

2188 5694 2218 5736 δ
2256 5694 2360 5755 Μκῖ
2398 5694 2623 5765 vespera.

2194 5771 2214 5810 ³
2255 5773 2384 5841 Leg.
2424 5773 2689 5828 celebrari.

2190 5842 2212 5901 l
2253 5843 2384 5906 Scit.
2427 5858 2537 5902 me
2575 5856 2633 5904 ut
2668 5847 2892 5920 passim.
2931 5908 2940 5914 ,
