4048 6350
255 313 400 372 1115

1207 317 1602 377 EXPOSITUM
1642 320 1736 379 DE
1778 322 1892 379 DIE
1931 323 2227 381 PASCILE
2272 325 2359 382 ET
2397 324 2669 385 MENSIS.

3416 328 3558 401 tttt

254 444 323 487 ex
365 443 427 485 ιιι
456 441 584 485 ηοιι.
618 427 927 495 Martiarum
974 430 1028 487 in
1071 431 1161 488 die
1189 431 1371 489 iduum
1413 435 1767 502 earumdem,
1796 436 1849 493 in
1877 448 1933 509 Α
1954 448 2040 497 est
2063 439 2131 495 ab
2160 439 2294 510 ipsis
2324 448 2566 497 nostrum
2589 440 2822 513 denique
2844 449 3267 512 sacramentum,
3287 457 3388 500 nec
3416 444 3559 501 sicut

250 523 450 595 quibus
474 526 646 593 prima
668 524 712 578 si
746 523 910 579 fuerit
932 524 1079 591 luna,
1099 524 1221 597 quia
1250 537 1371 587 post
1392 527 1681 585 duodecim
1703 545 1856 586 men-

249 632 344 674 ses
400 626 522 672 nata
572 618 891 688 videbitur,
947 622 1259 691 praeteritos
1312 638 1485 679 annos
1537 639 1855 682 communes

249 708 421 767 fuisse
448 711 710 780 ostendit,
740 726 1035 780 praesentes
1064 729 1213 777 vero,
1240 714 1292 769 in
1323 716 1523 787 quibus
1551 729 1671 774 nata
1704 734 1854 774 men-

246 816 366 858 sem
412 804 646 874 primum
680 806 839 867 facit,
875 806 1245 878 embolysmos
1273 806 1541 878 designat.
1570 811 1703 867 Octo
1734 812 1852 867 dies

246 907 469 954 suntex
498 898 585 953 die
618 914 724 953 xvrt
753 898 862 954 kal.
888 899 1178 968 Aprilium,
1204 902 1257 957 in
1285 902 1374 958 die
1403 920 1432 959 κ
1457 903 1567 961 kal.
1597 907 1770 978 April.
1797 909 1850 963 in

247 989 445 1061 quibus
467 990 592 1046 luna
615 990 661 1046 si
685 993 1001 1063 apparuerit
1021 995 1214 1065 prima.
1232 1006 1287 1052 et
1310 998 1617 1067 praeteritos
1640 1008 1695 1057 et
1722 1016 1852 1072 prae-

246 1090 434 1138 sentes
473 1097 650 1139 annos
689 1098 1008 1140 communes
1054 1086 1346 1157 significat.
1381 1090 1576 1146 Decem
1623 1093 1851 1162 proinde

245 1176 367 1234 dies
394 1186 609 1235 suntex
639 1196 733 1236 vttt
760 1182 977 1236 kalend.
1007 1184 1180 1253 April.
1214 1184 1267 1239 in
1298 1201 1353 1241 ιιι
1378 1202 1507 1241 ιιοιι.
1535 1188 1847 1244 earumdem

246 1270 415 1339 diem,
447 1273 501 1327 in
526 1272 725 1345 quibus
758 1275 804 1330 si
836 1273 997 1330 fuerit
1026 1277 1197 1347 prima
1229 1279 1389 1346 luna,
1421 1281 1731 1350 praeteritos
1754 1296 1851 1337 an-

244 1378 347 1419 nos
375 1365 747 1437 emholysmos
776 1366 940 1431 facit,
979 1382 1278 1439 praesentes
1308 1389 1627 1432 communes
1666 1385 1849 1433 osten-

245 1458 359 1527 dit,
390 1461 480 1531 qui
529 1462 657 1516 anni
708 1478 1030 1518 communes
1077 1463 1279 1521 habent
1332 1466 1450 1525 dies
1500 1480 1848 1527 trecentenos

244 1556 659 1626 quinquagenos
706 1571 1040 1628 quaternos,
1070 1571 1161 1615 aut
1201 1562 1345 1617 enim
1397 1564 1649 1621 undecim
1688 1564 1843 1633 dies,

247 1647 426 1703 minus
454 1647 618 1704 habet
662 1651 802 1706 ratio
844 1652 990 1706 luna:
1036 1669 1063 1707 a
1094 1654 1307 1711 ratione
1336 1656 1469 1713 solis
1498 1667 1551 1713 et
1593 1657 1721 1715 facit
1751 1675 1848 1714 an-

245 1757 375 1798 num
404 1758 780 1814 communem,
812 1756 906 1802 aut
949 1764 978 1802 x
1024 1758 1077 1805 ct
1120 1765 1171 1805 ιιι
1219 1752 1591 1820 transcendit,
1621 1763 1673 1808 et
1720 1753 1846 1809 facit

243 1837 668 1911 embolysmum.

314 1928 452 1986 Xlll.
486 1931 613 1987 Inde
643 1948 737 2002 per
764 1950 937 1991 annos
981 1936 1225 2008 singulos
1257 1938 1358 1995 hac
1392 1940 1709 1998 diversitate
1738 1942 1856 1999 dies

240 2038 511 2080 annorum
560 2025 704 2080 luna:
751 2042 873 2082 cum
920 2029 1113 2086 diebus
1155 2016 1312 2099 solis,
1350 2035 1441 2105 qui
1488 2035 1540 2089 in
1588 2037 1853 2092 trecentis

238 2118 529 2189 sexaginta
558 2122 800 2190 quinque
836 2131 891 2177 et
931 2124 1174 2193 quadrati
1208 2126 1428 2182 conficit
1457 2143 1662 2183 annum
1685 2169 1700 2195 ,
1737 2144 1845 2184 non

237 2210 341 2266 sibi
363 2212 698 2267 concordare
718 2213 992 2269 videntur.
1025 2215 1443 2272 Proinde‘cliam
1472 2219 1572 2275 hoc
1606 2220 1852 2275 ostendi-

238 2318 379 2372 mus,
413 2315 471 2360 ut
502 2317 767 2377 appareat
796 2309 1048 2363 omnibus
1080 2311 1313 2379 aequales
1340 2326 1435 2366 eos
1467 2312 1701 2367 iuvit-cm
1731 2312 1849 2369 dies

238 2398 466 2467 habere,
495 2409 551 2455 et
576 2400 645 2455 ab
674 2402 828 2457 initio
857 2418 1051 2458 cursus
1080 2420 1268 2468 eorum
1299 2406 1405 2460 isto
1437 2406 1628 2461 ordine
1654 2422 1849 2463 cucur-

238 2493 398 2558 risse,
428 2504 482 2548 et
511 2495 709 2550 damna
731 2496 1106 2553 communium
1130 2513 1395 2554 annorum
1426 2499 1615 2555 eadem
1642 2501 1765 2556 luna
1793 2502 1847 2558 in

238 2588 399 2643 annis
426 2588 775 2661 embolysmis
799 2591 1363 2661 contpensasse.0cto
1386 2608 1654 2648 annorum
1680 2594 1846 2650 ratio-

239 2698 388 2747 nem.
422 2700 541 2755 qua:
571 2684 808 2755 perfecta
840 2685 955 2741 fore
984 2686 1224 2753 videtur,
1249 2689 1303 2743 in
1336 2687 1573 2744 medium
1605 2690 1846 2759 profera-

241 2793 381 2834 mus.
431 2777 489 2833 ln
540 2788 663 2834 octo
710 2780 921 2835 st-ilieet
969 2796 1143 2837 annos
1202 2781 1326 2837 luna
1378 2784 1619 2855 quinque
1666 2799 1845 2840 annos

241 2868 405 2926 habet
431 2886 749 2927 communes
773 2882 827 2928 et
850 2886 958 2929 tres
971 2873 1361 2947 embolysmos.
1388 2875 1533 2948 Ergo
1555 2876 1843 2948 quinquies

240 2968 426 3023 cc'cuv
472 2973 498 3001 α
546 2964 749 3020 faciunt
802 2982 1047 3035 nccux,
1099 2976 1153 3023 et
1213 2981 1292 3023 ter
1342 2984 1635 3024 cccuxxrv
1680 2968 1708 3007 δ
1760 2969 1836 3025 fa-

241 3058 396 3115 ciunt
416 3074 580 3124 manu;
608 3060 925 3115 fiuntsim'ul
955 3060 1071 3116 dies
1093 3060 1204 3116 duo
1233 3061 1400 3117 millia
1430 3077 1729 3119 nccccxxn.
1750 3062 1841 3119 Sic

242 3149 441 3207 deinde
461 3161 515 3207 et
534 3153 667 3207 solis
686 3164 812 3207 octo
840 3171 1103 3208 annorum
1124 3170 1393 3210 summam
1423 3158 1474 3211 in
1504 3172 1667 3212 unum
1690 3157 1840 3212 colli-

1956 532 2034 587 illi
2063 531 2267 588 Pascha
2296 532 2530 589 Domino
2556 533 2925 600 celebramus,
2947 534 3092 605 quod
3122 536 3175 591 in
3204 536 3443 594 lectione
3468 551 3557 596 sc-

1955 624 2140 695 quenti
2169 626 2317 681 clara
2345 625 2552 682 ratione
2583 635 2940 683 monstratur.
3544 620 3549 626 ’

2025 716 2143 773 XV.
2175 719 2376 787 Quinto
2412 720 2626 776 decimo
2654 737 2888 793 namque
2919 737 3063 779 anno
3091 722 3552 794 imperiLTiberii

1954 810 2187 868 Cmsaris
2220 814 2476 869 Dominus
2502 798 2783 881 Christus,
2811 830 2934 871 cum
2964 826 3113 873 esset
3141 817 3299 889 quasi
3332 818 3549 888 triginta

1952 919 2244 973 annorum,
2266 907 2536 976 incipiens
2559 922 2589 962 a
2611 902 2885 976 baptismo
2906 909 3137 966 Joannis
3159 910 3411 966 accessit.
3434 910 3562 968 Hmc

1954 999 2300 1071 Evangelista
2356 1010 2607 1058 testatur.
2659 1001 2781 1059 Uno
2837 1004 3066 1075 proinde
3115 1019 3260 1061 anno
3314 1004 3556 1062 Judaica:

1950 1096 2125 1166 genti,
2143 1094 2209 1151 ad
2237 1111 2395 1168 quam
2420 1105 2669 1162 venerat,
2704 1097 3035 1167 praedicavit,
3064 1099 3117 1153 in
3148 1113 3256 1170 quo
3280 1113 3425 1154 anno
3448 1115 3555 1156 non

1951 1185 2127 1240 solum
2154 1201 2377 1258 regnum
2405 1187 2670 1242 caelorum
2699 1187 2961 1245 advenire
2986 1188 3257 1259 praedixit,
3283 1189 3378 1245 sed
3405 1200 3483 1256 et,
3504 1200 3563 1245 ut

1949 1279 2260 1344 crederent,
2286 1280 2341 1335 in
2370 1282 2663 1336 virtutibus
2690 1281 3036 1337 manifestum
3062 1298 3121 1337 sc
3148 1282 3443 1338 Dominum
3472 1298 3563 1339 os-

1953 1373 2142 1442 tendit,
2161 1374 2265 1431 boc
2290 1390 2461 1446 usque
2489 1374 2544 1430 in
2571 1390 2775 1430 annum
2797 1383 3011 1430 Sextum
3033 1375 3305 1431 decimum
3335 1375 3553 1447 imperii

1949 1465 2155 1522 Tiberii
2189 1478 2209 1505 ο
2243 1465 2501 1533 Caesaris,
2537 1467 2589 1522 in
2634 1484 2742 1536 quo
2784 1470 2894 1537 jam
2946 1483 3054 1523 non
3078 1510 3093 1534 ,
3122 1479 3181 1523 ut
3229 1468 3433 1524 aSSUlel
3471 1467 3564 1523 Ju-

1948 1561 2121 1619 daicre
2153 1562 2490 1619 solemnitati
2521 1577 2693 1634 agnus
2719 1578 2783 1619 ex
2813 1563 3028 1630 ovibus,
3058 1563 3153 1618 sed
3182 1564 3299 1634 ipse
3329 1579 3426 1634 pro
3456 1578 3561 1619 no-

1948 1656 2040 1730 bis.
2078 1658 2335 1713 Dominus
2378 1657 2688 1712 immolatus
2739 1668 2823 1714 est
2874 1657 3164 1726 Christus;
3222 1666 3283 1712 ut
3333 1673 3440 1714 non
3487 1674 3555 1715 cx

1950 1748 2206 1823 Egypto,
2238 1750 2334 1807 sed
2367 1765 2434 1806 ex
2461 1751 2666 1805 mundo
2696 1759 2751 1806 et
2780 1750 2928 1805 vitiis
2954 1748 3076 1821 ejus
3104 1751 3394 1807 credentes
3419 1749 3558 1807 lihe-

1883 1845 2067 1909 nrari
2116 1845 2409 1915 possimus.
2459 1844 2537 1899 Eo
2581 1845 2779 1915 quippe
2824 1858 3001 1911 anno,
3051 1854 3107 1899 ut
3153 1844 3557 1915 supputationis

1959 1936 2096 1993 fides
2144 1937 2404 2003 ostendit,
2438 1945 2493 1991 et
2535 1939 2673 1991 ratio
2722 1937 2837 2009 ipsa
2885 1937 3207 2009 persuadet,
3242 1952 3435 2006 passus
3476 1944 3563 1992 est

1958 2029 2095 2085 idem
2126 2031 2385 2084 Dominus
2407 2027 2657 2085 Christus
2684 2032 2809 2084 luna
2841 2045 3056 2099 x1v,vm
3078 2028 3189 2085 kal.
3214 2028 3389 2100 April.
3422 2028 3559 2086 feria

1956 2132 2128 2179 sexta.
2188 2122 2373 2177 Tertio
2400 2138 2530 2177 vero
2557 2124 2644 2179 die
2666 2123 3016 2180 illucescente
3047 2122 3177 2178 feria
3209 2123 3405 2190 prima,
3435 2137 3557 2192 qua:

1954 2228 2038 2275 est
2067 2227 2189 2290 post
2208 2217 2500 2275 Sabhatum
2528 2218 2869 2286 Iudaeorum,
2897 2218 3015 2273 dies
3041 2216 3337 2282 dominica,
3360 2216 3556 2271 sabba-

1955 2321 2063 2367 tum
2090 2312 2296 2367 scilicet
2326 2320 2571 2367 nostrum
2602 2323 2656 2368 et
2681 2326 2870 2369 verum
2898 2309 3127 2377 Pascha,
3161 2310 3213 2365 in
3257 2324 3366 2380 quo
3409 2308 3551 2364 idem

1954 2403 2213 2459 Dominus
2238 2404 2490 2459 Christus
2530 2413 2701 2459 morte
2729 2403 2947 2459 devicta
2978 2400 3314 2472 resurgendo
3346 2397 3553 2454 Pascha

1952 2508 2191 2554 nostrum
2224 2498 2604 2565 sanctificavit,
2638 2497 2691 2552 id
2722 2505 2825 2564 est,
2853 2496 3100 2551 vivorum
3128 2507 3182 2550 et
3209 2505 3546 2549 mortuorum

1948 2605 1979 2645 a
2025 2590 2221 2645 veteris
2272 2590 2508 2645 hominis
2554 2592 2826 2645 sententia
2873 2587 3213 2645 liberationis
3258 2585 3547 2642 transitum

1948 2680 2094 2744 fecit,
2126 2695 2385 2754 ortusque
2424 2692 2506 2737 est
2548 2683 2860 2738 timentibus
2895 2682 3207 2748 Dominum,
3239 2692 3293 2735 et
3320 2678 3551 2734 creden-

1949 2774 2094 2831 tibus
2122 2773 2366 2841 Christo,
2391 2776 2469 2830 sol
2501 2790 2664 2830 verus
2690 2775 2944 2845 jUstitim,
2970 2782 3026 2829 et
3046 2774 3250 2829 sanitas
3282 2772 3334 2828 in
3368 2772 3548 2842 pinnis

1946 2870 2084 2938 ejus.
2119 2867 2274 2926 Unde
2307 2884 2403 2924 nos
2432 2868 2593 2924 hodie
2622 2867 2918 2923 Christiani
2951 2867 3004 2921 in
3046 2866 3373 2923 memoriam
3404 2865 3542 2920 libe-

1946 2961 2174 3017 rationis
2201 2947 2402 3039 nostra;
2423 2962 2535 3034 jam
2571 2979 2680 3019 non
2713 2974 2768 3018 ut
2794 2961 2964 3018 Judaei
2996 2963 3048 3016 iu
3081 2977 3221 3033 agno
3253 2960 3459 3025 occiso,
3491 2967 3549 3014 et

1943 3054 2152 3124 azymis
2184 3052 2400 3119 similm,
2426 3061 2483 3109 et
2512 3054 2567 3109 in
2590 3055 2840 3126 quolibet
2865 3053 2974 3119 die,
3023 3052 3119 3107 sed
3152 3053 3217 3106 ad
3255 3050 3431 3106 instar
3460 3067 3548 3107 re-

1944 3146 2304 3201 surreCtionis
2324 3143 2571 3215 ejusdem
2600 3145 2819 3200 Domini
2846 3145 3018 3200 nostri
3049 3144 3180 3199 feria
3213 3144 3410 3213 prima,
3445 3142 3549 3197 hoc

242 3258 434 3316 gamus
459 3246 630 3300 octies
658 3261 865 3303 cccuv
894 3247 1159 3315 quadrati.
1192 3249 1297 3304 duo
1331 3250 1498 3305 millia
1528 3266 1828 3307 nccccxxtt.
1864 3247 1911 3312 Ο
1941 3256 2046 3315 est,
2076 3247 2165 3302 die
2193 3246 2466 3301 dominica
2496 3245 2731 3315 primum
2776 3243 3154 3299 tantummodo
3184 3256 3428 3296 mensem
3474 3254 3544 3295 ex

242 3336 323 3394 Ita
350 3339 513 3409 igitur
538 3341 889 3411 congregavit
915 3341 1052 3397 solis
1084 3356 1147 3397 ac
1177 3342 1323 3397 lunae
1350 3357 1544 3399 cursus
1574 3359 1695 3399 cum
1727 3344 1842 3401 die-

243 3430 348 3488 bus
378 3434 784 3503 suprascriptis.

316 3523 458 3580 XIV.
493 3526 880 3583 Euan-ravimus
909 3528 1001 3597 qui
1030 3528 1103 3583 sit
1131 3527 1248 3585 dies
1276 3530 1482 3596 mundi,
1514 3545 1672 3601 quem
1699 3531 1842 3588 Deus

242 3620 589 3687 omnipotens
634 3620 869 3676 creando
914 3621 1089 3677 lucem
1130 3622 1442 3692 COHalilUil,
1485 3634 1540 3680 et
1571 3624 1753 3680 lunam
1786 3624 1841 3681 in

243 3710 589 3767 inchoatione
619 3714 795 3769 noctis
834 3714 1012 3785 qualis
1040 3716 1110 3769 sit
1137 3714 1311 3781 facta,
1349 3717 1429 3773 vel
1474 3719 1562 3773 ubi
1607 3718 1840 3789 primum

243 3818 443 3860 annum
480 3821 637 3862 suum
689 3808 1048 3877 explicuerit,
1075 3817 1137 3890 et
1180 3823 1349 3880 quare
1392 3810 1489 3866 abs
1540 3826 1598 3866 ιιι
1645 3827 1839 3867 nonar.

244 3896 482 3953 Martiar.
512 3900 601 3956 die
627 3901 801 3971 prima
833 3902 957 3957 luna
984 3917 1014 3957 a
1047 3901 1204 3958 nobis
1230 3904 1515 3973 quaeritur,
1546 3914 1600 3960 et
1630 3921 1697 3961 ex
1721 3906 1841 3978 qui-

241 3990 343 4047 bus
367 3990 557 4048 diehus
578 3995 985 4065 quartadecima
1007 3995 1518 4065 comprehendatur,
1542 3999 1703 4054 etiam
1727 4015 1842 4055 cm-

238 4083 607 4155 bolysmurum
654 4094 711 4141 et
753 4087 1122 4142 Communium
1156 4103 1425 4143 annorum
1470 4092 1737 4147 rationem
1771 4092 1840 4148 ad

240 4176 455 4246 plenam
489 4178 925 4245 instructionem,
957 4189 1013 4232 ut
1053 4179 1219 4234 etiam
1252 4181 1413 4235 istum
1444 4196 1663 4237 cursum
1698 4184 1841 4239 lunae

239 4282 365 4325 cum
392 4269 818 4327 diebusPaschze
834 4272 1034 4342 posteri
1071 4273 1241 4327 nostri
1274 4289 1369 4342 per
1397 4274 1638 4331 infinitus
1668 4291 1840 4331 annos

239 4373 545 4426 currentes.
577 4370 633 4417 et
661 4362 839 4417 futura
871 4371 1113 4433 tempora
1148 4363 1365 4421 facilius
1388 4380 1452 4421 ac
1481 4366 1721 4422 veridice
1755 4370 1831 4422 in-

237 4460 509 4529 vestigare
531 4470 870 4527 percurram.
900 4467 962 4514 ut
986 4472 1158 4529 quoto
1200 4460 1312 4517 kal.
1359 4461 1554 4519 idusve
1584 4463 1752 4530 foret;
1784 4473 1842 4520 ut

238 4553 331 4623 qui
360 4553 478 4608 dies
506 4553 591 4609 vel
622 4564 783 4624 quota
816 4553 940 4608 luna
975 4553 1152 4624 primo
1183 4569 1369 4610 mense
1397 4569 1685 4612 occurrere
1715 4573 1842 4628 pos-

1941 3343 2063 3413 lege
2093 3342 2434 3403 retinentes,
2463 3354 2628 3411 quem
2664 3339 2789 3394 luna
2833 3337 3105 3394 currendo
3146 3335 3260 3391 suis
3302 3332 3547 3389 numeris

1942 3435 2135 3506 gignit,
2167 3434 2308 3489 sicut
2346 3435 2612 3504 scriptum
2645 3441 2730 3487 est
2776 3448 2788 3485 :
2837 3432 2878 3485 A
2908 3438 3100 3500 quarta
3140 3427 3352 3482 decima
3382 3426 3541 3496 plena

1942 3527 2010 3582 ad
2044 3541 2328 3595 vesperum
2354 3540 2527 3597 usque
2555 3524 2623 3581 ad
2655 3524 2972 3580 vicesimam
2998 3523 3228 3593 primam
3260 3523 3312 3575 in
3338 3520 3543 3591 azymis

1943 3619 2276 3677 sinceritatis
2303 3630 2359 3675 et
2390 3618 2673 3685 veritatis,
2709 3617 2911 3673 mentis
2954 3615 3168 3672 scilicet
3205 3610 3232 3650 ἀ
3266 3614 3543 3687 puritate,

1945 3711 2150 3769 Pascha
2182 3712 2413 3767 Domino
2438 3711 2801 3767 celebramus.

2234 3812 2237 3815 '
2560 3802 2926 3860 EPILUGUS.

2018 3898 2310 3966 Universa,
2342 3898 2456 3956 Deo
2486 3898 2725 3963 favente,
2748 3898 3127 3962 decurrentes
3156 3895 3540 3967 explicuimus,

1944 3994 2204 4067 quidquid
2231 3994 2299 4050 ad
2326 3994 2594 4052 rationem
2621 3993 2843 4050 Pascha:
2873 3993 3057 4050 fuerat
3082 3991 3399 4048 dicendum.
3421 3990 3541 4047 Jam

1944 4088 2105 4144 finetn
2148 4088 2236 4143 hic
2278 4088 2553 4144 faciamus
2608 4098 2796 4143 nostro
2839 4088 3106 4152 sermoni,
3147 4087 3545 4143 consummavi-

1945 4194 2173 4249 musque
2200 4181 2302 4234 hoc
2331 4180 2657 4236 laboriosum
2686 4179 2837 4250 Opus
2860 4179 2914 4234 in
2941 4180 3029 4235 die
3054 4180 3159 4232 isto
3186 4194 3245 4232 ιιι
3272 4194 3538 4233 nonarum

1945 4273 2259 4328 Martiarum
2306 4283 2426 4342 post
2459 4283 2481 4310 ‘-
2524 4272 2865 4339 consulatutn
2911 4271 3130 4327 Arcadii
3169 4287 3220 4325 tv
3262 4279 3317 4325 et
3359 4271 3542 4326 lloiio-

1944 4365 2009 4421 rii
2040 4380 2118 4420 ιιι.
2148 4366 2495 4435 Quapropter
2522 4364 2878 4420 admonemus
2906 4379 3020 4427 eos,
3050 4363 3141 4432 qui
3169 4372 3298 4417 ante
3323 4379 3354 4416 a
3385 4362 3546 4418 nobis

1946 4474 2051 4515 non
2084 4459 2371 4515 emendata
2396 4458 2515 4514 haec
2537 4460 2739 4529 scripta
2769 4457 3019 4527 accipere
3041 4456 3459 4522 festinaverunt,
3488 4465 3546 4511 ut

1944 4553 2246 4609 secundum
2282 4554 2445 4608 ismm
2490 4553 2735 4608 ordinem
2778 4550 3127 4608 emendatum
3158 4548 3305 4620 Opus
3338 4548 3541 4605 habere

240 4646 331 4711 sit,
364 4657 419 4700 ut
446 4644 550 4700 huc
578 4647 908 4719 Opusculum
941 4659 1187 4703 nosuum
1218 4650 1472 4704 omnibus
1499 4650 1619 4706 sine
1652 4651 1837 4707 labore
1863 4651 1915 4712 D
1942 4660 2238 4713 conentur,
2281 4647 2516 4718 ideoque
2545 4644 2617 4703 et
2643 4646 2787 4703 diem
2836 4654 2891 4700 et
2932 4643 3211 4709 consules,
3242 4641 3387 4712 quod
3429 4656 3541 4697 non

241 4740 313 4794 sit
333 4740 706 4807 conetitutum,
734 4755 856 4796 cum
886 4753 940 4796 et
965 4742 1104 4795 ratio
1130 4757 1261 4797 vera
1287 4743 1538 4812 superius
1564 4745 1841 4811 praemissa

238 4834 331 4899 sit,
361 4839 417 4886 et
436 4832 554 4887 sine
583 4833 769 4889 labore
793 4835 881 4890 vel
905 4841 1024 4889 sine
1051 4834 1381 4891 oll’endiculu
1413 4835 1666 4891 falsitatis
1690 4854 1717 4889 a
1742 4836 1839 4892 du-

243 4922 540 4980 bitantibus
557 4933 719 4993 atque
748 4926 1118 4996 ignorantibus
1141 4929 1328 4984 multis
1353 4927 1471 4985 dies
1494 4930 1592 4999 ipsi
1620 4928 1842 4984 Paschaa

243 5032 347 5074 suo
385 5034 600 5089 quoque
638 5029 884 5090 tempore
924 5032 1342 5091 cognoscantur.
1375 5022 1537 5077 Aliud
1579 5033 1664 5079 est
1694 5023 1841 5079 enim

244 5110 448 5167 Pascha
472 5122 741 5179 nostrum,
764 5112 909 5168 aliud
930 5111 1267 5170 Judazorum.
1292 5114 1477 5186 Longe
1505 5115 1670 5171 etiam
1698 5113 1841 5171 aliud

319 5282 344 5311 ι
386 5272 485 5328 Ms.
508 5287 607 5344 pro
622 5275 791 5329 verbo
812 5274 1009 5344 faciunt
1028 5272 1197 5346 habet
1216 5272 1427 5343 signum
1456 5273 1562 5328 ικι
1595 5274 1645 5328 id
1671 5274 1835 5346 signi—

246 5345 434 5408 Bonus,
467 5360 524 5399 ιιι
562 5357 803 5415 apparet.
838 5346 1033 5400 Pure.
1061 5373 1132 5385 —-
1160 5345 1425 5400 Numerus
1466 5360 1654 5401 cccuv
1676 5345 1836 5417 quin-

245 5418 401 5491 quies
450 5416 1073 5491 nittltiplicatus_reddit
1119 5431 1444 5482 ClDDCCLXX,
1497 5427 1554 5491 ut
1601 5416 1837 5490 proinde

247 5488 424 5545 littera
457 5490 569 5543 l><l
600 5506 765 5559 quam
796 5488 962 5544 refert
1007 5504 1109 5545 ms.
1152 5504 1248 5559 pro
1290 5504 1376 5545 cia
1403 5488 1716 5557 accipienda
1749 5493 1835 5547 vi-

246 5561 427 5636 detur.
459 5559 666 5616 Edituri
696 5576 876 5636 autem
900 5575 996 5636 seu
1025 5564 1318 5636 typothettc
1339 5563 1616 5636 exciderit
1646 5563 1835 5636 hujus-

249 5633 396 5690 modi
429 5644 555 5691 nota
584 5648 669 5691 cra
696 5633 1003 5692 tntllenarii.
1039 5633 1196 5704 Quod
1223 5633 1441 5705 quidem
1482 5649 1635 5692 meus
1663 5634 1836 5693 Galli-

1946 4741 2227 4813 pusuimus
2258 4743 2454 4812 primo,
2482 4756 2626 4796 nunc
2654 4740 2780 4795 huic
2803 4737 3004 4794 rationi
3033 4735 3337 4802 infiximus,
3365 4742 3425 4791 ut
3448 4750 3544 4792 ex-

1945 4833 2072 4889 hinc
2102 4835 2235 4890 sciat
2267 4836 2391 4907 quis
2417 4834 2767 4891 emendatum
2803 4834 2909 4889 hoc
2940 4848 3061 4889 esse
3091 4832 3262 4902 Opus.

2016 4928 2249 4996 Quintus
2299 4927 2474 4984 Julius
2523 4928 2831 4984 llilarianus
2883 4927 3177 4999 explicuit,
3232 4923 3543 4981 emendavit

1943 5022 2034 5078 die
2061 5039 2117 5078 ιιι
2147 5039 2412 5079 nonarum
2442 5023 2755 5080 Martiarum
2782 5022 3023 5080 Caesario
3051 5031 3109 5079 et
3133 5019 3317 5077 Attico
3347 5034 3547 5076 consu-

1942 5116 2107 5173 libus.

1944 5275 2137 5348 ciolius
2164 5276 2335 5348 probe
2360 5277 2612 5335 advertit.

2015 5347 2044 5387 ι’
2089 5346 2311 5403 Faciunt
2351 5366 2459 5405 non
2498 5357 2676 5408 exstat
2714 5351 2766 5406 in
2812 5365 2915 5406 ms.

2022 5431 2044 5459 ο
2088 5421 2188 5476 Ms.
2231 5419 2492 5477 Caesarit's.

2018 5488 2044 5529 ἀ
2086 5493 2186 5547 Ms.
2228 5494 2525 5561 puritatem.

2023 5575 2044 5603 ο
2086 5563 2186 5621 Ms.
2227 5563 2513 5623 Consulatu
2553 5566 2764 5623 Arcadi.

1647 5848 2167 5901 α--υΘα--ι
