4048 6350
244 336 381 391 1117

317 452 398 507 Es:
424 450 725 506 Constantio
746 449 922 521 Epist.
947 448 1103 506 Rom.
1131 446 1291 504 ant.
1325 456 1450 505 tam.
1478 445 1522 516 1,
1549 463 1600 502 c.
1633 444 1762 502 681.

314 588 542 646 Siricius
563 590 705 645 anno
730 576 837 645 381
860 590 1102 644 e‘xeunte
1123 578 1384 641 Romanae
1417 582 1669 641 ecclesiae
1692 582 1837 653 regi;

243 701 367 741 men
395 684 659 754 suscepit,
690 692 797 754 quo
825 682 939 749 die,
992 682 1289 746 incertum;
1338 686 1393 735 et
1440 686 1585 733 anno
1620 672 1729 732 598
1767 684 1835 731 ex

243 779 343 833 bac
390 777 498 832 vita
545 772 819 849 migravit.
876 775 934 830 ln
990 773 1266 830 nonnullis
1334 770 1461 828 libri
1506 767 1837 842 pontiﬁcalis

239 868 640 943 exemplaribus
671 886 761 925 vni
788 869 1034 924 kalendas
1065 866 1266 935 Martii,
1293 868 1347 922 in
1391 864 1511 921 aliis
1536 881 1609 931 ix,
1645 863 1701 920 in
1724 874 1837 920 caa-

239 966 473 1022 meterio
501 960 764 1021 Priscilla:
790 962 1034 1035 sepultus
1060 970 1302 1017 notatur.
1348 959 1833 1031 llieronymianum

238 1058 716 1134 martyrologium,
743 1059 830 1114 cui
858 1068 910 1115 et
938 1055 1385 1131 martyrologium
1427 1053 1587 1110 Beda:
1635 1052 1832 1109 suﬁ‘ra-

236 1154 417 1226 gatnr,
449 1154 677 1208 mortem
708 1152 828 1224 ejus
852 1152 942 1207 die
960 1150 1031 1207 26
1053 1149 1376 1207 Novembris
1396 1151 1470 1204 ita
1505 1149 1788 1220 consignat
1816 1163 1829 1201 :

238 1236 420 1300 Romae
467 1246 717 1317 depositio
759 1245 938 1300 Siricii
973 1243 1222 1315 episcopi.
1265 1240 1344 1298 Eo
1392 1250 1550 1313 pacto
1586 1239 1833 1312 quamvis

237 1333 467 1395 Siricins
488 1337 643 1394 annis
670 1335 952 1394 dumtaxat
984 1334 1074 1403 14,
1106 1345 1160 1391 ει
1205 1334 1270 1389 iis
1298 1333 1514 1405 quidem
1552 1346 1657 1389 non
1680 1332 1831 1402 totis,

237 1426 535 1491 Ecclesiam
579 1426 999 1499 administrarit,
1032 1436 1075 1490 si
1100 1442 1284 1490 tamen
1312 1442 1369 1489 et
1399 1433 1530 1489 anni
1579 1430 1687 1490 584
1717 1433 1833 1491 exi-

235 1528 348 1597 tus,
375 1528 431 1586 et
458 1529 583 1585 anni
607 1529 713 1587 598
737 1528 971 1585 maxima
1022 1541 1170 1600 pars,
1203 1535 1261 1583 ut
1288 1541 1434 1598 saepe
1456 1526 1540 1593 iit,
1574 1541 1671 1597 pro
1698 1527 1833 1581 due-

235 1621 341 1680 bus
367 1624 525 1679 annis
554 1632 965 1696 computentur,
988 1638 1097 1677 non
1124 1620 1263 1676 falso
1292 1620 1345 1676 in
1365 1621 1603 1692 antiquis
1633 1619 1831 1677 Roma-

235 1728 435 1772 norum
466 1714 775 1788 pontiﬁcum
803 1713 1068 1786 catalogis
1105 1714 1234 1768 anni
1274 1713 1582 1785 quindecim
1625 1713 1832 1769 sedisse

232 1807 451 1872 dicitur,
495 1808 701 1864 eisdem
728 1806 1053 1865 concinente
1111 1813 1297 1861 vetere
1345 1802 1507 1876 hujus
1553 1803 1831 1876 pontiﬁcis

234 1900 534 1974 epitapliio,
564 1902 755 1974 inquo
783 1900 1038 1972 legimus,

355 2013 456 2076 Ier
478 2014 654 2075 quinos
679 2010 911 2076 p0pulurn
934 2010 983 2058 in
1006 2021 1158 2076 annos
1190 2010 1273 2075 qui
1296 2010 1431 2060 rexit
1454 2021 1641 2076 amore,

356 2070 508 2127 Nunc
522 2070 756 2139 requiem
773 2070 941 2133 sentit,
963 2072 1185 2123 caelesua
1202 2070 1361 2135 icgna
1380 2073 1579 2136 potitus.

309 2201 461 2260 Unde
490 2201 655 2258 etiam
680 2217 807 2259 eum
831 2217 1021 2258 amore
1046 2202 1252 2273 potius,
1277 2215 1438 2273 quam
1466 2199 1827 2279 auctoritate.

235 2299 499 2371 populum
540 2301 750 2354 rexisse
796 2298 1188 2369 comperimus.
1232 2295 1411 2368 Ipsum
1467 2294 1831 2367 Hieronymus

234 2392 386 2448 velut
413 2390 719 2461 simplicem
750 2400 1127 2463 repraesentat,
1153 2391 1241 2459 qui
1271 2390 1334 2445 de
1364 2405 1457 2444 suo
1494 2388 1701 2459 ingenio
1730 2402 1832 2443 ca:-

232 2492 366 2540 teros
393 2483 676 2539 tastimabat
704 2482 880 2554 (Hier.
908 2483 1005 2538 lib.
1036 2499 1093 2539 ιιι
1134 2482 1287 2553 Apol.
1317 2481 1560 2535 adversus
1592 2476 1825 2550 Ruﬁn.).

231 2576 363 2645 Quae
387 2587 567 2631 autem
592 2577 656 2630 ad
690 2591 787 2632 nos
816 2584 1183 2647 pervenerunt
1210 2576 1382 2645 ipsius
1411 2573 1642 2644 scripta,
1671 2586 1826 2626 sum-

235 2685 380 2724 uium
406 2667 533 2725 lidei
559 2668 867 2737 catholicae,
891 2677 949 2726 et
977 2666 1251 2725 canonicae
1279 2665 1583 2739 disciplina:
1606 2678 1829 2723 servan-

232 2760 315 2815 dae
343 2760 586 2819 studium
623 2760 854 2834 spirant.

555 2878 638 2937 Ea:
668 2879 1098 2946 Setiamanno,
1129 2876 1305 2943 tomJ,
1330 2896 1383 2949 p.
1412 2875 1539 2934 306.

303 2990 553 3059 Siricius,
576 2994 877 3061 “manus,
908 2999 1062 3065 patre
1110 3005 1273 3048 natas
1298 2989 1568 3058 Tiliurtio,
1594 2988 1826 3061 piimutii

234 3086 490 3141 Romanze
516 3082 766 3142 ecclesia:
789 3087 1099 3158 presbyter,
1118 3084 1320 3141 deinde
1344 3082 1580 3138 θειωδεο
1610 3091 1828 3137 nitu-tuo

1639 326 2152 387 PROLEGOMENA
2164 364 2178 381 .

1864 447 1915 508 Δ
1941 444 2066 500 dem
2098 441 2360 500 recedere
2380 440 2787 513 prohiberetur.
2814 438 2964 496 ilaud
2985 437 3159 495 multo
3172 444 3362 509 postea
3385 436 3534 495 Pris-

3393 322 3538 381 1118

1937 538 2142 594 cilliani
2164 551 2384 595 errores
2420 535 2474 592 in
2501 534 2675 593 Gallia
2711 535 2876 591 latius
2898 535 3075 607 spargi
3111 532 3313 607 certior
3337 531 3531 601 iactus,

1940 630 2235 687 Maximum
2268 638 2562 704 tyrannum
2588 629 2815 700 imperio
2842 643 2962 685 eam
2984 638 3112 684 tunc
3132 626 3414 683 tenentem
3442 640 3545 698 per,

1940 724 2145 782 litteras
2160 724 2473 781 incitavitet
2498 724 2805 795 impetravit
2826 724 3011 787 etiam,
3035 732 3214 779 utnec
3236 721 3412 791 ipsum
3430 736 3535 778 sea

1938 820 2042 876 lide
2067 819 2335 876 catholica
2371 818 2556 876 seduci
2596 828 2873 889 pateretur
2908 826 2965 872 et
2992 814 3529 872 Priscillianistarun

1935 914 2207 971 licentiam
2240 915 2582 986 reprimeret.
2618 912 2775 981 Quod
2815 911 3164 967 Priscilliano
3210 909 3435 981 quidem
3482 917 3547 977 et,

1937 1006 2217 1062 nonnullis
2245 1007 2523 1061 sociorum
2554 1005 2673 1075 ejus
2719 1003 2885 1060 exitio
2914 1003 3036 1070 fuit,
3068 1018 3167 1058 nec
3196 1014 3374 1058 tamen
3402 1001 3537 1058 doc-

1937 1100 2131 1156 trinam
2162 1115 2351 1156 eorum
2382 1100 2523 1155 intra
2557 1099 2824 1155 arctiores
2865 1097 3003 1153 lines
3044 1095 3305 1152 cohibere
3334 1094 3533 1166 potuit.

1936 1193 2108 1252 Porro
2134 1209 2283 1250 anno
2303 1194 2411 1252 389
2440 1192 2793 1250 Jovinianunt
2825 1190 3071 1264 synodali
3101 1190 3373 1247 sententia
3394 1189 3541 1246 dam-

1935 1288 2086 1343 navit
2113 1298 2277 1360 atque
2304 1286 2439 1343 urbe
2493 1286 2657 1342 etiam
2687 1286 2898 1355 expulit
2927 1292 2983 1340 et
3034 1281 3398 1339 Mediolanum
3454 1283 3540 1338 fu-

1934 1379 2172 1453 gientem
2199 1381 2397 1438 litteris
2422 1378 2490 1436 ad
2519 1379 2866 1435 Ambrosium
2909 1385 3249 1446 caaterosqne
3280 1377 3352 1432 ibi
3406 1390 3547 1443 con-_

1933 1483 2190 1550 gregatos
2208 1474 2499 1546 episcopos
2524 1473 2839 1536 antevertit,
2868 1486 2938 1527 ne
2961 1471 3046 1526 vel
3071 1473 3218 1541 ipsos
3246 1471 3327 1527 vel
3352 1468 3537 1527 Theo-

1934 1566 2150 1623 dosium
2208 1564 2281 1622 ibi
2334 1574 2767 1621 commorantem
2822 1578 2988 1619 causa
3041 1562 3300 1618 simulata
3346 1561 3536 1620 fallere

1935 1670 2137 1733 posset.
2181 1661 2423 1732 lniquius
2446 1659 2704 1731 segessit
2755 1660 2809 1714 in
2857 1657 3196 1725 Flavianum,
3228 1655 3536 1715 Antiochia)

1934 1753 2272 1826 episcopum,
2296 1766 2532 1825 quocum
2554 1760 2687 1824 post
2714 1760 2946 1807 mortem
2971 1749 3186 1805 Paulini
3215 1748 3355 1805 adeo
3382 1762 3532 1804 com-

1859 1843 2247 1905 Bmunionem
2303 1844 2508 1901 habere
2561 1843 2881 1911 recusabat,
2934 1851 3099 1914 atque
3140 1841 3531 1911 Theodosium.

1934 1953 2257 2009 quamquam
2292 1938 2512 2003 frustra,
2546 1951 2712 2007 super
2751 1951 2819 1991 eo
2850 1935 2921 1991 de
2964 1935 3271 1991 Antiochiae
3320 1937 3535 2005 episco-

1935 2039 2060 2101 patu
2112 2028 2488 2085 submovendo
2542 2028 2908 2093 sollicitavit,
2969 2028 3265 2099 paucisque
3309 2027 3530 2083 domum

1934 2132 2059 2180 ante
2091 2124 2218 2178 vitae
2259 2122 2419 2178 linem
2445 2122 2722 2178 mensibus
2772 2120 3144 2193 Chrysmtomi
3180 2129 3297 2175 arte
3338 2127 3533 2188 captus

1931 2233 2053 2274 cum
2077 2233 2144 2274 eo
2168 2215 2609 2272 communicavit.
2634 2214 3000 2284 Quamobrem
3032 2212 3100 2267 de
3145 2212 3341 2268 Bonosi
3367 2224 3533 2268 causa

1932 2312 2256 2367 sententiain
2290 2308 2432 2366 ferre
2480 2308 2839 2374 recusaverit,
2873 2322 2978 2363 non
3008 2306 3199 2376 liquet.
3251 2303 3398 2361 Obiit
3439 2304 3528 2361 die

1929 2403 1966 2459 2
1994 2403 2340 2468 Novembris,
2372 2412 2521 2457 certe
2550 2401 2651 2457 sub
2678 2399 2839 2457 linem
2873 2415 2923 2453 a.
2955 2413 3237 2455 cccxcvui.

2004 2573 2296 2633 SCRIPTA
2327 2618 2341 2643 ,
2385 2564 2474 2631 ET
2524 2570 3189 2723 EORUM‘EEDITIONES,
3228 2570 3452 2631 SlRlCll
3540 2560 3541 2565 “

2620 2667 2753 2723 PAP
2831 2710 2844 2722 .

2620 2667 2844 2725 ΡΑΡᾸΞ.

2292 2800 2376 2858 Es:
2398 2802 2831 2871 Schaenetnanno,
2869 2803 2957 2858 ubi
2980 2816 3161 2874 supra.

2582 2941 2629 2991 1.
2664 2938 2876 3004 Scripta.

2002 3084 2311 3154 Supersunt
2341 3083 2594 3155 Epistolis
2637 3085 2814 3141 Siricii
2864 3096 2976 3151 sex,
3026 3098 3355 3155 quamquam
3387 3084 3530 3141 haud

232 3192 321 3234 an.
355 3177 483 3245 384,
511 3178 802 3249 episcopus
832 3176 1092 3245 Romani:
1120 3175 1268 3233 sedis
1294 3179 1503 3233 electus
1542 3182 1627 3230 est
1675 3180 1824 3229 tanta
1856 3238 1893 3249 Α
1930 3192 2120 3234 omnes
2151 3176 2255 3235 ﬁde
2284 3177 2417 3233 satis
2443 3187 2588 3233 certa
2618 3178 2667 3233 ei
2699 3177 2879 3234 all‘erri
2912 3192 3073 3249 posse
3108 3176 3417 3233 videantur.

231 3273 448 3344 quidem
472 3238 809 3328 'cunetornm
850 3242 1226 3343 suﬂ’rsgiorum
1264 3269 1553 3324 concordia
1579 3309 1594 3335 ,
1620 3277 1683 3322 ut
1720 3268 1823 3322 hoc
1849 3238 1895 3298 Ω
2000 3271 2203 3336 Prima,
2244 3270 2315 3326 ad
2370 3269 2663 3325 Himerium
2716 3238 3151 3326 Tarracbnensem
3204 3269 3527 3339 episcopum,

233 3369 350 3437 ipso
371 3367 552 3422 Statim
584 3366 656 3424 de
704 3368 1015 3437 integritate
1062 3354 1126 3422 ac
1167 3365 1462 3421 virtutibus
1507 3363 1822 3435 praeiudicio

232 3460 639 3515 Valentinianus
661 3460 963 3531 imperator
980 3461 1033 3516 ei
1075 3458 1484 3524 conciliaretur,
1519 3468 1579 3511 ιιι
1598 3454 1819 3527 quidem

231 3554 457 3609 Piniano
490 3554 647 3611 Praef.
681 3554 723 3612 li
748 3555 820 3610 de
848 3556 967 3624 eius
1002 3553 1283 3613 electione
1310 3550 1623 3607 rescribens
1652 3558 1822 3604 testa-

230 3655 315 3700 tus
359 3654 446 3701 est
492 3646 577 3701 his
616 3646 797 3703 verbis
846 3663 860 3700 :
914 3645 1203 3717 Quoniam,
1255 3644 1468 3715 inquit.
1522 3642 1822 3717 religiosum

231 3738 479 3792 Siricium
526 3739 804 3793 antistitem
849 3738 1138 3793 sanctitatis
1162 3716 1237 3791 sic
1266 3751 1488 3808 praeesse
1534 3716 1820 3790 sacerdotio

232 3830 499 3896 valuerint,
524 3842 580 3884 ut
613 3830 853 3885 Ursinum
876 3831 1163 3904 improbum
1189 3828 1643 3884 acclamationibus
1664 3828 1824 3881 viola-

227 3933 371 3991 rent;
424 3934 600 3978 nostra
644 3940 763 3979 cum
802 3925 993 3995 gaudio
1039 3933 1349 3978 memoratus
1392 3922 1661 3991 episwpus
1712 3919 1823 3986 ipse

227 4024 523 4088 permaneat
557 4034 569 4071 :
604 4017 856 4087 siquidem
887 4026 1127 4087 magnum
1155 4017 1461 4070 innocentia:
1487 4032 1549 4068 ac
1593 4013 1823 4084 probita-

225 4109 290 4162 tis
316 4108 606 4180 exemplum
632 4118 704 4164 est
734 4109 789 4163 in
819 4125 923 4162 una
962 4108 1330 4163 acclamatione
1356 4116 1402 4159 et
1433 4108 1603 4177 ipsum
1633 4105 1753 4175 eligi
1774 4106 1822 4158 et

223 4212 438 4256 cretei-os
479 4200 782 4272 improbari.
809 4200 916 4256 Nec
942 4184 1114 4255 deluit
1144 4192 1268 4253 huic
1315 4196 1703 4252 existimationi
1735 4190 1822 4250 Si-

222 4294 390 4348 ricius
436 4284 565 4346 Nam
590 4307 712 4347 cum
737 4307 766 4347 a
796 4304 985 4346 natura
1016 4288 1149 4346 inite
1177 4287 1229 4346 ei
1270 4289 1544 4362 ingenium
1591 4289 1815 4357 inesset,

224 4386 388 4457 idque
434 4380 635 4455 insigni
677 4399 887 4441 morum
918 4376 1270 4455 simplicitate
1298 4383 1670 4455 coniunctum,
1707 4394 1817 4440 tum

222 4479 427 4537 nemini
476 4478 937 4559 praedecessprum
969 4494 1191 4535 suorum
1234 4479 1510 4551 vigilantia
1558 4490 1613 4536 et
1638 4468 1819 4535 studio

222 4568 352 4626 iidei
387 4571 667 4626 catholica:
698 4578 753 4627 et
780 4570 1079 4642 disciplina:
1120 4572 1505 4628 ecclesiasticae
1534 4566 1816 4629 servandae

221 4648 551 4734 tuenda:un
578 4664 877 4721 secundum
904 4680 965 4721 se
994 4648 1162 4721 videri
1193 4680 1385 4737 passus
1405 4676 1509 4722 est.
1563 4669 1739 4739 Atque
1761 4669 1813 4723 in

218 4755 345 4827 ipso
370 4760 555 4812 statim
591 4760 834 4814 muneris
857 4758 1083 4814 introitu
1115 4757 1416 4829 disciplina:
1434 4760 1817 4817 ecclesiasticae

219 4864 351 4905 cura
375 4866 495 4905 eum
521 4851 821 4922 occupavit.
852 4851 1066 4908 Etenim
1106 4842 1381 4908 Himerius
1410 4853 1652 4925 quidam,
1682 4853 1815 4910 Tar-

218 4946 542 5001 raconensis
568 4934 874 5017 episcopus,
903 4947 971 5002 de
1012 4947 1179 5003 variis
1200 4948 1551 5005 ecclesiarum
1584 4947 1640 5004 in
1695 4944 1815 5005 llis-

218 5041 379 5113 pania
440 5041 931 5121 consuetudinibus
974 5042 1189 5099 consilii
1242 5044 1479 5099 incertus
1522 5044 1811 5100 Damasum

217 5148 319 5203 per
334 5131 545 5189 litteras
580 5134 1375 5207 interrogaveratconsilioque
1404 5136 1508 5193 sibi
1533 5137 1816 5195 subveniri

222 5232 553 5294 optaverat;
580 5225 777 5298 quibus
824 5224 922 5281 illo
954 5226 1174 5283 interim
1202 5237 1419 5284 mortuo
1466 5218 1533 5284 ad
1564 5228 1821 5285 Sit-icium

214 5318 445 5391 perlatis
476 5328 772 5389 coactaque
817 5318 1050 5376 aliorum
1083 5320 1465 5391 episcoporum
1496 5330 1550 5376 ct
1592 5321 1822 5395 presby-

215 5418 461 5467 terorum
486 5427 709 5467 suorum
734 5411 943 5485 synodo
964 5412 1261 5483 recognitis
1285 5427 1350 5468 ex
1380 5416 1651 5470 communi
1688 5431 1818 5488 syn-

1926 3366 2161 3423 maxime
2183 3359 2441 3432 celebris,
2472 3363 2616 3436 quod
2663 3365 2836 3437 prima
2867 3373 2975 3430 est,
3004 3373 3157 3420 certe
3182 3364 3380 3433 prima,
3406 3377 3531 3433 qua

1924 3460 1990 3515 Διί
2019 3475 2118 3515 nos
2168 3459 2440 3530 pervenit,
2497 3458 2852 3531 epistularum
2902 3456 3284 3521 decretaliutn,
3331 3456 3530 3525 quibus

1924 3551 2155 3609 Romani
2200 3552 2464 3624 praesules
2509 3550 2577 3606 ad
2606 3551 2949 3606 diversarum
3000 3548 3361 3606 ecclesiarum
3393 3562 3527 3609 con-

1922 3647 2249 3703 sultationes
2268 3645 2689 3719 responderunt.
2718 3643 2932 3716 Scripta
2960 3644 3082 3715 ipso
3123 3659 3268 3699 anno
3293 3642 3526 3705 eleutio-

1923 3743 2008 3799 nis
2039 3742 2159 3811 ejus
2179 3739 2306 3799 585.

1994 3836 2270 3903 Secunda,
2297 3835 2366 3890 ul
2387 3834 2639 3907 Anysium
2664 3832 3173 3889 Thessalonicensem
3196 3831 3535 3902 episcopum.

1922 3930 2164 4001 Tempus
2190 3938 2341 3990 certo
2372 3926 2587 3983 deliniri
2635 3926 2843 3996 nequit.
2868 3926 3045 3995 Prope
3084 3933 3266 3979 tamen
3299 3925 3524 3979 missam

1923 4037 2047 4079 esse
2080 4032 2323 4089 constat,
2355 4028 2649 4090 antequam
2680 4019 2749 4073 de
2776 4017 2979 4073 Bonosi
3011 4031 3174 4072 causa
3224 4014 3522 4085 quidquam

1926 4118 2113 4173 Romae
2143 4116 2444 4171 inauditum
2469 4124 2648 4179 esset;
2672 4113 2910 4183 alioquin
2940 4110 3010 4166 de
3037 4125 3102 4166 ea
3128 4110 3384 4171 Siricinm
3413 4125 3524 4166 non

1923 4212 2213 4266 taciturum
2245 4209 2434 4277 fuisse,
2471 4218 2621 4279 putat
2649 4205 3003 4261 Couslantius
3036 4221 3049 4256 :
3526 4262 3533 4267 .

2000 4320 2020 4356 ι
2047 4301 2161 4358 Nec
2191 4300 2489 4367 immerito,
2538 4301 2733 4371 inquit,
2785 4299 2853 4354 ad
2893 4312 3100 4353 annum
3131 4295 3240 4352 585
3260 4296 3520 4352 retuleri-

1924 4411 2045 4452 mus
2073 4395 2285 4453 litteras
2338 4393 2460 4449 illas
2490 4392 2683 4463 quibus
2737 4391 2967 4455 Siricius
3014 4390 3240 4463 Anysio,
3290 4405 3410 4461 quae
3462 4390 3520 4446 in

1922 4487 2119 4561 Illyrici
2149 4487 2399 4544 ecclesiis
2445 4493 2788 4558 gererentur.
2818 4483 3193 4556 «ignoscenda
3225 4482 3521 4539 commise-

1924 4591 2029 4637 rat.
2062 4601 2080 4635 ι
2114 4582 2211 4636 ille
2242 4594 2372 4635 vero
2394 4578 2496 4635 bas
2524 4578 2796 4635 secundas
2820 4579 2988 4644 misit,
3017 4591 3144 4631 cum
3164 4616 3178 4642 ,
3218 4584 3396 4631 utrum
3430 4589 3521 4631 ac-

1926 4683 2100 4746 cepta:
2126 4683 2306 4730 essent
2332 4674 2551 4745 primae,
2602 4672 2830 4727 necdum
2862 4672 3066 4727 rescire
3102 4670 3389 4743 potuisset.
3443 4667 3520 4723 Es

1925 4784 2035 4840 quo
2060 4782 2399 4837 consequens
2447 4774 2551 4835 est,
2582 4764 2727 4837 quod
2756 4766 2874 4820 istae
2914 4763 3174 4820 secunda:
3211 4764 3404 4820 saltem
3451 4762 3521 4818 ad

1924 4875 1975 4915 a.
2006 4858 2112 4941 586
2140 4861 2467 4937 pertineant.

1994 4954 2202 5021 Tertia,
2230 4953 2299 5007 ad
2321 4954 2586 5022 episcOpos
2615 4952 2826 5024 Alricte.
2852 4951 2971 5009 Scr.
3001 4966 3053 5005 a.
3080 4949 3208 5006 386.
3228 4947 3287 5004 d.
3318 4962 3370 5001 vt
3390 4945 3516 5002 Jan.

1922 5047 2124 5104 Montio
2159 5046 2278 5116 eius
2302 5046 2412 5115 jam
2446 5047 2585 5115 apud
2631 5044 2961 5101 Fert-undam
2992 5042 3135 5098 diae.
3192 5042 3245 5096 in
3295 5039 3519 5095 Brevia-

1924 5128 2075 5196 tione
2096 5155 2365 5197 canonum
2396 5148 2501 5193 art.
2527 5138 2581 5205 6,
2614 5137 2740 5202 150,
2774 5136 2876 5193 158
2908 5146 2957 5192 ει
2988 5133 3112 5202 174,
3140 5141 3337 5189 exstat.
3370 5136 3522 5187 Atta-

1922 5249 2048 5289 men
2082 5234 2364 5288 veritatem
2398 5234 2519 5302 ejus
2542 5233 2597 5289 in
2627 5233 2851 5289 dubium
2890 5242 3153 5285 vocarunt
3189 5228 3521 5301 Blondellus,

1924 5324 2311 5396 Papebrochius
2338 5325 2569 5409 aliique,
2593 5325 2933 5396 argumentis
2955 5333 3139 5379 autem
3169 5322 3525 5377 validissimis

1925 5418 2256 5497 Quesnellius
2280 5418 2387 5492 (α).
2434 5418 2583 5488 Quos
2615 5429 2807 5474 contra
2852 5417 2967 5471 tuiti
2997 5424 3126 5471 sunt
3169 5416 3523 5471 Scitelstraten

210 5502 307 5560 odi
338 5504 609 5560 sententia
648 5504 717 5561 ab
738 5520 806 5562 eo
831 5521 1152 5578 responsum
1181 5516 1287 5574 cst,
1315 5507 1389 5562 ita
1436 5518 1615 5565 tamen
1646 5519 1724 5583 ut,
1760 5510 1814 5567 ni
1917 5522 1971 5569 et
1993 5510 2247 5568 Baluzius
2268 5511 2376 5585 (b);
2408 5514 2720 5583 neutiquam
2742 5519 2920 5569 tamen
2945 5509 3015 5563 ab
3031 5509 3180 5563 omni
3207 5507 3520 5579 suspicione

209 5613 244 5654 ι
272 5598 667 5656 communione
687 5598 905 5674 collegii
930 5601 1084 5658 istius
1106 5594 1381 5674 segregari
1410 5601 1598 5671 vellet,
1628 5601 1696 5661 ab
1727 5600 1809 5661 ea-
1916 5620 1946 5660 a
1972 5603 2287 5674 Quesnellio
2314 5604 2511 5677 injecta
2533 5604 2766 5661 liberare
2788 5610 3103 5674 potuerunt.

293 5808 372 5955 (αἲ
398 5784 455 5863 in
479 5786 712 5878 append.
735 5805 801 5863 ad
825 5784 1021 5863 Leonis
1045 5782 1115 5861 bi.
1144 5782 1309 5878 Opera
1339 5780 1474 5861 diss.
1512 5782 1598 5860 15.

294 5883 347 5955 (b
396 5880 454 5936 ln
482 5878 737 5952 singulari
759 5879 977 5937 dissert.
1025 5879 1093 5935 de
1127 5876 1361 5935 concilio
1385 5875 1598 5950 Teleptt

294 5875 372 5955 (b)
396 5880 454 5936 ln
482 5875 737 5952 singulari
759 5879 977 5937 dissert.
1025 5879 1093 5935 de
1127 5875 1361 5935 concilio
1385 5875 1701 5950 Teleptensi
1726 5876 1819 5933 ad-

1927 5792 2118 5863 versus
2148 5782 2423 5876 Quesnell.
2472 5796 2538 5861 ad
2570 5807 2772 5863 calcem
2813 5806 2904 5863 ed.
2953 5807 3076 5864 libri
3118 5807 3182 5862 de
3227 5803 3514 5864 Concordia

1876 5954 1893 5961 -
1927 5878 2199 5937 sacerdotii
2228 5887 2275 5935 et
2295 5879 2500 5954 imperii
2526 5893 2715 5936 recusa
2750 5879 2908 5949 1705,
2934 5896 2987 5953 p.
3020 5879 3181 5940 1359.
