4048 6350
543 303 692 386 me
1771 334 2086 393 suum.th
2125 338 2131 388 :

2243 335 2415 394 lClUS
2453 335 2656 393 PAPA.
3707 338 3834 397 “20

615 440 842 510 Quarta,
873 443 942 497 ad
969 442 1198 502 diversos
1229 448 1520 519 episcopos.
1557 447 1696 506 Vera
1725 451 2011 522 inscriptio
2049 451 2146 508 (ιε-
2172 459 2225 520 Α
2250 466 2480 522 quarum
2511 462 2745 523 quatuor
2797 452 2851 508 in
2898 451 3038 508 Bibl.
3069 453 3199 510 olim
3251 454 3596 524 Colbertins,
3625 457 3746 513 dua:
3789 458 3837 515 in

543 531 840 590 sideratur.
904 535 1132 593 Videtur
1196 541 1448 611 proxime
1497 543 1565 598 ad
1628 549 1918 616 episcenos
1979 545 2145 602 Italia:

540 629 768 697 scripta,
797 627 865 684 ad
908 645 1008 686 nos
1047 643 1232 690 autem
1260 650 1326 690 ex
1367 637 1693 707 exemplari,
1741 638 1886 710 quod
1912 639 2142 694 aliarum

542 721 950 790 provmciarum
1016 724 1290 799 episcopis
1356 730 1614 785 traditum
1668 729 1816 798 fuit,
1875 734 2140 802 pervenit.

535 809 693 881 Quod
743 823 956 887 tempus
979 820 1190 888 attinet,
1236 824 1504 894 superiori
1532 839 1640 880 non
1686 825 1916 881 multum
1947 840 2142 882 recen-

536 905 734 964 tiorem
757 918 949 967 censet
973 911 1351 972 Constantius.

609 999 835 1070 Quinta,
867 1003 938 1057 ad
981 1005 1212 1062 diversos
1248 1011 1514 1082 episcopos
1561 1021 1750 1069 contra
1776 1013 2138 1071 'Jovinianum

535 1090 856 1149 litereticum
902 1097 1131 1168 ejusque
1170 1101 1351 1156 socios
1377 1103 1446 1159 ab
1488 1104 1720 1161 ecclesia
1752 1107 2135 1164 removendos.

540 1181 780 1256 Tempus
812 1201 880 1242 ex
912 1188 1187 1246 Ambrosii
1217 1195 1450 1264 epistola
1477 1197 1543 1252 ad
1568 1198 1824 1256 Siricium
1848 1217 2145 1272 responso-

535 1275 619 1330 ria
644 1292 712 1332 ex
722 1277 915 1348 piscari
938 1295 1120 1351 posse,
1152 1301 1458 1358 opportune
1480 1291 1738 1349 observat
1762 1297 2138 1357 Constantius.

535 1367 672 1462 Nam
699 1388 824 1454 cum
853 1375 907 1430 in
946 1391 1010 1432 ea
1039 1377 1358 1438 Iovinianus
1382 1387 1627 1458 sociique
1651 1388 1822 1445 Roma
1867 1393 2004 1462 pulsi
2027 1395 2140 1453 Me-

538 1450 826 1520 diolanium
873 1467 941 1524 ad
973 1469 1345 1530 Theodosium
1377 1450 1692 1550 confugisse
1725 1450 2000 1554 dicuntur,
2044 1450 2164 1560 qui

535 1569 588 1612 ι.
619 1558 730 1614 388
759 1577 949 1619 mense
979 1566 1224 1636 Augusto
1247 1571 1331 1625 vel
1359 1570 1668 1643 Septembri
1701 1593 1768 1633 eo
1791 1558 2132 1651 pervenerat,

531 1647 717 1708 Idibus
770 1654 898 1712 Jun.
955 1671 1137 1715 autem
1190 1661 1420 1720 Romam
1471 1671 1688 1726 venisse
1742 1647 1942 1730 dicitur
1988 1647 2136 1734 :boc

529 1754 704 1816 patet,
733 1762 840 1804 non
883 1760 1008 1806 ante
1039 1753 1310 1812 labentem
1341 1774 1544 1816 annum
1576 1763 1684 1820 588
1709 1768 1974 1836 scriptum
2004 1785 2128 1828 esse

2250 542 2442 616 Regia,
2474 559 2581 600 una
2609 548 2660 601 in
2692 545 3078 614 Germanensi,
3123 547 3244 604 alia:
3299 549 3431 605 alibi
3483 552 3838 607 asservabsn-

2250 643 2356 699 tur.
2405 653 2636 709 quarum
2689 639 2966 710 plerisque
3010 656 3144 696 usus
3187 654 3268 698 est
3314 641 3689 700 Constantius.
3740 645 3839 703 Nec

2247 733 2404 788 abest
2422 733 2492 788 ab
2521 748 2588 790 eo
2607 732 2833 802 Codice,
2863 750 3022 804 quem
3049 735 3269 792 Codicis
3295 736 3578 794 Cauonum
3601 740 3836 798 ecclesia

2247 823 2507 881 Romana:
2556 842 2779 884 nomine
2830 828 3183 897 QneSuellius
3233 831 3482 898 donavit,
3517 831 3836 904 quamquam

2248 927 2578 990 postremum
2611 921 2664 976 iii
2697 936 2763 976 eo
2796 926 2975 977 locum
3027 934 3260 994 occupat
3288 939 3351 980 ac
3395 937 3672 997 praeterea
3701 934 3838 996 post-

2246 1012 2410 1067 modo
2439 1015 2624 1069 addita
2653 1016 2724 1070 ab
2745 1015 2940 1072 eodem
2966 1028 3253 1084 censetur;
3303 1028 3492 1073 contra
3528 1034 3696 1090 quam
3725 1034 3839 1076 sen-

2246 1108 2471 1162 tentiam
2495 1106 2850 1164 Constantius
2883 1121 3088 1182 pugnat
3113 1121 3277 1182 atque
3306 1113 3470 1168 etiam
3502 1128 3574 1169 ex
3611 1113 3840 1184 inscrip-

2244 1201 2415 1267 tione,
2464 1218 2628 1272 quant
2659 1204 3007 1260 Corbeiensis
3039 1207 3208 1262 codex
3244 1207 3479 1276 praebet,
3516 1207 3839 1278 Teleptense

2242 1297 2536 1352 concilium
2589 1299 2661 1354 ab
2711 1298 2861 1355 omni
2906 1302 3226 1371 Suspicione
3276 1301 3513 1358 liberare
3554 1303 3841 1357 studet.—

2244 1386 2332 1443 νι.
2365 1391 2383 1460 (
2414 1405 2470 1444 ιι.
2510 1391 2545 1445 4
2576 1389 2597 1462 >
2643 1390 2746 1461 Ep.
2777 1393 2846 1445 ad
2892 1393 2998 1446 div.
3052 1392 3366 1466 Episcopos.
3397 1393 3582 1448 —\'ll.
3631 1396 3650 1466 (
3680 1411 3735 1452 ιι.
3766 1395 3843 1468 5)

2243 1477 2345 1551 Ep.
2377 1481 2446 1534 ad
2469 1481 2572 1535 diu.
2601 1481 2849 1556 Episwp.
2877 1482 3179 1554 Utramque
3196 1487 3263 1540 ad
3291 1486 3513 1542 codices
3541 1503 3681 1541 mss.
3711 1487 3838 1545 Bibl.

2239 1569 2574 1629 Colbertinae
2623 1586 2680 1632 et
2725 1575 3001 1633 editiones
3049 1579 3345 1651 impressas
3374 1582 3582 1653 exegit.
3615 1611 3694 1622 —
3723 1581 3842 1638 Vlll.

2239 1661 2340 1734 Ep.
2375 1680 2470 1721 seu
2509 1669 2836 1737 rescriptum
2869 1667 3146 1726 Ambrosii
3180 1673 3531 1744 aliorumque
3559 1675 3843 1746 episcopo-

2241 1773 2360 1812 rum
2391 1758 2460 1813 ad
2483 1757 2739 1816 Siricium
2792 1779 2984 1834 papam
3013 1763 3081 1820 de
3119 1779 3283 1821 causa
3313 1765 3620 1822 Joviniani.
3653 1799 3725 1810 -—
3753 1767 3838 1824 IX.

534 1838 803 1909 potuisse,
833 1842 1079 1916 adeoque
1101 1845 1459 1908 Constantius
1489 1855 1595 1926 ipsi
1651 1871 1705 1914 ε,
1739 1859 1846 1918 539
1889 1877 2010 1920 eam
2041 1881 2132 1922 as-
2163 1865 2213 1927 Β
2241 1848 2345 1920 Ep.
2385 1854 2454 1908 ad
2497 1856 2772 1927 Anysium.
2832 1855 3018 1914 Edidit
3045 1858 3188 1916 1662
3240 1861 3559 1917 llolstenins
3602 1863 3659 1916 in
3711 1862 3842 1919 Coll.

537 1929 740 1989 signat.

626 1943 740 1989 Ml.

587 1943 798 2124 8Sexta,
829 2029 1164 2103 adAnysium
1184 2035 1369 2096 Thess.
1407 2044 1703 2115 episcopum
1744 2058 1792 2102 et
1843 2049 1976 2106 alios
2001 2049 2138 2124 Illy-

535 2116 637 2172 rici
663 2120 932 2193 episcopos
975 2127 1038 2180 de
1064 2125 1294 2185 Bonoso.
1337 2132 1456 2190 Scr.
1486 2145 1570 2192 est
1595 2141 1849 2209 proxime
1884 2154 2006 2213 post
2034 2116 2136 2199 Ca-

535 2225 774 2284 pnanum
829 2220 1126 2278 concilium
1161 2225 1198 2279 i.
1230 2241 1280 2282 e.
1317 2239 1438 2298 post
1491 2248 1540 2286 Vl
1586 2231 1694 2289 kal.
1752 2235 1882 2292 Dec.
1925 2238 2052 2305 391,
2080 2248 2137 2296 et

528 2317 660 2364 ante
687 2309 1053 2372 Valentiniani
1087 2336 1303 2391 necem,
1330 2324 1365 2378 i.
1397 2339 1448 2381 e.
1475 2335 1600 2383 ante
1625 2327 1701 2384 Id.
1733 2327 1857 2386 Mai.
1889 2331 1997 2390 392
2026 2333 2134 2388 Da-

533 2417 689 2460 maso
717 2415 773 2462 et
800 2408 1096 2469 Ambrosio
1122 2416 1260 2472 falso
1303 2421 1577 2492 ascriptus
1627 2433 1732 2480 est.
1761 2425 1958 2484 Siricio
1985 2441 2134 2486 reete

489 2575 499 2580 ‘
528 2493 796 2555 Justellus
827 2502 907 2577 (a)
933 2505 1370 2579 suifragantibus
1404 2514 1525 2570 aliis
1553 2516 1872 2578 vindicavit.

603 2589 986 2654 littercideruut
1022 2604 1336 2673 complures
1363 2607 1488 2662 alize
1517 2608 1659 2680 ejus,
1688 2613 1858 2668 veluti
1894 2613 2133 2686 Epistola

526 2686 598 2740 ad
633 2685 926 2744 Maximum
971 2691 1114 2758 Imp.
1169 2711 1278 2752 scr.
1309 2713 1360 2752 a.
1419 2699 1564 2767 585;
1623 2702 1689 2756 de
1737 2685 2130 2764 Ithaciauorum

527 2797 689 2838 causa
715 2799 767 2840 a.
797 2784 940 2850 586;
970 2788 1040 2841 ad
1059 2788 1405 2846 Theodosium
1431 2793 1768 2862 Imp.contra
1789 2799 2128 2872 Flavianum;

527 2876 598 2930 ad
640 2875 886 2945 Ruﬁnum
910 2895 961 2933 a.
989 2882 1130 2949 398;
1159 2883 1227 2940 de
1251 2887 1446 2956 quibus
1493 2890 1745 2949 omnibus
1782 2895 1941 2952 sicuti
1973 2899 2037 2952 de
2065 2899 2130 2954 iis

527 2968 705 3038 etiam,
727 2971 987 3042 quwfalso
1002 2974 1102 3045 ipsi
1116 2978 1462 3046 ascribunlur,
1481 2981 1831 3042 Constantius
1844 2988 2124 3047 disseruit.

1149 3074 1197 3123 2.
1235 3073 1507 3127 Editiones.

601 3171 843 3246 Singula;
873 3176 1053 3236 Siricii
1085 3185 1333 3253 epistola:
1361 3187 1418 3244 in
1463 3187 1701 3248 diversis
1749 3209 2023 3252 canonum
2069 3209 2126 3257 et

2241 1945 2360 2017 Bip.
2394 1947 2450 2001 P.
2485 1963 2548 2013 tt,
2574 1963 2629 2019 p.
2663 1948 2789 2004 189.
2823 1951 3012 2007 Exstat
3042 1956 3207 2009 etiam
3245 1955 3390 2010 inter
3421 1954 3703 2011 Ambrosii
3742 1956 3847 2026 epi-

2237 2037 2428 2094 stolas.
2439 2039 2628 2097 Plures
2641 2044 2904 2100 mss.libri
2918 2045 3238 2103 Constantio
3250 2049 3304 2104 in
3319 2063 3382 2105 ea
3402 2050 3842 2121 recognoSL-enda

2239 2128 2306 2184 ad
2355 2146 2546 2188 manus
2596 2132 2934 2190 fuerunt.—
2964 2137 3068 2208 Ep.
3103 2138 3172 2207 X,
3213 2155 3311 2196 seu
3364 2139 3602 2196 Curiones
3659 2142 3841 2212 synodi

2239 2221 2591 2280 Romanorum
2619 2231 2688 2282 ad
2716 2226 2896 2285 Gallos
2926 2231 3217 2304 episcopos,
3259 2249 3398 2305 quos
3427 2251 3492 2290 ex
3527 2233 3669 2290 Cod.
3705 2235 3836 2291 Fos-

2235 2320 2462 2385 sateusi,
2519 2332 2703 2391 postea
2752 2323 3096 2389 Colbertino,
3145 2337 3201 2383 et
3252 2328 3356 2383 alia
3402 2329 3530 2386 cod.
3567 2329 3839 2386 Pithteani

2235 2410 2571 2469 collectione
2593 2415 2660 2471 ad
2690 2418 2894 2473 calcem
2929 2428 3064 2474 tom.
3096 2419 3118 2474 Ι
3157 2420 3330 2476 Cone.
3362 2421 3558 2479 Gallia:
3585 2421 3835 2480 Sirmon-

2235 2504 2337 2560 dus
2366 2507 2668 2578 adjecerat.
2699 2510 2956 2583 Sequitur
2976 2513 3090 2584 jam
3123 2513 3327 2570 Notitia
3366 2518 3686 2589 scriptorum
3707 2521 3837 2573 alio-

2235 2619 2372 2669 rum,
2402 2621 2518 2676 qua:
2543 2607 2612 2660 ad
2635 2606 2883 2663 Siricium
2907 2612 3152 2664 attinent.

2310 2695 2470 2754 1770.
2511 2696 2685 2754 Venet.
2717 2717 2809 2769 ap.
2847 2700 3146 2756 Albritium.
3177 2700 3360 2757 in-l'ol.
3389 2702 3445 2760 S.
3474 2702 3662 2760 Siricii
3692 2720 3837 2777 papa:

2235 2787 2499 2860 Epistola:
2522 2803 2578 2848 et
2631 2793 2888 2850 Decreta.
2927 2794 3204 2852 Nonnulla
3255 2797 3592 2856 intexuntur.
3623 2813 3746 2866 quae
3774 2799 3834 2853 ad

2231 2885 2482 2942 eumdem
2513 2887 2831 2944 Pontilieem
2853 2889 3120 2945 attinent:
3151 2890 3205 2944 in
3237 2887 3509 2945 Gallandii
3533 2888 3683 2945 Bibl.
3717 2889 3829 2946 PP.

2233 2976 2296 3033 Τ.
2357 2978 2470 3046 Vll,
2502 2996 2556 3052 p.
2610 2981 2872 3040 555-549.
2931 2983 3138 3040 Przeter
3192 2997 3288 3040 sex
3342 2983 3524 3040 Siricii
3577 2985 3835 3054 epistolas

2231 3089 2289 3130 ιι.
2347 3073 2415 3128 VI
2467 3075 2737 3132 Ambrosii
2787 3078 3140 3147 rescriptum,
3175 3094 3230 3132 ιι.
3274 3077 3391 3134 Vill
3421 3076 3681 3134 Canuties
3709 3093 3835 3149 syn-

2228 3165 2318 3222 odi
2375 3166 2746 3224 Romanorum
2799 3169 3154 3226 exhibentur.
3205 3169 3358 3226 Nota:
3407 3169 3591 3226 critici
3653 3170 3838 3241 impri-

527 3267 896 3326 eonciliornm
927 3273 1343 3335 collectionibus
1373 3283 1636 3352 dispersa:
1692 3295 1752 3342 ut
1779 3289 1944 3345 variis
1989 3298 2126 3347 tem-

2243 3259 2332 3314 mis
2359 3260 2581 3331 generis
2601 3276 2667 3317 ex
2709 3259 3034 3318 Constantio
3058 3264 3278 3319 selectae
3315 3272 3460 3317 sunt.
3499 3263 3577 3318 De
3604 3263 3836 3334 singulis

525 3360 753 3429 poribus
781 3374 837 3418 et
887 3364 1023 3422 locis
1054 3370 1196 3442 typis
1222 3371 1514 3444 descriptae
1549 3377 1771 3447 fuerint,
1803 3397 2128 3441 enumerare

526 3448 671 3507 haud
703 3468 888 3525 operae
910 3472 1112 3517 nosme
1144 3468 1469 3534 putaverint.
1498 3469 1743 3528 Sufﬁciet
1769 3453 2136 3531 collectarum.

517 3541 787 3602 editiones
813 3564 907 3613 per
927 3549 1307 3611 Constantium
1335 3570 1390 3614 et
1416 3558 1766 3619 Gallandintn
1824 3565 2120 3625 indicasse.

595 3632 928 3696 Constantius
982 3643 1148 3714 igitur
1176 3649 1228 3703 in
1275 3651 1620 3711 Collectione
1676 3655 1856 3726 Epist.
1919 3659 2124 3716 Pontif.

525 3725 685 3824 Rom.
718 3730 808 3802 (τ.
837 3731 880 3799 ι,
906 3733 1058 3792 Paris
1088 3739 1616 3814 t721)p.622-7tl.
1649 3725 1828 3807 Siricii
1868 3753 2130 3824 epistolas

525 3821 743 3888 eodem,
769 3841 878 3895 quo
903 3842 933 3882 a
957 3830 1116 3888 nobis
1139 3848 1474 3894 enumerata:
1497 3844 1856 3907 sunt.ordine
1881 3821 2125 3917 exhibet,

525 3913 626 3970 sed
656 3915 877 3976 insertis
927 3925 1094 3980 variis
1153 3929 1385 3987 aliorum
1419 3935 1486 3989 ad
1541 3951 1664 3994 eum
1697 3913 2124 4008 pertinentibus.

525 4008 1049 4074 Animadversiones
1085 4021 1359 4082 historicas
1397 4028 1596 4086 uberes
1642 4034 1899 4092 omnibus
1939 4037 2124 4096 adlisa:

523 4105 907 4192 sunt.Monita
955 4115 1144 4172 etiam.
1175 4115 1265 4172 ubi
1300 4133 1526 4178 necesse
1558 4124 1850 4184 videbatur
1873 4131 2122 4198 pra-lixa.

523 4195 638 4255 Nec
659 4211 954 4259 contentus
978 4205 1079 4261 fuit
1109 4223 1176 4264 ex
1200 4214 1490 4284 praecipuis
1515 4216 1798 4289 impressis
1851 4195 2128 4282 Concilio-

519 4307 641 4350 rum
690 4306 748 4352 et
792 4297 1075 4357 Canonum
1106 4305 1525 4365 collectionibus
1552 4327 1647 4368 eas
1692 4329 2121 4388 repraesentare,

523 4385 621 4442 sed
653 4389 841 4446 multis
870 4393 1034 4449 etiam
1067 4396 1355 4455 codicibus
1401 4417 1533 4458 mss.
1585 4385 1804 4477 adjutus
1846 4409 1965 4466 fuit.
2015 4385 2124 4469 lie;

518 4482 734 4538 censuit
755 4483 1034 4555 Epistolas
1061 4490 1256 4548 decem.
1289 4525 1360 4535 —
1385 4495 1427 4550 l.
1465 4496 1640 4568 Epist.
1688 4503 1758 4556 ad
1805 4503 2118 4576 Himerium,

522 4587 644 4642 qua:
669 4577 720 4630 iu
745 4581 1002 4636 omnibus
1031 4598 1305 4643 canonum
1335 4589 1754 4651 collectionibus
1778 4606 1992 4668 exstat,
2021 4616 2124 4655 au-

2231 3356 2491 3425 epistolis
2544 3356 2886 3424 Gallandius,
2918 3357 3222 3415 Constantii
3270 3361 3518 3432 vestigiis
3552 3361 3834 3426 insistens,

2229 3462 2280 3501 c.
2325 3447 2392 3504 15
2421 3448 2674 3520 Prolegg.
2707 3465 2760 3522 p.
2793 3465 2923 3506 xvnt
2951 3467 3036 3522 sq.
3058 3451 3325 3522 disputat.

2357 3565 2435 3614 Ea:
2461 3562 2749 3624 Constantio.
2775 3563 2929 3630 Epist.
2953 3569 3091 3617 Rom.
3115 3568 3281 3632 Pont.,
3304 3565 3396 3618 col.
3415 3566 3527 3618 699.

2266 3667 2310 3718 1.
2335 3667 2515 3720 Notitia
2540 3673 2829 3735 scriptorum
2856 3673 3060 3722 aliorum
3093 3684 3205 3747 qua:
3249 3671 3309 3722 ad
3354 3672 3588 3723 Siricium
3630 3685 3807 3737 papam

2913 3763 3142 3810 attinent.
3489 3767 3502 3774 ”
3829 3763 3837 3768 ’

2305 3955 2356 4010 1.
2387 3954 2537 4010 Anno
2559 3957 2684 4012 585.
2721 3957 2901 4014 Siricii
2931 3959 3147 4032 epistola
3171 3960 3240 4014 ad
3274 3959 3567 4018 Maximum
3603 3964 3741 4035 imp.
3777 3995 3850 4007 —

2229 4045 2456 4105 Siricius
2487 4053 2863 4120 pontificatum
2899 4052 3078 4108 iniens
3105 4053 3172 4108 ad
3205 4054 3502 4110 Maximum
3539 4057 3853 4124 imperato—

2231 4156 2347 4197 rem
2372 4142 2475 4198 sibi
2505 4143 2853 4200 scribendum
2883 4143 3060 4212 duxit,
3093 4154 3152 4201 nt
3183 4148 3337 4202 illum
3362 4165 3490 4204 cum
3514 4149 3584 4204 ad
3607 4151 3854 4206 catholi-

2229 4246 2308 4289 cae
2339 4232 2460 4289 fidei
2483 4235 2848 4306 patrocinium
2873 4239 3303 4309 suscipiendum,
3339 4251 3451 4295 tum
3471 4241 3538 4296 ad
3559 4242 3850 4314 Agricium

2229 4327 2542 4399 quemdam,
2568 4331 2656 4400 qni
2688 4331 3015 4403 presbyterii
3045 4333 3272 4402 gradum
3293 4334 3539 4390 indebite
3569 4350 3847 4392 conscen-

2230 4421 2386 4476 derat
2415 4463 2431 4488 ,
2473 4422 2525 4476 in
2561 4421 2806 4479 ordinem
2850 4424 3207 4496 redigendum
3243 4424 3548 4482 induceret.
3597 4426 3716 4483 Nec
3742 4428 3848 4483 du-

2230 4511 2378 4569 bium
2413 4512 2540 4582 quin
2568 4514 2728 4570 simul
2760 4522 2816 4570 et
2845 4515 3192 4584 pontiﬁcatus
3227 4517 3312 4572 sui
3340 4518 3650 4589 primordia
3705 4535 3848 4574 nun-

2230 4605 2390 4674 tiare,
2417 4619 2472 4662 et
2493 4617 2754 4663 consueta
2796 4609 3140 4666 salutationis
3178 4609 3356 4665 oflicia
3409 4611 3743 4682 persolvere
3788 4627 3849 4668 se

1978 4659 1989 4668 .
2426 4659 2470 4662 --
2638 4659 2754 4663 ἡη-
2798 4659 3139 4666 --η---η---η-
3182 4659 3356 4665 -.η---π
3410 4659 3743 4682 νην-η--
3788 4659 3845 4668 --

520 4677 611 4722 cta
639 4679 722 4725 est
749 4687 815 4726 ex
861 4675 1021 4732 codd.
1055 4695 1186 4736 mss.
1235 4681 1481 4750 Corbei.,
1509 4687 1757 4746 Colbert.
1790 4703 1847 4749 et
1887 4693 2123 4766 Sanger-
2152 4659 2203 4720 θ
2228 4701 2562 4772 signiﬁcarit.
2595 4701 2864 4756 Maximus
2893 4717 3020 4757 vero
3049 4703 3126 4758 illi
3158 4703 3494 4768 rescribeus,
3537 4704 3845 4774 epistolam

521 4774 669 4861 man.
731 4767 1030 4861 appendice
1083 4775 1280 4843 triplici
1336 4779 1574 4844 Decreti,
1622 4785 1766 4856 quod
1821 4787 2117 4861 Dionysius

526 4852 767 4944 Exiguus
801 4855 1099 4928 ignoravit,
1127 4868 1382 4940 quodque
1403 4872 1470 4927 ad
1495 4852 1654 4930 aliud
1669 4877 1907 4935 fortasse
1935 4852 2122 4939 Siricii

520 4945 848 5017 rescriptum
874 4956 1153 5023 pertinere
1181 4961 1538 5022 Constantius
1563 4969 2000 5030 existimat.-—ll.
2021 4977 2122 5051 Ep.

533 5039 884 5102 Valentiniani
914 5047 1261 5120 imperatoris
1309 5058 1376 5113 ad
1408 5059 1694 5121 Pinianum
1729 5067 1792 5124 U.
1835 5067 1995 5126 Praef.
2031 5039 2120 5130 Ill.

522 5131 626 5233 Ep.
685 5136 913 5233 Maximi
940 5144 1288 5216 imperatoris
1340 5153 1406 5208 ad
1463 5155 1720 5215 Siricium
1756 5177 1972 5233 papam.
2027 5165 2118 5221 IV.

522 5226 629 5299 Ep.
662 5230 732 5284 ad
752 5233 1024 5305 Anysium.
1053 5238 1178 5297 Ηίιεο
1208 5259 1236 5296 a
1268 5243 1414 5302 Luca
1440 5245 1722 5310 Holstenio
1756 5226 1887 5312 olim
1920 5259 1972 5313 in
1997 5257 2122 5315 Col-

522 5319 738 5378 lectione
764 5325 1002 5384 Romana
1029 5330 1277 5400 bipartito
1303 5337 1517 5408 (Roma:
1550 5344 1712 5414 1762,
1740 5349 1934 5422 iii-8°),
1961 5352 2123 5411 Parte

522 5429 564 5484 ι,
596 5433 650 5489 p.
674 5417 768 5488 45,
800 5421 942 5478 edita
971 5424 1090 5482 fuit.
1115 5459 1172 5470 -
1217 5429 1281 5486 V.
1316 5435 1398 5488 Ad
1428 5417 1957 5514 Episcopos'Africie.
1987 5447 2120 5504 Ser-

525 5526 648 5613 vata
678 5525 772 5613 est
804 5523 998 5591 synodi
1031 5522 1372 5600 Teleptensis
1426 5531 1714 5592 beneﬂcio.
1752 5537 1910 5607 Eam,
1943 5543 2124 5613 qualis

523 5609 578 5664 iu
608 5609 713 5667 hoc
733 5610 986 5672 Concilio
1014 5622 1245 5677 recitata
1265 5633 1374 5693 est,
1394 5627 1655 5686 exhibent
1677 5631 1912 5690 diversae
1936 5609 2125 5709 eaque

525 5709 865 5781 perstitiqute
907 5710 1122 5771 Concil.
1155 5725 1212 5774 et
1257 5717 1464 5778 Pontif.
1507 5723 1686 5796 Epist.
1733 5725 2124 5805 Collectiones,
2188 5775 2190 5778 μ

598 5886 773 5960 (a)ln
798 5863 1046 5954 notisa'd
1077 5893 1282 5958 Cludit.
1331 5892 1427 5972 ss,
1456 5903 1594 5964 Cod.
1623 5897 1772 5968 Eccl.
1801 5910 1921 5971 Afr.
1983 5971 1990 5976 ,
2055 5877 2064 5888 ’

2229 4792 2611 4864 ipsius(Epist.
2629 4794 2732 4867 in),
2757 4805 2816 4850 ut
2836 4795 3118 4852 catholicae
3145 4797 3266 4852 lidei
3295 4807 3351 4853 et
3372 4797 3848 4868 splendidissima:

2229 4885 2376 4943 urbis
2404 4886 2650 4958 dignitati
2682 4889 3124 4959 convenientem,
3155 4890 3414 4946 laudavit.

2297 5076 2354 5132 ‘2.
2379 5075 2536 5132 Gesta
2556 5085 2737 5131 contra
2767 5074 3217 5132 Priscillianistas.
3248 5106 3319 5118 —
3351 5074 3645 5146 Epistolze,
3681 5092 3849 5148 quam

2231 5171 2500 5227 Maximus
2526 5171 2723 5228 Siricio
2778 5171 3081 5243 re~cripsit,
3113 5170 3434 5241 adjunxerat
3467 5169 3614 5225 idem
3667 5169 3851 5242 impe-

2231 5277 2380 5324 rator
2422 5266 2718 5322 novissima
2758 5276 2948 5323 contra
2980 5266 3333 5332 Manicbaaos,
3368 5266 3473 5320 boc
3500 5275 3591 5320 est
3621 5265 3852 5321 Priscil-

2232 5359 2498 5426 lianistas,
2530 5369 2705 5431 gesta,
2733 5361 2928 5432 quibus
2949 5359 3078 5431 quid
3110 5358 3188 5414 illi
3213 5359 3436 5416 sceleris
3457 5357 3848 5428 admitterent,

2231 5453 2474 5524 ipsorum
2518 5455 2867 5512 confessione
2917 5466 3256 5527 compertum
3301 5453 3610 5512 habebatur
3637 5455 3848 5528 (Epist.

2228 5547 2336 5621 ιιι).
2360 5547 2467 5606 Sed
2493 5549 2819 5606 exciderunt
2842 5549 2960 5607 hinc
2983 5559 3158 5622 gesta.

2981 5644 3073 5702 ill.

2300 5738 2359 5795 3.
2393 5737 2579 5797 Siricii
2619 5739 2692 5795 ad
2722 5740 2983 5813 Anysiunt
3008 5740 3248 5814 epistola.
3268 5769 3344 5786 —
3368 5739 3486 5798 Non
3517 5740 3686 5812 longe
3721 5745 3850 5813 post
