4048 6350
220 265 244 324 l
260 266 348 325 l2!
528 260 531 263 ¹
1594 259 1838 325 PROLEl

1947 266 2129 325 lENA.

217 382 556 457 pontiﬁcatus
593 382 774 440 Siricii
807 381 1074 455 principia
1113 381 1435 442 differendae
1478 393 1606 441 sunt
1646 385 1817 456 ipsius
1845 393 1900 455 Α

214 478 279 535 ad
322 477 583 548 Anysium
632 477 1185 550 Thessalonicensem
1230 479 1532 535 antistitem
1579 479 1814 544 litterae,

215 573 531 630 Candidiani
581 572 820 643 episcopi
868 586 1036 643 Opera
1082 573 1557 647 pi-rlatze,-qttibus
1586 574 1819 632 Siricius

217 668 421 741 Anysio
449 680 580 723 suas
611 683 707 735 per
728 666 1002 740 Illyricum
1040 669 1189 726 vices
1214 671 1595 727 committebat
1617 671 1816 745 (Epist.

217 761 291 831 tv)
316 803 332 829 ,
357 760 786 831 nominatimque
809 761 1180 831 praecipiebat,
1201 772 1257 818 ut
1283 763 1335 818 in
1364 764 1478 820 illis
1501 765 1818 835 regionibus

218 854 346 909 nulli
395 855 683 926 episcopos
727 854 988 912 ordinare
1016 856 1123 912 nisi
1148 871 1273 913 cum
1316 856 1492 927 ipsius
1542 873 1819 917 consensu

218 943 427 1002 liceret.

3376 273 3521 339 Il”

1994 478 2049 533 6.
2089 477 2238 532 Anno
2253 477 2380 535 592.
2414 478 2595 550 Anysii
2610 488 2658 533 et
2676 478 2937 533 sociorum
2958 477 3026 533 ad
3044 478 3291 536 Siricium
3311 480 3519 539 litteraz.

1920 571 2253 643 -—Capuana
2280 574 2525 645 synodus
2548 573 2746 629 Bonosi
2770 572 3116 631 Sardicensis
3141 576 3408 647 episcopi,
3432 577 3527 647 qui

1921 665 2197 722 haereseos
2225 666 2611 733 accusabatur,
2644 681 2867 722 causam
2898 665 3108 739 Anysio
3140 668 3371 739 aliisque
3393 668 3523 742 Illy-

1920 758 2019 814 rici
2050 759 2323 831 episcopis
2346 760 2781 830 cognoscendam
2813 759 3095 831 delegarat
3115 760 3313 830 (Epist.
3338 766 3392 828 9,
3417 779 3474 818 η.
3491 763 3518 819 1

1920 862 1970 908 et
1990 851 2069 924 5).
2104 851 2164 907 lli
2194 868 2327 907 vero
2357 866 2456 908 seu
2479 867 2662 908 causa:
2693 852 3072 924 magnitudine
3105 853 3379 921 deterriti,
3426 868 3528 912 seu

1921 958 2036 1014 prae
2079 943 2345 1000 modestia
2376 954 2433 1000 et
2471 943 2727 1011 singulari
2768 959 2898 1016 erga
2944 946 3129 1001 sedem
3173 946 3529 1017 apostolicztm

1922 1035 2293 1103 observantia,
2324 1036 2391 1092 ad
2426 1037 2681 1094 Siricium
2728 1042 3001 1093 miserunt
3041 1037 3273 1106 litteras,
3330 1039 3529 1108 quibus

1921 1130 2092 1200 ipsius
2120 1130 2188 1185 de
2241 1129 2336 1184 illo
2380 1132 2638 1199 episc0po
2694 1132 3023 1186 sententiam
3071 1130 3524 1189 sciscitabantur.

1923 1222 2124 1279 Iisdem
2147 1223 2347 1279 litteris
2386 1223 2630 1295 Quaedam
2659 1223 3219 1297 adjunxerantgesta,
3278 1224 3527 1281 nomina-

1923 1316 2130 1385 timque
2149 1316 2314 1372 Basso
2338 1320 2601 1387 episcopo
2628 1317 2681 1371 in
2706 1319 3041 1373 consortimn
3066 1317 3322 1389 regendae
3349 1319 3529 1377 eccle—

1922 1396 2023 1466 site
2050 1409 2409 1467 Senecionem
2449 1410 2637 1467 datum
2680 1426 2803 1468 esse
2825 1411 3227 1482 significabant.
3286 1410 3357 1468 lis
3397 1411 3532 1485 quid

1924 1504 2267 1575 rescripserit
2296 1502 2546 1574 Siricius,
2578 1504 2751 1575 ipsius
2778 1504 3010 1575 epistola
3051 1504 3085 1561 9
3116 1520 3216 1563 nos
3244 1503 3429 1563 docet.

2660 1618 2771 1674 Vl].

2002 1712 2054 1769 7.
2082 1712 2263 1767 Siricii
2290 1713 2477 1768 littera:
2514 1712 2583 1766 ad
2635 1711 2984 1769 Theodosium
3022 1714 3152 1783 imp.
3183 1724 3365 1771 contra
3403 1712 3536 1772 Fla-

1930 1805 2156 1858 vianum.
2187 1804 2681 1867 —'l'heodoretus,
2724 1805 2818 1861 lib.
2863 1822 2894 1859 v
2942 1807 3081 1864 Hist.
3131 1810 3295 1876 eccl.,
3341 1823 3393 1865 c.
3434 1810 3531 1880 ει,

1928 1906 2113 1953 narrat
2138 1897 2474 1955 simultatem
2503 1913 2626 1968 quae
2653 1898 2933 1955 Romanos
2957 1898 3101 1956 inter
3134 1911 3191 1957 et
3216 1900 3530 1961 Orientales

1929 1991 2178 2047 ecclesiae
2209 1991 2569 2048 Antiochenaa
2609 1997 2908 2051 occasione
2956 1995 3354 2063 intercedebat,
3409 1997 3536 2059 aliis

1931 2082 2180 2151 Paulino,
2211 2084 2333 2140 aliis
2356 2085 2615 2140 Flaviano
2646 2086 2851 2142 Meletii
2876 2090 3182 2144 successori
3201 2088 3535 2159 faventibus,

1932 2192 2034 2233 nec
2064 2177 2273 2233 Paulini
2302 2190 2479 2235 morte
2503 2182 2826 2235 exstinctam
2852 2179 3042 2238 fuisse.
3117 2183 3255 2239 Tum
3287 2184 3435 2240 enim
3482 2185 3540 2241 in

1933 2270 2082 2327 illius
2121 2271 2306 2327 locum
2350 2274 2649 2343 subrogato
2687 2273 2917 2344 Evagrio
2961 2292 2981 2327 ι
3023 2274 3286 2337 adversus
3326 2274 3545 2334 Flavia-

1934 2381 2087 2428 num,
2126 2384 2145 2418 ι
2179 2365 2353 2435 inquit
2400 2365 2542 2422 idem
2597 2364 2978 2423 Theodoretus
3010 2407 3025 2433 ,
3074 2367 3459 2425 Occidentales
3486 2378 3545 2427 et

1935 2458 2201 2531 IEgyptii,
2237 2476 2257 2511 ι
2286 2457 2583 2515 Theodosii
2612 2458 2961 2529 imperatoris
2986 2461 3213 2517 auribus
3237 2462 3542 2532 subrepere

1939 2558 2236 2607 tentarunt.
2266 2550 2368 2619 Qui
2399 2554 2598 2622 sarpius
2626 2552 3027 2619 interpellatus,
3077 2553 3545 2627 Constantinopo-

1938 2646 2030 2700 lim
2053 2661 2178 2700 enm
2202 2644 2439 2711 accivit,
2473 2653 2639 2715 utque
2658 2644 2883 2701 Romam
2911 2645 3355 2716 proﬁcisceretur
3384 2663 3543 2705 man-

1940 2737 2106 2794 davit.
2140 2736 2249 2794 Sed
2281 2736 2597 2805 Flavianus,
2626 2752 2749 2793 cum
2782 2748 2838 2794 et
2864 2738 3153 2794 hibernum
3174 2749 3390 2807 tempus
3411 2755 3543 2797 cau-

1941 2841 2089 2889 satus
2118 2840 2288 2898 esset,
2339 2840 2397 2887 et
2433 2832 2653 2887 ineunte
2708 2848 2836 2889 vere
2885 2833 3151 2888 facturum
3179 2849 3240 2888 se
3282 2833 3548 2904 imperata

1945 2922 2312 2993 promisisset,
2344 2921 2395 2976 in
2432 2923 2660 2989 patriam
2690 2938 2945 2979 reversus
2966 2932 3070 2978 est.
3104 2922 3278 2979 Porro
3296 2938 3419 2980 cum
3443 2923 3555 2980 Ro—

1946 3031 2122 3070 mana:
2154 3014 2303 3069 urbis
2332 3014 2577 3086 episcopi
2606 3030 2713 3071 non
2746 3016 2923 3071 solum
2974 3016 3324 3072 admirandus
3352 3017 3549 3074 Dama-

981 1041 1074 1099 IV.

293 1174 345 1230 4.
369 1175 491 1231 Post
527 1193 652 1231 ann.
673 1174 782 1233 586
811 1176 989 1232 Siricii
1019 1177 1085 1232 de
1112 1176 1512 1234 lthacianorum
1543 1196 1701 1235 causa
1733 1180 1823 1235 lit-

224 1276 364 1324 teris.
396 1299 467 1312 -—
492 1269 753 1335 Itbacius,
778 1278 837 1324 ut
861 1270 1002 1340 apud
1041 1272 1344 1342 Sulpicium
1390 1272 1654 1329 Severum
1684 1274 1822 1346 legi—

219 1371 323 1428 tur,
347 1362 732 1431 Sussubensis,
761 1379 857 1418 seu
888 1365 1069 1435 ponus
1089 1364 1498 1423 Ossonobensis
1522 1367 1577 1422 in
1609 1367 1823 1423 Lusita-

220 1454 307 1511 nia
355 1454 669 1525 episcopus.
722 1455 1130 1512 inconsiderato
1176 1459 1445 1515 adversus
1491 1458 1820 1515 Priscilliani

221 1548 472 1604 hmesim
500 1549 685 1604 studio
715 1549 997 1619 abreptus,
1027 1550 1167 1621 apud
1202 1551 1492 1608 Maximum
1520 1554 1823 1621 imperato-

219 1652 333 1694 rem
363 1638 644 1705 ell'ecerat,
678 1650 736 1693 ut
762 1640 1003 1715 primarii
1031 1642 1256 1698 haeresis
1288 1644 1445 1713 hujus
1476 1644 1644 1700 duces
1669 1659 1814 1701 anno

218 1732 324 1790 383
354 1743 525 1788 morte
557 1733 903 1802 punirentur.
950 1733 1271 1806 llujusmodi
1312 1735 1509 1807 agendi
1542 1738 1817 1794 rationem

219 1827 287 1881 ab
314 1826 628 1894 evangelica
652 1827 769 1897 lege
792 1828 1218 1900 abhorrerejam
1244 1839 1461 1885 notarat
1483 1831 1660 1888 Julius
1684 1848 1820 1903 papa

220 1930 277 1979 et
300 1921 619 1976 Eusebianis
647 1922 895 1977 eamdem
941 1924 1250 1979 tenentibus
1292 1924 1591 1993 scripserat
1624 1922 1821 1997 (Epist.

225 2030 268 2082 ι,
293 2013 457 2081 ιι.22)
484 2029 497 2066 :
528 2031 547 2065 ς
570 2012 614 2067 Ο
636 2012 842 2079 dilecti,
869 2029 973 2068 non
994 2013 1107 2085 jam
1131 2015 1378 2070 ecclesiae
1394 2015 1602 2086 judicia
1630 2031 1826 2072 secun-

226 2107 351 2164 dum
387 2106 762 2178 Evangelium,
788 2106 880 2163 sed
904 2106 972 2162 ad
1002 2108 1176 2163 exsilii
1204 2123 1268 2164 ac
1299 2109 1488 2164 mortis
1522 2124 1708 2178 poenas
1734 2108 1828 2164 de-

227 2210 543 2256 cernuntur.
582 2218 602 2253 s
639 2199 906 2269 Quocirca
957 2202 1133 2258 sancti
1178 2207 1235 2258 et
1261 2202 1514 2259 catholici
1545 2205 1824 2274 episcotii,

228 2293 449 2351 crudele
473 2292 657 2349 lthacii
690 2308 753 2348 ac
776 2295 1052 2350 sociorum
1078 2296 1288 2351 facinus
1309 2306 1684 2362 exsecrantes,
1704 2312 1827 2353 cum

232 2386 471 2457 ipsorum
491 2426 506 2450 ,
548 2393 660 2440 tum
693 2385 915 2455 Felicis,
945 2387 1040 2457 qui
1071 2388 1137 2442 ab
1166 2388 1360 2445 iisdem
1388 2405 1531 2444 anno
1560 2391 1668 2447 586
1690 2390 1828 2447 Tre-

233 2495 485 2535 verorum
508 2480 803 2550 episcOpus
832 2478 1116 2536 ordinatus
1146 2480 1349 2548 fuerat,
1390 2481 1831 2538 communionem

234 2574 608 2644 repudiarunt.
631 2574 761 2630 Erat
787 2575 1003 2646 quidem
1036 2574 1212 2640 Felix,
1244 2586 1382 2632 teste
1412 2576 1655 2647 Sulpicio
1690 2576 1829 2649 (Lib.

235 2679 271 2721 tt
311 2664 413 2721 Vit.
440 2666 503 2723 S.
532 2664 738 2738 Μαι),
773 2667 859 2722 vir
885 2667 1286 2735 sanctissimus,
1329 2675 1387 2725 et
1428 2669 1589 2739 plane
1636 2668 1835 2739 dignus

232 2760 321 2831 qui
350 2759 560 2815 meliori
587 2769 834 2830 tempore
851 2762 1109 2816 sacerdos
1140 2762 1294 2818 ﬁeret
1326 2781 1338 2816 :
1370 2762 1465 2818 sed
1490 2779 1613 2819 cum
1643 2762 1713 2820 ab
1742 2764 1832 2831 iis,

236 2854 323 2922 qui
352 2852 538 2909 Ithacii
567 2868 630 2908 ac
657 2855 932 2909 sociorum
977 2853 1221 2911 facinora
1269 2856 1678 2926 improbabant,
1713 2874 1838 2927 pro-

239 2947 352 3003 bari
383 2963 487 3003 non
514 2954 701 3017 posset
719 2948 837 3018 ejus
863 2947 1159 3015 ordinatio,
1194 2949 1321 3005 hinc
1350 2960 1535 3004 natum
1562 2960 1647 3005 est
1667 2952 1838 3007 schis-

240 3059 348 3099 ma.
382 3043 550 3111 llnjns
571 3043 934 3113 componendi
977 3045 1150 3113 gratia
1183 3043 1404 3114 scripsit
1425 3044 1655 3099 Siricius
1688 3046 1841 3101 litte-

240 3151 362 3197 ras.
413 3152 531 3206 quae
583 3137 637 3192 in
664 3137 900 3192 concilio
945 3135 1274 3192 Taurinensi
1314 3137 1455 3193 circa
1501 3152 1700 3192 annum
1734 3138 1837 3194 593

1944 3122 2058 3169 sus,
2092 3107 2185 3162 sed
2212 3116 2268 3161 et
2294 3121 2581 3163 successor
2609 3109 2728 3177 ejus
2751 3109 3005 3176 Siricius,
3057 3117 3114 3165 et
3138 3120 3261 3179 post
3288 3111 3545 3167 Siricium

242 3184 576 3285 habitolcan.
598 3184 1055 3295 (i,inemorantur
1076 3246 1139 3285 ac
1164 3231 1462 3301 probantur
1484 3230 1535 3283 in
1564 3229 1707 3284 hunc
1724 3245 1838 3285 mo-
1866 3184 1912 3249 Ο
1942 3199 2263 3301 θξ¹³⁵ί³⁵ί¹¹⁸
2290 3199 2434 3268 pium
2467 3202 2855 3301 ίῗηνθηιθηξη
2876 3200 3057 3301 “Prius
3073 3200 3545 3301 νθῗδίὼηίῗδθηίν

240 3322 370 3379 dum
404 3345 417 3377 :
455 3340 473 3374 t
507 3321 644 3377 Illud
674 3333 939 3391 praeterea
964 3323 1213 3379 decrevit
1254 3334 1444 3379 sancta
1473 3323 1716 3394 synodus
1737 3365 1752 3389 ,
1783 3333 1844 3379 ut

243 3415 498 3486 quoniam
522 3415 725 3485 legatos
756 3416 1000 3486 episcopi
1045 3415 1345 3472 Galliarum
1374 3416 1465 3486 qui
1497 3416 1669 3473 Felici
1693 3431 1843 3474 com-

242 3508 525 3563 municant
552 3507 916 3573 destinarant,
942 3496 987 3563 si
1013 3510 1104 3579 qui
1129 3508 1198 3564 ab
1226 3511 1345 3579 ejus
1366 3511 1753 3566 communione
1784 3526 1844 3567 se

245 3601 521 3657 voluerint
548 3611 916 3672 scqttestrare.
960 3601 1013 3656 in
1064 3613 1266 3657 nosme
1315 3603 1471 3672 pacis
1508 3604 1845 3659 consortium

247 3698 639 3767 suscipiantur,
663 3700 817 3769 juxta
839 3697 1048 3755 litteras
1070 3700 1403 3756 venerabilis
1421 3703 1697 3757 memoriae
1719 3704 1851 3757 Am-

249 3792 415 3849 brosii
443 3791 710 3862 episcopi,
750 3793 836 3847 vel
858 3793 1119 3849 Romana:
1146 3796 1397 3851 ecclesia:
1426 3796 1724 3853 sacerdotis
1750 3796 1852 3852 du-

248 3884 379 3940 dum
406 3885 565 3951 latas,
603 3901 725 3956 qua:
753 3885 807 3941 in
836 3887 1073 3943 concilio
1105 3889 1298 3961 legatis
1326 3888 1689 3961 praesentibus
1714 3889 1854 3945 reci-

247 3984 379 4033 tata:
407 3989 553 4033 sunt.
589 3997 609 4032 i
637 3977 745 4033 Has
771 3989 955 4035 autem
987 3981 1198 4036 litteras
1225 3981 1298 4037 ita
1333 3982 1530 4037 dudum
1553 3991 1680 4038 ante
1706 3982 1851 4038 Tau-

246 4073 473 4129 rinense
495 4074 786 4130 concilium
822 4074 1015 4129 missas
1044 4090 1167 4131 esse
1192 4075 1606 4133 concedendum
1639 4086 1724 4132 est
1749 4118 1763 4143 ,
1797 4085 1857 4133 ut

251 4183 354 4225 nec
385 4183 587 4224 annum
618 4168 727 4225 586
747 4167 1097 4235 antecedant,
1127 4184 1251 4225 cum
1282 4169 1489 4226 Felicis
1514 4170 1859 4226 ordinatione

250 4261 367 4317 sint
401 4261 757 4333 posueriores.

1032 4438 1039 4451 κο
1066 4375 1126 4431 v'

329 4516 385 4572 ὅ.
436 4513 665 4572 Siricius
685 4513 1011 4570 conditiones
1037 4511 1327 4581 prwscribit
1366 4510 1550 4584 quibus
1576 4526 1684 4579 pax
1705 4509 1857 4566 Pris-

1943 3290 2093 3346 illum
2127 3302 2387 3364 tyrannos
2411 3290 2626 3362 quidem
2659 3334 2674 3357 ,
2727 3292 2821 3363 qui
2850 3292 3116 3348 adversus
3151 3295 3325 3365 ipsum
3368 3295 3551 3352 insur-

1938 3395 2167 3457 gerent,
2194 3387 2503 3457 0pprimere
2533 3385 2808 3451 dicentes,
2855 3402 2952 3443 eos
2985 3403 3110 3444 vero
3138 3389 3231 3460 qui
3257 3388 3364 3460 legi
3391 3387 3549 3448 Chri-

1946 3478 2018 3535 5ti
2048 3479 2378 3535 insultarent
2404 3522 2418 3546 ,
2458 3479 2569 3551 pati
2600 3484 2942 3551 tyrannicam
2966 3481 3374 3539 damnationem
3398 3498 3560 3541 exer-

1946 3583 2155 3643 centes,
2189 3590 2379 3630 rursus
2402 3591 2525 3630 eum
2558 3578 3097 3648 Constantinopolim
3130 3587 3448 3647 evocatum,
3489 3588 3553 3639 ut

1946 3667 2175 3723 Romam
2206 3668 2514 3740 navigaret,
2543 3685 2739 3741 cogere
2767 3670 3022 3728 instituit.
3056 3690 3076 3725 ι

2019 3762 2074 3818 8.
2113 3763 2172 3818 In
2208 3761 2393 3817 multis
2419 3762 2639 3834 quidem
2685 3774 2875 3834 peccat
2901 3764 3019 3820 haec
3045 3764 3378 3825 Theodoreti
3425 3781 3551 3825 nar-

1950 3858 2110 3915 ratio.
2138 3857 2273 3913 Nam
2300 3866 2357 3914 et
2383 3868 2510 3915 ante
2530 3859 2934 3919 ordinationem
2957 3861 3175 3933 Evagrii
3203 3863 3310 3919 vita
3336 3863 3558 3923 iunctus

1951 3963 2032 4009 est
2067 3954 2348 4019 Damasus,
2371 3963 2427 4008 ct
2451 3952 2519 4009 ad
2550 3956 2822 4012 Anastasii
2849 3972 3002 4028 papa:
3024 3965 3268 4029 tempora
3295 3958 3551 4017 Theodo-

1952 4046 2069 4103 sius
2094 4048 2392 4118 imperator
2417 4064 2527 4105 non
2553 4049 2819 4118 pervenit.
2857 4050 3061 4107 Deinde
3082 4067 3149 4108 ex
3182 4052 3456 4109 Ambrosii
3484 4051 3555 4109 ad

1887 4147 1891 4152 '
1955 4138 2318 4209 Theophilum
2349 4141 2579 4211 epistola
2619 4140 2690 4196 56
2713 4151 2932 4197 COIlSlal.
2957 4140 3198 4197 Flaviani
3223 4142 3552 4214 Evagriique

1958 4247 2179 4288 causam
2208 4247 2238 4286 a
2263 4232 2477 4305 synodo
2504 4231 2762 4303 Capuana
2808 4248 2913 4289 non
2959 4233 3209 4292 Romano
3259 4236 3519 4307 episcopo
3545 4276 3565 4306 ,

1959 4324 2054 4380 sed
2086 4323 2391 4395 Theophilo
2429 4324 2800 4381 Alexandrino
2854 4324 3236 4399 [Egyptiisque
3283 4329 3562 4402 episcopis

1961 4414 2128 4472 fuisse
2156 4416 2483 4489 delegatum,
2536 4435 2555 4469 ι
2581 4417 2728 4488 quod
2777 4419 2959 4474 neutri
2996 4421 3131 4489 parti
3168 4422 3376 4477 sociata
3420 4424 3572 4479 cem-

1963 4510 2242 4575 munione,
2274 4508 2458 4581 aliquo
2486 4508 2674 4567 favore
2703 4512 3133 4584 propenderent.
3184 4532 3203 4569 ι
3233 4513 3390 4573 Unde
3449 4531 3569 4572 rur-

255 4610 556 4667 cillionistis
584 4608 853 4664 reddatur.
878 4636 951 4649 —
976 4577 1165 4676 Neque
1196 4605 1266 4661 iis
1289 4577 1458 4662 etiam
1500 4577 1734 4661 Siricius
1762 4604 1859 4660 de-
1885 4577 1940 4638 D
1963 4616 2082 4657 smn
2109 4577 2401 4674 corrigitur
2420 4577 2825 4672 Theodoretus,
2846 4606 2937 4675 qui
2961 4604 3247 4679 [Egyptios
3270 4619 3326 4662 nt
3351 4606 3567 4666 Flavia.

256 4704 385 4770 fuit,
416 4705 566 4776 quia
597 4703 927 4761 Priscilliani
976 4701 1173 4757 haeresi
1221 4701 1288 4756 ad
1336 4700 1636 4756 Ecclesiam
1680 4700 1866 4756 redire
1966 4711 2038 4753 no
2083 4696 2332 4753 infensos
2363 4706 2743 4767 raepresentat.
2792 4697 2901 4754 Sed
2949 4699 3001 4754 in
3045 4715 3111 4755 eo
3150 4701 3295 4773 quod
3325 4700 3491 4759 habet
3522 4702 3569 4760 is

258 4798 591 4853 voluissent.
644 4796 871 4867 Hispani
901 4796 1106 4867 quippe
1126 4794 1182 4851 in
1203 4794 1376 4865 gestis
1403 4794 1671 4849 Toletano
1695 4809 1711 4848 t
1735 4808 1868 4849 con-
1961 4793 2199 4861 scriptor
2223 4791 2292 4847 de
2316 4790 2483 4860 jussis
2522 4791 2899 4862 imperialibus
2927 4809 2957 4849 a
2987 4793 3252 4852 Flaviano
3275 4796 3561 4869 neglectis,

261 4891 397 4949 cilio
424 4890 691 4947 subnex‘ts
715 4891 994 4946 Ambrosii
1023 4889 1250 4946 laudant
1272 4890 1485 4945 litteras
1507 4900 1631 4960 post
1657 4888 1865 4944 Caesar-
1966 4899 2031 4940 ac
2054 4884 2123 4940 de
2148 4884 2408 4940 facultate
2430 4899 2590 4955 quam
2616 4899 2647 4938 a
2674 4884 2991 4944 Theodosio
3019 4896 3079 4943 ut
3102 4888 3169 4943 ad
3222 4889 3450 4959 patriam
3482 4903 3573 4945 re-

260 4995 627 5056 angustanum
657 4984 952 5040 concilium
974 5025 989 5048 ,
1039 4983 1142 5038 hoc
1188 4992 1269 5039 est
1293 5022 1310 5050 ,
1343 4991 1465 5052 post
1516 4996 1718 5037 annum
1762 4980 1864 5037 581
1966 4979 2108 5035 diret
2138 4978 2474 5049 impetravit,
2496 4979 2972 5071 consentitaliqno
2996 4981 3157 5038 modo
3186 4996 3309 5037 cum
3335 4980 3571 5039 Ambro-

262 5078 527 5149 scriptas,
583 5093 645 5133 ac
686 5076 888 5133 deinde
915 5076 1241 5132 Priscilliani
1264 5076 1494 5132 asseclis
1521 5090 1709 5147 pacem
1741 5089 1873 5131 con-
1975 5074 2075 5138 sio,
2102 5074 2193 5143 qui
2225 5073 2541 5129 Flavianum
2570 5093 2591 5128 α
2612 5090 2714 5133 nec
2738 5076 3113 5147 imperialibus
3145 5076 3383 5135 decretis
3404 5098 3424 5132 ι
3454 5078 3578 5146 qui-

263 5172 569 5230 cedendam
621 5172 967 5243 pollicentur,
1004 5190 1025 5224 i
1058 5170 1105 5225 si
1131 5171 1729 5240 condentnassentqnae
1750 5183 1875 5238 per-

267 5281 457 5339 peram
487 5275 732 5337 egerant,
766 5274 820 5319 et
852 5263 1177 5333 implessent
1205 5262 1551 5318 conditiones
1580 5275 1715 5333 quas
1735 5274 1876 5330 prte-

267 5361 508 5430 scriptas
534 5357 840 5429 (Ambrosii)
882 5356 1080 5411 littera:
1111 5355 1483 5421 continebant,
1532 5355 1597 5411 iis
1628 5354 1828 5409 additis
1855 5395 1872 5422 ,

265 5466 394 5521 quze
446 5460 654 5505 sancta:
712 5450 997 5505 memoria:
1055 5448 1284 5503 Siricius
1349 5462 1483 5516 papa
1530 5447 1817 5502 suasisset.
1849 5463 1869 5498 ι

272 5541 429 5600 Unde
453 5541 711 5612 colligere
733 5550 819 5596 est
862 5540 1096 5608 scriptas
1137 5554 1259 5594 esse
1306 5555 1338 5594 a
1385 5537 1586 5596 Siricio
1628 5538 1873 5603 litteras,

267 5634 472 5705 quibus
499 5632 892 5704 prmscribebat
921 5642 1085 5703 atque
1126 5631 1393 5688 suadebat
1417 5647 1538 5701 qua:
1578 5646 1608 5686 a
1647 5630 1875 5687 Priscil-

271 5726 515 5782 lianistis
549 5725 859 5796 praestanda
885 5736 1067 5793 erant,
1100 5734 1160 5782 ut
1207 5724 1276 5781 ad
1326 5724 1587 5781 Ecclesiae
1624 5738 1874 5780 commu-

277 5819 501 5882 nionem
534 5819 974 5878 admittercnwr.

1975 5165 2076 5221 bus
2102 5166 2245 5237 apud
2288 5165 2501 5236 judices
2535 5170 2871 5238 przestitutos
2900 5169 3095 5235 sistere
3143 5183 3203 5225 se
3246 5170 3573 5240 jubebatur,

1982 5276 2003 5310 ‹
2032 5273 2134 5314 nec
2155 5258 2497 5315 sacerdotum
2520 5262 2813 5317 convenlui
2856 5262 3200 5331 praesentiam
3222 5265 3305 5318 sui
3334 5261 3516 5319 facere
3550 5282 3571 5317 ι

1977 5352 2238 5419 voluisse,
2262 5353 2432 5409 immo
2460 5368 2586 5409 eum
2619 5372 2638 5407 ι
2669 5353 2867 5409 iterum
2910 5353 2977 5409 ad
3024 5370 3244 5424 precum
3282 5355 3482 5411 auxilia
3526 5366 3584 5413 et

1979 5443 2339 5512 imperialittm
2354 5444 2746 5517 rescriptorum
2762 5445 3013 5517 sull'ragia
3036 5446 3396 5504 remeavisses
3418 5449 3585 5505 tradit

1984 5534 2247 5607 (Ambros.
2279 5538 2530 5608 epist.56.
2555 5554 2610 5593 η.
2644 5540 2680 5595 5
2706 5546 2754 5591 et
2784 5539 2867 5605 4).
2893 5537 3048 5595 Tunc
3073 5554 3205 5594 vero
3225 5540 3279 5595 id
3306 5540 3582 5598 accidisse

1986 5630 2348 5698 probabiliter
2366 5631 2678 5698 credamus,
2707 5641 2768 5687 ut
2794 5630 3022 5690 Siricius
3050 5633 3118 5689 dc
3142 5633 3307 5688 variis
3325 5633 3433 5688 illis
3452 5632 3583 5692 Fla-

1984 5724 2127 5779 viani
2168 5724 2383 5797 effugiis
2404 5724 2737 5789 admonitus,
2766 5740 2925 5782 acres
2953 5726 3163 5781 litteras
3185 5741 3215 5779 a
3239 5725 3585 5786 Theodoreto

1987 5828 2315 5875 tttcmOratas
2362 5818 2429 5874 ad
2477 5817 2845 5877 Theodosium
2874 5818 3182 5892 scripserit,
3220 5818 3419 5893 quibus
3454 5835 3583 5889 eum
