4048 6350
534 297 673 356 1127

1722 287 2044 348 SANCTUS
2082 286 2374 348 SIRICIUS
2412 287 2494 346 PA
2504 289 2613 347 PA.

3690 294 3832 351 1128

530 412 849 470 recouciliat.
876 440 942 454 --
968 409 1157 481 Neque
1180 407 1527 466 ideotantum
1550 406 1759 464 electus
1776 418 1860 463 est
1881 407 2136 473 Aeacius,
2168 409 2213 467 A
2245 421 2366 477 qua:
2396 406 2465 460 ab
2495 404 2723 462 ecclesia
2745 413 2930 463 nostra
2978 414 3129 478 gesta
3174 417 3321 473 sunt,
3365 407 3571 465 nemini
3615 409 3832 467 dubium

533 518 597 567 ut
615 507 980 565 ordinationis
998 506 1222 563 Joannis
1243 504 1525 562 decrelum
1554 503 1742 569 ferret,
1770 503 1864 559 sed
1893 504 2056 558 etiam
2078 513 2135 558 ut

535 601 852 658 Flavianum
875 600 1195 671 episcopum
1225 598 1630 654 Antiochenutn
1663 598 1912 653 Romano
1956 596 2136 668 ponti-

529 694 622 750 ﬁci
653 695 1059 751 reettnciliaret.
1086 694 1254 763 Quam
1276 693 1348 748 ob
1367 707 1588 749 causam
1617 708 1643 745 a
1670 691 1880 747 Joanne
1900 690 2018 760 ipso
2047 706 2137 745 ro-

530 797 693 860 gatus
718 786 1056 859 Theophilus
1080 786 1502 854 Alexandrinus,
1550 785 1814 842 Isidorum
1871 798 2137 840 veneran-

533 882 662 940 dum
693 882 939 942 ecclesiae
964 881 1358 939 Alexandrina:
1387 881 1794 954 presbyterum,
1854 879 1923 933 ab
1962 878 2132 934 Atha-

531 980 688 1036 nasio
711 977 988 1051 quondam
1015 976 1354 1043 ordinatum,
1384 974 1642 1047 legationi
1698 973 1825 1028 huic
1854 970 2131 1041 adjunxit.

532 1072 668 1129 Rem
704 1071 1044 1129 Sozomenus
1074 1069 1155 1126 sic
1190 1077 1414 1124 narrat:
1455 1086 1475 1121 ι
1511 1064 1836 1124 ΙοιηιηθεῚιι
1871 1065 1994 1135 ipso
2023 1063 2137 1136 epi-

537 1179 793 1239 sc0patus
822 1167 907 1222 sui
939 1164 1187 1229 exordio,
1215 1180 1339 1221 cum
1376 1162 1755 1221 Occidentales
1800 1169 1857 1216 et
1892 1157 2137 1231 Egyptii

536 1261 854 1319 sacerdotes
878 1260 1092 1315 Paulini
1138 1259 1315 1331 gratia
1337 1258 1405 1313 ab
1444 1254 1818 1313 Orientalibus
1863 1251 2138 1323 episcopis

531 1355 711 1412 adhuc
731 1353 1090 1419 dissidercnt,
1116 1350 1477 1423 TbeOphilunt
1509 1348 1741 1421 rogavit,
1775 1358 1835 1404 ut
1862 1344 2139 1417 suamipsi

529 1465 754 1523 cperam
776 1448 1174 1515 commodaret,
1203 1456 1258 1501 et
1302 1444 1604 1500 Romanum
1652 1442 1968 1514 episcopum
2014 1439 2140 1495 Fla-

526 1543 685 1599 viano
718 1540 1114 1599 reconciliaret.
1148 1538 1303 1607 Quod
1326 1553 1450 1594 cum
1481 1536 1796 1608 placuisset,
1828 1534 1984 1589 electi
2012 1542 2140 1587 sunt

533 1637 603 1694 ad
642 1636 694 1693 id
726 1640 1003 1707 negotium
1032 1633 1267 1690 Aeacius
1294 1632 1588 1703 episcopus
1638 1629 1830 1686 Berea:
1878 1638 1933 1683 et
1962 1626 2138 1682 Isido-

536 1746 654 1794 rus,
681 1730 730 1786 is
757 1729 913 1801 cujus
941 1728 1114 1801 gratia
1139 1726 1479 1799 Theophilus
1526 1724 1754 1781 Joannis
1805 1721 2138 1779 ordinationi

2239 513 2321 555 est
2346 499 2655 555 Flavianum
2678 501 3076 575 communionis
3105 504 3332 574 gratiam
3357 505 3680 574 recepisse;
3732 521 3832 575 qua

2238 595 2293 651 in
2329 605 2644 665 perpetuum
2675 574 2947 661 caruerat,
2978 596 3080 651 nisi
3104 596 3242 651 Hinc
3297 615 3451 666 super
3503 601 3604 654 hoc
3649 603 3835 673 scripta

2239 699 2569 746 manassent.
2615 708 2634 744 ι
2659 690 2797 746 Tum
2823 691 3124 748 Romanum
3153 694 3480 760 antisﬁtem,
3519 698 3595 749 uti
3640 695 3833 767 (Epist.

2239 784 2331 845 56.
2362 800 2418 849 η,
2452 783 2506 854 7)
2564 785 2894 855 prmdixerat
2922 786 3247 843 Ambrosius
3263 789 3401 853 fore,
3425 789 3625 843 imitati
3650 790 3833 859 plures

2238 875 2640 943 Occidentales,
2694 881 3053 936 Antiochense
3100 882 3349 937 ecclesia:
3399 882 3596 954 legatis
3636 883 3836 942 similes

2241 969 2446 1026 litteras
2477 971 2842 1038 tradiderunt,
2862 990 2998 1042 quas
3018 976 3355 1032 Sozomenus
3387 977 3483 1033 lib.
3512 979 3568 1043 8,
3601 992 3653 1034 c.
3673 980 3836 1049 ἵκεθ-

2242 1066 2473 1120 neratim
2499 1066 2741 1124 indicare
2767 1070 2901 1124 satis
2928 1069 3116 1137 habet,
3140 1070 3332 1127 dicens
3359 1071 3621 1129 Acacium
3668 1074 3831 1131 Roma

2240 1157 2291 1213 iu
2323 1157 2537 1231 Syriam
2566 1177 2842 1219 reversum
2876 1162 3256 1238 Egyptiorum
3285 1166 3828 1243 Occidentaliumque

2240 1252 2495 1323 pacificas
2518 1254 2728 1311 litteras
2760 1256 3022 1315 Flaviano
3051 1260 3328 1318 retulisse.

2240 1367 2287 1417 2.
2313 1367 2525 1420 Decreta
2569 1370 2812 1442 nonnulla_
2838 1371 3013 1423 Siricio
3051 1389 3187 1442 papae
3211 1377 3257 1424 in
3275 1376 3399 1429 llbro
3423 1378 3691 1442 pontiﬁcali
3705 1382 3835 1431 attri-

2800 1434 2916 1485 buta
2943 1434 3278 1488 excutiuntur.

2314 1536 2553 1623 i.Siricii
2570 1540 2902 1596 constitutum
2913 1555 3097 1598 contra
3119 1561 3294 1600 omnes
3308 1546 3837 1619 hereses—Quam-

2242 1628 2323 1683 vis
2365 1628 2486 1685 libri
2517 1631 2842 1702 pnntiﬁcalis
2870 1649 2992 1689 cum
3043 1636 3095 1691 in
3141 1638 3349 1704 multis,
3382 1648 3493 1695 tum
3527 1643 3579 1697 in
3604 1642 3671 1697 iis
3719 1659 3838 1715 qua:

2243 1736 2273 1776 a
2296 1721 2554 1778 Romanis
2575 1726 2925 1796 pontificibus
2954 1730 3246 1785 constituta
3269 1746 3391 1788 esse
3406 1734 3590 1800 tradit,
3618 1736 3754 1790 levis
3778 1752 3839 1793 ae

533 1827 854 1883 adversatus
886 1822 1085 1879 fuerat.
1128 1841 1149 1876 s
1175 1822 1254 1878 De
1284 1821 1495 1879 Isidoro
1516 1820 1712 1877 eodem
1753 1818 2034 1876 Palladius
2081 1816 2135 1873 in
2166 1812 2214 1874 B
2241 1815 2480 1871 sublesta
2509 1815 2580 1871 Sil
2625 1822 2951 1886 auaorilas:
2981 1836 3101 1892 quae
3128 1832 3305 1879 tamen
3362 1824 3556 1882 δίνεοίο
3590 1829 3837 1896 ascribit.

534 1923 751 1994 dialogo
777 1937 901 1978 cum
932 1920 1224 1977 Theodoro
1276 1917 1539 1973 Romanas
1589 1915 1840 1973 ecclesia:
1897 1914 2132 1970 diacono

533 2018 851 2088 colloquens
873 2015 981 2071 ait:
1020 2032 1040 2067 ι
1077 2013 1160 2069 'I‘u
1204 2026 1335 2069 vero
1375 2023 1431 2067 et
1478 2010 1596 2082 ipse
1640 2010 1784 2065 nosti
1831 2006 2130 2071 hominem,

536 2110 755 2181 quando
781 2124 902 2165 cum
927 2107 1127 2164 Acacio
1155 2106 1386 2162 veniens
1413 2103 1654 2158 Flaviani
1684 2116 1806 2157 cum
1828 2098 2134 2171 Theophila

538 2202 974 2259 communionem
996 2200 1178 2255 attulit
1198 2198 1388 2268 viginti
1437 2210 1614 2252 annos
1652 2196 1937 2265 abruptam
1985 2194 2131 2250 beati

537 2294 755 2366 Evagrii
778 2309 965 2351 causa.
1003 2313 1024 2348 ι
1055 2291 1239 2364 Neque
1262 2291 1351 2347 hic
1392 2289 1701 2356 tacendum,
1729 2288 1873 2359 quod
1900 2288 1969 2343 de
1991 2288 2134 2357 lega-

539 2386 688 2445 tione
712 2387 804 2443 illa
832 2384 1214 2442 Theodoretus
1245 2385 1429 2439 habet.
1467 2401 1486 2437 ι
1517 2381 1833 2447 Flavianus,
1866 2399 1886 2434 ι
1937 2380 2131 2450 inquit,

545 2498 567 2533 s
599 2479 852 2553 egregios
881 2478 1149 2551 quosdam
1201 2477 1492 2548 episcopos
1539 2475 1766 2530 Romam
1821 2473 1973 2528 misit
2026 2487 2131 2527 una

536 2591 661 2633 cum
700 2575 909 2647 aliquot
962 2572 1298 2645 presbyteris
1336 2585 1402 2627 ac
1445 2569 1694 2625 diaconis
1745 2565 2132 2624 Antiochensis

532 2667 797 2725 ecclesias.
829 2665 1034 2722 Horum
1061 2664 1303 2719 omnium
1334 2663 1592 2733 princeps
1619 2669 1743 2717 erat
1769 2658 2003 2714 Aeacius
2035 2658 2131 2713 Bc.

537 2775 650 2817 roa:
684 2758 839 2815 urbis
867 2758 1042 2831 Syria:
1071 2757 1437 2829 episcopus...
1466 2754 1565 2811 llic
1590 2770 1694 2809 ttna
1734 2769 1856 2808 cum
1907 2752 2132 2823 reliquis

536 2853 764 2909 Romam
796 2853 1024 2910 veniens
1043 2852 1358 2907 diuturnam
1374 2848 1731 2913 simultatem,
1747 2862 1868 2918 quae
1889 2855 2099 2916 septem
2113 2876 2131 2887 -

534 2945 712 3003 decim
757 2959 934 3001 annos
980 2944 1295 3009 duraverat,
1347 2942 1585 3007 sedavit,
1642 2954 1941 3012 pacemque
1989 2939 2132 2994 inter

533 3038 794 3097 ecclesias
819 3039 1154 3107 composuit.
1182 3055 1203 3089 ι
1228 3035 1391 3092 Addit
1421 3034 1641 3107 quidem
1662 3034 1848 3089 statim
1879 3031 2132 3089 Theodo-

533 3143 707 3200 retus,
737 3153 756 3188 ι
778 3133 1019 3190 Praeerat
1045 3142 1173 3187 tunc
1202 3129 1462 3200 temporis
1488 3128 1737 3185 ecclesia:
1763 3126 2023 3182 Romana:
2049 3124 2133 3180 In-

2235 1907 2452 1963 silcntio
2501 1913 2777 1979 praeterire
2827 1930 2932 1968 non
2973 1916 3118 1979 licet,
3171 1918 3407 1975 maxime
3453 1936 3576 1975 cum
3630 1938 3733 1978 nec
3771 1924 3838 1981 ab

2238 2011 2398 2059 aetate
2420 2019 2519 2060 nec
2544 2020 2575 2060 a
2604 2008 3004 2065 consuetudine
3032 2010 3178 2066 illius
3220 2014 3446 2068 omnino
3483 2015 3839 2075 abhorreant.

2237 2094 2422 2152 Primo
2445 2097 2663 2169 quidem
2692 2100 2758 2156 de
2789 2100 2886 2157 illo
2933 2102 2987 2156 in
3029 2101 3137 2159 hoc
3166 2105 3309 2161 libro
3339 2106 3569 2178 legimus
3595 2126 3609 2163 :
3648 2129 3669 2163 ι
3700 2109 3841 2166 Con-

2237 2191 2483 2246 stitutum
2514 2191 2638 2249 fecit
2671 2193 2741 2251 de
2764 2195 2915 2250 omni
2940 2196 3188 2253 Ecclesia
3219 2209 3273 2254 et
3297 2214 3487 2257 contra
3510 2219 3709 2261 omnes
3735 2205 3841 2261 h2-

2237 2297 2410 2351 reses,
2438 2293 2496 2339 et
2519 2284 2778 2356 dispersit
2810 2302 2909 2358 per
2963 2291 3278 2347 universum
3340 2296 3604 2350 mundum
3632 2313 3695 2353 ac
3746 2313 3840 2369 per

2235 2391 2425 2433 omnes
2446 2378 2779 2448 provincias,
2813 2392 2870 2435 ut
2899 2380 2953 2436 in
2980 2382 3129 2438 omni
3155 2385 3375 2443 archivo
3405 2388 3660 2444 ecclesia:
3707 2405 3839 2448 con-

2236 2480 2551 2527 servaretur
2574 2472 2644 2527 ob
2675 2478 3141 2546 oppugnationem
3169 2490 3359 2534 contra
3407 2497 3608 2538 omnes
3661 2484 3840 2543 haere-

2235 2576 2348 2618 ses.
2385 2581 2404 2615 s
2434 2562 2543 2620 Sed
2576 2563 2663 2620 his
2688 2566 2868 2623 verbis
2895 2568 3171 2642 designari
3202 2581 3411 2629 tantum
3434 2577 3655 2634 videtur
3676 2595 3837 2649 supe-

2237 2653 2351 2709 rior
2374 2656 2602 2724 epistola
2626 2656 2679 2722 5,
2710 2674 2873 2728 quam
2896 2660 3021 2719 ideo
3050 2677 3082 2718 a
3102 2664 3370 2735 scriptore
3384 2670 3563 2725 minus
3581 2682 3838 2730 accurato

2236 2758 2415 2800 contra
2443 2764 2618 2803 omnes
2647 2750 2868 2808 Ita’reses
2892 2754 3091 2811 dictam
3114 2761 3625 2834 suspiramur,quia
3651 2766 3838 2835 ineius

2234 2837 2476 2929 clausula
2504 2839 2730 2912 legerit:
2754 2862 2774 2897 ι
2812 2844 2939 2901 Haec
2960 2848 3166 2919 itaque.
3198 2850 3420 2918 fratres,
3448 2854 3495 2909 si
3526 2857 3687 2923 plena
3705 2859 3838 2929 vigi-

2236 2928 2401 2986 lantia
2428 2931 2713 2991 iuerintab
2735 2939 2988 2996 omnibus
3015 2942 3326 3009 observata.
3373 2950 3617 3006 cessabit
3665 2954 3839 3008 ambi-

2237 3023 2332 3092 tio,
2382 3024 2652 3085 dissensio
2703 3035 3076 3104 conquiescet,
3129 3037 3362 3096 Herem
3405 3053 3461 3098 et
3540 3046 3838 3103 schismata

2237 3134 2344 3173 non
2397 3131 2705 3192 emergent,
2757 3125 2939 3183 locum
2985 3144 3095 3186 non
3139 3134 3370 3201 accipiet
3421 3136 3677 3194 diabolus
3732 3153 3839 3196 sa:-

536 3227 843 3287 nocentius.
884 3245 905 3281 ι
936 3224 1162 3291 Verum,
1191 3221 1868 3287 utiValesiusobservat,a
1890 3217 2129 3273 Flaviani
2162 3211 2208 3274 C
2241 3211 2443 3268 Viendi.
2465 3232 2486 3266 ι

535 3322 899 3382 ordinatione.
932 3333 1054 3387 ante
1078 3331 1224 3373 anno
1262 3314 1359 3371 38f
1416 3315 1668 3385 contigit,
1720 3320 1969 3383 ceperat
2013 3312 2132 3368 haec

534 3414 805 3471 simultas.
829 3410 986 3468 Unde
1013 3409 1260 3480 sequitur
1283 3417 1342 3462 ut
1370 3406 1413 3463 si
1446 3416 1573 3478 post
1592 3406 1990 3474 septemdecim
2039 3419 2134 3459 an-

536 3521 637 3563 nos
667 3505 850 3561 sedata
877 3511 964 3559 est
1015 3501 1304 3574 legationis
1353 3499 1629 3572 praedicta:
1684 3497 1968 3558 beneﬁcio.
2017 3499 2132 3569 ipsa

534 3601 733 3672 legatio
758 3614 902 3654 anno
932 3597 1060 3658 598.
1089 3595 1334 3667 adeoque
1350 3601 1641 3665 antequam
1668 3590 2023 3648 Innocentius
2044 3604 2135 3647 ec-

533 3695 717 3753 clesia:
746 3693 1007 3749 Romamn
1038 3699 1320 3758 prteesset,
1346 3689 1604 3759 illiganda
1642 3690 1735 3743 sit.
1769 3689 1950 3757 Quare
2003 3702 2135 3744 con-

529 3789 766 3845 fundere
788 3787 1002 3842 videtur
1027 3784 1411 3841 Theodoretus
1436 3784 1607 3849 aliud,
1640 3784 1783 3854 quod
1824 3784 1928 3838 sub
1974 3783 2133 3839 Inno-

529 3884 716 3939 centio
735 3891 949 3951 gestum
973 3889 1078 3936 est.
1107 3877 1243 3933 Nam
1278 3893 1381 3949 pax
1400 3878 1491 3933 illa
1508 3877 1760 3934 ecclesiae
1773 3876 2135 3934 Antiochense

532 3991 655 4050 quas
683 3988 826 4029 anno
854 3973 961 4030 598
993 3973 1206 4027 initium
1241 3972 1474 4039 accepit,
1500 3971 1821 4027 Innocentio
1872 3970 2133 4041 pontiﬁce

531 4064 767 4139 perfecta
798 4075 962 4135 atque
986 4064 1262 4120 cumulata
1286 4063 1388 4118 fuit
1415 4105 1432 4131 ,
1450 4078 1574 4120 cum
1606 4076 1727 4133 post
1750 4071 1986 4119 mortem
2010 4062 2135 4121 Fla-

527 4159 696 4225 viani,
748 4158 976 4229 ejusque
1031 4156 1367 4212 succe-soris
1424 4155 1756 4229 Porphyrii,
1809 4156 2132 4215 Alexander

529 4253 694 4310 etiam
734 4249 1145 4314 Eustatbianos,
1173 4249 1267 4322 qui
1290 4248 1552 4305 hactenus
1577 4264 1700 4305 cum
1752 4249 1970 4306 caeteris
1995 4264 2130 4306 con-

533 4343 720 4403 venire
742 4350 1062 4410 renuerant,
1091 4342 1193 4399 sibi
1220 4343 1481 4398 sociavit.
1517 4340 1653 4399 Hinc
1686 4343 1855 4414 liquet
1883 4343 1957 4411 id,
1986 4344 2131 4414 quod

529 4439 785 4509 Capuana
816 4437 1059 4512 synodus
1113 4437 1459 4502 decreverat,
1498 4435 1753 4508 quodque
1806 4436 2128 4493 nominatim

531 4531 906 4590 Ambrosiusa
960 4530 1268 4603 'l‘heophilo
1309 4539 1590 4603 exegerat,
1637 4545 1761 4587 esse
1816 4530 2125 4601 impletum,

2305 3305 2360 3362 2.
2386 3305 2723 3364 Fermentum
2751 3311 2816 3365 ab
2842 3313 3086 3387 episcopo
3114 3318 3426 3392 presbyteris
3479 3324 3726 3380 missum.
3772 3356 3842 3369 --

2236 3400 2333 3457 His
2356 3400 2507 3457 addit
2539 3403 2680 3461 idem
2708 3405 2849 3462 liber
2873 3425 2887 3461 :
2909 3425 2928 3459 t
2953 3408 3050 3465 Hic
3072 3417 3382 3481 constituit,
3405 3426 3461 3471 ut
3484 3421 3668 3475 nullus
3690 3437 3844 3492 pres—

2234 3492 2393 3567 byter
2414 3496 2606 3554 Missas
2654 3499 2956 3557 celebraret
3003 3520 3101 3575 per
3147 3523 3366 3563 omnem
3413 3510 3841 3583 hebdomadam,

2235 3588 2343 3681 nisi
2367 3603 2745 3648 consecratum
2776 3594 3023 3667 episcopi
3071 3599 3176 3656 loci
3212 3603 3479 3675 designati
3538 3612 3847 3681 susciperet

2234 3680 2596 3752 declaratum,
2619 3686 2766 3757 quod
2799 3693 3113 3748 nominatur
3162 3695 3514 3755 fermentum.
3556 3720 3578 3755 ι
3637 3680 3843 3762 verum

2235 3775 2283 3830 is
2303 3775 2421 3846 ipse
2440 3777 2578 3833 liber
2606 3796 2733 3834 usus
2762 3780 2922 3851 huius
2947 3784 3346 3845 institutionem
3367 3791 3661 3851 Melchiadi
3688 3800 3847 3854 attri-

2234 3867 2374 3936 buit,
2394 3870 2758 3943 eutndemque
2786 3890 2930 3930 nunc
2950 3878 3018 3932 ad
3035 3878 3287 3937 Siricium
3310 3884 3580 3956 referens,
3601 3905 3716 3944 non
3740 3906 3845 3947 una

2234 3961 2447 4018 ratione
2476 3973 2665 4018 contra
2696 3966 2987 4024 veritatem
3019 3984 3330 4029 accuratam
3364 3992 3592 4045 peccare
3612 3985 3848 4038 canvin-

2239 4054 2407 4121 citnr,
2432 4058 2892 4127 quemadmodum
2916 4078 3101 4134 supra,
3136 4083 3257 4138 pag.
3288 4071 3394 4127 .339
3419 4086 3477 4128 et
3501 4075 3633 4140 διο,
3655 4077 3849 4135 obser-

2234 4148 2500 4204 vavimus.
2543 4151 2677 4218 Quae
2700 4160 2881 4210 autent
2909 4156 2999 4211 ibi
3040 4163 3446 4228 annomvimus,
3514 4169 3846 4237 praedictum

2233 4255 2391 4298 usum
2425 4242 2626 4300 Siricio
2656 4248 3020 4307 recentiorem
3051 4269 3157 4309 non
3186 4271 3308 4313 esse
3338 4262 3699 4330 persuadent.

2304 4338 2358 4433 3i.
2376 4336 2656 4396 Manichaai
2673 4342 2726 4397 in
2746 4346 2986 4401 exsilium
3000 4350 3385 4420 pulsi.—Istud
3417 4356 3684 4429 alterum,
3702 4363 3845 4433 quod

2230 4429 2433 4487 ibidem
2466 4432 2784 4506 subjicitur,
2823 4456 2843 4491 ι
2882 4438 2979 4496 Ηιε
3003 4444 3208 4499 invenit
3235 4444 3585 4517 Manichazos,
3619 4429 3767 4525 quos
3791 4457 3845 4513 in

2231 4524 2426 4580 exsilio
2442 4526 2767 4599 deportavit,
2794 4550 2814 4585 ι
2837 4534 2884 4589 si
2905 4536 3261 4597 subaudiatnr
3281 4560 3300 4594 ι
3327 4524 3846 4606 ΤΙιοιοάοείἰίειιιειο-

420 4668 425 4675 ,
527 4639 656 4683 cum
691 4624 863 4696 ipsius
890 4639 1083 4696 opera,
1114 4624 1219 4681 etsi
1248 4623 1478 4680 forsitan
1510 4622 1662 4679 nullo
1711 4622 1957 4694 iudiciali
2000 4641 2128 4682 exa-
2154 4603 2210 4665 D
2234 4618 2416 4683 ι’ίιθιθν
2449 4639 2468 4673 ι
2499 4622 2635 4677 nihil
2658 4622 2823 4681 habet
2845 4628 2989 4697 quod
3016 4645 3141 4686 cum
3161 4632 3419 4693 historica
3442 4603 3838 4714 veritatem—uo

527 4719 678 4778 mine
700 4718 1080 4786 antecedente,
1111 4718 1186 4774 ita
1213 4717 1515 4787 composita
1543 4727 1628 4774 est
1649 4732 1751 4788 pax
1768 4716 2126 4776 Antiocheam

525 4814 797 4880 ecclesiae,
854 4821 914 4869 ut
934 4825 1057 4869 eam
1094 4820 1269 4869 ratam
1316 4811 1519 4870 habere
1568 4811 1843 4871 Romanus
1884 4814 2124 4885 pontifex

526 4923 637 4967 non
662 4904 945 4965 dubitarit.

1260 4976 1403 5034 XIV.

596 5075 686 5133 20.
711 5072 937 5132 Romani
979 5069 1227 5129 antistitis
1258 5074 1492 5144 paciﬁcte
1521 5072 1703 5130 littera:
1729 5075 1797 5130 ad
1817 5073 2128 5133 Flavianum

525 5163 767 5225 Antioch.
794 5196 867 5210 -—
899 5186 919 5220 ι
954 5164 1053 5222 Vel
1078 5164 1242 5236 igitur
1263 5164 1488 5233 Siricio,
1514 5168 1599 5224 vel
1653 5169 1772 5240 ejus
1815 5173 2123 5228 successori

523 5261 815 5318 Anastasio
836 5259 1201 5318 attribuendte
1227 5268 1357 5316 sunt
1412 5260 1650 5332 pacifica:
1688 5265 1755 5321 ad
1810 5265 2122 5322 Flavianum

519 5356 927 5415 Antiochenum
956 5358 1173 5426 litterae,
1202 5369 1341 5429 quas
1366 5355 1681 5416 Bonifacius
1702 5358 1724 5414 ι
1745 5361 1902 5431 epist.
1940 5363 2028 5431 15,
2065 5380 2119 5418 n.

521 5450 579 5517 6,
609 5460 759 5505 notat
782 5450 867 5505 his
887 5448 1099 5505 verbis:
1132 5467 1151 5501 ι
1189 5450 1322 5506 Cum
1375 5450 1714 5509 Antiochena
1744 5455 1974 5511 ecclesia
2027 5472 2123 5527 per

515 5542 748 5599 multum
773 5542 1037 5611 temporis
1059 5540 1359 5610 laboraret,
1376 5543 1446 5599 ita
1476 5552 1536 5600 ut
1564 5543 1756 5600 tierent
1780 5545 1933 5604 illinc
1961 5563 2124 5620 prop-

515 5646 601 5694 ter
631 5635 736 5694 huc
756 5636 935 5707 ipsum
961 5650 1107 5705 saepe
1134 5634 1437 5700 discursus,
1492 5638 1669 5709 primo
1721 5640 1824 5694 sub
1872 5641 2116 5710 Meletio,

511 5740 703 5799 postea
726 5727 830 5785 sub
853 5726 1134 5794 Flaviano,
1162 5728 1520 5797 apostolicam
1551 5731 1738 5788 sedem
1771 5734 2116 5794 manifestum

511 5832 598 5885 est
618 5836 741 5880 οοεθ
764 5821 1101 5879 consultam:
1121 5818 1189 5875 ad
1207 5821 1363 5891 cujus
1377 5826 1784 5897 auctoritatem,
1806 5838 1930 5899 post
1945 5830 2114 5889 multa

2233 4722 2385 4807 gnet,
2415 4714 2758 4774 Theodosius
2784 4720 2985 4793 quippe
3035 4740 3181 4782 anno
3221 4729 3350 4797 389,
3401 4732 3553 4789 Junii
3606 4736 3679 4792 17
3731 4741 3840 4807 die,

2235 4806 2499 4865 adversus
2514 4810 3267 4890 htereticosillosconstituit,
3302 4843 3326 4879 ι
3363 4838 3421 4881 ιιι
3445 4844 3512 4885 ex
3540 4834 3699 4890 omni
3726 4836 3846 4903 qui-

2233 4902 2359 4959 dem
2386 4905 2520 4997 orbe
2542 4916 2837 4977 terrarum,
2870 4912 2968 4968 sed
3000 4917 3239 4972 maxime
3259 4919 3329 4975 de
3351 4918 3452 4976 hac
3470 4922 3618 4981 Urbe
3630 4902 3847 4997 pellan-

2234 5003 2341 5052 tur.
2371 5016 2391 5050 ι
2423 4996 2578 5068 (Cod.
2615 4998 2712 5057 Th.
2747 5001 2840 5058 lib.
2874 5005 2963 5069 16,
2996 5007 3076 5061 tit.
3107 5009 3163 5075 5,
3189 5013 3292 5081 leg.
3321 5012 3436 5084 18.)

2307 5089 2363 5145 4.
2400 5091 2685 5149 Manicluei
2716 5112 2780 5151 ne
2795 5114 2912 5152 cum
2936 5101 3182 5171 ﬁdelibus
3206 5109 3623 5165 communionem
3670 5117 3844 5184 perci-

2228 5189 2393 5257 piant.
2425 5186 2597 5243 Iidem
2620 5196 2852 5248 conversi
2882 5196 2934 5249 in
2959 5200 3286 5255 monasteriis
3306 5202 3589 5271 probentur
3615 5208 3673 5261 in
3701 5214 3845 5265 ait:

2226 5281 2344 5335 vita:
2368 5282 2612 5337 viaticum
2635 5290 2928 5353 percepturi
2972 5318 3044 5330 —
3066 5292 3147 5346 Ad
3176 5293 3314 5349 idem
3342 5308 3554 5367 tempus
3577 5316 3843 5360 revocare

2225 5376 2374 5441 licet,
2394 5379 2539 5448 quod
2560 5379 2613 5434 in
2631 5381 2825 5439 eodem
2843 5384 2983 5441 libro
3000 5387 3196 5443 exinde
3215 5403 3583 5450 memoratur:
3604 5415 3625 5449 ‹
3649 5400 3720 5453 Et
3741 5401 3843 5457 hoc

2224 5472 2533 5538 constituit,
2575 5482 2634 5529 ut
2657 5492 2762 5531 non
2794 5479 3181 5550 participarent
3213 5481 3547 5561 (Manirhm‘)
3600 5506 3733 5546 eum
3782 5495 3845 5548 li-

2228 5560 2447 5619 delibus
2467 5570 2915 5626 communionem
2936 5588 2950 5625 :
2969 5575 3097 5642 quia
3127 5590 3220 5628 ore
3245 5578 3453 5647 polluto
3484 5560 3596 5636 non
3643 5584 3847 5643 limaret

2227 5668 2475 5715 sanctum
2502 5674 2700 5734 corpus
2724 5662 3059 5720 dominicum
3084 5672 3303 5724 vexare.
3331 5671 3427 5727 llic
3450 5689 3677 5745 quoque
3712 5697 3845 5737 con.

2225 5753 2425 5819 stituit,
2456 5765 2515 5809 ιιι
2538 5757 2584 5810 si
2607 5758 2729 5828 quis
2756 5774 3059 5817 conversus
3086 5762 3154 5818 de
3185 5762 3497 5822 Manichmis
3521 5770 3744 5830 rediret
3773 5774 3845 5831 ad

2223 5844 2551 5917 Ecclesiam,
2601 5853 2918 5914 nullatenus
2950 5857 3402 5933 communicaret,
3452 5865 3562 5923 nisi
3618 5877 3841 5930 tantum
