4048 6350
262 262 402 319 “9.9

263 473 404 536 xins.
438 483 496 526 ut
516 470 740 541 jejuniis
765 478 821 524 et
850 470 1189 526 orationibus
1230 480 1560 539 maceratus,
1596 474 1855 543 probatus

264 566 521 622 subomni
542 563 944 620 examinatione
964 562 1214 633 usquead
1232 565 1479 619 ultimum
1501 565 1642 619 diem
1659 563 1857 619 transi-

267 675 350 721 tus
378 665 482 732 sui,
517 661 851 718 humanitate
882 661 1140 717 Ecclesiae
1194 663 1453 718 viaticum
1509 662 1590 718 eis
1635 661 1857 732 largire»

267 767 372 815 tur.
404 777 423 811 ι
457 755 563 814 Ubi
592 756 699 811 duo
728 765 857 812 sunt
881 754 1114 811 notanda
1142 773 1154 809 :
1178 756 1434 825 primum,
1466 754 1855 810 hmreticorum

264 852 317 907 in
350 851 702 915 monasteria,
734 859 793 904 ut
821 848 1198 905 conversionis
1222 864 1413 904 eorum
1440 849 1731 904 sinceritas
1782 846 1858 902 ibi

263 942 540 1014 probetur,
567 940 857 1011 relegatio;
890 940 1147 1003 alterum,
1168 954 1339 995 sacra:
1361 938 1763 995 communionis
1786 937 1855 993 ad

258 1036 461 1093 exitum
492 1036 617 1090 vitae
645 1034 857 1090 dilatio.
887 1033 1001 1089 Hoc
1049 1042 1232 1088 autem
1277 1044 1615 1104 postremum
1660 1030 1860 1088 Siricio

259 1129 515 1186 usitatum
544 1128 709 1184 luisse
735 1127 908 1199 prima
933 1127 1054 1195 ejus
1083 1126 1315 1198 epistola
1363 1141 1485 1196 cap.
1533 1127 1590 1191 5,
1620 1126 1653 1180 5
1693 1133 1749 1180 et
1801 1123 1856 1189 6,
1916 1143 1923 1151 ·

266 1222 425 1279 ﬁdem
450 1221 598 1277 facit.
630 1222 711 1278 An
734 1235 866 1277 vero
896 1220 1128 1287 primum
1155 1222 1358 1290 pariter
1388 1218 1442 1273 in
1476 1218 1598 1287 ejus
1644 1224 1857 1272 :etatem

262 1316 567 1381 conveniat,
601 1330 695 1371 seu
717 1330 784 1370 an
815 1312 993 1371 Siricii
1017 1329 1135 1369 aevo
1164 1313 1451 1369 lucreticos
1480 1314 1532 1366 in
1586 1319 1862 1366 monaste-

261 1408 340 1465 ria
368 1405 603 1479 relegari
628 1416 727 1462 uSu
756 1406 987 1467 venerit.
1011 1405 1133 1460 aliis
1158 1403 1524 1473 indagandum
1551 1403 1827 1473 permitto.

334 1502 388 1558 ὅ.
432 1500 672 1570 Denique
702 1512 1035 1568 posuemum
1062 1495 1162 1551 hoc
1190 1496 1496 1559 decretum,
1530 1494 1671 1566 quod
1715 1493 1859 1549 idem

266 1592 405 1650 liber
454 1591 650 1649 Siricio
696 1591 943 1656 ascribit,
992 1609 1012 1643 ι
1063 1589 1161 1645 Hic
1209 1588 1514 1653 constituit,
1568 1585 1860 1641 haereticos

257 1686 359 1742 sub
376 1700 566 1741 manus
588 1684 934 1754 impositione
958 1682 1124 1751 recipi
1144 1690 1198 1737 et
1222 1680 1569 1737 reconciliari
1588 1687 1861 1750 prtesente

1616 258 2157 321 PROLEGOMENA.

262 377 578 453 relegationi
604 377 918 434 monasterii
967 378 1161 435 diebus
1207 379 1333 435 vitae
1378 388 1655 437 teneretur
1690 382 1858 437 obno-
1887 388 1934 448 Α

3419 270 3561 328 1150

2041 399 2061 432 ‹
2108 381 2184 435 De
2222 379 2567 451 presbytero,
2596 380 2691 450 qui
2724 380 2939 451 ignorat
2982 381 3289 442 orationem
3326 384 3564 444 domini-

1959 488 2078 528 cam
2127 474 2240 529 HR.
2273 474 2401 545 (seu
2433 488 2555 543 cap.
2585 472 2602 545 )
2634 490 2744 530 xw.
2778 474 3081 549 Presbyter
3122 480 3214 549 qui
3258 485 3562 543 orationem

1958 565 2287 621 dominicam
2323 580 2428 621 non
2458 575 2633 633 tenet,
2668 583 2768 624 nec
2810 571 3144 641 symbolum,
3194 590 3373 645 neque
3417 578 3565 647 psal-

1958 674 2101 725 mos,
2121 659 2163 714 si
2188 661 2480 731 episcopus
2502 660 2599 715 fuit
2619 664 2707 733 qui
2734 678 2857 718 cum
2886 664 3182 731 benedixit,
3217 669 3304 725 hic
3328 672 3562 740 primum

1959 752 2199 807 omnium
2226 752 2569 825 dignitatem,
2593 770 2754 826 quam
2787 756 2977 813 illicite
3004 762 3370 831 praesumpsit,
3402 765 3567 820 amit-

1962 852 2059 911 tat,
2091 854 2146 900 et
2175 844 2276 900 sub
2307 845 2549 901 districta
2582 850 2905 919 paenitentia
2944 851 3095 906 omni
3143 862 3395 925 tempore
3441 859 3572 913 vitae

1961 949 2074 992 sua:
2122 936 2175 992 in
2228 938 2564 995 Monasterio
2608 940 2789 1011 degat.
2844 942 3088 1000 Infantes
3130 962 3285 1015 vero,
3326 965 3466 1019 quos
3512 951 3569 1008 in

1960 1038 2144 1084 sancta
2176 1028 2449 1087 Trinitate
2478 1032 2793 1105 baptizavit,
2825 1035 3083 1106 baptizati
3118 1053 3493 1108 permaneant.

2038 1141 2057 1173 ι
2107 1122 2222 1177 HR.
2253 1128 2388 1194 (seu
2415 1140 2536 1195 cap.
2566 1124 2585 1197 )
2614 1142 2740 1181 xvu.
2777 1128 2877 1196 Qui
2910 1145 3044 1186 vero
3076 1132 3145 1185 ita
3178 1132 3477 1204 baptizant,
3511 1146 3572 1193 ut

1963 1216 2168 1283 dicant,
2218 1217 2275 1272 lu
2324 1221 2546 1275 nomine
2595 1220 2777 1277 Patris
2825 1238 3038 1295 mergo,
3092 1226 3143 1280 iu
3177 1228 3398 1284 nomine
3446 1230 3571 1287 Filii

1965 1325 2171 1383 mergo,
2193 1320 2247 1366 et
2271 1312 2509 1382 Spiritus
2535 1316 2711 1369 sancti
2737 1331 2955 1387 mergo;
2984 1320 3016 1371 ii
3034 1320 3125 1389 qui
3149 1320 3221 1373 ita
3242 1333 3368 1376 sunt
3390 1322 3570 1393 bapti-

1963 1404 2096 1472 zati,
2115 1421 2178 1459 ac
2199 1406 2243 1460 si
2267 1407 2494 1473 rustice,
2518 1417 2700 1464 tamen
2724 1410 2776 1464 in
2801 1413 3023 1468 nomine
3047 1421 3254 1470 sanctae
3279 1416 3572 1473 Trinitatis

1965 1500 2228 1569 baptizati
2262 1512 2409 1557 sunt.
2462 1522 2481 1556 ι

2036 1596 2089 1650 7.
2134 1595 2338 1652 Eadem
2377 1598 2597 1655 decreta
2643 1600 2699 1656 in
2734 1600 2854 1656 aliis
2896 1602 3110 1659 duobus
3139 1609 3574 1680 exemplaribus,

1966 1687 2253 1745 Pithmauo
2300 1690 2560 1748 videlicet
2606 1710 2669 1749 ac
2720 1694 3051 1762 Turonensi,
3105 1699 3297 1756 eadem
3346 1704 3573 1767 ratione

256 1792 450 1838 cuncta
479 1780 743 1844 Ecclesia,
789 1797 810 1831 ι
854 1777 923 1833 ad
954 1777 1087 1832 illud
1111 1775 1346 1851 attinere
1374 1775 1611 1846 videtur,
1635 1774 1777 1843 quod
1811 1774 1859 1831 is
1888 1786 1936 1847 B
1962 1784 2192 1853 reperiri
2210 1783 2448 1839 Joannes
2467 1785 2780 1844 Harduinus
2809 1789 2859 1844 in
2883 1792 3189 1860 quaestione
3212 1794 3280 1849 de
3303 1794 3573 1866 baptismo

256 1892 391 1948 papa
416 1875 647 1946 epistola
680 1875 734 1936 1,
763 1889 884 1943 cap.
916 1874 969 1940 1,
1000 1872 1068 1928 de
1102 1872 1350 1938 Ariauis,
1381 1886 1448 1925 an
1482 1870 1857 1939 rebaptizandi

252 1971 361 2026 siut
400 1970 704 2035 consultus,
741 1967 1077 2039 reSpnndet:
1125 1985 1143 2020 ι
1190 1964 1342 2034 Quos
1373 1980 1472 2020 nos
1502 1979 1625 2020 cum
1674 1963 1855 2020 Nova-

254 2065 413 2121 tianis
442 2064 660 2137 aliisque
683 2064 962 2128 Iuereticis,
986 2062 1131 2117 sicut
1162 2072 1246 2117 est
1270 2061 1323 2115 iu
1352 2060 1567 2131 synodo
1587 2058 1858 2115 constitu-

253 2166 389 2226 tum,
424 2173 518 2228 per
558 2156 956 2212 invocationem
1005 2156 1178 2209 solam
1212 2152 1551 2222 septtfurmis
1587 2151 1852 2223 Spiritus,

251 2250 585 2322 episcopalis
632 2265 824 2305 manus
872 2247 1223 2319 impositione
1267 2245 1676 2302 Catholicorum
1716 2260 1853 2300 con-

252 2345 435 2403 ventui
465 2344 759 2400 sociamus.
810 2361 829 2395 ι

395 2459 444 2508 3.
477 2456 586 2508 Alia
606 2458 811 2508 decreta
836 2455 999 2506 eidem
1023 2467 1161 2519 papae
1188 2463 1451 2519 perperam
1474 2446 1705 2516 ascripta.

324 2565 374 2617 l.
415 2562 472 2619 In
500 2561 735 2633 quodam
767 2561 957 2616 codice
986 2559 1055 2615 ab
1083 2558 1243 2614 anuis
1271 2558 1497 2613 circiter
1525 2555 1631 2611 700
1660 2569 1857 2611 exara-

250 2665 305 2712 to
342 2655 433 2728 qui
459 2653 738 2725 quondam
784 2652 1107 2719 llerovallii,
1151 2660 1276 2722 post
1319 2649 1505 2715 Petiti,
1541 2663 1604 2704 ac
1634 2648 1855 2705 demum

248 2746 542 2806 clarissimi
571 2746 731 2818 hujus
760 2745 862 2801 viri
906 2752 1241 2802 testamento
1266 2743 1616 2800 bibliothecae
1653 2750 1856 2798 nostras

250 2841 609 2899 Germauensi
639 2840 870 2897 relictus
898 2847 1005 2907 est,
1041 2839 1148 2894 sub
1176 2837 1246 2893 92
1278 2837 1450 2892 titulis
1487 2836 1641 2907 plura
1672 2837 1855 2892 couti-

252 2943 447 2989 neutur
488 2932 749 3002 capitula,
802 2947 832 2986 e
875 2931 1043 2985 variis
1085 2927 1336 2984 conciliis
1374 2927 1856 2999 Romanorumque

250 3025 565 3099 pentiﬁcum
608 3024 857 3095 epistolis
904 3023 1051 3078 haud
1083 3036 1299 3077 summa
1348 3035 1567 3090 semper
1615 3019 1720 3074 ﬁde
1762 3035 1858 3074 ex-

248 3130 454 3189 cerpta.
480 3119 626 3175 Inter
647 3118 764 3172 h:cc
789 3115 1040 3187 quaedam
1072 3114 1447 3170 admiscentur
1473 3112 1642 3169 veluti
1673 3110 1856 3168 Siricii

249 3228 400 3283 papa:
420 3212 475 3266 in
505 3208 725 3282 epistola
749 3209 818 3263 ad
843 3206 1141 3263 Genesium.

319 3303 649 3359 Numinatim
667 3317 797 3357 vero
814 3300 916 3357 sub
942 3299 1106 3354 titulo
1128 3298 1199 3353 54
1222 3296 1485 3369 legimus:
1510 3313 1532 3349 ι
1551 3296 1611 3353 In
1624 3297 1859 3367 epistola

247 3397 430 3455 Siricii
463 3411 613 3467 papae
639 3396 706 3451 ad
730 3394 1032 3451 Genesium
1059 3393 1377 3464 episcopum
1406 3406 1531 3462 cap.
1559 3407 1655 3446 xu.
1686 3391 1744 3448 Si
1770 3407 1860 3446 sa-

249 3505 350 3544 nus
378 3488 459 3545 vir
480 3489 753 3559 leprosum
776 3486 995 3542 duxerit
1024 3499 1282 3551 u\0rem,
1307 3493 1402 3537 aut
1430 3482 1779 3553 posunodum
1806 3484 1857 3539 ei

250 3581 634 3652 supervenerit
685 3579 879 3647 lepra;
931 3586 1286 3647 separentur,
1337 3590 1408 3631 ne
1450 3575 1705 3645 concepti
1758 3573 1855 3630 filii

255 3677 405 3745 lepra
437 3676 795 3731 inaculentur.
843 3671 949 3728 Fas
990 3685 1230 3742 namque
1270 3676 1354 3725 est
1397 3677 1456 3723 ut
1502 3667 1742 3724 mundus
1788 3667 1857 3723 ad

248 3768 510 3827 mundam
538 3768 817 3841 jungatur.
878 3784 897 3819 ι

321 3863 451 3917 item
481 3862 585 3917 sub
613 3860 769 3916 titulo
810 3859 917 3916 18:
956 3876 976 3912 ι
1011 3857 1069 3914 In
1114 3855 1343 3927 epistola
1373 3854 1559 3912 Siricii
1606 3868 1760 3925 papa:
1787 3853 1856 3909 ad

251 3956 547 4013 Genesium
564 3954 882 4024 episcopum
901 3950 1030 4027 Her.
1052 3950 1193 4023 (leg.
1216 3964 1340 4019 cap.
1360 3946 1379 4019 )
1401 3964 1515 4003 χιιι.
1535 3947 1852 4018 Presbyter,
1874 3964 1877 3969 ·

249 4050 339 4120 qui
368 4036 503 4103 dicit
523 4063 584 4103 se
606 4047 822 4103 nescire
850 4042 899 4098 si
925 4043 1228 4113 episcopus
1251 4040 1351 4094 luit
1372 4038 1466 4107 qui
1492 4056 1615 4095 eum
1635 4040 1858 4094 ordina-

249 4144 348 4211 vit,
378 4151 437 4198 et
464 4143 749 4212 aliquanto
780 4148 1038 4209 tempore
1066 4137 1261 4191 Missas
1293 4134 1443 4199 fecit,
1478 4143 1534 4189 et
1558 4144 1743 4203 postea
1773 4134 1856 4189 di-

249 4239 419 4292 misso
431 4234 615 4290 oflicio
630 4246 855 4289 uxorem
868 4230 1042 4293 duxit,
1066 4229 1209 4282 hunc
1226 4224 1592 4297 pseudo—pres
1602 4227 1852 4296 byterum

247 4331 375 4404 quis
390 4327 629 4397 ambigat
650 4341 772 4383 esse
797 4322 1230 4381 detestabilem?
1257 4321 1364 4376 Pro
1382 4336 1493 4391 quo
1516 4320 1663 4376 omni
1692 4320 1855 4377 modo

249 4422 591 4499 abjicieudus
620 4429 724 4484 est,
766 4428 822 4475 et
875 4420 931 4474 in
978 4415 1320 4472 monasterio
1358 4413 1427 4469 ad
1472 4414 1851 4485 paenitentiam

247 4518 400 4577 omni
432 4526 679 4585 tempore
703 4514 830 4567 vitae
862 4525 976 4567 sua:
1004 4507 1397 4565 retrudendns.
1436 4526 1457 4561 ι

1962 1875 2015 1930 in
2052 1878 2178 1931 vino
2217 1892 2339 1949 pag.
2378 1878 2449 1936 55
2482 1890 2655 1936 notat.
2688 1882 2836 1937 Nihil
2871 1894 3053 1941 autem
3094 1888 3242 1944 aliud
3284 1901 3432 1957 sunt,
3467 1892 3574 1949 nisi

1959 1983 2082 2039 qua:
2110 1969 2348 2026 Jacobus
2378 1972 2704 2029 Sirmoudus
2734 1984 2811 2030 to.
2844 1976 2886 2031 ll
2914 1976 3119 2035 Concil.
3160 1981 3302 2037 Gall.
3330 1998 3452 2055 pag.
3479 1985 3570 2053 16,

1960 2078 2025 2116 ex
2075 2063 2264 2119 codice
2311 2064 2368 2120 S.
2424 2066 2609 2122 Maria:
2659 2067 3039 2125 Laudunensis
3083 2073 3255 2129 edidit
3303 2076 3571 2147 Stephani

1960 2154 2003 2210 ll
2032 2172 2185 2227 papae
2207 2173 2467 2231 responsa
2500 2177 2574 2229 ix,
2600 2177 2654 2227 x,
2681 2178 2757 2229 χι,
2786 2180 2886 2231 χιι,
2912 2181 3008 2221 χιιι
3035 2176 3087 2221 et
3113 2184 3224 2235 xtv,
3256 2170 3325 2226 ab
3352 2188 3440 2235 eo.
3475 2175 3574 2245 qtti

1960 2249 2052 2303 illa
2084 2254 2381 2321 excerpsit,
2413 2267 2625 2308 summa
2660 2254 2879 2311 licentia
2907 2258 2996 2313 vel
3031 2268 3308 2327 truncata,
3345 2265 3431 2321 vel
3456 2281 3574 2321 mu-

1961 2351 2091 2397 tata.
2131 2344 2213 2400 Ad
2259 2345 2513 2402 Siriciutn
2544 2356 2728 2403 autem
2763 2360 2823 2404 ut
2851 2352 3193 2407 referrentur
3222 2354 3277 2409 in
3312 2358 3570 2426 pra-dicta

1958 2435 2200 2506 imperiti
2226 2439 2538 2495 collectoris
2579 2442 2988 2512 compilatione,
3031 2446 3381 2503 occasionem
3431 2450 3574 2508 haud

1958 2526 2128 2583 dubie
2154 2530 2305 2585 dedit
2329 2530 2474 2600 quod
2502 2532 2643 2601 apud
2676 2533 3056 2604 Sirmoudum,
3098 2540 3399 2595 secundum
3434 2542 3575 2598 Lau-

1957 2621 2262 2679 dunensem
2304 2624 2574 2687 codicem.
2607 2629 2856 2696 proxime
2883 2629 2981 2684 illa
3010 2633 3273 2701 praecedit
3305 2634 3571 2706 Stephani

1960 2714 2001 2770 ll
2031 2729 2356 2785 responsum
2390 2732 2485 2773 vui
2520 2717 2607 2773 bis
2647 2720 2832 2775 verbis
2871 2736 3194 2792 expressum
3230 2742 3243 2779 :
3282 2744 3303 2778 ι
3343 2726 3420 2783 De
3451 2744 3570 2785 mu-

1958 2806 2116 2876 liere,
2136 2825 2259 2880 qua:
2279 2818 2399 2880 post
2430 2820 2663 2866 mortem
2694 2812 2796 2867 viri
2824 2814 2907 2868 sui
2932 2816 3106 2870 velata
3131 2817 3296 2873 fuerit
3320 2819 3575 2889 aliquau-

1961 2912 2073 2959 tum
2125 2905 2410 2974 temporis,
2445 2915 2500 2961 et
2547 2915 2734 2974 postea
2777 2908 2953 2963 virum
2987 2910 3218 2979 accipit,
3260 2912 3313 2966 in
3355 2913 3577 2982 cpistola

1961 2998 2138 3055 Siricii
2160 3016 2310 3070 papw
2337 3000 2406 3053 ad
2431 3001 2727 3070 episcopum
2775 3000 3069 3056 llimerium
3099 3004 3573 3063 Tarraconensem

1958 3093 2193 3157 directa,
2227 3108 2349 3163 cap.
2382 3094 2438 3160 5,
2472 3094 2550 3149 ita
2578 3096 2928 3151 continetur:
2957 3096 3035 3152 De
3057 3096 3143 3152 his
3175 3115 3306 3155 vero
3336 3103 3426 3171 qui
3453 3111 3570 3156 acta

1883 3182 1929 3245 C
1965 3187 2293 3256 pmnitentia
2314 3195 2587 3257 tamquam
2611 3203 2778 3243 canes
2804 3203 2871 3245 ac
2890 3204 3018 3245 sues
3044 3191 3109 3245 ad
3129 3194 3371 3250 vomitus
3395 3195 3576 3264 pristi-

1963 3295 2063 3337 nos
2106 3290 2163 3338 et
2206 3281 2493 3337 volutabra
2540 3284 2859 3347 redeuntes,
2912 3292 2967 3340 et
3014 3286 3228 3342 militias
3257 3290 3571 3359 cingulum,

1963 3384 2096 3440 etc.,
2147 3394 2166 3427 ι
2202 3374 2455 3446 usquead
2484 3373 2612 3439 hac,
2654 3394 2673 3427 ι
2712 3376 2884 3444 Quam
2913 3376 3147 3434 formam
3179 3389 3234 3435 et
3275 3383 3419 3436 circa
3447 3399 3572 3438 utu-

1959 3467 2151 3534 lieres,
2174 3482 2297 3538 qum
2319 3482 2381 3523 se
2400 3477 2524 3537 post
2554 3467 2928 3536 pteuitentiam
2952 3468 3152 3526 talibus
3174 3472 3577 3542 pollutionihus

1960 3560 2349 3626 devinxerunt,
2415 3562 2742 3616 servandam
2800 3577 2925 3617 esse
2991 3579 3302 3621 censemus.
3363 3587 3383 3621 ι
3441 3567 3576 3622 Τιιηι

1963 3656 2198 3717 proxime
2218 3654 2491 3725 subjicitur
2515 3671 2533 3708 :
2566 3672 2585 3706 ι
2622 3653 2736 3722 Qua
2768 3654 2838 3711 de
2883 3671 2943 3710 re
2969 3655 3123 3725 juxta
3151 3657 3313 3729 hujus
3338 3676 3574 3718 venera-

1960 3748 2089 3804 bilis
2136 3748 2490 3812 senteutiam,
2525 3747 2777 3804 eamdem
2821 3752 3133 3813 mulierem.
3184 3768 3303 3824 qua:
3338 3755 3428 3809 tali
3477 3771 3574 3813 ne-

1958 3842 2103 3896 fario
2141 3840 2420 3911 conjugio,
2451 3840 2666 3910 abjecto
2708 3842 3015 3897 monastico
3063 3843 3272 3911 habitu,
3316 3847 3570 3917 copulata

1961 3943 2066 4002 est,
2099 3945 2153 3991 et
2181 3936 2233 3990 in
2265 3934 2319 3990 id
2350 3934 2495 4005 quod
2530 3934 2642 3990 Deo
2665 3936 2922 4005 promisit
2952 3952 3060 3991 nott
3107 3937 3446 4007 perduravit,
3473 3940 3571 3998 de-

1960 4030 2242 4086 cernimus
2270 4030 2324 4084 in
2370 4029 2759 4093 monasterium
2788 4030 2908 4086 sine
2938 4046 3091 4086 mora
3120 4032 3469 4101 mittendam,
3505 4042 3567 4089 ut.

1958 4124 2077 4179 illic
2118 4123 2172 4178 in
2201 4138 2300 4178 sua
2347 4122 2664 4192 paenitentia
2696 4123 2862 4177 vitam
2907 4123 3082 4178 liniat.
3123 4143 3142 4175 ι
3185 4127 3318 4192 Quae
3345 4126 3567 4195 quidem

1957 4218 2124 4275 verba
2157 4216 2339 4272 statim
2371 4216 2655 4285 excipiunt
2676 4214 2798 4281 ista,
2837 4233 2857 4267 ι
2896 4215 2951 4271 Si
2985 4230 3151 4271 sanus
3182 4218 3267 4272 vir
3291 4218 3566 4288 leprosam

1958 4308 2176 4366 duxerit
2222 4324 2471 4376 uxorem,
2512 4328 2530 4360 ι
2580 4318 2637 4363 et
2675 4318 2873 4364 caetera
2914 4324 3036 4378 qua:
3067 4311 3327 4381 superius
3376 4313 3565 4369 retuli-

1958 4420 2099 4461 mus.
2119 4403 2324 4473 Nempe
2350 4418 2472 4459 cum
2498 4417 2765 4474 responsa
2780 4417 2878 4457 sua
2904 4402 3218 4472 Stephanus
3237 4408 3568 4465 auctoritate

1956 4497 2139 4569 aliqua
2168 4496 2360 4552 fulcire
2395 4496 2591 4559 soleat,
2623 4510 2687 4551 ac
2713 4497 2946 4566 primum
2972 4496 3170 4551 Leonis
3191 4513 3364 4567 papae,
3396 4500 3565 4570 quin-

320 4616 390 4672 Et
413 4616 515 4671 sub
544 4580 703 4669 titulo
723 4612 795 4668 25
820 4628 833 4665 :
874 4629 892 4663 ι
931 4610 986 4665 1η
1019 4605 1255 4676 epistola
1284 4605 1463 4663 sancti
1486 4604 1670 4664 Siricii
1700 4618 1852 4675 papm
1877 4580 1933 4640 Ῑ)
1959 4602 2069 4649 tum
2094 4602 2150 4649 et
2176 4601 2397 4647 sextum
2419 4589 2745 4657 Innocentii,
2774 4588 3070 4660 septimum
3096 4590 3565 4651 Chalcedonensis

256 4709 353 4766 HR
383 4708 525 4782 (leg.
556 4708 720 4779 cap.)
764 4721 874 4761 xiv.
907 4703 1203 4775 Presbyter
1230 4702 1324 4771 qui
1356 4702 1408 4756 in
1441 4701 1568 4757 vino
1616 4701 1857 4771 baptizat

250 4804 501 4877 proxima
550 4800 674 4874 (Ita
704 4818 799 4855 ma.
835 4799 916 4853 hic
960 4807 1007 4852 et
1044 4798 1224 4869 infra:
1252 4794 1521 4850 Harduin.
1571 4810 1709 4860 vero,
1754 4810 1853 4864 pro

246 4894 527 4965 maxima)
559 4894 912 4955 necessitate,
942 4902 1002 4946 ut
1030 4906 1177 4960 aeger
1208 4904 1316 4944 non
1351 4888 1721 4960 periclitetur,
1754 4902 1852 4957 pro

249 4992 343 5046 tali
376 5007 437 5045 re
466 4988 609 5043 nulla
640 4988 687 5043 ei
707 4988 865 5057 culpa
884 4984 1211 5041 ascribatur.
1237 4985 1293 5040 Si
1318 4999 1449 5040 vero
1473 4999 1607 5054 aqua
1638 4983 1847 5050 aderat,

245 5095 302 5141 et
345 5083 647 5140 necessitas
692 5081 816 5134 talis
862 5094 969 5133 non
1023 5077 1278 5147 urgebat,
1330 5077 1418 5131 hic
1459 5075 1850 5131 communione

246 5177 495 5249 privetur
523 5183 582 5231 et
614 5170 950 5243 pmuitemia:
976 5169 1329 5223 sulunittatur
1353 5187 1366 5222 ι
1400 5170 1580 5223 iulans
1602 5183 1731 5223 vero
1761 5167 1854 5224 ille

246 5270 295 5325 si
329 5271 380 5323 in
406 5275 594 5324 sancta
625 5264 893 5321 Trinitate
918 5261 1221 5332 baptizatus
1253 5268 1359 5327 est,
1397 5261 1453 5315 in
1479 5274 1546 5316 eo
1579 5260 1850 5328 baptismo

262 5369 604 5436 permaneat.
655 5378 672 5413 ι

333 5476 351 5509 ι
400 5455 515 5511 HR.
563 5455 691 5523 (seu
716 5449 884 5521 cap.)
928 5463 1022 5504 xv.
1074 5446 1132 5505 Si
1187 5446 1448 5501 infantem
1500 5446 1555 5500 in
1608 5446 1851 5516 periculo

250 5550 609 5608 couSiitutum
644 5545 887 5615 proxima
920 5540 1244 5595 necessitate
1289 5554 1411 5593 cum
1442 5551 1571 5591 vase
1598 5547 1693 5591 aut
1726 5552 1848 5593 cum

258 5642 512 5699 manibus
544 5651 705 5710 atque
736 5636 788 5691 iu
816 5635 1039 5690 nomine
1067 5639 1270 5687 sanctae
1297 5630 1586 5686 Trinitatis
1609 5630 1852 5698 baptiza-

246 5736 415 5799 verit,
437 5730 667 5787 ﬁrmiter
688 5724 1055 5801 permanebit,
1076 5723 1380 5796 praesertim
1403 5737 1529 5780 cum
1553 5723 1855 5780 necessitas

246 5828 356 5887 hoc
376 5826 647 5900 exposcit.

780 5917 1056 5978 Ρηιιοι..
1121 5910 1299 5976 XIII.

1953 4686 2199 4752 concilii,
2230 4693 2481 4739 octavum
2522 4682 2727 4749 Siricii,
2764 4681 3036 4737 decimum
3084 4684 3334 4752 quintum
3371 4688 3564 4741 Antio-

1953 4780 2147 4837 chense
2206 4776 2424 4851 synodi,
2478 4776 2753 4832 decimum
2811 4786 3026 4830 sextum
3085 4775 3560 4848 Cartltaginensis,

1955 4870 2228 4928 decimum
2279 4868 2572 4938 septimum
2630 4865 3114 4934 Ncocmsariensis,
3168 4882 3233 4923 ac
3284 4868 3560 4925 decimum

1955 4979 2161 5020 nouum
2214 4976 2432 5017 rursum
2484 4960 2683 5015 Leonis
2733 4974 2888 5031 papae
2935 4960 3270 5015 testimoniis
3321 4962 3556 5030 muniat,

1951 5056 2281 5113 exiStimavit
2312 5054 2630 5125 imprudens
2660 5054 3015 5124 eompilator,
3060 5069 3121 5109 ea
3164 5055 3399 5122 capitula
3431 5073 3556 5127 qua:

1955 5153 2107 5208 nullo
2134 5160 2361 5205 auctore
2389 5150 2555 5203 citato
2584 5147 2955 5217 proferuntur,
2986 5161 3057 5201 ex
3086 5145 3204 5215 ejus
3229 5147 3401 5216 ipsius
3430 5164 3558 5205 sen-

1952 5246 2122 5301 tentia
2172 5258 2295 5299 esse
2338 5255 2619 5312 expressa,
2669 5240 2825 5309 cujus
2885 5239 3258 5293 testimonium
3309 5242 3558 5309 proxime

1954 5337 2232 5392 laudatum
2268 5333 2463 5397 fuerat,
2513 5333 2761 5402 adeoque
2789 5330 2858 5385 ad
2887 5329 3140 5385 eumdem
3172 5328 3453 5397 Siricium,
3486 5350 3556 5391 ex

1956 5431 2114 5501 cujus
2143 5414 2406 5484 sententia
2446 5435 2499 5483 et
2527 5426 2709 5481 verbis
2757 5422 3077 5477 nominatim
3109 5422 3291 5477 citatis
3320 5440 3555 5495 reSpon-

1958 5540 2075 5582 sum
2100 5540 2192 5580 vin
2223 5522 2607 5588 concinnatur,
2638 5532 2897 5588 responsa
2930 5532 3007 5582 ιχ,
3048 5533 3104 5584 x,
3141 5533 3215 5583 xi,
3251 5534 3348 5583 xu,
3374 5536 3471 5576 xm
3501 5531 3558 5579 et

1959 5635 2075 5685 xtv,
2094 5635 2213 5689 qua:
2234 5617 2640 5687 subsequuntur
2659 5612 2809 5666 nullo
2829 5620 3053 5665 auctore
3077 5609 3305 5674 munita,
3332 5626 3556 5680 prorsus

1956 5718 2254 5788 pertinere.
2306 5712 2418 5767 Nec
2448 5722 2668 5765 movere
2713 5720 2811 5761 nos
2850 5704 3037 5767 debet,
3067 5704 3212 5773 quod
3245 5719 3349 5758 non
3380 5721 3445 5761 ea
3491 5723 3557 5764 ex

1957 5807 2179 5881 epistola
2207 5807 2276 5862 ad
2320 5803 2632 5871 Himerium,
2673 5798 2768 5856 sed
2816 5814 2880 5854 ea:
2918 5794 3137 5870 epistola
3182 5797 3252 5851 ad
3282 5795 3557 5859 Genesium

3063 5889 3141 5952 36
