3858 6342
80 377 215 433 1157

1272 370 1638 431 ΕΡΙὸΤΟιᾸΕ
1679 371 1769 429 ΕΤ
1808 371 2153 431 DECRETA.

3232 381 3374 438 1158

77 493 198 565 legii
255 493 424 548 instar
484 501 609 558 est,
641 492 686 547 si
746 491 852 546 ulla
913 488 1349 563 transgressione
1404 492 1654 547 violetur.
1686 493 1742 553 Α
1834 487 1963 546 Car.
2002 490 2118 548 Vll.
2164 523 2233 535 -—
2278 495 2332 552 8.
2383 494 2698 552 Clericorum
2741 499 3130 553 incontinentia.
3182 498 3383 555 Venia-

144 584 269 642 CAP.
304 584 498 642 V.—6.
533 583 897 639 Paenitentiam
936 582 1091 655 leges.
1137 582 1213 638 De
1257 583 1339 637 his
1382 598 1513 638 vero
1558 597 1667 637 non

73 682 366 751 incongrue
395 679 616 735 dilectio
662 687 750 732 tua
797 678 1152 748 apostolicam
1196 676 1382 731 sedem
1429 678 1665 733 credidit

74 772 455 831 consulendam
489 772 615 844 (5'5,
640 789 691 841 q.
722 771 788 836 2,
819 785 868 825 c.
908 769 1003 834 12;
1029 771 1113 823 ivo
1141 787 1191 839 p.
1229 770 1318 832 15,
1351 784 1399 824 c.
1431 769 1542 840 17),
1577 771 1669 841 qtti

70 876 186 923 acta
216 865 549 937 poenitentia,
578 875 850 933 tamquam
874 877 1040 918 canes
1060 877 1122 917 ac
1146 876 1271 916 sues
1294 865 1360 916 ad
1385 870 1410 898 ⁸
1434 861 1669 917 vomitus

71 962 328 1033 pristinos
353 968 409 1015 et
434 958 721 1014 volutabra
757 958 1047 1012 redeuntes
1074 999 1088 1022 ,
1135 965 1190 1011 et
1234 955 1439 1010 militia:
1484 958 1671 1027 cingu-

70 1054 177 1108 lum
203 1095 219 1119 ,
263 1060 317 1106 et
361 1050 597 1107 ludicras
632 1049 947 1118 voluptates
973 1091 987 1116 ,
1020 1056 1073 1102 et
1104 1065 1240 1103 nova
1286 1048 1539 1119 eniijugia
1567 1091 1581 1115 ,
1616 1057 1671 1103 ct.

71 1148 325 1206 inhibitos
354 1146 533 1202 denuo
564 1146 876 1215 appetivere
906 1144 1248 1208 conCuIiitus,
1284 1157 1516 1214 quorum
1542 1157 1666 1213 pro-

69 1241 263 1299 fessam
314 1239 759 1295 incontinentiam
807 1239 1055 1309 generati
1106 1246 1227 1308 post
1270 1236 1666 1292 ab5nlntionem

69 1336 158 1393 filii
184 1333 559 1406 prodiderunt.
590 1333 668 1388 De
692 1332 910 1404 quibus,
945 1331 1068 1402 quia
1099 1332 1209 1400 jam
1236 1329 1529 1401 suffugium
1562 1345 1667 1385 non

70 1430 265 1486 habent
296 1426 690 1499 paenitendi,id
722 1424 978 1481 duximus
1003 1423 1439 1489 decernendum,
1475 1432 1531 1477 ut
1554 1422 1669 1478 sola

69 1526 206 1580 intra
236 1524 520 1580 ecclesiam
562 1523 812 1580 fidelibus
839 1525 1089 1579 oratione
1131 1523 1426 1593 junguntur
1453 1562 1467 1589 ,
1500 1536 1668 1576 sacra:

67 1619 446 1690 mysteriorum
488 1618 835 1686 celebritati,
867 1618 1115 1688 quamvis
1158 1633 1265 1671 non
1310 1625 1625 1671 mereantur
1654 1658 1669 1684 ,

68 1711 343 1776 intersint;
378 1726 407 1766 a
439 1711 738 1766 Dominica:
767 1720 953 1765 autem
980 1723 1181 1765 mensae
1212 1710 1468 1763 convivio
1490 1722 1673 1777 segre-

65 1814 292 1875 gentur;
324 1814 380 1861 ut
412 1805 513 1860 hac
542 1806 731 1861 saltem
757 1802 785 1842 δ
810 1804 1154 1859 districtione
1179 1802 1453 1872 correpti,
1487 1812 1541 1856 et
1572 1802 1668 1872 ipsi

1771 598 1892 638 nius
1922 599 2064 638 nunc
2085 584 2150 637 ad
2176 588 2579 643 sacratissimos
2607 589 2833 647 ordines
2856 590 3210 656 clericorum,
3240 606 3379 661 quos

1770 675 1825 731 in
1852 677 2178 733 venerandae
2209 680 2484 750 religionis
2508 682 2758 751 iniuriam
2786 685 2857 739 ita
2893 700 2989 756 per
3017 696 3227 741 vestras
3249 701 3384 757 pro-

1770 769 1978 824 vincias
2005 771 2244 825 calcatus
2274 768 2301 809 ἀ
2333 786 2494 844 atque
2520 777 2779 833 confusos
2807 821 2820 844 ,
2853 779 3126 835 charitate
3170 789 3256 834 tua
3298 780 3383 834 in-

1770 863 2043 931 sinuante,
2079 867 2384 935 reperimus
2407 908 2420 932 ,
2451 876 2509 922 nt
2533 868 2787 935 Jereniia:
2830 872 2989 927 nobis
3016 888 3146 928 voce
3187 871 3377 928 dicen-

1771 957 1899 1011 dum
1944 959 2014 1012 sit
2060 975 2072 1010 :
2130 934 2260 1026 Quis
2308 959 2448 1013 dabit
2495 934 2657 1026 capiti
2694 979 2807 1017 meo
2835 980 3021 1035 aquam
3047 1007 3061 1029 ,
3096 975 3185 1017 aut
3215 964 3381 1020 oculis

1772 1051 1898 1104 meis
1927 1052 2121 1119 {autem
2152 1053 2499 1123 laci‘ymarum
2529 1054 2550 1107 ?
2597 1066 2645 1108 et
2675 1055 2810 1126 ﬂebo
2836 1058 3091 1127 populum
3131 1056 3269 1110 hunc
3298 1057 3384 1113 die

1771 1160 1831 1198 ac
1859 1153 2003 1199 nocte
2037 1144 2254 1215 (Jerem.
2288 1162 2361 1207 ix.
2396 1146 2475 1219 1).
2528 1147 2587 1204 Si
2620 1164 2753 1222 ergo
2784 1151 2974 1206 beatus
3007 1152 3283 1224 Propheta
3311 1151 3378 1209 ad

1773 1238 2003 1308 lugenda
2036 1239 2228 1310 populi
2277 1247 2495 1310 peccata
2528 1257 2635 1297 non
2666 1243 2769 1300 sibi
2800 1245 2874 1300 ait
2916 1244 3188 1316 lat-rynias
3221 1263 3383 1318 posse

1773 1331 2070 1400 sufficere;
2123 1343 2330 1404 quanto
2372 1350 2474 1389 nos
2526 1351 2822 1406 possumus
2873 1339 3066 1395 dolore
3117 1340 3379 1408 percelli,

1774 1437 1896 1478 cum
1916 1439 2130 1489 eorum,
2160 1425 2252 1495 qui
2277 1426 2330 1479 in
2357 1434 2546 1481 nostro
2568 1437 2696 1481 sunt
2721 1443 2974 1501 corpore,
3002 1431 3384 1504 compellimur

1772 1516 2013 1573 facinora
2044 1519 2332 1590 deplorare
2358 1522 2371 1575 ε
2398 1520 2673 1591 praecipue
2696 1522 2895 1593 quibus
2924 1525 3226 1580 secundum
3257 1526 3386 1581 hea-

1776 1621 1886 1666 tum
1920 1612 2167 1678 Paulum,
2205 1614 2460 1669 instantia
2493 1616 2809 1686 quotidiana
2837 1628 2893 1673 et
2923 1618 3237 1674 sollicitudo
3266 1634 3383 1673 om-

1778 1706 1927 1759 nium
1953 1705 2307 1762 ecclesiarum
2341 1708 2714 1765 indesinenter
2744 1711 3031 1767 incumbit.
3088 1713 3216 1781 Quis
3242 1713 3381 1768 enim

1775 1800 2073 1869 inﬁrmatur
2098 1842 2112 1867 ,
2147 1812 2193 1855 et
2239 1820 2341 1857 non
2373 1804 2659 1873 inﬁrmor?
2713 1805 2839 1874 Quis
2867 1808 3254 1863 scandalizatur
3280 1849 3295 1874 ,
3330 1820 3379 1863 et

66 1902 116 1956 in
148 1915 206 1955 sc
246 1914 345 1954 sua
383 1910 561 1954 errata
608 1900 913 1971 castigent,
946 1909 999 1953 et
1048 1898 1169 1951 aliis
1215 1898 1523 1967 exemplum
1570 1897 1667 1951 tri-
1702 1883 1750 1943 Β
1774 1911 1867 1965 ego
1897 1912 1997 1948 non
2026 1912 2149 1949 uror
2175 1896 2242 1970 (ll
2269 1895 2391 1951 Cor.
2423 1913 2499 1963 ιι,
2531 1897 2673 1967 9.9)?
2705 1898 2977 1955 Plurimos
3018 1900 3163 1955 enim
3210 1898 3377 1973 (Dist.

64 1993 245 2055 buant,
274 2003 543 2061 quatenus
568 1992 636 2046 ab
661 1992 940 2048 obscoenis
969 1991 1361 2061 cupiditatibus
1388 1990 1670 2046 retrahau-

64 2097 167 2142 tur.
190 2087 347 2156 Quos
376 2095 555 2142 tamen
581 2129 594 2153 ,
622 2088 877 2157 quoniam
902 2089 1103 2143 carnali
1137 2087 1433 2158 fragilitate
1460 2088 1671 2144 cecide-

64 2190 186 2236 runt
210 2223 224 2247 ,
258 2181 458 2236 viatico
491 2195 716 2236 munere
743 2223 757 2247 ,
790 2197 913 2236 cum
961 2181 1028 2237 ad
1065 2182 1350 2236 Dominum
1398 2182 1671 2251 coeperint

65 2271 332 2344 proﬁcisci
351 2314 365 2339 ,
401 2287 500 2341 per
519 2273 922 2329 communionis
946 2275 1175 2345 gratiam
1209 2273 1461 2329 volumus
1484 2273 1667 2330 suble-

63 2366 195 2421 vari.
222 2366 399 2435 Quam
434 2366 666 2422 formam
695 2378 751 2423 et
779 2369 926 2424 circa
956 2370 1217 2425 mulieres
1243 2411 1258 2435 ,
1289 2386 1410 2439 qua:
1441 2384 1501 2425 se
1548 2377 1672 2438 post

64 2460 443 2529 penitentiam
481 2459 679 2515 talibus
709 2460 1102 2530 pollutionibus
1134 2462 1502 2517 devinxerttnt
1554 2477 1671 2518 ser-

64 2553 289 2608 vandam
326 2568 450 2610 esse
492 2569 776 2611 censemus
808 2554 1111 2625 (Zacharias
1155 2572 1291 2627 papa
1319 2558 1468 2628 epist.
1513 2558 1545 2611 7
1569 2599 1582 2625 ,
1617 2572 1667 2612 c.

64 2648 178 2718 36).

134 2741 261 2799 CAP.
293 2742 385 2799 Vl.
418 2774 491 2784 —
514 2744 568 2798 7.
604 2743 705 2811 Qui
736 2743 991 2814 plectendi
1030 2744 1273 2798 monachi
1299 2753 1388 2798 aut
1416 2745 1669 2799 moniales

64 2836 318 2891 castitatis
366 2836 690 2905 propositum
737 2844 1064 2891 temerantes.
1108 2847 1129 2873 ε
1162 2835 1435 2891 Praeterea
1482 2853 1671 2892 mona—

66 2929 291 2984 chorum
342 2929 605 3000 quosdam
637 2940 803 3000 atque
830 2930 1219 2985 tnonacharuin
1246 2972 1261 2998 ,
1291 2931 1509 2999 abiecto
1538 2948 1667 3001 pro-

68 3025 240 3095 posito
287 3022 601 3078 sanctitatis
629 3064 643 3087 ,
677 3024 732 3077 in
773 3031 978 3078 tantam
1028 3025 1355 3093 protestaris
1383 3025 1701 3101 demersos.

67 3133 186 3176 esse
219 3120 525 3186 lasciviam,
553 3127 612 3175 ut
641 3120 791 3190 prius
831 3120 1083 3174 clanculo
1104 3161 1119 3184 ,
1150 3120 1297 3173 velut
1338 3119 1439 3173 sub
1482 3134 1671 3175 mona-

66 3215 360 3270 steriorum
385 3222 674 3284 prmtextu,
704 3214 888 3271 illicita
910 3230 974 3269 ac
989 3214 1252 3284 sacrilega
1272 3231 1330 3269 se
1346 3217 1669 3285 contagione

67 3294 436 3365 miscuerint:
476 3319 666 3379 postea
708 3324 841 3365 vero
892 3310 944 3363 iu
991 3309 1278 3381 abruptum
1322 3310 1675 3364 eooscit-ntiai

66 3402 453 3474 desperatione
477 3402 748 3474 perducti,
770 3401 838 3456 de
866 3401 1075 3457 illicitis
1103 3402 1481 3471 complexibus
1506 3401 1677 3457 libere

70 3494 207 3549 filius
239 3496 704 3568 procreaverint;
761 3495 909 3566 quod
949 3507 1000 3552 et
1034 3477 1262 3567 publica:
1287 3498 1434 3567 leges
1459 3538 1473 3560 ,
1504 3506 1559 3551 et
1584 3513 1676 3552 ec-

67 3588 380 3644 clesiastica
408 3588 533 3659 jura
582 3588 973 3645 condemnant.
1032 3590 1138 3643 llas
1187 3603 1321 3657 ergo
1377 3588 1679 3658 impudicas

72 3680 537 3751 detestabilesque
570 3694 838 3749 personas
864 3696 891 3733 a
925 3681 1385 3734 monasteriorum
1418 3690 1560 3733 cmtu
1583 3694 1675 3734 ec-

70 3776 483 3846 clesiarumque
507 3776 870 3831 conventibus
901 3774 1260 3831 eliniinandas
1289 3790 1411 3830 esse
1452 3774 1675 3829 inauda-

74 3886 196 3927 Inus
230 3889 244 3924 :
273 3881 552 3940 quatenus
596 3879 823 3924 retrusa:
852 3870 904 3923 in
935 3870 1048 3923 suis
1090 3869 1380 3938 ergastulis
1406 3909 1422 3933 ,
1471 3877 1677 3923 tantum

72 3962 286 4020 facinus
322 3965 580 4017 continua
611 3962 1003 4017 lamentatione
1035 3961 1298 4016 delleutes
1324 4002 1337 4026 ,
1370 3962 1681 4030 purilicato-

74 4058 156 4113 rio
186 4060 403 4128 possint
442 4056 797 4130 paenitudinis
830 4056 952 4125 igne
980 4054 1284 4123 decoquere
1313 4096 1326 4119 ,
1377 4064 1435 4108 ut
1475 4054 1554 4109 eis
1596 4054 1677 4110 vel

73 4150 139 4204 ad
177 4162 414 4206 mortem
446 4149 666 4213 saltem,
696 4149 869 4203 solius
901 4146 1291 4202 misericordia:
1320 4147 1548 4211 intuitu,
1581 4163 1680 4217 per

76 4240 485 4296 oonimunionis
514 4241 745 4311 gratiam
795 4238 963 4310 possit
995 4237 1330 4308 indulgentia
1361 4237 1676 4294 subvenire.

155 4386 179 4414 "
210 4377 379 4435 Solus
404 4378 634 4445 Quesn.,
662 4378 731 4431 ad
760 4378 1004 4431 vomitum
1030 4384 1075 4428 et
1105 4373 1395 4428 volutabra.
1425 4372 1559 4427 Tum
1587 4375 1689 4429 hoc

80 4450 224 4510 loco,
252 4460 365 4503 tum
390 4451 592 4504 Μοιριιί
626 4451 838 4502 concilii
867 4463 1076 4501 canone
1106 4447 1171 4500 i2
1202 4447 1434 4514 probare
1456 4456 1686 4499 conatur

1703 3273 1747 3337 C

1774 1990 1867 2057 82,
1895 2008 1941 2043 c.
1974 1992 2028 2056 5;
2064 1989 2156 2045 lvo
2191 2010 2245 2060 p.
2289 1991 2343 2057 6,
2380 2009 2426 2047 c.
2459 1992 2571 2062 50)
2605 1995 2918 2049 sacerdotes
2967 1992 3170 2049 Christi
3221 2004 3385 2064 atque

1775 2083 1989 2147 levitas,
2022 2092 2142 2153 post
2170 2084 2325 2154 longa
2352 2086 2785 2141 consecrationis
2817 2101 2930 2141 suae
2967 2097 3239 2158 tempora,
3271 2094 3382 2141 tam

1774 2181 1841 2236 de
1870 2182 2191 2253 conjugibus
2223 2184 2462 2252 proiiriis
2486 2225 2499 2249 ,
2534 2200 2695 2253 quam
2725 2186 2889 2239 etiam
2921 2184 2991 2241 de
3043 2186 3186 2255 turpi
3227 2185 3376 2240 coitu

1777 2275 2023 2330 sobolem
2053 2276 2343 2332 didicimus
2381 2292 2706 2349 procreasse
2730 2321 2743 2344 ,
2776 2287 2831 2333 et
2859 2279 3065 2333 crimen
3091 2294 3249 2334 suum
3285 2278 3388 2333 hac

1778 2378 1801 2406 ε’
1832 2372 2239 2439 praescriptione
2261 2370 2578 2437 defendere,
2604 2372 2727 2439 quia
2753 2372 2806 2427 in
2831 2373 3003 2427 veteri
3029 2372 3388 2427 Testamento

1774 2462 2149 2517 sacerdotibus
2180 2477 2244 2517 ac
2279 2462 2549 2518 ministris
2576 2462 2877 2534 generandi
2910 2462 3138 2519 facultas
3183 2464 3385 2535 legitur

1773 2555 2060 2611 attributa.

1844 2644 1897 2703 9.
1944 2648 2136 2703 Veteris
2166 2648 2473 2706 Testamenti
2512 2653 2800 2708 auctoritas
2852 2655 3051 2724 frustra
3095 2649 3387 2722 praetendi-

1772 2752 1874 2797 tur.
1904 2745 2053 2799 Dicat
2084 2745 2213 2800 mihi
2247 2763 2394 2803 nunc
2420 2789 2434 2813 ,
2466 2748 2713 2818 quisquis
2744 2749 2842 2805 ille
2869 2761 2955 2805 est
2980 2758 3223 2804 sectator
3246 2747 3388 2802 libi—

1771 2839 1958 2895 dinum
1987 2882 2000 2905 ,
2038 2853 2453 2913 praeceptorque
2491 2842 2754 2897 vitiorum
2789 2861 2803 2896 :
2836 2842 2893 2899 Si
2941 2843 3181 2898 instituat
3203 2884 3217 2908 ,
3251 2841 3382 2912 quia

1773 2932 1829 2987 in
1857 2933 1974 3003 lege
2002 2932 2173 3004 Moysi
2210 2935 2414 3003 passim
2449 2934 2619 2989 sacris
2648 2934 2934 2989 ordinibus
2960 2949 2990 2988 a
3032 2934 3269 2988 Domino
3300 2933 3382 2988 la-

1772 3037 1896 3081 xata
1926 3034 2055 3081 sunt
2076 3026 2229 3082 frena
2263 3029 2513 3094 luxurizc,
2539 3044 2637 3083 cur
2664 3042 2762 3083 eos
2786 3070 2803 3094 ,
2844 3028 3043 3096 quibus
3072 3029 3392 3083 comniitze-

1772 3118 1971 3175 bantur
1999 3129 2185 3174 sancta
2217 3132 2529 3175 sanctorum
2574 3129 2876 3191 praemonet
2913 3120 3103 3175 dicens
3131 3137 3144 3173 :
3196 3119 3386 3174 Sancti

1779 3225 1936 3267 estote
1959 3255 1974 3279 ,
2000 3215 2122 3285 quia
2153 3225 2200 3269 et
2228 3231 2324 3284 ego
2348 3226 2556 3269 sanctus
2583 3230 2697 3269 sum
2729 3213 2984 3269 Dominus
3025 3212 3166 3268 Deus
3217 3223 3388 3268 vester

1780 3307 1989 3380 (Leuit.
2016 3324 2084 3363 xx
2116 3350 2129 3373 ,
2162 3309 2193 3363 7
2217 3307 2237 3380 )
2263 3309 2288 3363 ?
2316 3324 2415 3364 cur
2442 3311 2605 3363 etiam
2636 3310 2825 3378 procul
2867 3323 2897 3361 a
2941 3307 3056 3362 suis
3086 3307 3342 3363 domibus
3367 3350 3384 3373 ,

1778 3416 1923 3456 anno
1954 3402 2091 3458 vicis
2123 3418 2258 3469 sum,
2292 3404 2345 3457 in
2377 3403 2585 3473 templo
2613 3403 2859 3458 habitare
2882 3403 3017 3472 jussi
3047 3411 3177 3458 sunt
3204 3417 3390 3457 sacer-

1781 3496 1981 3550 dotes?
2037 3497 2136 3552 hac
2169 3497 2421 3552 videlicet
2470 3496 2704 3558 ratione,
2736 3510 2805 3551 ne
2848 3495 2931 3549 vel
2964 3510 3086 3550 cum
3122 3493 3389 3550 uxoribus

1780 3593 2007 3655 possent
2031 3588 2252 3641 carnale
2280 3602 2540 3643 exercere
2564 3587 2978 3652 commercium,
3008 3595 3067 3641 ut
3094 3589 3387 3642 conscien-

1780 3678 1871 3733 tia!
1902 3679 2210 3748 integritate
2242 3678 2535 3749 fulgentes,
2558 3678 2897 3747 acceptaliile
2930 3679 3041 3733 Deo
3070 3695 3266 3733 munus
3303 3678 3391 3733 of-

1782 3774 2005 3829 ferrent.
2059 3772 2269 3840 Quibus
2303 3772 2521 3839 eitpleto
2546 3771 2933 3827 deservitionis
2959 3786 3072 3827 Sua!
3102 3780 3386 3842 tempore,

1782 3866 2007 3921 uxorius
2060 3879 2192 3919 usus
2235 3865 2408 3920 solius
2438 3864 2810 3919 successionis
2838 3877 3002 3918 causa
3035 3863 3212 3917 fuerat
3242 3861 3388 3918 rela-

1781 3972 1938 4013 xatus
1966 3976 1980 4024 ;
2012 3958 2145 4030 quia
2182 3973 2288 4013 ηοιι
2318 3974 2383 4013 ex
2412 3959 2517 4013 alia
2544 4000 2558 4024 ,
2591 3961 2691 4014 nisi
2738 3974 2807 4013 ex
2843 3960 2987 4014 tribu
3029 3958 3195 4023 Levi,
3234 3957 3386 4029 quis-

1779 4069 1941 4122 quam
2002 4054 2070 4107 ad
2135 4052 2227 4109 Dei
2277 4051 2640 4109 ministerium
2696 4052 2875 4109 fuerat
2929 4060 3236 4124 praeceptus
3290 4051 3390 4107 ad-

1783 4146 1949 4201 mitti.

1859 4238 1946 4294 10.
1976 4237 2287 4293 Sacerdotes
2315 4247 2361 4290 et
2389 4237 2595 4290 diaconi
2620 4236 2883 4291 insolubili
2911 4236 3244 4292 continentia:
3279 4237 3392 4309 lege

1799 4374 2070 4428 Pranerea
2104 4382 2157 4425 et
2188 4387 2252 4426 ex
2281 4371 2465 4427 Leone
2493 4372 2653 4439 epist.
2679 4372 2734 4437 2,
2760 4373 2824 4427 ad
2851 4372 3154 4433 Rusticum.
3187 4374 3391 4442 inquis.

1800 4445 1867 4500 10
1893 4484 1909 4509 ,
1944 4444 2003 4499 11
2036 4486 2049 4507 ,
2084 4444 2149 4497 12
2178 4453 2233 4497 ιιι
2264 4444 2329 4497 lii
2356 4484 2369 4508 ,
2398 4444 2656 4512 colligere
2682 4455 2784 4501 est.
2816 4446 3187 4513 poinitentiam
3216 4448 3392 4501 semel

79 4524 427 4576 clarissimus
471 4522 554 4575 vir
581 4520 777 4575 Claud.
813 4519 1009 4592 Fleury
1038 4518 1103 4571 ad
1150 4532 1351 4571 annum
1386 4516 1529 4592 Siti,
1564 4532 1680 4592 pag.
1715 4530 1768 4592 ι)
1796 4518 2066 4592 professis
2095 4516 2313 4592 easdem
2361 4515 2891 4592 sive‘iuApmniteutia
2927 4517 3039 4592 sive
3080 4528 3194 4585 post
3223 4518 3393 4592 pumi-

80 4593 190 4648 555
217 4636 231 4657 ,
276 4594 520 4646 militiam
553 4592 728 4645 aliave
752 4633 766 4655 ,
799 4607 919 4651 num
946 4590 1034 4644 llic
1055 4600 1411 4643 recensentur
1440 4630 1455 4651 ,
1487 4590 1539 4641 iu
1571 4591 1687 4648 ipso

81 4672 295 4718 ιιιιιιιιιι
328 4662 841 4730 pmoiteiitiaecurrb
862 4663 953 4717 ulo
981 4660 1277 4731 prohiberi.
1310 4659 1373 4713 Et
1402 4660 1545 4713 illius
1569 4661 1688 4729 qui-

81 4737 206 4791 dem
238 4735 484 4805 Opioioni
516 4734 660 4790 favet
689 4750 793 4789 non
838 4733 997 4789 modo
1037 4731 1287 4805 Nicmnus
1310 4746 1484 4805 cauca
1514 4731 1585 4805 12
1614 4731 1689 4785 ci-

85 4815 233 4862 tatus
259 4802 394 4872 ,sed
425 4817 480 4861 ct
501 4806 837 4861 Turonensis
870 4821 887 4859 ι
917 4804 1135 4858 enncilii
1162 4819 1334 4855 canon
1364 4802 1398 4856 8
1418 4842 1432 4864 ,
1459 4803 1525 4855 ad
1552 4818 1685 4854 unr-

83 4895 231 4932 mam
287 4879 475 4932 Itornnt
527 4880 703 4933 Siricii
749 4877 1038 4931 verborum
1090 4875 1445 4941 compositus.
1494 4873 1686 4927 Eidem

82 4950 454 5019 suffragantur
477 4962 529 5003 et
565 4949 810 5004 Venetici
841 4962 1010 5019 canon
1040 4950 1075 5019 75
1105 4953 1163 5001 et
1192 4945 1600 5019 Aurelianensis
1630 4960 1646 4997 ι
1672 4986 1688 5010 ,

83 5016 313 5075 canon]
334 5024 378 5082 I,
402 5037 611 5075 necnon
637 5019 921 5091 Dionysius
952 5018 1193 5091 Exiguus
1220 5030 1271 5071 et
1293 5016 1535 5091 Isidorus
1556 5016 1691 5091 Mer-

85 5104 243 5147 eator
278 5092 331 5147 in
366 5107 574 5147 summa
604 5134 617 5153 ,
652 5106 755 5155 qua
778 5086 1077 5158 eapituluni
1104 5089 1209 5143 hoc
1235 5088 1535 5154 explicant.
1561 5086 1695 5141 Siri-

84 5166 233 5219 cium
264 5172 444 5219 tamen
476 5163 635 5217 aliter
664 5162 951 5220 intellexit.
983 5160 1072 5225 qui
1103 5159 1203 5213 hoc
1232 5160 1371 5213 idem
1397 5159 1693 5225 capitulum

87 5237 140 5290 in
170 5247 391 5289 vetusto
417 5235 603 5288 codice
628 5232 941 5288 Colbertino
961 5230 1103 5286 3568
1132 5231 1210 5284 sic
1228 5230 1541 5285 Suuimatim
1572 5230 1697 5283 red-

85 5307 228 5361 didit
256 5323 271 5359 :
309 5308 412 5371 Qui
442 5321 572 5360 pos'r
602 5319 776 5361 sentt
809 5317 1192 5358 PCENITEM‘IMI
1236 5312 1501 5371 tamquam
1543 5316 1695 5354 canes

87 5379 159 5432 ad
192 5394 351 5431 suum
378 5380 622 5431 vomitum
664 5378 896 5428 redeunt.
930 5375 996 5427 Et
1025 5374 1075 5426 id
1102 5373 1318 5440 quidem
1352 5383 1550 5426 sonant
1582 5374 1696 5440 ipsa

90 5449 281 5505 Siricii
315 5449 499 5503 verba.
531 5449 609 5503 Illi
637 5450 780 5500 enim
809 5459 993 5498 sermo
1010 5454 1094 5498 est
1118 5456 1170 5496 et
1197 5444 1265 5497 de
1294 5446 1445 5502 viris,
1470 5445 1560 5509 qui
1582 5454 1698 5497 acta

90 5522 397 5588 poenitentia
428 5521 593 5574 functi
626 5560 641 5584 ,
676 5532 784 5571 non
825 5518 914 5584 qui
956 5522 1179 5585 agentes
1219 5514 1590 5588 pmnitentiam
1620 5514 1701 5567 tli-

92 5586 305 5647 cuntur
330 5633 346 5659 ,
376 5608 607 5652 quorum
640 5588 1092 5643 incontinentiam
1122 5588 1311 5659 prohat
1348 5601 1411 5639 ex
1438 5586 1563 5638 filiis
1593 5601 1699 5638 non

94 5665 150 5718 in
185 5665 307 5729 ipso
332 5655 665 5733 pmuitentize
684 5674 867 5733 cursu,
889 5660 983 5712 sed
1010 5664 1122 5733 post
1143 5655 1517 5733 absolutionem
1536 5671 1703 5733 gene-

96 5726 239 5791 ratis
270 5726 469 5801 quique
488 5738 604 5804 jam
636 5747 735 5784 non
763 5729 952 5783 habent
980 5726 1265 5804 suffugium
1296 5728 1609 5804 paenitendi;
1641 5740 1705 5779 ac

96 5808 171 5861 de
203 5796 524 5861 mulieribus
552 5847 565 5869 ,
596 5819 714 5871 qum
753 5817 811 5854 se
840 5810 952 5870 post
999 5796 1386 5871 ptenilctlliuut.
1417 5814 1520 5850 non
1561 5800 1705 5852 inter

101 5878 482 5947 paenitendum
515 5917 529 5942 ,
558 5867 848 5930 ’διιιιὶιιῢιιέ
887 5867 1286 5942 pollutionibus
1330 5868 1699 5923 devinxerim.

1793 4591 2001 4641 tentiam
2054 4587 2201 4655 leges
2241 4589 2384 4641 circa
2434 4586 2703 4651 militiam,
2747 4587 3023 4659 conjugia,
3064 4600 3174 4645 etc.
3223 4586 3391 4644 luisse

1791 4660 2159 4730 pra-scriptas.

1868 4730 1894 4769 ι»
1928 4729 2208 4783 Vt-instior
2233 4728 2406 4783 codex
2430 4727 2622 4793 Corh.,
2655 4731 3003 4786 distinctione.

1872 4812 1893 4839 ο
1922 4800 2177 4864 Capitulo
2211 4801 2337 4855 huic
2361 4804 2412 4852 in
2450 4802 2668 4854 laudato
2699 4805 2889 4857 codice
2915 4802 3069 4856 Colb.
3096 4802 3238 4857 3568
3258 4844 3272 4860 .
3304 4803 3393 4857 cui

1795 4882 1849 4927 et
1880 4872 2021 4925 l'ith.
2051 4872 2311 4941 coiit-iuit,
2348 4872 2463 4925 ha-c
2489 4885 2824 4941 prmponitur
2847 4889 3057 4928 summa
3087 4891 3099 4925 :
3129 4871 3191 4927 Si
3215 4888 3397 4925 mona-

1797 4943 1877 4997 chi
1907 4946 1985 4996 vel
2015 4943 2282 4997 monachae
2309 4947 2597 5014 nupserim.
2628 4945 2785 4999 Alius
2812 4943 2968 4998 Colb.
3015 4959 3124 5013 pra:
3155 4959 3214 4998 se
3240 4945 3347 4999 fert
3379 4962 3392 4999 :

1802 5014 1879 5067 De
1906 5014 2057 5078 lapsu
2086 5015 2453 5067 monac/torum
2488 5017 2564 5068 vel
2583 5017 2970 5070 monachorum.

1872 5082 1897 5122 ἀ
1924 5084 1981 5138 ιιι
2012 5084 2224 5138 duobus
2252 5103 2409 5149 tuss.,
2441 5083 2599 5141 Colb.
2632 5089 2854 5140 calamos
2876 5101 3137 5150 canones;
3165 5100 3287 5155 quae
3310 5086 3394 5141 le-

1798 5157 1909 5209 ctio
1949 5166 2004 5210 ut
2031 5155 2434 5222 admitteretur,
2464 5162 2612 5227 prius
2630 5173 2662 5209 a
2688 5158 2870 5227 quibus
2890 5198 2902 5218 .
2934 5173 3043 5213 noti
3067 5173 3195 5226 quos
3220 5198 3236 5222 ,
3266 5157 3397 5212 sub-

1798 5228 2132 5283 stituendum
2165 5228 2377 5281 luisset.

1876 5308 1899 5335 θ
1944 5300 2298 5357 Antiquiores
2330 5315 2459 5354 mss.
2488 5340 2502 5361 ,
2535 5299 2929 5369 perscriptioue.
2971 5298 3124 5366 Quos
3151 5297 3238 5352 hic
3263 5291 3405 5355 Siri-

1800 5372 1920 5424 cins
1965 5370 2179 5440 arguit,
2230 5381 2420 5424 notare
2454 5368 2673 5423 videtur
2718 5382 2772 5423 et
2812 5368 3132 5425 Ambrosius
3156 5371 3293 5424 lib.t
3332 5370 3401 5427 de

1800 5441 1962 5498 Ollio.
1995 5457 2045 5496 c.
2071 5442 2160 5508 50,
2208 5458 2261 5494 ιι.
2292 5441 2422 5502 :58,
2457 5440 2546 5494 ubi
2573 5440 2648 5493 ait
2682 5458 2694 5492 :
2753 5441 2904 5503 Quod
2939 5457 2997 5495 ro
3020 5457 3121 5495 non
3153 5442 3402 5509 praeterii,

1802 5516 1928 5582 quia
1967 5515 2020 5566 in
2065 5514 2323 5579 plerisque
2369 5512 2709 5565 aliditioribus
2739 5512 2864 5565 locis
2894 5528 3012 5564 cum
3055 5513 3402 5566 ministerium

1806 5586 1933 5649 (hoe
1965 5595 2048 5637 est
2071 5582 2444 5650 diaconatum)
2473 5593 2729 5651 gererent,
2758 5585 2833 5635 rel
2860 5593 3011 5636 etiam
3034 5583 3400 5649 sacerdotium,

1805 5657 1943 5726 ﬁlios
1969 5666 2298 5721 susceperunt
2333 5669 2350 5705 :
2375 5662 2425 5726 et
2450 5654 2501 5726 id
2525 5660 2780 5721 tamquam
2808 5669 2899 5726 usu
2918 5656 3070 5707 veteri
3093 5656 3401 5726 defendunt,

1805 5724 2014 5795 quando
2044 5741 2135 5795 per
2164 5724 2438 5798 intervalla
2458 5725 2667 5798 dierum
2695 5724 3017 5798 sacri/icium
3055 5725 3403 5798 deferebatur.

1808 5792 1954 5865 Quos
1981 5792 2086 5866 qua
2118 5796 2325 5849 ratione
2344 5793 2588 5850 euulutet
2617 5792 2847 5849 videsis.
