  <div class='ocr_page' id='page_1' title='image "/cluster/home/n/w/nwhite01/storage/ocr_20150623/13/hvd.32044015471295/577.png"; bbox 0 0 4048 6350; ppageno 0'>
   <div class='ocr_carea' id='block_1_1' title="bbox 429 263 576 322">
    <p class='ocr_par' dir='ltr' id='par_1_1' title="bbox 429 263 576 322">
     <span class='ocr_line' id='line_1_1' title="bbox 429 263 576 322; baseline 0.007 -1"><span class='ocrx_word' id='word_1_1' title='bbox 429 263 576 322; x_wconf 70' lang='grc'><strong>1145</strong></span> 
     </span>
    </p>
   </div>
   <div class='ocr_carea' id='block_1_2' title="bbox 426 475 2031 548">
    <p class='ocr_par' dir='ltr' id='par_1_2' title="bbox 426 475 2031 548">
     <span class='ocr_line' id='line_1_2' title="bbox 426 475 2031 548; baseline 0.002 -20"><span class='ocrx_word' id='word_1_2' title='bbox 426 489 594 546; x_wconf 87' lang='lat' dir='ltr'><strong>gnum</strong></span> <span class='ocrx_word' id='word_1_3' title='bbox 628 475 890 544; x_wconf 85' lang='lat' dir='ltr'><strong>probarit,</strong></span> <span class='ocrx_word' id='word_1_4' title='bbox 914 475 1159 531; x_wconf 92' lang='lat' dir='ltr'><strong>accedat.</strong></span> <span class='ocrx_word' id='word_1_5' title='bbox 1207 475 1309 532; x_wconf 86' lang='lat' dir='ltr'><strong>Ubi</strong></span> <span class='ocrx_word' id='word_1_6' title='bbox 1342 477 1387 531; x_wconf 88' lang='lat' dir='ltr'><strong>si</strong></span> <span class='ocrx_word' id='word_1_7' title='bbox 1415 477 1557 532; x_wconf 91' lang='lat' dir='ltr'><strong>ultra</strong></span> <span class='ocrx_word' id='word_1_8' title='bbox 1587 478 1828 548; x_wconf 88' lang='lat' dir='ltr'><strong>quinque</strong></span> <span class='ocrx_word' id='word_1_9' title='bbox 1855 491 2031 533; x_wconf 86' lang='lat' dir='ltr'><strong>annos</strong></span> 
     </span>
    </p>
   </div>
   <div class='ocr_carea' id='block_1_3' title="bbox 427 563 2032 643">
    <p class='ocr_par' dir='ltr' id='par_1_3' title="bbox 427 563 2032 643">
     <span class='ocr_line' id='line_1_3' title="bbox 427 563 2032 643; baseline 0 -18"><span class='ocrx_word' id='word_1_10' title='bbox 427 563 1140 625; x_wconf 37' lang='lat' dir='ltr'><strong>laudabilitcr‘ministrarit</strong></span> <span class='ocrx_word' id='word_1_11' title='bbox 1168 612 1182 634; x_wconf 98' lang='lat'><strong>,</strong></span> <span class='ocrx_word' id='word_1_12' title='bbox 1205 585 1444 640; x_wconf 92' lang='lat' dir='ltr'><strong>congrue</strong></span> <span class='ocrx_word' id='word_1_13' title='bbox 1474 571 1872 643; x_wconf 69' lang='lat' dir='ltr'><strong>presbyterium</strong></span> <span class='ocrx_word' id='word_1_14' title='bbox 1901 586 2032 626; x_wconf 88' lang='lat' dir='ltr'><strong>con-</strong></span> 
     </span>
    </p>
   </div>
   <div class='ocr_carea' id='block_1_4' title="bbox 427 643 2030 733">
    <p class='ocr_par' dir='ltr' id='par_1_4' title="bbox 427 643 2030 733">
     <span class='ocr_line' id='line_1_4' title="bbox 427 643 2030 733; baseline 0.001 -18"><span class='ocrx_word' id='word_1_15' title='bbox 427 669 708 731; x_wconf 79' lang='lat' dir='ltr'><strong>sequatur.</strong></span> <span class='ocrx_word' id='word_1_16' title='bbox 741 661 971 728; x_wconf 82' lang='lat' dir='ltr'><strong>Exinde,</strong></span> <span class='ocrx_word' id='word_1_17' title='bbox 997 671 1117 733; x_wconf 92' lang='lat' dir='ltr'><strong>post</strong></span> <span class='ocrx_word' id='word_1_18' title='bbox 1144 643 1498 730; x_wconf 79' lang='lat' dir='ltr'><strong>decennium,</strong></span> <span class='ocrx_word' id='word_1_19' title='bbox 1529 663 1896 733; x_wconf 86' lang='lat' dir='ltr'><strong>episcopalem</strong></span> <span class='ocrx_word' id='word_1_20' title='bbox 1937 677 2030 717; x_wconf 89' lang='lat' dir='ltr'><strong>ca-</strong></span> 
     </span>
    </p>
   </div>
   <div class='ocr_carea' id='block_1_5' title="bbox 427 753 2030 828">
    <p class='ocr_par' dir='ltr' id='par_1_5' title="bbox 427 753 2030 828">
     <span class='ocr_line' id='line_1_5' title="bbox 427 753 2030 828; baseline 0.002 -20"><span class='ocrx_word' id='word_1_21' title='bbox 427 753 681 809; x_wconf 86' lang='lat' dir='ltr'><strong>thedram</strong></span> <span class='ocrx_word' id='word_1_22' title='bbox 725 755 924 825; x_wconf 91' lang='lat' dir='ltr'><strong>poterit</strong></span> <span class='ocrx_word' id='word_1_23' title='bbox 944 756 1201 826; x_wconf 87' lang='lat' dir='ltr'><strong>adipisci,</strong></span> <span class='ocrx_word' id='word_1_24' title='bbox 1228 757 1272 810; x_wconf 89' lang='lat' dir='ltr'><strong>si</strong></span> <span class='ocrx_word' id='word_1_25' title='bbox 1303 767 1480 812; x_wconf 88' lang='lat' dir='ltr'><strong>tamen</strong></span> <span class='ocrx_word' id='word_1_26' title='bbox 1513 772 1608 824; x_wconf 90' lang='lat' dir='ltr'><strong>per</strong></span> <span class='ocrx_word' id='word_1_27' title='bbox 1639 757 1752 812; x_wconf 56' lang='lat' dir='ltr'><strong>huic</strong></span> <span class='ocrx_word' id='word_1_28' title='bbox 1790 767 2030 828; x_wconf 87' lang='lat' dir='ltr'><strong>tempora</strong></span> 
     </span>
    </p>
   </div>
   <div class='ocr_carea' id='block_1_6' title="bbox 431 846 1816 919">
    <p class='ocr_par' dir='ltr' id='par_1_6' title="bbox 431 846 1816 919">
     <span class='ocr_line' id='line_1_6' title="bbox 431 846 1816 919; baseline 0.001 -19"><span class='ocrx_word' id='word_1_29' title='bbox 431 846 718 918; x_wconf 82' lang='lat' dir='ltr'><strong>integritas</strong></span> <span class='ocrx_word' id='word_1_30' title='bbox 747 849 868 903; x_wconf 70' lang='lat' dir='ltr'><strong>vita:</strong></span> <span class='ocrx_word' id='word_1_31' title='bbox 897 864 961 904; x_wconf 91' lang='lat' dir='ltr'><strong>ac</strong></span> <span class='ocrx_word' id='word_1_32' title='bbox 992 850 1114 904; x_wconf 78' lang='lat' dir='ltr'><strong>lltlei</strong></span> <span class='ocrx_word' id='word_1_33' title='bbox 1149 850 1269 919; x_wconf 88' lang='lat' dir='ltr'><strong>ejus</strong></span> <span class='ocrx_word' id='word_1_34' title='bbox 1298 848 1463 904; x_wconf 81' lang='lat' dir='ltr'><strong>fuerit</strong></span> <span class='ocrx_word' id='word_1_35' title='bbox 1496 849 1816 919; x_wconf 87' lang='lat' dir='ltr'><strong>approbata.</strong></span> 
     </span>
    </p>
   </div>
   <div class='ocr_carea' id='block_1_7' title="bbox 502 940 2033 1013">
    <p class='ocr_par' dir='ltr' id='par_1_7' title="bbox 502 940 2033 1013">
     <span class='ocr_line' id='line_1_7' title="bbox 502 940 2033 1013; baseline 0.003 -18"><span class='ocrx_word' id='word_1_36' title='bbox 502 942 632 996; x_wconf 78' lang='lat' dir='ltr'><strong>CAP.</strong></span> <span class='ocrx_word' id='word_1_37' title='bbox 663 940 734 996; x_wconf 82' lang='lat' dir='ltr'><strong>X.</strong></span> <span class='ocrx_word' id='word_1_38' title='bbox 754 971 827 982; x_wconf 97' lang='lat'><strong>—</strong></span> <span class='ocrx_word' id='word_1_39' title='bbox 849 941 934 996; x_wconf 79' lang='lat' dir='ltr'><strong>M.</strong></span> <span class='ocrx_word' id='word_1_40' title='bbox 967 943 1068 1010; x_wconf 87' lang='lat' dir='ltr'><strong>Qui</strong></span> <span class='ocrx_word' id='word_1_41' title='bbox 1092 958 1220 998; x_wconf 91' lang='lat' dir='ltr'><strong>vero</strong></span> <span class='ocrx_word' id='word_1_42' title='bbox 1238 943 1349 1012; x_wconf 87' lang='lat' dir='ltr'><strong>jam</strong></span> <span class='ocrx_word' id='word_1_43' title='bbox 1372 953 1532 998; x_wconf 70' lang='lat' dir='ltr'><strong>aztztte</strong></span> <span class='ocrx_word' id='word_1_44' title='bbox 1553 943 1894 1013; x_wconf 70' lang='lat' dir='ltr'><strong>grandazvus,</strong></span> <span class='ocrx_word' id='word_1_45' title='bbox 1920 957 2033 1000; x_wconf 91' lang='lat' dir='ltr'><strong>me-</strong></span> 
     </span>
    </p>
   </div>
   <div class='ocr_carea' id='block_1_8' title="bbox 428 1031 2035 1105">
    <p class='ocr_par' dir='ltr' id='par_1_8' title="bbox 428 1031 2035 1105">
     <span class='ocr_line' id='line_1_8' title="bbox 428 1031 2035 1105; baseline 0.001 -17"><span class='ocrx_word' id='word_1_46' title='bbox 428 1031 583 1088; x_wconf 90' lang='lat' dir='ltr'><strong>lioris</strong></span> <span class='ocrx_word' id='word_1_47' title='bbox 613 1033 877 1103; x_wconf 85' lang='lat' dir='ltr'><strong>propositi</strong></span> <span class='ocrx_word' id='word_1_48' title='bbox 911 1043 937 1071; x_wconf 68' lang='grc' dir='ltr'><strong>α</strong></span> <span class='ocrx_word' id='word_1_49' title='bbox 975 1035 1342 1090; x_wconf 84' lang='lat' dir='ltr'><strong>conversione</strong></span> <span class='ocrx_word' id='word_1_50' title='bbox 1389 1045 1714 1105; x_wconf 88' lang='lat' dir='ltr'><strong>provocatus</strong></span> <span class='ocrx_word' id='word_1_51' title='bbox 1735 1076 1749 1098; x_wconf 88' lang='lat'><strong>,</strong></span> <span class='ocrx_word' id='word_1_52' title='bbox 1783 1051 1848 1090; x_wconf 73' lang='lat' dir='ltr'><strong>ex</strong></span> <span class='ocrx_word' id='word_1_53' title='bbox 1900 1036 2035 1090; x_wconf 81' lang='lat' dir='ltr'><strong>laico</strong></span> 
     </span>
    </p>
   </div>
   <div class='ocr_carea' id='block_1_9' title="bbox 432 1122 2035 1195">
    <p class='ocr_par' dir='ltr' id='par_1_9' title="bbox 432 1122 2035 1195">
     <span class='ocr_line' id='line_1_9' title="bbox 432 1122 2035 1195; baseline 0.002 -17"><span class='ocrx_word' id='word_1_54' title='bbox 432 1122 503 1178; x_wconf 88' lang='lat' dir='ltr'><strong>ad</strong></span> <span class='ocrx_word' id='word_1_55' title='bbox 536 1138 746 1179; x_wconf 82' lang='lat' dir='ltr'><strong>sacram</strong></span> <span class='ocrx_word' id='word_1_56' title='bbox 776 1125 1026 1180; x_wconf 85' lang='lat' dir='ltr'><strong>militiam</strong></span> <span class='ocrx_word' id='word_1_57' title='bbox 1057 1127 1343 1195; x_wconf 87' lang='lat' dir='ltr'><strong>pervenire</strong></span> <span class='ocrx_word' id='word_1_58' title='bbox 1390 1125 1640 1194; x_wconf 79' lang='lat' dir='ltr'><strong>l&#39;eStinat,</strong></span> <span class='ocrx_word' id='word_1_59' title='bbox 1666 1127 1920 1182; x_wconf 83' lang='lat' dir='ltr'><strong>desiderii</strong></span> <span class='ocrx_word' id='word_1_60' title='bbox 1951 1128 2035 1182; x_wconf 89' lang='lat' dir='ltr'><strong>sui</strong></span> 
     </span>
    </p>
   </div>
   <div class='ocr_carea' id='block_1_10' title="bbox 431 1216 2038 1288">
    <p class='ocr_par' dir='ltr' id='par_1_10' title="bbox 431 1216 2038 1288">
     <span class='ocr_line' id='line_1_10' title="bbox 431 1216 2038 1288; baseline 0.002 -19"><span class='ocrx_word' id='word_1_61' title='bbox 431 1216 668 1271; x_wconf 86' lang='lat' dir='ltr'><strong>l‘ructum</strong></span> <span class='ocrx_word' id='word_1_62' title='bbox 715 1231 824 1271; x_wconf 93' lang='lat' dir='ltr'><strong>non</strong></span> <span class='ocrx_word' id='word_1_63' title='bbox 857 1218 1018 1270; x_wconf 85' lang='lat' dir='ltr'><strong>aliter</strong></span> <span class='ocrx_word' id='word_1_64' title='bbox 1045 1217 1331 1283; x_wconf 78' lang='lat' dir='ltr'><strong>obtinebit,</strong></span> <span class='ocrx_word' id='word_1_65' title='bbox 1359 1218 1460 1271; x_wconf 88' lang='lat' dir='ltr'><strong>nisi</strong></span> <span class='ocrx_word' id='word_1_66' title='bbox 1491 1232 1558 1272; x_wconf 91' lang='lat' dir='ltr'><strong>eo</strong></span> <span class='ocrx_word' id='word_1_67' title='bbox 1601 1234 1706 1286; x_wconf 90' lang='lat' dir='ltr'><strong>quo</strong></span> <span class='ocrx_word' id='word_1_68' title='bbox 1737 1217 2038 1288; x_wconf 78' lang='lat' dir='ltr'><strong>baptizatur</strong></span> 
     </span>
    </p>
   </div>
   <div class='ocr_carea' id='block_1_11' title="bbox 434 1308 2038 1376">
    <p class='ocr_par' dir='ltr' id='par_1_11' title="bbox 434 1308 2038 1376">
     <span class='ocr_line' id='line_1_11' title="bbox 434 1308 2038 1376; baseline 0.002 -14"><span class='ocrx_word' id='word_1_69' title='bbox 434 1317 704 1376; x_wconf 88' lang='lat' dir='ltr'><strong>tempore.</strong></span> <span class='ocrx_word' id='word_1_70' title='bbox 737 1308 920 1363; x_wconf 79' lang='lat' dir='ltr'><strong>statim</strong></span> <span class='ocrx_word' id='word_1_71' title='bbox 953 1309 1216 1364; x_wconf 88' lang='lat' dir='ltr'><strong>lectorum</strong></span> <span class='ocrx_word' id='word_1_72' title='bbox 1248 1317 1342 1364; x_wconf 89' lang='lat' dir='ltr'><strong>aut</strong></span> <span class='ocrx_word' id='word_1_73' title='bbox 1385 1310 1777 1365; x_wconf 83' lang='lat' dir='ltr'><strong>exorcistarum</strong></span> <span class='ocrx_word' id='word_1_74' title='bbox 1811 1326 2038 1366; x_wconf 90' lang='lat' dir='ltr'><strong>numero</strong></span> 
     </span>
    </p>
   </div>
   <div class='ocr_carea' id='block_1_12' title="bbox 435 1402 2036 1470">
    <p class='ocr_par' dir='ltr' id='par_1_12' title="bbox 435 1402 2036 1470">
     <span class='ocr_line' id='line_1_12' title="bbox 435 1402 2036 1470; baseline 0.002 -14"><span class='ocrx_word' id='word_1_75' title='bbox 435 1402 700 1468; x_wconf 87' lang='lat' dir='ltr'><strong>societur,</strong></span> <span class='ocrx_word' id='word_1_76' title='bbox 730 1403 775 1457; x_wconf 77' lang='lat' dir='ltr'><strong>si</strong></span> <span class='ocrx_word' id='word_1_77' title='bbox 807 1411 987 1458; x_wconf 92' lang='lat' dir='ltr'><strong>tamen</strong></span> <span class='ocrx_word' id='word_1_78' title='bbox 1020 1419 1142 1457; x_wconf 89' lang='lat' dir='ltr'><strong>eum</strong></span> <span class='ocrx_word' id='word_1_79' title='bbox 1172 1418 1335 1457; x_wconf 91' lang='lat' dir='ltr'><strong>unam</strong></span> <span class='ocrx_word' id='word_1_80' title='bbox 1385 1402 1645 1459; x_wconf 87' lang='lat' dir='ltr'><strong>habuisse</strong></span> <span class='ocrx_word' id='word_1_81' title='bbox 1676 1402 1764 1458; x_wconf 92' lang='lat' dir='ltr'><strong>vel</strong></span> <span class='ocrx_word' id='word_1_82' title='bbox 1815 1403 2036 1470; x_wconf 84' lang='lat' dir='ltr'><strong>habere,</strong></span> 
     </span>
    </p>
   </div>
   <div class='ocr_carea' id='block_1_13' title="bbox 435 1496 2038 1568">
    <p class='ocr_par' dir='ltr' id='par_1_13' title="bbox 435 1496 2038 1568">
     <span class='ocr_line' id='line_1_13' title="bbox 435 1496 2038 1568; baseline -0.001 -16"><span class='ocrx_word' id='word_1_83' title='bbox 435 1505 490 1552; x_wconf 89' lang='lat' dir='ltr'><strong>et</strong></span> <span class='ocrx_word' id='word_1_84' title='bbox 536 1496 675 1551; x_wconf 92' lang='lat' dir='ltr'><strong>hanc</strong></span> <span class='ocrx_word' id='word_1_85' title='bbox 715 1497 980 1568; x_wconf 79' lang='lat' dir='ltr'><strong>virginem</strong></span> <span class='ocrx_word' id='word_1_86' title='bbox 1029 1497 1345 1568; x_wconf 84' lang='lat' dir='ltr'><strong>accepisse,</strong></span> <span class='ocrx_word' id='word_1_87' title='bbox 1378 1505 1598 1552; x_wconf 84' lang='lat' dir='ltr'><strong>constet</strong></span> <span class='ocrx_word' id='word_1_88' title='bbox 1643 1511 1892 1552; x_wconf 79' lang='lat' dir='ltr'><strong>uxorem.</strong></span> <span class='ocrx_word' id='word_1_89' title='bbox 1937 1497 2038 1566; x_wconf 88' lang='lat' dir='ltr'><strong>Qui</strong></span> 
     </span>
    </p>
   </div>
   <div class='ocr_carea' id='block_1_14' title="bbox 437 1589 2038 1662">
    <p class='ocr_par' dir='ltr' id='par_1_14' title="bbox 437 1589 2038 1662">
     <span class='ocr_line' id='line_1_14' title="bbox 437 1589 2038 1662; baseline 0.001 -17"><span class='ocrx_word' id='word_1_90' title='bbox 437 1589 567 1646; x_wconf 90' lang='lat' dir='ltr'><strong>dum</strong></span> <span class='ocrx_word' id='word_1_91' title='bbox 601 1591 848 1646; x_wconf 86' lang='lat' dir='ltr'><strong>initiatus</strong></span> <span class='ocrx_word' id='word_1_92' title='bbox 880 1591 1067 1658; x_wconf 81' lang='lat' dir='ltr'><strong>fuerit,</strong></span> <span class='ocrx_word' id='word_1_93' title='bbox 1097 1591 1316 1662; x_wconf 84' lang='lat' dir='ltr'><strong>expleto</strong></span> <span class='ocrx_word' id='word_1_94' title='bbox 1343 1590 1585 1656; x_wconf 88' lang='lat' dir='ltr'><strong>biennio,</strong></span> <span class='ocrx_word' id='word_1_95' title='bbox 1617 1606 1714 1660; x_wconf 88' lang='lat' dir='ltr'><strong>per</strong></span> <span class='ocrx_word' id='word_1_96' title='bbox 1738 1591 2038 1662; x_wconf 87' lang='lat' dir='ltr'><strong>quinquen-</strong></span> 
     </span>
    </p>
   </div>
   <div class='ocr_carea' id='block_1_15' title="bbox 432 1683 2039 1756">
    <p class='ocr_par' dir='ltr' id='par_1_15' title="bbox 432 1683 2039 1756">
     <span class='ocr_line' id='line_1_15' title="bbox 432 1683 2039 1756; baseline 0.001 -18"><span class='ocrx_word' id='word_1_97' title='bbox 432 1685 582 1738; x_wconf 87' lang='lat' dir='ltr'><strong>nium</strong></span> <span class='ocrx_word' id='word_1_98' title='bbox 624 1683 772 1738; x_wconf 87' lang='lat' dir='ltr'><strong>aliud</strong></span> <span class='ocrx_word' id='word_1_99' title='bbox 818 1685 1105 1756; x_wconf 82' lang='lat' dir='ltr'><strong>acolythus</strong></span> <span class='ocrx_word' id='word_1_100' title='bbox 1135 1693 1190 1740; x_wconf 92' lang='lat' dir='ltr'><strong>et</strong></span> <span class='ocrx_word' id='word_1_101' title='bbox 1220 1684 1584 1739; x_wconf 88' lang='lat' dir='ltr'><strong>subdiaconus</strong></span> <span class='ocrx_word' id='word_1_102' title='bbox 1615 1683 1740 1748; x_wconf 89' lang='lat' dir='ltr'><strong>ﬁat,</strong></span> <span class='ocrx_word' id='word_1_103' title='bbox 1770 1691 1827 1738; x_wconf 87' lang='lat' dir='ltr'><strong>et</strong></span> <span class='ocrx_word' id='word_1_104' title='bbox 1853 1684 1931 1739; x_wconf 91' lang='lat' dir='ltr'><strong>sic</strong></span> <span class='ocrx_word' id='word_1_105' title='bbox 1972 1685 2039 1739; x_wconf 90' lang='lat' dir='ltr'><strong>ad</strong></span> 
     </span>
    </p>
   </div>
   <div class='ocr_carea' id='block_1_16' title="bbox 1727 262 2496 323">
    <p class='ocr_par' dir='ltr' id='par_1_16' title="bbox 1727 262 2496 323">
     <span class='ocr_line' id='line_1_16' title="bbox 1727 262 2496 323; baseline -0.003 0"><span class='ocrx_word' id='word_1_106' title='bbox 1727 263 1975 323; x_wconf 81' lang='lat' dir='ltr'><strong>SANCTI</strong></span> <span class='ocrx_word' id='word_1_107' title='bbox 2012 262 2235 323; x_wconf 71' lang='lat' dir='ltr'><strong>SllllCll</strong></span> <span class='ocrx_word' id='word_1_108' title='bbox 2272 263 2496 322; x_wconf 62' lang='lat' dir='ltr'><strong>PAPE.</strong></span> 
     </span>
    </p>
   </div>
   <div class='ocr_carea' id='block_1_17' title="bbox 333 379 3738 456">
    <p class='ocr_par' dir='ltr' id='par_1_17' title="bbox 333 379 3738 456">
     <span class='ocr_line' id='line_1_17' title="bbox 333 379 3738 456; baseline 0.002 -19"><span class='ocrx_word' id='word_1_109' title='bbox 333 393 340 397; x_wconf 84' lang='lat'><strong>&#39;</strong></span> <span class='ocrx_word' id='word_1_110' title='bbox 429 379 584 447; x_wconf 91' lang='lat' dir='ltr'><strong>dum,</strong></span> <span class='ocrx_word' id='word_1_111' title='bbox 615 381 660 437; x_wconf 87' lang='lat' dir='ltr'><strong>si</strong></span> <span class='ocrx_word' id='word_1_112' title='bbox 693 395 754 438; x_wconf 84' lang='lat' dir='ltr'><strong>se</strong></span> <span class='ocrx_word' id='word_1_113' title='bbox 797 381 918 454; x_wconf 88' lang='lat' dir='ltr'><strong>ipse</strong></span> <span class='ocrx_word' id='word_1_114' title='bbox 964 382 1216 453; x_wconf 88' lang='lat' dir='ltr'><strong>primitus</strong></span> <span class='ocrx_word' id='word_1_115' title='bbox 1245 381 1582 438; x_wconf 89' lang='lat' dir='ltr'><strong>continentia</strong></span> <span class='ocrx_word' id='word_1_116' title='bbox 1628 392 1906 454; x_wconf 73' lang='lat' dir='ltr'><strong>przceunlc</strong></span> <span class='ocrx_word' id='word_1_117' title='bbox 1945 383 2030 440; x_wconf 84' lang='lat' dir='ltr'><strong>di-</strong></span> <span class='ocrx_word' id='word_1_118' title='bbox 2058 396 2108 456; x_wconf 72' lang='grc' dir='ltr'>Α</span> <span class='ocrx_word' id='word_1_119' title='bbox 2136 400 2184 441; x_wconf 84' lang='lat' dir='ltr'><strong>c.</strong></span> <span class='ocrx_word' id='word_1_120' title='bbox 2215 384 2280 450; x_wconf 84' lang='lat'><strong>5;</strong></span> <span class='ocrx_word' id='word_1_121' title='bbox 2309 381 2402 438; x_wconf 84' lang='lat' dir='ltr'><strong>Ivo</strong></span> <span class='ocrx_word' id='word_1_122' title='bbox 2433 401 2488 453; x_wconf 86' lang='lat' dir='ltr'><strong>p.</strong></span> <span class='ocrx_word' id='word_1_123' title='bbox 2527 384 2588 454; x_wconf 88' lang='lat'><strong>6,</strong></span> <span class='ocrx_word' id='word_1_124' title='bbox 2624 402 2670 442; x_wconf 80' lang='grc' dir='ltr'>ε.</span> <span class='ocrx_word' id='word_1_125' title='bbox 2705 383 2800 456; x_wconf 83' lang='lat'><strong>55)</strong></span> <span class='ocrx_word' id='word_1_126' title='bbox 2827 395 2918 441; x_wconf 88' lang='lat' dir='ltr'><strong>aut</strong></span> <span class='ocrx_word' id='word_1_127' title='bbox 2964 385 3205 453; x_wconf 84' lang='lat' dir='ltr'><strong>viduam,</strong></span> <span class='ocrx_word' id='word_1_128' title='bbox 3232 395 3322 443; x_wconf 90' lang='lat' dir='ltr'><strong>aut</strong></span> <span class='ocrx_word' id='word_1_129' title='bbox 3363 399 3511 444; x_wconf 89' lang='lat' dir='ltr'><strong>certe</strong></span> <span class='ocrx_word' id='word_1_130' title='bbox 3538 401 3738 444; x_wconf 88' lang='lat' dir='ltr'><strong>secun-</strong></span> 
     </span>
    </p>
   </div>
   <div class='ocr_carea' id='block_1_18' title="bbox 3593 268 3730 324">
    <p class='ocr_par' dir='ltr' id='par_1_18' title="bbox 3593 268 3730 324">
     <span class='ocr_line' id='line_1_18' title="bbox 3593 268 3730 324; baseline 0.022 -3"><span class='ocrx_word' id='word_1_131' title='bbox 3593 268 3730 324; x_wconf 70' lang='grc'><strong>1141</strong></span> 
     </span>
    </p>
   </div>
   <div class='ocr_carea' id='block_1_19' title="bbox 2132 478 3734 551">
    <p class='ocr_par' dir='ltr' id='par_1_19' title="bbox 2132 478 3734 551">
     <span class='ocr_line' id='line_1_19' title="bbox 2132 478 3734 551; baseline 0.001 -16"><span class='ocrx_word' id='word_1_132' title='bbox 2132 478 2254 535; x_wconf 91' lang='lat' dir='ltr'><strong>dam</strong></span> <span class='ocrx_word' id='word_1_133' title='bbox 2283 479 2567 550; x_wconf 86' lang='lat' dir='ltr'><strong>conjugem</strong></span> <span class='ocrx_word' id='word_1_134' title='bbox 2597 480 2838 546; x_wconf 90' lang='lat' dir='ltr'><strong>duxerit,</strong></span> <span class='ocrx_word' id='word_1_135' title='bbox 2871 482 3020 536; x_wconf 89' lang='lat' dir='ltr'><strong>omni</strong></span> <span class='ocrx_word' id='word_1_136' title='bbox 3048 481 3430 536; x_wconf 78' lang='lat' dir='ltr'><strong>ecclesiastica:</strong></span> <span class='ocrx_word' id='word_1_137' title='bbox 3457 479 3734 551; x_wconf 76' lang='lat' dir='ltr'><strong>dignitatis</strong></span> 
     </span>
    </p>
   </div>
   <div class='ocr_carea' id='block_1_20' title="bbox 2134 571 3732 645">
    <p class='ocr_par' dir='ltr' id='par_1_20' title="bbox 2134 571 3732 645">
     <span class='ocr_line' id='line_1_20' title="bbox 2134 571 3732 645; baseline 0.002 -19"><span class='ocrx_word' id='word_1_138' title='bbox 2134 571 2420 645; x_wconf 86' lang='lat' dir='ltr'><strong>privilegio</strong></span> <span class='ocrx_word' id='word_1_139' title='bbox 2449 587 2577 627; x_wconf 87' lang='lat' dir='ltr'><strong>mox</strong></span> <span class='ocrx_word' id='word_1_140' title='bbox 2626 571 2886 638; x_wconf 91' lang='lat' dir='ltr'><strong>nudetur,</strong></span> <span class='ocrx_word' id='word_1_141' title='bbox 2919 573 3056 628; x_wconf 88' lang='lat' dir='ltr'><strong>laica</strong></span> <span class='ocrx_word' id='word_1_142' title='bbox 3100 581 3306 628; x_wconf 88' lang='lat' dir='ltr'><strong>tantum</strong></span> <span class='ocrx_word' id='word_1_143' title='bbox 3335 572 3437 628; x_wconf 69' lang='lat' dir='ltr'><strong>sibi</strong></span> <span class='ocrx_word' id='word_1_144' title='bbox 3481 589 3732 629; x_wconf 85' lang='lat' dir='ltr'><strong>commu-</strong></span> 
     </span>
    </p>
   </div>
   <div class='ocr_carea' id='block_1_21' title="bbox 2135 665 3732 737">
    <p class='ocr_par' dir='ltr' id='par_1_21' title="bbox 2135 665 3732 737">
     <span class='ocr_line' id='line_1_21' title="bbox 2135 665 3732 737; baseline 0 -16"><span class='ocrx_word' id='word_1_145' title='bbox 2135 668 2298 722; x_wconf 89' lang='lat' dir='ltr'><strong>nione</strong></span> <span class='ocrx_word' id='word_1_146' title='bbox 2328 680 2624 732; x_wconf 87' lang='lat' dir='ltr'><strong>concessa;</strong></span> <span class='ocrx_word' id='word_1_147' title='bbox 2650 681 2814 736; x_wconf 89' lang='lat' dir='ltr'><strong>quam</strong></span> <span class='ocrx_word' id='word_1_148' title='bbox 2849 666 2920 720; x_wconf 90' lang='lat' dir='ltr'><strong>ita</strong></span> <span class='ocrx_word' id='word_1_149' title='bbox 2950 665 3172 721; x_wconf 91' lang='lat' dir='ltr'><strong>demum</strong></span> <span class='ocrx_word' id='word_1_150' title='bbox 3204 666 3403 736; x_wconf 87' lang='lat' dir='ltr'><strong>poterit</strong></span> <span class='ocrx_word' id='word_1_151' title='bbox 3427 666 3732 737; x_wconf 85' lang='lat' dir='ltr'><strong>possidere,</strong></span> 
     </span>
    </p>
   </div>
   <div class='ocr_carea' id='block_1_22' title="bbox 2134 756 3729 829">
    <p class='ocr_par' dir='ltr' id='par_1_22' title="bbox 2134 756 3729 829">
     <span class='ocr_line' id='line_1_22' title="bbox 2134 756 3729 829; baseline -0.004 -14"><span class='ocrx_word' id='word_1_152' title='bbox 2134 761 2178 815; x_wconf 92' lang='lat' dir='ltr'><strong>si</strong></span> <span class='ocrx_word' id='word_1_153' title='bbox 2211 759 2344 814; x_wconf 86' lang='lat' dir='ltr'><strong>nihil</strong></span> <span class='ocrx_word' id='word_1_154' title='bbox 2386 770 2605 829; x_wconf 88' lang='lat' dir='ltr'><strong>postea,</strong></span> <span class='ocrx_word' id='word_1_155' title='bbox 2638 766 2860 829; x_wconf 86' lang='lat' dir='ltr'><strong>propter</strong></span> <span class='ocrx_word' id='word_1_156' title='bbox 2889 756 3031 826; x_wconf 90' lang='lat' dir='ltr'><strong>quod</strong></span> <span class='ocrx_word' id='word_1_157' title='bbox 3061 757 3200 812; x_wconf 90' lang='lat' dir='ltr'><strong>hanc</strong></span> <span class='ocrx_word' id='word_1_158' title='bbox 3225 757 3435 827; x_wconf 86' lang='lat' dir='ltr'><strong>perdat,</strong></span> <span class='ocrx_word' id='word_1_159' title='bbox 3460 757 3729 812; x_wconf 84' lang='lat' dir='ltr'><strong>admittat.</strong></span> 
     </span>
    </p>
   </div>
   <div class='ocr_carea' id='block_1_23' title="bbox 2206 847 3732 920">
    <p class='ocr_par' dir='ltr' id='par_1_23' title="bbox 2206 847 3732 920">
     <span class='ocr_line' id='line_1_23' title="bbox 2206 847 3732 920; baseline -0.001 -14"><span class='ocrx_word' id='word_1_160' title='bbox 2206 853 2334 907; x_wconf 59' lang='lat' dir='ltr'><strong>Car.</strong></span> <span class='ocrx_word' id='word_1_161' title='bbox 2367 851 2479 906; x_wconf 77' lang='lat' dir='ltr'><strong>Xll.</strong></span> <span class='ocrx_word' id='word_1_162' title='bbox 2535 881 2604 891; x_wconf 96' lang='lat'><strong><em>—</em></strong></span> <span class='ocrx_word' id='word_1_163' title='bbox 2651 851 2739 904; x_wconf 85' lang='grc'>16.</span> <span class='ocrx_word' id='word_1_164' title='bbox 2775 849 3027 904; x_wconf 78' lang='lat' dir='ltr'><strong>Feminas</strong></span> <span class='ocrx_word' id='word_1_165' title='bbox 3056 864 3186 905; x_wconf 89' lang='lat' dir='ltr'><strong>vero</strong></span> <span class='ocrx_word' id='word_1_166' title='bbox 3218 847 3398 920; x_wconf 86' lang='lat' dir='ltr'><strong>(Dist.</strong></span> <span class='ocrx_word' id='word_1_167' title='bbox 3425 849 3489 904; x_wconf 93' lang='grc'>81</span> <span class='ocrx_word' id='word_1_168' title='bbox 3516 890 3530 914; x_wconf 89' lang='grc'><strong>,</strong></span> <span class='ocrx_word' id='word_1_169' title='bbox 3558 865 3607 904; x_wconf 92' lang='lat' dir='ltr'><strong>c.</strong></span> <span class='ocrx_word' id='word_1_170' title='bbox 3637 849 3732 914; x_wconf 84' lang='lat'><strong>3|;</strong></span> 
     </span>
    </p>
   </div>
   <div class='ocr_carea' id='block_1_24' title="bbox 2137 941 3731 1018">
    <p class='ocr_par' dir='ltr' id='par_1_24' title="bbox 2137 941 3731 1018">
     <span class='ocr_line' id='line_1_24' title="bbox 2137 941 3731 1018; baseline -0.003 -19"><span class='ocrx_word' id='word_1_171' title='bbox 2137 944 2231 1000; x_wconf 78' lang='lat' dir='ltr'><strong>Iro</strong></span> <span class='ocrx_word' id='word_1_172' title='bbox 2257 964 2310 1018; x_wconf 87' lang='lat' dir='ltr'><strong>p.</strong></span> <span class='ocrx_word' id='word_1_173' title='bbox 2339 945 2395 1009; x_wconf 85' lang='lat'><strong>6,</strong></span> <span class='ocrx_word' id='word_1_174' title='bbox 2424 961 2472 1000; x_wconf 90' lang='lat' dir='ltr'><strong>c.</strong></span> <span class='ocrx_word' id='word_1_175' title='bbox 2501 943 2572 999; x_wconf 75' lang='lat'><strong>52</strong></span> <span class='ocrx_word' id='word_1_176' title='bbox 2592 953 2639 997; x_wconf 90' lang='lat' dir='ltr'><strong>et</strong></span> <span class='ocrx_word' id='word_1_177' title='bbox 2671 944 2773 1000; x_wconf 86' lang='grc'><strong>187</strong></span> <span class='ocrx_word' id='word_1_178' title='bbox 2802 945 2818 1014; x_wconf 94' lang='grc'><strong>)</strong></span> <span class='ocrx_word' id='word_1_179' title='bbox 2843 959 2948 998; x_wconf 91' lang='lat' dir='ltr'><strong>non</strong></span> <span class='ocrx_word' id='word_1_180' title='bbox 2978 943 3115 997; x_wconf 87' lang='lat' dir='ltr'><strong>alias</strong></span> <span class='ocrx_word' id='word_1_181' title='bbox 3138 957 3258 997; x_wconf 90' lang='lat' dir='ltr'><strong>esse</strong></span> <span class='ocrx_word' id='word_1_182' title='bbox 3289 941 3524 1013; x_wconf 89' lang='lat' dir='ltr'><strong>patimur</strong></span> <span class='ocrx_word' id='word_1_183' title='bbox 3548 941 3603 996; x_wconf 92' lang='lat' dir='ltr'><strong>in</strong></span> <span class='ocrx_word' id='word_1_184' title='bbox 3633 941 3731 995; x_wconf 82' lang='lat' dir='ltr'><strong>do-</strong></span> 
     </span>
    </p>
   </div>
   <div class='ocr_carea' id='block_1_25' title="bbox 2139 1036 3737 1106">
    <p class='ocr_par' dir='ltr' id='par_1_25' title="bbox 2139 1036 3737 1106">
     <span class='ocr_line' id='line_1_25' title="bbox 2139 1036 3737 1106; baseline -0.001 -14"><span class='ocrx_word' id='word_1_185' title='bbox 2139 1039 2314 1094; x_wconf 87' lang='lat' dir='ltr'><strong>mibus</strong></span> <span class='ocrx_word' id='word_1_186' title='bbox 2345 1038 2696 1102; x_wconf 89' lang='lat' dir='ltr'><strong>clericorum,</strong></span> <span class='ocrx_word' id='word_1_187' title='bbox 2727 1036 2830 1091; x_wconf 89' lang='lat' dir='ltr'><strong>nisi</strong></span> <span class='ocrx_word' id='word_1_188' title='bbox 2863 1051 2956 1090; x_wconf 89' lang='lat' dir='ltr'><strong>eas</strong></span> <span class='ocrx_word' id='word_1_189' title='bbox 2981 1044 3211 1100; x_wconf 80' lang='lat' dir='ltr'><strong>tantum,</strong></span> <span class='ocrx_word' id='word_1_190' title='bbox 3239 1049 3376 1106; x_wconf 85' lang='lat' dir='ltr'><strong>quas</strong></span> <span class='ocrx_word' id='word_1_191' title='bbox 3400 1044 3626 1105; x_wconf 70' lang='lat' dir='ltr'><strong>promer</strong></span> <span class='ocrx_word' id='word_1_192' title='bbox 3648 1049 3737 1090; x_wconf 83' lang='lat' dir='ltr'><strong>so-</strong></span> 
     </span>
    </p>
   </div>
   <div class='ocr_carea' id='block_1_26' title="bbox 2135 1129 3738 1202">
    <p class='ocr_par' dir='ltr' id='par_1_26' title="bbox 2135 1129 3738 1202">
     <span class='ocr_line' id='line_1_26' title="bbox 2135 1129 3738 1202; baseline -0.002 -14"><span class='ocrx_word' id='word_1_193' title='bbox 2135 1132 2216 1188; x_wconf 88' lang='lat' dir='ltr'><strong>las</strong></span> <span class='ocrx_word' id='word_1_194' title='bbox 2245 1131 2708 1187; x_wconf 70' lang='lat' dir='ltr'><strong>necessitudinum</strong></span> <span class='ocrx_word' id='word_1_195' title='bbox 2739 1145 2930 1186; x_wconf 83' lang='lat' dir='ltr'><strong>causas</strong></span> <span class='ocrx_word' id='word_1_196' title='bbox 2958 1129 3202 1185; x_wconf 88' lang='lat' dir='ltr'><strong>habitare</strong></span> <span class='ocrx_word' id='word_1_197' title='bbox 3232 1145 3352 1184; x_wconf 91' lang='lat' dir='ltr'><strong>cum</strong></span> <span class='ocrx_word' id='word_1_198' title='bbox 3377 1129 3574 1185; x_wconf 88' lang='lat' dir='ltr'><strong>iisdem</strong></span> <span class='ocrx_word' id='word_1_199' title='bbox 3600 1144 3700 1202; x_wconf 84' lang='lat' dir='ltr'><strong>syn</strong></span> <span class='ocrx_word' id='word_1_200' title='bbox 3722 1159 3738 1170; x_wconf 79' lang='grc' dir='ltr'><strong><em>ο</em></strong></span> 
     </span>
    </p>
   </div>
   <div class='ocr_carea' id='block_1_27' title="bbox 2137 1219 3737 1296">
    <p class='ocr_par' dir='ltr' id='par_1_27' title="bbox 2137 1219 3737 1296">
     <span class='ocr_line' id='line_1_27' title="bbox 2137 1219 3737 1296; baseline -0.003 -17"><span class='ocrx_word' id='word_1_201' title='bbox 2137 1224 2276 1280; x_wconf 90' lang='lat' dir='ltr'><strong>odus</strong></span> <span class='ocrx_word' id='word_1_202' title='bbox 2297 1223 2512 1279; x_wconf 73' lang='lat' dir='ltr'><strong>Niczena</strong></span> <span class='ocrx_word' id='word_1_203' title='bbox 2530 1224 2778 1296; x_wconf 85' lang='lat' dir='ltr'><strong>permisit</strong></span> <span class='ocrx_word' id='word_1_204' title='bbox 2809 1221 2962 1296; x_wconf 87' lang='lat' dir='ltr'><strong>(Can.</strong></span> <span class='ocrx_word' id='word_1_205' title='bbox 2995 1223 3050 1279; x_wconf 80' lang='lat'><strong>5.</strong></span> <span class='ocrx_word' id='word_1_206' title='bbox 3075 1221 3210 1276; x_wconf 84' lang='lat' dir='ltr'><strong>Vide</strong></span> <span class='ocrx_word' id='word_1_207' title='bbox 3224 1221 3413 1279; x_wconf 88' lang='lat' dir='ltr'><strong>concil.</strong></span> <span class='ocrx_word' id='word_1_208' title='bbox 3428 1219 3737 1294; x_wconf 78' lang='lat' dir='ltr'><strong>Carthagin.</strong></span> 
     </span>
    </p>
   </div>
   <div class='ocr_carea' id='block_1_28' title="bbox 2141 1316 2457 1383">
    <p class='ocr_par' dir='ltr' id='par_1_28' title="bbox 2141 1316 2457 1383">
     <span class='ocr_line' id='line_1_28' title="bbox 2141 1316 2457 1383; baseline -0.003 -11"><span class='ocrx_word' id='word_1_209' title='bbox 2141 1316 2229 1379; x_wconf 83' lang='lat' dir='ltr'><strong>ill,</strong></span> <span class='ocrx_word' id='word_1_210' title='bbox 2261 1334 2308 1370; x_wconf 89' lang='lat' dir='ltr'><strong>c.</strong></span> <span class='ocrx_word' id='word_1_211' title='bbox 2341 1317 2457 1383; x_wconf 85' lang='grc'><strong>17).</strong></span> 
     </span>
    </p>
   </div>
   <div class='ocr_carea' id='block_1_29' title="bbox 2209 1404 3741 1477">
    <p class='ocr_par' dir='ltr' id='par_1_29' title="bbox 2209 1404 3741 1477">
     <span class='ocr_line' id='line_1_29' title="bbox 2209 1404 3741 1477; baseline -0.003 -14"><span class='ocrx_word' id='word_1_212' title='bbox 2209 1409 2342 1463; x_wconf 78' lang='lat' dir='ltr'><strong>CAP.</strong></span> <span class='ocrx_word' id='word_1_213' title='bbox 2375 1406 2515 1462; x_wconf 81' lang='lat' dir='ltr'><strong>XIII.</strong></span> <span class='ocrx_word' id='word_1_214' title='bbox 2557 1435 2628 1447; x_wconf 91' lang='lat'><strong>—</strong></span> <span class='ocrx_word' id='word_1_215' title='bbox 2668 1408 2754 1463; x_wconf 84' lang='grc'>17.</span> <span class='ocrx_word' id='word_1_216' title='bbox 2787 1405 3082 1462; x_wconf 88' lang='lat' dir='ltr'><strong>Monachos</strong></span> <span class='ocrx_word' id='word_1_217' title='bbox 3111 1419 3330 1476; x_wconf 88' lang='lat' dir='ltr'><strong>quoque</strong></span> <span class='ocrx_word' id='word_1_218' title='bbox 3370 1404 3484 1477; x_wconf 83' lang='lat' dir='ltr'><strong>(l6,</strong></span> <span class='ocrx_word' id='word_1_219' title='bbox 3512 1423 3566 1477; x_wconf 87' lang='lat' dir='ltr'><strong>q.</strong></span> <span class='ocrx_word' id='word_1_220' title='bbox 3603 1405 3658 1467; x_wconf 85' lang='grc'>1,</span> <span class='ocrx_word' id='word_1_221' title='bbox 3691 1422 3741 1458; x_wconf 82' lang='lat' dir='ltr'><strong>e.</strong></span> 
     </span>
    </p>
   </div>
   <div class='ocr_carea' id='block_1_30' title="bbox 2139 1495 3748 1570">
    <p class='ocr_par' dir='ltr' id='par_1_30' title="bbox 2139 1495 3748 1570">
     <span class='ocr_line' id='line_1_30' title="bbox 2139 1495 3748 1570; baseline -0.004 -15"><span class='ocrx_word' id='word_1_222' title='bbox 2139 1501 2244 1567; x_wconf 80' lang='lat'><strong>29;</strong></span> <span class='ocrx_word' id='word_1_223' title='bbox 2270 1498 2363 1554; x_wconf 89' lang='grc' dir='ltr'><strong>ιυο</strong></span> <span class='ocrx_word' id='word_1_224' title='bbox 2394 1517 2446 1569; x_wconf 83' lang='lat' dir='ltr'><strong>p.</strong></span> <span class='ocrx_word' id='word_1_225' title='bbox 2471 1497 2528 1565; x_wconf 89' lang='lat'><strong>6,</strong></span> <span class='ocrx_word' id='word_1_226' title='bbox 2556 1515 2602 1554; x_wconf 90' lang='lat' dir='ltr'><strong>c.</strong></span> <span class='ocrx_word' id='word_1_227' title='bbox 2635 1497 2729 1570; x_wconf 76' lang='grc'><strong>55)</strong></span> <span class='ocrx_word' id='word_1_228' title='bbox 2763 1513 2900 1570; x_wconf 82' lang='lat' dir='ltr'><strong>quos</strong></span> <span class='ocrx_word' id='word_1_229' title='bbox 2934 1509 3116 1553; x_wconf 89' lang='lat' dir='ltr'><strong>tamen</strong></span> <span class='ocrx_word' id='word_1_230' title='bbox 3162 1510 3373 1551; x_wconf 88' lang='lat' dir='ltr'><strong>morum</strong></span> <span class='ocrx_word' id='word_1_231' title='bbox 3417 1495 3656 1567; x_wconf 77' lang='lat' dir='ltr'><strong>gravitas</strong></span> <span class='ocrx_word' id='word_1_232' title='bbox 3691 1505 3748 1550; x_wconf 87' lang='lat' dir='ltr'><strong>ct</strong></span> 
     </span>
    </p>
   </div>
   <div class='ocr_carea' id='block_1_31' title="bbox 2142 1589 3746 1652">
    <p class='ocr_par' dir='ltr' id='par_1_31' title="bbox 2142 1589 3746 1652">
     <span class='ocr_line' id='line_1_31' title="bbox 2142 1589 3746 1652; baseline -0.002 -4"><span class='ocrx_word' id='word_1_233' title='bbox 2142 1597 2266 1650; x_wconf 71' lang='lat' dir='ltr'><strong>vita:</strong></span> <span class='ocrx_word' id='word_1_234' title='bbox 2287 1609 2351 1650; x_wconf 91' lang='lat' dir='ltr'><strong>ac</strong></span> <span class='ocrx_word' id='word_1_235' title='bbox 2381 1593 2504 1650; x_wconf 89' lang='lat' dir='ltr'><strong>ﬁdei</strong></span> <span class='ocrx_word' id='word_1_236' title='bbox 2531 1592 2804 1648; x_wconf 89' lang='lat' dir='ltr'><strong>institutio</strong></span> <span class='ocrx_word' id='word_1_237' title='bbox 2825 1602 3011 1648; x_wconf 89' lang='lat' dir='ltr'><strong>sancta</strong></span> <span class='ocrx_word' id='word_1_238' title='bbox 3036 1589 3405 1652; x_wconf 88' lang='lat' dir='ltr'><strong>commendat,</strong></span> <span class='ocrx_word' id='word_1_239' title='bbox 3420 1590 3746 1646; x_wconf 89' lang='lat' dir='ltr'><strong>clericorum</strong></span> 
     </span>
    </p>
   </div>
   <div class='ocr_carea' id='block_1_32' title="bbox 2141 1683 3750 1758">
    <p class='ocr_par' dir='ltr' id='par_1_32' title="bbox 2141 1683 3750 1758">
     <span class='ocr_line' id='line_1_32' title="bbox 2141 1683 3750 1758; baseline -0.004 -15"><span class='ocrx_word' id='word_1_240' title='bbox 2141 1687 2336 1744; x_wconf 80' lang='lat' dir='ltr'><strong>ofﬁciis</strong></span> <span class='ocrx_word' id='word_1_241' title='bbox 2365 1686 2648 1758; x_wconf 87' lang='lat' dir='ltr'><strong>aggregari</strong></span> <span class='ocrx_word' id='word_1_242' title='bbox 2685 1695 2742 1742; x_wconf 92' lang='lat' dir='ltr'><strong>et</strong></span> <span class='ocrx_word' id='word_1_243' title='bbox 2767 1697 3018 1756; x_wconf 88' lang='lat' dir='ltr'><strong>optamus</strong></span> <span class='ocrx_word' id='word_1_244' title='bbox 3045 1693 3099 1739; x_wconf 89' lang='lat' dir='ltr'><strong>et</strong></span> <span class='ocrx_word' id='word_1_245' title='bbox 3135 1683 3416 1749; x_wconf 87' lang='lat' dir='ltr'><strong>volumus;</strong></span> <span class='ocrx_word' id='word_1_246' title='bbox 3448 1683 3521 1737; x_wconf 88' lang='lat' dir='ltr'><strong>ita</strong></span> <span class='ocrx_word' id='word_1_247' title='bbox 3564 1693 3625 1736; x_wconf 89' lang='lat' dir='ltr'><strong>ut</strong></span> <span class='ocrx_word' id='word_1_248' title='bbox 3655 1683 3750 1752; x_wconf 90' lang='lat' dir='ltr'><strong>qui</strong></span> 
     </span>
    </p>
   </div>
   <div class='ocr_carea' id='block_1_33' title="bbox 431 1772 3814 1857">
    <p class='ocr_par' dir='ltr' id='par_1_33' title="bbox 431 1772 3814 1857">
     <span class='ocr_line' id='line_1_33' title="bbox 431 1772 3814 1857; baseline 0.001 -28"><span class='ocrx_word' id='word_1_249' title='bbox 431 1775 769 1840; x_wconf 88' lang='lat' dir='ltr'><strong>diaconitnn,</strong></span> <span class='ocrx_word' id='word_1_250' title='bbox 794 1775 842 1832; x_wconf 90' lang='lat' dir='ltr'><strong>si</strong></span> <span class='ocrx_word' id='word_1_251' title='bbox 874 1792 970 1846; x_wconf 88' lang='lat' dir='ltr'><strong>per</strong></span> <span class='ocrx_word' id='word_1_252' title='bbox 991 1777 1110 1832; x_wconf 56' lang='lat' dir='ltr'><strong>haec</strong></span> <span class='ocrx_word' id='word_1_253' title='bbox 1141 1787 1383 1849; x_wconf 89' lang='lat' dir='ltr'><strong>tempora</strong></span> <span class='ocrx_word' id='word_1_254' title='bbox 1405 1777 1600 1846; x_wconf 85' lang='lat' dir='ltr'><strong>dignus</strong></span> <span class='ocrx_word' id='word_1_255' title='bbox 1625 1775 1897 1845; x_wconf 86' lang='lat' dir='ltr'><strong>judicatus</strong></span> <span class='ocrx_word' id='word_1_256' title='bbox 1920 1772 2036 1828; x_wconf 81' lang='lat' dir='ltr'><strong>fue-</strong></span> <span class='ocrx_word' id='word_1_257' title='bbox 2065 1795 2114 1854; x_wconf 80' lang='grc' dir='ltr'><strong>Β</strong></span> <span class='ocrx_word' id='word_1_258' title='bbox 2143 1784 2280 1837; x_wconf 91' lang='lat' dir='ltr'><strong>intra</strong></span> <span class='ocrx_word' id='word_1_259' title='bbox 2312 1781 2647 1837; x_wconf 88' lang='lat' dir='ltr'><strong>tricesimum</strong></span> <span class='ocrx_word' id='word_1_260' title='bbox 2685 1780 2863 1836; x_wconf 77' lang='lat' dir='ltr'><strong>mtatis</strong></span> <span class='ocrx_word' id='word_1_261' title='bbox 2903 1795 3105 1834; x_wconf 89' lang='lat' dir='ltr'><strong>annum</strong></span> <span class='ocrx_word' id='word_1_262' title='bbox 3132 1789 3156 1817; x_wconf 82' lang='grc' dir='ltr'><strong>ο</strong></span> <span class='ocrx_word' id='word_1_263' title='bbox 3181 1789 3331 1846; x_wconf 87' lang='lat' dir='ltr'><strong>sunt,</strong></span> <span class='ocrx_word' id='word_1_264' title='bbox 3365 1778 3418 1832; x_wconf 91' lang='lat' dir='ltr'><strong>in</strong></span> <span class='ocrx_word' id='word_1_265' title='bbox 3443 1776 3752 1833; x_wconf 85' lang='lat' dir='ltr'><strong>minoribus</strong></span> <span class='ocrx_word' id='word_1_266' title='bbox 3803 1847 3814 1857; x_wconf 42' lang='lat'><strong>.</strong></span> 
     </span>
    </p>
   </div>
   <div class='ocr_carea' id='block_1_34' title="bbox 434 1868 2039 1940">
    <p class='ocr_par' dir='ltr' id='par_1_34' title="bbox 434 1868 2039 1940">
     <span class='ocr_line' id='line_1_34' title="bbox 434 1868 2039 1940; baseline -0.002 -16"><span class='ocrx_word' id='word_1_267' title='bbox 434 1869 528 1935; x_wconf 87' lang='lat' dir='ltr'><strong>rit,</strong></span> <span class='ocrx_word' id='word_1_268' title='bbox 551 1870 904 1938; x_wconf 84' lang='lat' dir='ltr'><strong>provehatur.</strong></span> <span class='ocrx_word' id='word_1_269' title='bbox 930 1868 1139 1925; x_wconf 82' lang='lat' dir='ltr'><strong>Exinde</strong></span> <span class='ocrx_word' id='word_1_270' title='bbox 1156 1869 1268 1940; x_wconf 87' lang='lat' dir='ltr'><strong>jam</strong></span> <span class='ocrx_word' id='word_1_271' title='bbox 1287 1884 1510 1925; x_wconf 88' lang='lat' dir='ltr'><strong>accessu</strong></span> <span class='ocrx_word' id='word_1_272' title='bbox 1533 1881 1861 1938; x_wconf 88' lang='lat' dir='ltr'><strong>temporum,</strong></span> <span class='ocrx_word' id='word_1_273' title='bbox 1885 1881 2039 1938; x_wconf 85' lang='lat' dir='ltr'><strong>pres-</strong></span> 
     </span>
    </p>
   </div>
   <div class='ocr_carea' id='block_1_35' title="bbox 442 1960 2037 2034">
    <p class='ocr_par' dir='ltr' id='par_1_35' title="bbox 442 1960 2037 2034">
     <span class='ocr_line' id='line_1_35' title="bbox 442 1960 2037 2034; baseline -0.001 -16"><span class='ocrx_word' id='word_1_274' title='bbox 442 1961 713 2034; x_wconf 85' lang='lat' dir='ltr'><strong>byterium</strong></span> <span class='ocrx_word' id='word_1_275' title='bbox 747 1963 833 2018; x_wconf 89' lang='lat' dir='ltr'><strong>vel</strong></span> <span class='ocrx_word' id='word_1_276' title='bbox 871 1965 1245 2034; x_wconf 91' lang='lat' dir='ltr'><strong>episcopatum</strong></span> <span class='ocrx_word' id='word_1_277' title='bbox 1268 2007 1283 2029; x_wconf 95' lang='lat'><strong>,</strong></span> <span class='ocrx_word' id='word_1_278' title='bbox 1337 1964 1381 2018; x_wconf 93' lang='lat' dir='ltr'><strong>si</strong></span> <span class='ocrx_word' id='word_1_279' title='bbox 1422 1965 1566 2034; x_wconf 52' lang='lat' dir='ltr'><strong>eumf</strong></span> <span class='ocrx_word' id='word_1_280' title='bbox 1595 1964 1730 2018; x_wconf 91' lang='lat' dir='ltr'><strong>cleri</strong></span> <span class='ocrx_word' id='word_1_281' title='bbox 1759 1976 1822 2016; x_wconf 90' lang='lat' dir='ltr'><strong>ac</strong></span> <span class='ocrx_word' id='word_1_282' title='bbox 1864 1960 2037 2032; x_wconf 89' lang='lat' dir='ltr'><strong>plebis</strong></span> 
     </span>
    </p>
   </div>
   <div class='ocr_carea' id='block_1_36' title="bbox 437 2050 1810 2125">
    <p class='ocr_par' dir='ltr' id='par_1_36' title="bbox 437 2050 1810 2125">
     <span class='ocr_line' id='line_1_36' title="bbox 437 2050 1810 2125; baseline -0.002 -9"><span class='ocrx_word' id='word_1_283' title='bbox 437 2057 817 2116; x_wconf 71' lang='lat' dir='ltr'><strong>bedecumarit</strong></span> <span class='ocrx_word' id='word_1_284' title='bbox 844 2061 1066 2125; x_wconf 87' lang='lat' dir='ltr'><strong>electio,</strong></span> <span class='ocrx_word' id='word_1_285' title='bbox 1097 2050 1216 2115; x_wconf 77' lang='lat' dir='ltr'><strong>non&#39;</strong></span> <span class='ocrx_word' id='word_1_286' title='bbox 1237 2060 1510 2115; x_wconf 92' lang='lat' dir='ltr'><strong>immerito</strong></span> <span class='ocrx_word' id='word_1_287' title='bbox 1529 2060 1810 2115; x_wconf 90' lang='lat' dir='ltr'><strong>sortietur.</strong></span> 
     </span>
    </p>
   </div>
   <div class='ocr_carea' id='block_1_37' title="bbox 504 2151 2035 2227">
    <p class='ocr_par' dir='ltr' id='par_1_37' title="bbox 504 2151 2035 2227">
     <span class='ocr_line' id='line_1_37' title="bbox 504 2151 2035 2227; baseline -0.001 -16"><span class='ocrx_word' id='word_1_288' title='bbox 504 2151 635 2211; x_wconf 64' lang='lat' dir='ltr'><strong>Car.</strong></span> <span class='ocrx_word' id='word_1_289' title='bbox 659 2152 753 2209; x_wconf 80' lang='lat' dir='ltr'><strong>XI.</strong></span> <span class='ocrx_word' id='word_1_290' title='bbox 792 2185 865 2197; x_wconf 87' lang='lat'><strong>--</strong></span> <span class='ocrx_word' id='word_1_291' title='bbox 911 2156 1001 2211; x_wconf 78' lang='grc'><strong>15.</strong></span> <span class='ocrx_word' id='word_1_292' title='bbox 1045 2154 1307 2227; x_wconf 83' lang='lat' dir='ltr'><strong>Quisquis</strong></span> <span class='ocrx_word' id='word_1_293' title='bbox 1330 2169 1463 2211; x_wconf 87' lang='lat' dir='ltr'><strong>sane</strong></span> <span class='ocrx_word' id='word_1_294' title='bbox 1493 2155 1729 2212; x_wconf 87' lang='lat' dir='ltr'><strong>clericus</strong></span> <span class='ocrx_word' id='word_1_295' title='bbox 1755 2153 1915 2226; x_wconf 86' lang='lat' dir='ltr'><strong>(Dist.</strong></span> <span class='ocrx_word' id='word_1_296' title='bbox 1946 2155 2035 2221; x_wconf 71' lang='grc'><strong>84,</strong></span> 
     </span>
    </p>
   </div>
   <div class='ocr_carea' id='block_1_38' title="bbox 346 2409 2028 2481">
    <p class='ocr_par' dir='ltr' id='par_1_38' title="bbox 346 2409 2028 2481">
     <span class='ocr_line' id='line_1_38' title="bbox 346 2409 2028 2481; baseline -0.001 -15"><span class='ocrx_word' id='word_1_297' title='bbox 346 2450 348 2457; x_wconf 68' lang='grc' dir='ltr'><strong><em>ς</em></strong></span> <span class='ocrx_word' id='word_1_298' title='bbox 433 2410 602 2466; x_wconf 89' lang='lat' dir='ltr'><strong>etiam</strong></span> <span class='ocrx_word' id='word_1_299' title='bbox 631 2410 680 2464; x_wconf 92' lang='lat' dir='ltr'><strong>id</strong></span> <span class='ocrx_word' id='word_1_300' title='bbox 710 2409 1054 2478; x_wconf 76' lang='lat' dir='ltr'><strong>intelligitur,</strong></span> <span class='ocrx_word' id='word_1_301' title='bbox 1083 2411 1227 2480; x_wconf 90' lang='lat' dir='ltr'><strong>quod</strong></span> <span class='ocrx_word' id='word_1_302' title='bbox 1274 2409 1328 2464; x_wconf 91' lang='lat' dir='ltr'><strong>in</strong></span> <span class='ocrx_word' id='word_1_303' title='bbox 1378 2411 1488 2464; x_wconf 93' lang='lat' dir='ltr'><strong>vita</strong></span> <span class='ocrx_word' id='word_1_304' title='bbox 1515 2409 1777 2465; x_wconf 83' lang='lat' dir='ltr'><strong>Bonifacii</strong></span> <span class='ocrx_word' id='word_1_305' title='bbox 1807 2409 2028 2481; x_wconf 83' lang='lat' dir='ltr'><strong>Mogun-</strong></span> 
     </span>
    </p>
   </div>
   <div class='ocr_carea' id='block_1_39' title="bbox 431 2481 2034 2550">
    <p class='ocr_par' dir='ltr' id='par_1_39' title="bbox 431 2481 2034 2550">
     <span class='ocr_line' id='line_1_39' title="bbox 431 2481 2034 2550; baseline -0.001 -14"><span class='ocrx_word' id='word_1_306' title='bbox 431 2482 534 2536; x_wconf 87' lang='lat' dir='ltr'><strong>tini</strong></span> <span class='ocrx_word' id='word_1_307' title='bbox 563 2483 702 2545; x_wconf 84' lang='lat' dir='ltr'><strong>apud</strong></span> <span class='ocrx_word' id='word_1_308' title='bbox 731 2481 946 2538; x_wconf 87' lang='lat' dir='ltr'><strong>Surium</strong></span> <span class='ocrx_word' id='word_1_309' title='bbox 980 2482 1014 2536; x_wconf 81' lang='grc'><strong>5</strong></span> <span class='ocrx_word' id='word_1_310' title='bbox 1037 2482 1126 2536; x_wconf 91' lang='lat' dir='ltr'><strong>die</strong></span> <span class='ocrx_word' id='word_1_311' title='bbox 1155 2481 1303 2536; x_wconf 84' lang='lat' dir='ltr'><strong>Junii</strong></span> <span class='ocrx_word' id='word_1_312' title='bbox 1334 2482 1584 2550; x_wconf 79' lang='lat' dir='ltr'><strong>legimus,</strong></span> <span class='ocrx_word' id='word_1_313' title='bbox 1615 2498 1736 2536; x_wconf 92' lang='lat' dir='ltr'><strong>cum</strong></span> <span class='ocrx_word' id='word_1_314' title='bbox 1781 2481 2034 2536; x_wconf 83' lang='lat' dir='ltr'><strong>videlicet</strong></span> 
     </span>
    </p>
   </div>
   <div class='ocr_carea' id='block_1_40' title="bbox 432 2551 2032 2621">
    <p class='ocr_par' dir='ltr' id='par_1_40' title="bbox 432 2551 2032 2621">
     <span class='ocr_line' id='line_1_40' title="bbox 432 2551 2032 2621; baseline -0.003 -12"><span class='ocrx_word' id='word_1_315' title='bbox 432 2567 556 2609; x_wconf 89' lang='lat' dir='ltr'><strong>enm</strong></span> <span class='ocrx_word' id='word_1_316' title='bbox 580 2553 942 2608; x_wconf 81' lang='lat' dir='ltr'><strong>Villibrordtts</strong></span> <span class='ocrx_word' id='word_1_317' title='bbox 985 2552 1302 2621; x_wconf 80' lang='lat' dir='ltr'><strong>episc.Opum</strong></span> <span class='ocrx_word' id='word_1_318' title='bbox 1331 2568 1521 2608; x_wconf 88' lang='lat' dir='ltr'><strong>creare</strong></span> <span class='ocrx_word' id='word_1_319' title='bbox 1553 2553 1736 2615; x_wconf 80' lang='lat' dir='ltr'><strong>vellet,</strong></span> <span class='ocrx_word' id='word_1_320' title='bbox 1766 2551 1868 2604; x_wconf 86' lang='lat' dir='ltr'><strong>hoc</strong></span> <span class='ocrx_word' id='word_1_321' title='bbox 1895 2566 2032 2605; x_wconf 88' lang='lat' dir='ltr'><strong>onus</strong></span> 
     </span>
    </p>
   </div>
   <div class='ocr_carea' id='block_1_41' title="bbox 432 2623 2034 2695">
    <p class='ocr_par' dir='ltr' id='par_1_41' title="bbox 432 2623 2034 2695">
     <span class='ocr_line' id='line_1_41' title="bbox 432 2623 2034 2695; baseline -0.001 -17"><span class='ocrx_word' id='word_1_322' title='bbox 432 2623 618 2678; x_wconf 79' lang='lat' dir='ltr'><strong>abillo</strong></span> <span class='ocrx_word' id='word_1_323' title='bbox 643 2635 928 2693; x_wconf 81' lang='lat' dir='ltr'><strong>propterea</strong></span> <span class='ocrx_word' id='word_1_324' title='bbox 953 2625 1335 2687; x_wconf 85' lang='lat' dir='ltr'><strong>detrectatum,</strong></span> <span class='ocrx_word' id='word_1_325' title='bbox 1354 2627 1597 2695; x_wconf 87' lang='lat' dir='ltr'><strong>quoniam</strong></span> <span class='ocrx_word' id='word_1_326' title='bbox 1621 2624 2034 2695; x_wconf 72' lang='lat' dir='ltr'><strong>quinquagesimi</strong></span> 
     </span>
    </p>
   </div>
   <div class='ocr_carea' id='block_1_42' title="bbox 433 2694 2032 2762">
    <p class='ocr_par' dir='ltr' id='par_1_42' title="bbox 433 2694 2032 2762">
     <span class='ocr_line' id='line_1_42' title="bbox 433 2694 2032 2762; baseline 0 -13"><span class='ocrx_word' id='word_1_327' title='bbox 433 2696 556 2750; x_wconf 84' lang='lat' dir='ltr'><strong>anui</strong></span> <span class='ocrx_word' id='word_1_328' title='bbox 580 2697 732 2762; x_wconf 76' lang='lat' dir='ltr'><strong>juxta</strong></span> <span class='ocrx_word' id='word_1_329' title='bbox 759 2696 1022 2750; x_wconf 75' lang='lat' dir='ltr'><strong>canonica:</strong></span> <span class='ocrx_word' id='word_1_330' title='bbox 1041 2694 1613 2750; x_wconf 84' lang='lat' dir='ltr'><strong>rectitudinisnormam</strong></span> <span class='ocrx_word' id='word_1_331' title='bbox 1647 2696 1864 2748; x_wconf 81' lang='lat' dir='ltr'><strong>necdum</strong></span> <span class='ocrx_word' id='word_1_332' title='bbox 1887 2694 2032 2760; x_wconf 85' lang='lat' dir='ltr'><strong>plene</strong></span> 
     </span>
    </p>
   </div>
   <div class='ocr_carea' id='block_1_43' title="bbox 430 2765 2027 2834">
    <p class='ocr_par' dir='ltr' id='par_1_43' title="bbox 430 2765 2027 2834">
     <span class='ocr_line' id='line_1_43' title="bbox 430 2765 2027 2834; baseline 0.001 -15"><span class='ocrx_word' id='word_1_333' title='bbox 430 2767 677 2832; x_wconf 76' lang='lat' dir='ltr'><strong>reciperet</strong></span> <span class='ocrx_word' id='word_1_334' title='bbox 706 2777 927 2821; x_wconf 68' lang='lat' dir='ltr'><strong>(etatem.</strong></span> <span class='ocrx_word' id='word_1_335' title='bbox 974 2766 1127 2821; x_wconf 86' lang='lat' dir='ltr'><strong>Licet</strong></span> <span class='ocrx_word' id='word_1_336' title='bbox 1153 2768 1296 2822; x_wconf 91' lang='lat' dir='ltr'><strong>enim</strong></span> <span class='ocrx_word' id='word_1_337' title='bbox 1331 2765 1463 2820; x_wconf 88' lang='lat' dir='ltr'><strong>Lud.</strong></span> <span class='ocrx_word' id='word_1_338' title='bbox 1497 2765 1924 2820; x_wconf 75' lang='lat' dir='ltr'><strong>ThomassinnSI</strong></span> <span class='ocrx_word' id='word_1_339' title='bbox 1974 2780 2027 2834; x_wconf 92' lang='lat' dir='ltr'><strong>p.</strong></span> 
     </span>
    </p>
   </div>
   <div class='ocr_carea' id='block_1_44' title="bbox 432 2836 2033 2908">
    <p class='ocr_par' dir='ltr' id='par_1_44' title="bbox 432 2836 2033 2908">
     <span class='ocr_line' id='line_1_44' title="bbox 432 2836 2033 2908; baseline 0 -18"><span class='ocrx_word' id='word_1_340' title='bbox 432 2839 569 2891; x_wconf 89' lang='lat' dir='ltr'><strong>eccl.</strong></span> <span class='ocrx_word' id='word_1_341' title='bbox 600 2837 813 2898; x_wconf 75' lang='lat' dir='ltr'><strong>discipl.</strong></span> <span class='ocrx_word' id='word_1_342' title='bbox 856 2839 952 2891; x_wconf 92' lang='lat' dir='ltr'><strong>lib.</strong></span> <span class='ocrx_word' id='word_1_343' title='bbox 999 2853 1059 2903; x_wconf 92' lang='grc' dir='ltr'><strong>ιι,</strong></span> <span class='ocrx_word' id='word_1_344' title='bbox 1091 2851 1139 2890; x_wconf 89' lang='lat' dir='ltr'><strong>c.</strong></span> <span class='ocrx_word' id='word_1_345' title='bbox 1192 2836 1282 2899; x_wconf 74' lang='grc'>68,</span> <span class='ocrx_word' id='word_1_346' title='bbox 1308 2853 1362 2891; x_wconf 90' lang='lat' dir='ltr'><strong>n.</strong></span> <span class='ocrx_word' id='word_1_347' title='bbox 1397 2838 1453 2902; x_wconf 80' lang='grc'>1,</span> <span class='ocrx_word' id='word_1_348' title='bbox 1498 2853 1604 2890; x_wconf 87' lang='lat' dir='ltr'><strong>non</strong></span> <span class='ocrx_word' id='word_1_349' title='bbox 1653 2837 1788 2890; x_wconf 76' lang='lat' dir='ltr'><strong>satis</strong></span> <span class='ocrx_word' id='word_1_350' title='bbox 1819 2839 2033 2908; x_wconf 71' lang='lat' dir='ltr'><strong>perspi-</strong></span> 
     </span>
    </p>
   </div>
   <div class='ocr_carea' id='block_1_45' title="bbox 433 2908 2029 2978">
    <p class='ocr_par' dir='ltr' id='par_1_45' title="bbox 433 2908 2029 2978">
     <span class='ocr_line' id='line_1_45' title="bbox 433 2908 2029 2978; baseline -0.001 -14"><span class='ocrx_word' id='word_1_351' title='bbox 433 2921 562 2964; x_wconf 86' lang='lat' dir='ltr'><strong>cere</strong></span> <span class='ocrx_word' id='word_1_352' title='bbox 598 2924 658 2962; x_wconf 85' lang='lat' dir='ltr'><strong>se</strong></span> <span class='ocrx_word' id='word_1_353' title='bbox 706 2909 869 2966; x_wconf 80' lang='lat' dir='ltr'><strong>dicat.</strong></span> <span class='ocrx_word' id='word_1_354' title='bbox 899 2923 1018 2977; x_wconf 66' lang='lat' dir='ltr'><strong>qua:</strong></span> <span class='ocrx_word' id='word_1_355' title='bbox 1062 2908 1148 2961; x_wconf 89' lang='lat' dir='ltr'><strong>illa</strong></span> <span class='ocrx_word' id='word_1_356' title='bbox 1178 2909 1251 2962; x_wconf 89' lang='lat' dir='ltr'><strong>sit</strong></span> <span class='ocrx_word' id='word_1_357' title='bbox 1293 2909 1552 2962; x_wconf 83' lang='lat' dir='ltr'><strong>canonica</strong></span> <span class='ocrx_word' id='word_1_358' title='bbox 1587 2922 1800 2970; x_wconf 80' lang='lat' dir='ltr'><strong>norma,</strong></span> <span class='ocrx_word' id='word_1_359' title='bbox 1831 2925 1934 2978; x_wconf 83' lang='lat' dir='ltr'><strong>qua</strong></span> <span class='ocrx_word' id='word_1_360' title='bbox 1967 2923 2029 2962; x_wconf 87' lang='lat' dir='ltr'><strong>ea</strong></span> 
     </span>
    </p>
   </div>
   <div class='ocr_carea' id='block_1_46' title="bbox 434 2978 2030 3045">
    <p class='ocr_par' dir='ltr' id='par_1_46' title="bbox 434 2978 2030 3045">
     <span class='ocr_line' id='line_1_46' title="bbox 434 2978 2030 3045; baseline 0.001 -13"><span class='ocrx_word' id='word_1_361' title='bbox 434 2989 567 3033; x_wconf 69' lang='lat' dir='ltr'><strong>aetas</strong></span> <span class='ocrx_word' id='word_1_362' title='bbox 595 2978 1022 3045; x_wconf 82' lang='lat' dir='ltr'><strong>desideraretur;</strong></span> <span class='ocrx_word' id='word_1_363' title='bbox 1052 2995 1170 3033; x_wconf 78' lang='lat' dir='ltr'><strong>eam</strong></span> <span class='ocrx_word' id='word_1_364' title='bbox 1205 2990 1381 3033; x_wconf 86' lang='lat' dir='ltr'><strong>tamen</strong></span> <span class='ocrx_word' id='word_1_365' title='bbox 1412 2979 1729 3036; x_wconf 72' lang='lat' dir='ltr'><strong>desiderant</strong></span> <span class='ocrx_word' id='word_1_366' title='bbox 1775 2994 1881 3034; x_wconf 93' lang='lat' dir='ltr'><strong>non</strong></span> <span class='ocrx_word' id='word_1_367' title='bbox 1911 2989 2030 3034; x_wconf 88' lang='lat' dir='ltr'><strong>tan-</strong></span> 
     </span>
    </p>
   </div>
   <div class='ocr_carea' id='block_1_47' title="bbox 433 3048 2026 3117">
    <p class='ocr_par' dir='ltr' id='par_1_47' title="bbox 433 3048 2026 3117">
     <span class='ocr_line' id='line_1_47' title="bbox 433 3048 2026 3117; baseline 0.001 -12"><span class='ocrx_word' id='word_1_368' title='bbox 433 3060 548 3105; x_wconf 91' lang='lat' dir='ltr'><strong>tum</strong></span> <span class='ocrx_word' id='word_1_369' title='bbox 633 3051 946 3117; x_wconf 62' lang='lat' dir='ltr'><strong>apostolicae</strong></span> <span class='ocrx_word' id='word_1_370' title='bbox 1032 3048 1493 3114; x_wconf 86' lang='lat' dir='ltr'><strong>Constitutiones,</strong></span> <span class='ocrx_word' id='word_1_371' title='bbox 1566 3051 1660 3106; x_wconf 83' lang='lat' dir='ltr'><strong>lib.</strong></span> <span class='ocrx_word' id='word_1_372' title='bbox 1719 3067 1798 3116; x_wconf 86' lang='grc' dir='ltr'><strong>ιι,</strong></span> <span class='ocrx_word' id='word_1_373' title='bbox 1854 3065 1903 3105; x_wconf 91' lang='lat' dir='ltr'><strong>c.</strong></span> <span class='ocrx_word' id='word_1_374' title='bbox 1962 3056 2026 3117; x_wconf 80' lang='grc'>1,</span> 
     </span>
    </p>
   </div>
   <div class='ocr_carea' id='block_1_48' title="bbox 432 3121 2031 3193">
    <p class='ocr_par' dir='ltr' id='par_1_48' title="bbox 432 3121 2031 3193">
     <span class='ocr_line' id='line_1_48' title="bbox 432 3121 2031 3193; baseline -0.002 -17"><span class='ocrx_word' id='word_1_375' title='bbox 432 3121 532 3176; x_wconf 82' lang='lat' dir='ltr'><strong>sed</strong></span> <span class='ocrx_word' id='word_1_376' title='bbox 558 3129 637 3186; x_wconf 88' lang='lat' dir='ltr'><strong>et,</strong></span> <span class='ocrx_word' id='word_1_377' title='bbox 655 3132 715 3176; x_wconf 89' lang='lat' dir='ltr'><strong>ut</strong></span> <span class='ocrx_word' id='word_1_378' title='bbox 741 3121 1186 3193; x_wconf 12' lang='lat' dir='ltr'><strong>Sttpraividitnus,</strong></span> <span class='ocrx_word' id='word_1_379' title='bbox 1205 3122 1558 3177; x_wconf 79' lang='lat' dir='ltr'><strong>Hibernensis</strong></span> <span class='ocrx_word' id='word_1_380' title='bbox 1584 3123 1778 3193; x_wconf 84' lang='lat' dir='ltr'><strong>synodi</strong></span> <span class='ocrx_word' id='word_1_381' title='bbox 1804 3131 2031 3188; x_wconf 80' lang='lat' dir='ltr'><strong>statuta,</strong></span> 
     </span>
    </p>
   </div>
   <div class='ocr_carea' id='block_1_49' title="bbox 433 3192 2034 3264">
    <p class='ocr_par' dir='ltr' id='par_1_49' title="bbox 433 3192 2034 3264">
     <span class='ocr_line' id='line_1_49' title="bbox 433 3192 2034 3264; baseline 0.002 -20"><span class='ocrx_word' id='word_1_382' title='bbox 433 3207 554 3262; x_wconf 73' lang='lat' dir='ltr'><strong>qua:</strong></span> <span class='ocrx_word' id='word_1_383' title='bbox 603 3204 714 3248; x_wconf 91' lang='lat' dir='ltr'><strong>tum</strong></span> <span class='ocrx_word' id='word_1_384' title='bbox 765 3192 1096 3248; x_wconf 83' lang='lat' dir='ltr'><strong>Bonifacium</strong></span> <span class='ocrx_word' id='word_1_385' title='bbox 1133 3208 1242 3264; x_wconf 74' lang='lat' dir='ltr'><strong>pra:</strong></span> <span class='ocrx_word' id='word_1_386' title='bbox 1267 3195 1442 3249; x_wconf 81' lang='lat' dir='ltr'><strong>oculis</strong></span> <span class='ocrx_word' id='word_1_387' title='bbox 1469 3192 1725 3249; x_wconf 81' lang='lat' dir='ltr'><strong>habuisse</strong></span> <span class='ocrx_word' id='word_1_388' title='bbox 1753 3193 2034 3264; x_wconf 86' lang='lat' dir='ltr'><strong>probabile</strong></span> 
     </span>
    </p>
   </div>
   <div class='ocr_carea' id='block_1_50' title="bbox 436 3275 1670 3320">
    <p class='ocr_par' dir='ltr' id='par_1_50' title="bbox 436 3275 1670 3320">
     <span class='ocr_line' id='line_1_50' title="bbox 436 3275 1670 3320; baseline 0 -1"><span class='ocrx_word' id='word_1_389' title='bbox 436 3275 543 3320; x_wconf 88' lang='lat' dir='ltr'><strong>est.</strong></span> <span class='ocrx_word' id='word_1_390' title='bbox 1660 3275 1670 3295; x_wconf 82' lang='lat'><strong>&#39;</strong></span> 
     </span>
    </p>
   </div>
   <div class='ocr_carea' id='block_1_51' title="bbox 508 3357 2034 3416">
    <p class='ocr_par' dir='ltr' id='par_1_51' title="bbox 508 3357 2034 3416">
     <span class='ocr_line' id='line_1_51' title="bbox 508 3357 2034 3416; baseline -0.001 -1"><span class='ocrx_word' id='word_1_391' title='bbox 508 3369 535 3398; x_wconf 74' lang='grc'>⁸</span> <span class='ocrx_word' id='word_1_392' title='bbox 567 3360 710 3416; x_wconf 87' lang='lat' dir='ltr'><strong>Edit.</strong></span> <span class='ocrx_word' id='word_1_393' title='bbox 746 3361 904 3416; x_wconf 84' lang='lat' dir='ltr'><strong>Rom.</strong></span> <span class='ocrx_word' id='word_1_394' title='bbox 931 3370 986 3415; x_wconf 90' lang='lat' dir='ltr'><strong>et</strong></span> <span class='ocrx_word' id='word_1_395' title='bbox 1016 3360 1215 3414; x_wconf 91' lang='lat' dir='ltr'><strong>concil.</strong></span> <span class='ocrx_word' id='word_1_396' title='bbox 1248 3374 1370 3414; x_wconf 90' lang='lat' dir='ltr'><strong>cum</strong></span> <span class='ocrx_word' id='word_1_397' title='bbox 1400 3374 1532 3413; x_wconf 72' lang='lat' dir='ltr'><strong>mss.</strong></span> <span class='ocrx_word' id='word_1_398' title='bbox 1559 3358 1687 3413; x_wconf 91' lang='lat' dir='ltr'><strong>coll.</strong></span> <span class='ocrx_word' id='word_1_399' title='bbox 1715 3357 1880 3414; x_wconf 82' lang='lat' dir='ltr'><strong>Hadr.</strong></span> <span class='ocrx_word' id='word_1_400' title='bbox 1913 3374 2034 3413; x_wconf 90' lang='lat' dir='ltr'><strong>con-</strong></span> 
     </span>
    </p>
   </div>
   <div class='ocr_carea' id='block_1_52' title="bbox 435 3430 2032 3493">
    <p class='ocr_par' dir='ltr' id='par_1_52' title="bbox 435 3430 2032 3493">
     <span class='ocr_line' id='line_1_52' title="bbox 435 3430 2032 3493; baseline -0.001 -10"><span class='ocrx_word' id='word_1_401' title='bbox 435 3433 734 3486; x_wconf 80' lang='lat' dir='ltr'><strong>versatione.</strong></span> <span class='ocrx_word' id='word_1_402' title='bbox 771 3432 1116 3488; x_wconf 64' lang='lat' dir='ltr'><strong>Prasl&#39;erimns</strong></span> <span class='ocrx_word' id='word_1_403' title='bbox 1159 3447 1282 3486; x_wconf 91' lang='lat' dir='ltr'><strong>cum</strong></span> <span class='ocrx_word' id='word_1_404' title='bbox 1328 3433 1542 3486; x_wconf 72' lang='lat' dir='ltr'><strong>cmteris</strong></span> <span class='ocrx_word' id='word_1_405' title='bbox 1600 3430 1788 3493; x_wconf 88' lang='lat' dir='ltr'><strong>libris.</strong></span> <span class='ocrx_word' id='word_1_406' title='bbox 1820 3445 2032 3484; x_wconf 87' lang='lat' dir='ltr'><strong>conver-</strong></span> 
     </span>
    </p>
   </div>
   <div class='ocr_carea' id='block_1_53' title="bbox 435 3501 2034 3572">
    <p class='ocr_par' dir='ltr' id='par_1_53' title="bbox 435 3501 2034 3572">
     <span class='ocr_line' id='line_1_53' title="bbox 435 3501 2034 3572; baseline 0 -17"><span class='ocrx_word' id='word_1_407' title='bbox 435 3503 602 3566; x_wconf 80' lang='lat' dir='ltr'><strong>sione,</strong></span> <span class='ocrx_word' id='word_1_408' title='bbox 659 3505 761 3558; x_wconf 82' lang='lat' dir='ltr'><strong>huc</strong></span> <span class='ocrx_word' id='word_1_409' title='bbox 803 3514 915 3563; x_wconf 86' lang='lat' dir='ltr'><strong>est.</strong></span> <span class='ocrx_word' id='word_1_410' title='bbox 966 3503 1164 3572; x_wconf 86' lang='lat' dir='ltr'><strong>prioris</strong></span> <span class='ocrx_word' id='word_1_411' title='bbox 1219 3501 1486 3571; x_wconf 87' lang='lat' dir='ltr'><strong>propositi</strong></span> <span class='ocrx_word' id='word_1_412' title='bbox 1537 3501 1590 3556; x_wconf 87' lang='lat' dir='ltr'><strong>itt</strong></span> <span class='ocrx_word' id='word_1_413' title='bbox 1635 3501 1780 3557; x_wconf 84' lang='lat' dir='ltr'><strong>aliud</strong></span> <span class='ocrx_word' id='word_1_414' title='bbox 1839 3502 2034 3555; x_wconf 88' lang='lat' dir='ltr'><strong>melius</strong></span> 
     </span>
    </p>
   </div>
   <div class='ocr_carea' id='block_1_54' title="bbox 436 3572 2034 3641">
    <p class='ocr_par' dir='ltr' id='par_1_54' title="bbox 436 3572 2034 3641">
     <span class='ocr_line' id='line_1_54' title="bbox 436 3572 2034 3641; baseline 0 -15"><span class='ocrx_word' id='word_1_415' title='bbox 436 3575 878 3630; x_wconf 77' lang='lat' dir='ltr'><strong>coinmntatione.</strong></span> <span class='ocrx_word' id='word_1_416' title='bbox 903 3574 1014 3628; x_wconf 83' lang='lat' dir='ltr'><strong>Hoc</strong></span> <span class='ocrx_word' id='word_1_417' title='bbox 1045 3583 1201 3641; x_wconf 90' lang='lat' dir='ltr'><strong>pacto</strong></span> <span class='ocrx_word' id='word_1_418' title='bbox 1229 3574 1356 3627; x_wconf 77' lang='lat' dir='ltr'><strong>olth</strong></span> <span class='ocrx_word' id='word_1_419' title='bbox 1380 3572 1434 3628; x_wconf 92' lang='lat' dir='ltr'><strong>in</strong></span> <span class='ocrx_word' id='word_1_420' title='bbox 1459 3573 1806 3627; x_wconf 83' lang='lat' dir='ltr'><strong>monasteriis</strong></span> <span class='ocrx_word' id='word_1_421' title='bbox 1830 3573 2034 3626; x_wconf 79' lang='lat' dir='ltr'><strong>tlttSll‘iS</strong></span> 
     </span>
    </p>
   </div>
   <div class='ocr_carea' id='block_1_55' title="bbox 434 3643 2028 3716">
    <p class='ocr_par' dir='ltr' id='par_1_55' title="bbox 434 3643 2028 3716">
     <span class='ocr_line' id='line_1_55' title="bbox 434 3643 2028 3716; baseline -0.001 -18"><span class='ocrx_word' id='word_1_422' title='bbox 434 3659 550 3706; x_wconf 85' lang='lat' dir='ltr'><strong>eos.</strong></span> <span class='ocrx_word' id='word_1_423' title='bbox 580 3646 669 3716; x_wconf 91' lang='lat' dir='ltr'><strong>qui</strong></span> <span class='ocrx_word' id='word_1_424' title='bbox 705 3654 954 3711; x_wconf 85' lang='lat' dir='ltr'><strong>provecta</strong></span> <span class='ocrx_word' id='word_1_425' title='bbox 983 3645 1092 3714; x_wconf 83' lang='lat' dir='ltr'><strong>jam</strong></span> <span class='ocrx_word' id='word_1_426' title='bbox 1123 3653 1280 3716; x_wconf 62' lang='lat' dir='ltr'><strong>aetate</strong></span> <span class='ocrx_word' id='word_1_427' title='bbox 1319 3646 1523 3700; x_wconf 64' lang='lat' dir='ltr'><strong>sarculo</strong></span> <span class='ocrx_word' id='word_1_428' title='bbox 1553 3643 1800 3698; x_wconf 90' lang='lat' dir='ltr'><strong>nuntium</strong></span> <span class='ocrx_word' id='word_1_429' title='bbox 1836 3644 2028 3697; x_wconf 89' lang='lat' dir='ltr'><strong>remit-</strong></span> 
     </span>
    </p>
   </div>
   <div class='ocr_carea' id='block_1_56' title="bbox 436 3715 2032 3783">
    <p class='ocr_par' dir='ltr' id='par_1_56' title="bbox 436 3715 2032 3783">
     <span class='ocr_line' id='line_1_56' title="bbox 436 3715 2032 3783; baseline -0.001 -12"><span class='ocrx_word' id='word_1_430' title='bbox 436 3725 613 3772; x_wconf 81' lang='lat' dir='ltr'><strong>tentes</strong></span> <span class='ocrx_word' id='word_1_431' title='bbox 665 3718 1020 3772; x_wconf 87' lang='lat' dir='ltr'><strong>monasticam</strong></span> <span class='ocrx_word' id='word_1_432' title='bbox 1087 3715 1253 3771; x_wconf 86' lang='lat' dir='ltr'><strong>vitam</strong></span> <span class='ocrx_word' id='word_1_433' title='bbox 1330 3716 1704 3783; x_wconf 85' lang='lat' dir='ltr'><strong>arripiebant,</strong></span> <span class='ocrx_word' id='word_1_434' title='bbox 1765 3728 2032 3770; x_wconf 73' lang='lat' dir='ltr'><strong>conversos</strong></span> 
     </span>
    </p>
   </div>
   <div class='ocr_carea' id='block_1_57' title="bbox 434 3787 2034 3856">
    <p class='ocr_par' dir='ltr' id='par_1_57' title="bbox 434 3787 2034 3856">
     <span class='ocr_line' id='line_1_57' title="bbox 434 3787 2034 3856; baseline -0.001 -14"><span class='ocrx_word' id='word_1_435' title='bbox 434 3788 710 3854; x_wconf 84' lang='lat' dir='ltr'><strong>appellare</strong></span> <span class='ocrx_word' id='word_1_436' title='bbox 743 3803 860 3842; x_wconf 86' lang='lat' dir='ltr'><strong>mos</strong></span> <span class='ocrx_word' id='word_1_437' title='bbox 903 3799 1055 3852; x_wconf 79' lang='lat' dir='ltr'><strong>erat,</strong></span> <span class='ocrx_word' id='word_1_438' title='bbox 1088 3803 1261 3856; x_wconf 86' lang='lat' dir='ltr'><strong>eoque</strong></span> <span class='ocrx_word' id='word_1_439' title='bbox 1291 3790 1510 3841; x_wconf 89' lang='lat' dir='ltr'><strong>nomine</strong></span> <span class='ocrx_word' id='word_1_440' title='bbox 1559 3787 2034 3855; x_wconf 78' lang='lat' dir='ltr'><strong>disnngnebantur</strong></span> 
     </span>
    </p>
   </div>
   <div class='ocr_carea' id='block_1_58' title="bbox 437 3857 2032 3928">
    <p class='ocr_par' dir='ltr' id='par_1_58' title="bbox 437 3857 2032 3928">
     <span class='ocr_line' id='line_1_58' title="bbox 437 3857 2032 3928; baseline -0.002 -16"><span class='ocrx_word' id='word_1_441' title='bbox 437 3861 508 3912; x_wconf 87' lang='lat' dir='ltr'><strong>ab</strong></span> <span class='ocrx_word' id='word_1_442' title='bbox 537 3859 679 3914; x_wconf 87' lang='lat' dir='ltr'><strong>aliis.</strong></span> <span class='ocrx_word' id='word_1_443' title='bbox 711 3859 801 3928; x_wconf 85' lang='lat' dir='ltr'><strong>qui</strong></span> <span class='ocrx_word' id='word_1_444' title='bbox 829 3873 860 3912; x_wconf 89' lang='lat' dir='ltr'><strong>a</strong></span> <span class='ocrx_word' id='word_1_445' title='bbox 889 3858 1080 3926; x_wconf 88' lang='lat' dir='ltr'><strong>puerili</strong></span> <span class='ocrx_word' id='word_1_446' title='bbox 1123 3867 1278 3912; x_wconf 72' lang='lat' dir='ltr'><strong>:ctate</strong></span> <span class='ocrx_word' id='word_1_447' title='bbox 1318 3857 1491 3911; x_wconf 88' lang='lat' dir='ltr'><strong>oblati</strong></span> <span class='ocrx_word' id='word_1_448' title='bbox 1532 3858 1878 3912; x_wconf 62' lang='lat' dir='ltr'><strong>tn0nasteriis</strong></span> <span class='ocrx_word' id='word_1_449' title='bbox 1916 3857 2032 3912; x_wconf 80' lang='lat' dir='ltr'><strong>fne-</strong></span> 
     </span>
    </p>
   </div>
   <div class='ocr_carea' id='block_1_59' title="bbox 436 3927 2030 3984">
    <p class='ocr_par' dir='ltr' id='par_1_59' title="bbox 436 3927 2030 3984">
     <span class='ocr_line' id='line_1_59' title="bbox 436 3927 2030 3984; baseline -0.002 -1"><span class='ocrx_word' id='word_1_450' title='bbox 436 3940 579 3983; x_wconf 89' lang='lat' dir='ltr'><strong>rant.</strong></span> <span class='ocrx_word' id='word_1_451' title='bbox 609 3927 845 3984; x_wconf 80' lang='lat' dir='ltr'><strong>Rursum</strong></span> <span class='ocrx_word' id='word_1_452' title='bbox 868 3929 935 3983; x_wconf 91' lang='lat' dir='ltr'><strong>ad</strong></span> <span class='ocrx_word' id='word_1_453' title='bbox 966 3929 1067 3984; x_wconf 91' lang='lat' dir='ltr'><strong>hoc</strong></span> <span class='ocrx_word' id='word_1_454' title='bbox 1084 3927 1260 3984; x_wconf 77' lang='lat' dir='ltr'><strong>Stricii</strong></span> <span class='ocrx_word' id='word_1_455' title='bbox 1279 3927 1561 3983; x_wconf 91' lang='lat' dir='ltr'><strong>decretum</strong></span> <span class='ocrx_word' id='word_1_456' title='bbox 1581 3944 1702 3982; x_wconf 79' lang='lat' dir='ltr'><strong>sese</strong></span> <span class='ocrx_word' id='word_1_457' title='bbox 1720 3942 2030 3983; x_wconf 85' lang='lat' dir='ltr'><strong>accommo-</strong></span> 
     </span>
    </p>
   </div>
   <div class='ocr_carea' id='block_1_60' title="bbox 437 3998 2028 4070">
    <p class='ocr_par' dir='ltr' id='par_1_60' title="bbox 437 3998 2028 4070">
     <span class='ocr_line' id='line_1_60' title="bbox 437 3998 2028 4070; baseline 0.001 -17"><span class='ocrx_word' id='word_1_458' title='bbox 437 3998 570 4070; x_wconf 84' lang='lat' dir='ltr'><strong>dare</strong></span> <span class='ocrx_word' id='word_1_459' title='bbox 618 4000 830 4056; x_wconf 84' lang='lat' dir='ltr'><strong>videtur</strong></span> <span class='ocrx_word' id='word_1_460' title='bbox 871 4000 1223 4055; x_wconf 77' lang='lat' dir='ltr'><strong>Ilibr&#39;rnensis</strong></span> <span class='ocrx_word' id='word_1_461' title='bbox 1273 3999 1515 4070; x_wconf 64' lang='lat' dir='ltr'><strong>synodus</strong></span> <span class='ocrx_word' id='word_1_462' title='bbox 1563 3999 1750 4065; x_wconf 88' lang='lat' dir='ltr'><strong>Spicil.</strong></span> <span class='ocrx_word' id='word_1_463' title='bbox 1775 4041 1788 4062; x_wconf 95' lang='lat'><strong>,</strong></span> <span class='ocrx_word' id='word_1_464' title='bbox 1825 4009 1898 4053; x_wconf 93' lang='lat' dir='ltr'><strong>to.</strong></span> <span class='ocrx_word' id='word_1_465' title='bbox 1937 3999 2028 4061; x_wconf 80' lang='lat' dir='ltr'><strong>IX,</strong></span> 
     </span>
    </p>
   </div>
   <div class='ocr_carea' id='block_1_61' title="bbox 437 4069 2032 4142">
    <p class='ocr_par' dir='ltr' id='par_1_61' title="bbox 437 4069 2032 4142">
     <span class='ocr_line' id='line_1_61' title="bbox 437 4069 2032 4142; baseline -0.001 -16"><span class='ocrx_word' id='word_1_466' title='bbox 437 4085 494 4138; x_wconf 86' lang='lat' dir='ltr'><strong>p.</strong></span> <span class='ocrx_word' id='word_1_467' title='bbox 521 4069 576 4131; x_wconf 79' lang='grc'>4.</span> <span class='ocrx_word' id='word_1_468' title='bbox 610 4071 702 4127; x_wconf 91' lang='lat' dir='ltr'><strong>ubi</strong></span> <span class='ocrx_word' id='word_1_469' title='bbox 729 4071 917 4127; x_wconf 85' lang='lat' dir='ltr'><strong>statuit</strong></span> <span class='ocrx_word' id='word_1_470' title='bbox 948 4089 964 4129; x_wconf 85' lang='lat'><strong>:</strong></span> <span class='ocrx_word' id='word_1_471' title='bbox 999 4071 1059 4127; x_wconf 88' lang='lat' dir='ltr'><strong>Si</strong></span> <span class='ocrx_word' id='word_1_472' title='bbox 1091 4085 1208 4125; x_wconf 87' lang='lat' dir='ltr'><strong>vero</strong></span> <span class='ocrx_word' id='word_1_473' title='bbox 1235 4069 1450 4142; x_wconf 81' lang='lat' dir='ltr'><strong>grandis</strong></span> <span class='ocrx_word' id='word_1_474' title='bbox 1475 4072 1642 4126; x_wconf 60' lang='lat' dir='ltr'><strong>artatis</strong></span> <span class='ocrx_word' id='word_1_475' title='bbox 1671 4070 1736 4124; x_wconf 83' lang='lat' dir='ltr'><strong>sit</strong></span> <span class='ocrx_word' id='word_1_476' title='bbox 1769 4071 1960 4136; x_wconf 80' lang='lat' dir='ltr'><strong>laicus,</strong></span> <span class='ocrx_word' id='word_1_477' title='bbox 1985 4082 2032 4124; x_wconf 83' lang='lat' dir='ltr'><strong>ct</strong></span> 
     </span>
    </p>
   </div>
   <div class='ocr_carea' id='block_1_62' title="bbox 437 4142 2032 4214">
    <p class='ocr_par' dir='ltr' id='par_1_62' title="bbox 437 4142 2032 4214">
     <span class='ocr_line' id='line_1_62' title="bbox 437 4142 2032 4214; baseline -0.002 -14"><span class='ocrx_word' id='word_1_478' title='bbox 437 4157 640 4200; x_wconf 77' lang='lat' dir='ltr'><strong>necesse</strong></span> <span class='ocrx_word' id='word_1_479' title='bbox 668 4144 734 4198; x_wconf 85' lang='lat' dir='ltr'><strong>sit</strong></span> <span class='ocrx_word' id='word_1_480' title='bbox 761 4155 816 4198; x_wconf 90' lang='lat' dir='ltr'><strong>ut</strong></span> <span class='ocrx_word' id='word_1_481' title='bbox 837 4144 1105 4214; x_wconf 85' lang='lat' dir='ltr'><strong>episcopus</strong></span> <span class='ocrx_word' id='word_1_482' title='bbox 1131 4142 1243 4210; x_wconf 80' lang='lat' dir='ltr'><strong>ﬁat.</strong></span> <span class='ocrx_word' id='word_1_483' title='bbox 1273 4143 1476 4196; x_wconf 84' lang='lat' dir='ltr'><strong>biennio</strong></span> <span class='ocrx_word' id='word_1_484' title='bbox 1503 4144 1570 4198; x_wconf 86' lang='lat' dir='ltr'><strong>sit</strong></span> <span class='ocrx_word' id='word_1_485' title='bbox 1595 4142 1780 4214; x_wconf 84' lang='lat' dir='ltr'><strong>lector,</strong></span> <span class='ocrx_word' id='word_1_486' title='bbox 1811 4145 2032 4211; x_wconf 84' lang='lat' dir='ltr'><strong>quinque</strong></span> 
     </span>
    </p>
   </div>
   <div class='ocr_carea' id='block_1_63' title="bbox 437 4213 2032 4287">
    <p class='ocr_par' dir='ltr' id='par_1_63' title="bbox 437 4213 2032 4287">
     <span class='ocr_line' id='line_1_63' title="bbox 437 4213 2032 4287; baseline 0 -19"><span class='ocrx_word' id='word_1_487' title='bbox 437 4214 804 4287; x_wconf 75' lang='lat' dir='ltr'><strong>subdiaconus,</strong></span> <span class='ocrx_word' id='word_1_488' title='bbox 842 4213 1066 4287; x_wconf 83' lang='lat' dir='ltr'><strong>quinque</strong></span> <span class='ocrx_word' id='word_1_489' title='bbox 1109 4214 1375 4278; x_wconf 84' lang='lat' dir='ltr'><strong>diaconus,</strong></span> <span class='ocrx_word' id='word_1_490' title='bbox 1414 4213 1829 4287; x_wconf 61' lang='lat' dir='ltr'><strong>post‘duodecim</strong></span> <span class='ocrx_word' id='word_1_491' title='bbox 1867 4230 2032 4287; x_wconf 84' lang='lat' dir='ltr'><strong>annos</strong></span> 
     </span>
    </p>
   </div>
   <div class='ocr_carea' id='block_1_64' title="bbox 437 4283 2032 4358">
    <p class='ocr_par' dir='ltr' id='par_1_64' title="bbox 437 4283 2032 4358">
     <span class='ocr_line' id='line_1_64' title="bbox 437 4283 2032 4358; baseline 0 -18"><span class='ocrx_word' id='word_1_492' title='bbox 437 4283 602 4358; x_wconf 79' lang='lat' dir='ltr'><strong>(scil.</strong></span> <span class='ocrx_word' id='word_1_493' title='bbox 635 4287 704 4341; x_wconf 75' lang='lat' dir='ltr'><strong>ab</strong></span> <span class='ocrx_word' id='word_1_494' title='bbox 747 4301 814 4342; x_wconf 89' lang='lat' dir='ltr'><strong>eo</strong></span> <span class='ocrx_word' id='word_1_495' title='bbox 847 4283 1088 4358; x_wconf 75' lang='lat' dir='ltr'><strong>tempore</strong></span> <span class='ocrx_word' id='word_1_496' title='bbox 1118 4301 1226 4352; x_wconf 83' lang='lat' dir='ltr'><strong>quo</strong></span> <span class='ocrx_word' id='word_1_497' title='bbox 1263 4283 1508 4347; x_wconf 79' lang='lat' dir='ltr'><strong>converti</strong></span> <span class='ocrx_word' id='word_1_498' title='bbox 1536 4286 1735 4356; x_wconf 71' lang='lat' dir='ltr'><strong>cmpit)</strong></span> <span class='ocrx_word' id='word_1_499' title='bbox 1771 4285 2032 4357; x_wconf 81' lang='lat' dir='ltr'><strong>presbyter</strong></span> 
     </span>
    </p>
   </div>
   <div class='ocr_carea' id='block_1_65' title="bbox 437 4356 1186 4431">
    <p class='ocr_par' dir='ltr' id='par_1_65' title="bbox 437 4356 1186 4431">
     <span class='ocr_line' id='line_1_65' title="bbox 437 4356 1186 4431; baseline -0.001 -22"><span class='ocrx_word' id='word_1_500' title='bbox 437 4356 544 4410; x_wconf 77' lang='lat' dir='ltr'><strong>sive</strong></span> <span class='ocrx_word' id='word_1_501' title='bbox 573 4358 840 4428; x_wconf 81' lang='lat' dir='ltr'><strong>episcopus</strong></span> <span class='ocrx_word' id='word_1_502' title='bbox 864 4356 1186 4431; x_wconf 82' lang='lat' dir='ltr'><strong>subrogetur.</strong></span> 
     </span>
    </p>
   </div>
   <div class='ocr_carea' id='block_1_66' title="bbox 512 4446 2036 4506">
    <p class='ocr_par' dir='ltr' id='par_1_66' title="bbox 512 4446 2036 4506">
     <span class='ocr_line' id='line_1_66' title="bbox 512 4446 2036 4506; baseline 0.003 -5"><span class='ocrx_word' id='word_1_503' title='bbox 512 4446 540 4486; x_wconf 72' lang='grc' dir='ltr'>δ</span> <span class='ocrx_word' id='word_1_504' title='bbox 568 4447 644 4501; x_wconf 87' lang='lat' dir='ltr'><strong>Ita</strong></span> <span class='ocrx_word' id='word_1_505' title='bbox 692 4450 858 4505; x_wconf 80' lang='lat' dir='ltr'><strong>codex</strong></span> <span class='ocrx_word' id='word_1_506' title='bbox 918 4450 1057 4506; x_wconf 87' lang='lat' dir='ltr'><strong>Pith.</strong></span> <span class='ocrx_word' id='word_1_507' title='bbox 1107 4464 1230 4505; x_wconf 89' lang='lat' dir='ltr'><strong>cum</strong></span> <span class='ocrx_word' id='word_1_508' title='bbox 1258 4458 1442 4505; x_wconf 88' lang='lat' dir='ltr'><strong>vetere</strong></span> <span class='ocrx_word' id='word_1_509' title='bbox 1487 4448 1803 4505; x_wconf 88' lang='lat' dir='ltr'><strong>Colbertino</strong></span> <span class='ocrx_word' id='word_1_510' title='bbox 1835 4449 2036 4506; x_wconf 86' lang='lat' dir='ltr'><strong>litteris</strong></span> 
     </span>
    </p>
   </div>
   <div class='ocr_carea' id='block_1_67' title="bbox 439 4518 2030 4590">
    <p class='ocr_par' dir='ltr' id='par_1_67' title="bbox 439 4518 2030 4590">
     <span class='ocr_line' id='line_1_67' title="bbox 439 4518 2030 4590; baseline 0.001 -16"><span class='ocrx_word' id='word_1_511' title='bbox 439 4518 862 4587; x_wconf 81' lang='lat' dir='ltr'><strong>Langobardicis</strong></span> <span class='ocrx_word' id='word_1_512' title='bbox 888 4531 1132 4586; x_wconf 86' lang='lat' dir='ltr'><strong>exarato,</strong></span> <span class='ocrx_word' id='word_1_513' title='bbox 1165 4523 1216 4576; x_wconf 90' lang='lat' dir='ltr'><strong>in</strong></span> <span class='ocrx_word' id='word_1_514' title='bbox 1247 4537 1354 4590; x_wconf 89' lang='lat' dir='ltr'><strong>quo</strong></span> <span class='ocrx_word' id='word_1_515' title='bbox 1389 4532 1650 4589; x_wconf 66' lang='lat' dir='ltr'><strong>praeterea</strong></span> <span class='ocrx_word' id='word_1_516' title='bbox 1683 4521 1871 4576; x_wconf 89' lang='lat' dir='ltr'><strong>eadem</strong></span> <span class='ocrx_word' id='word_1_517' title='bbox 1904 4537 2030 4586; x_wconf 90' lang='lat' dir='ltr'><strong>vox,</strong></span> 
     </span>
    </p>
   </div>
   <div class='ocr_carea' id='block_1_68' title="bbox 439 4589 2036 4661">
    <p class='ocr_par' dir='ltr' id='par_1_68' title="bbox 439 4589 2036 4661">
     <span class='ocr_line' id='line_1_68' title="bbox 439 4589 2036 4661; baseline 0.002 -16"><span class='ocrx_word' id='word_1_518' title='bbox 439 4589 776 4655; x_wconf 83' lang='lat' dir='ltr'><strong>edecumurit,</strong></span> <span class='ocrx_word' id='word_1_519' title='bbox 803 4593 966 4644; x_wconf 86' lang='lat' dir='ltr'><strong>veluti</strong></span> <span class='ocrx_word' id='word_1_520' title='bbox 997 4589 1309 4661; x_wconf 70' lang='lat' dir='ltr'><strong>singularis.</strong></span> <span class='ocrx_word' id='word_1_521' title='bbox 1342 4595 1409 4646; x_wconf 89' lang='lat' dir='ltr'><strong>ad</strong></span> <span class='ocrx_word' id='word_1_522' title='bbox 1448 4608 1598 4647; x_wconf 86' lang='lat' dir='ltr'><strong>orant</strong></span> <span class='ocrx_word' id='word_1_523' title='bbox 1641 4592 1763 4647; x_wconf 88' lang='lat' dir='ltr'><strong>libri</strong></span> <span class='ocrx_word' id='word_1_524' title='bbox 1806 4603 2036 4648; x_wconf 85' lang='lat' dir='ltr'><strong>annota-</strong></span> 
     </span>
    </p>
   </div>
   <div class='ocr_carea' id='block_1_69' title="bbox 441 4661 2032 4732">
    <p class='ocr_par' dir='ltr' id='par_1_69' title="bbox 441 4661 2032 4732">
     <span class='ocr_line' id='line_1_69' title="bbox 441 4661 2032 4732; baseline 0.001 -17"><span class='ocrx_word' id='word_1_525' title='bbox 441 4668 549 4716; x_wconf 81' lang='lat' dir='ltr'><strong>tttr.</strong></span> <span class='ocrx_word' id='word_1_526' title='bbox 576 4661 666 4715; x_wconf 87' lang='lat' dir='ltr'><strong>llis</strong></span> <span class='ocrx_word' id='word_1_527' title='bbox 689 4662 1014 4732; x_wconf 72' lang='lat' dir='ltr'><strong>sull&#39;rngatur</strong></span> <span class='ocrx_word' id='word_1_528' title='bbox 1033 4673 1086 4717; x_wconf 91' lang='lat' dir='ltr'><strong>et</strong></span> <span class='ocrx_word' id='word_1_529' title='bbox 1103 4662 1450 4719; x_wconf 86' lang='lat' dir='ltr'><strong>Corbeiensis</strong></span> <span class='ocrx_word' id='word_1_530' title='bbox 1475 4664 1678 4719; x_wconf 69' lang='lat' dir='ltr'><strong>smrulo</strong></span> <span class='ocrx_word' id='word_1_531' title='bbox 1701 4678 1750 4717; x_wconf 74' lang='lat' dir='ltr'><strong>vt</strong></span> <span class='ocrx_word' id='word_1_532' title='bbox 1771 4665 2032 4732; x_wconf 87' lang='lat' dir='ltr'><strong>scriptus,</strong></span> 
     </span>
    </p>
   </div>
   <div class='ocr_carea' id='block_1_70' title="bbox 438 4731 2031 4800">
    <p class='ocr_par' dir='ltr' id='par_1_70' title="bbox 438 4731 2031 4800">
     <span class='ocr_line' id='line_1_70' title="bbox 438 4731 2031 4800; baseline 0.002 -14"><span class='ocrx_word' id='word_1_533' title='bbox 438 4732 494 4788; x_wconf 89' lang='lat' dir='ltr'><strong>in</strong></span> <span class='ocrx_word' id='word_1_534' title='bbox 535 4747 643 4800; x_wconf 84' lang='lat' dir='ltr'><strong>quo</strong></span> <span class='ocrx_word' id='word_1_535' title='bbox 693 4731 873 4786; x_wconf 87' lang='lat' dir='ltr'><strong>tribus</strong></span> <span class='ocrx_word' id='word_1_536' title='bbox 913 4734 1185 4794; x_wconf 79' lang='lat' dir='ltr'><strong>prioribus</strong></span> <span class='ocrx_word' id='word_1_537' title='bbox 1233 4735 1426 4788; x_wconf 86' lang='lat' dir='ltr'><strong>litteris</strong></span> <span class='ocrx_word' id='word_1_538' title='bbox 1474 4735 1670 4800; x_wconf 79' lang='lat' dir='ltr'><strong>deletis</strong></span> <span class='ocrx_word' id='word_1_539' title='bbox 1701 4743 1892 4797; x_wconf 87' lang='lat' dir='ltr'><strong>restat,</strong></span> <span class='ocrx_word' id='word_1_540' title='bbox 1922 4736 2031 4789; x_wconf 85' lang='lat' dir='ltr'><strong>cui-</strong></span> 
     </span>
    </p>
   </div>
   <div class='ocr_carea' id='block_1_71' title="bbox 438 4802 2028 4872">
    <p class='ocr_par' dir='ltr' id='par_1_71' title="bbox 438 4802 2028 4872">
     <span class='ocr_line' id='line_1_71' title="bbox 438 4802 2028 4872; baseline 0.002 -15"><span class='ocrx_word' id='word_1_541' title='bbox 438 4813 684 4870; x_wconf 85' lang='lat' dir='ltr'><strong>maneret,</strong></span> <span class='ocrx_word' id='word_1_542' title='bbox 720 4802 861 4858; x_wconf 88' lang='lat' dir='ltr'><strong>haud</strong></span> <span class='ocrx_word' id='word_1_543' title='bbox 897 4803 1062 4858; x_wconf 88' lang='lat' dir='ltr'><strong>dubie</strong></span> <span class='ocrx_word' id='word_1_544' title='bbox 1092 4819 1186 4872; x_wconf 89' lang='lat' dir='ltr'><strong>pro</strong></span> <span class='ocrx_word' id='word_1_545' title='bbox 1225 4806 1622 4862; x_wconf 85' lang='lat' dir='ltr'><strong>edecumaverit.</strong></span> <span class='ocrx_word' id='word_1_546' title='bbox 1651 4807 2028 4861; x_wconf 54' lang='lat' dir='ltr'><strong>Colber‘tinum</strong></span> 
     </span>
    </p>
   </div>
   <div class='ocr_carea' id='block_1_72' title="bbox 436 4873 2027 4947">
    <p class='ocr_par' dir='ltr' id='par_1_72' title="bbox 436 4873 2027 4947">
     <span class='ocr_line' id='line_1_72' title="bbox 436 4873 2027 4947; baseline 0.004 -19"><span class='ocrx_word' id='word_1_547' title='bbox 436 4876 640 4947; x_wconf 68' lang='lat' dir='ltr'><strong>codicis</strong></span> <span class='ocrx_word' id='word_1_548' title='bbox 669 4889 695 4927; x_wconf 91' lang='lat' dir='ltr'><strong>a</strong></span> <span class='ocrx_word' id='word_1_549' title='bbox 737 4873 940 4947; x_wconf 86' lang='lat' dir='ltr'><strong>Quesn.</strong></span> <span class='ocrx_word' id='word_1_550' title='bbox 978 4874 1178 4940; x_wconf 76' lang='lat' dir='ltr'><strong>vulgati</strong></span> <span class='ocrx_word' id='word_1_551' title='bbox 1218 4878 1524 4947; x_wconf 60' lang='lat' dir='ltr'><strong>esentnlum</strong></span> <span class='ocrx_word' id='word_1_552' title='bbox 1573 4878 1738 4932; x_wconf 78' lang='lat' dir='ltr'><strong>habet</strong></span> <span class='ocrx_word' id='word_1_553' title='bbox 1763 4889 2027 4947; x_wconf 81' lang='lat' dir='ltr'><strong>sequatur.</strong></span> 
     </span>
    </p>
   </div>
   <div class='ocr_carea' id='block_1_73' title="bbox 437 4945 2031 5021">
    <p class='ocr_par' dir='ltr' id='par_1_73' title="bbox 437 4945 2031 5021">
     <span class='ocr_line' id='line_1_73' title="bbox 437 4945 2031 5021; baseline 0.002 -21"><span class='ocrx_word' id='word_1_554' title='bbox 437 4945 668 5021; x_wconf 82' lang='lat' dir='ltr'><strong>Regium</strong></span> <span class='ocrx_word' id='word_1_555' title='bbox 695 4946 974 5021; x_wconf 75' lang='lat' dir='ltr'><strong>exemplar</strong></span> <span class='ocrx_word' id='word_1_556' title='bbox 997 4960 1159 5021; x_wconf 75' lang='lat' dir='ltr'><strong>mera:</strong></span> <span class='ocrx_word' id='word_1_557' title='bbox 1184 4945 1526 5021; x_wconf 82' lang='lat' dir='ltr'><strong>collectionis</strong></span> <span class='ocrx_word' id='word_1_558' title='bbox 1549 4945 1896 5021; x_wconf 69' lang='lat' dir='ltr'><strong>Dionysianaa</strong></span> <span class='ocrx_word' id='word_1_559' title='bbox 1921 4965 2031 5018; x_wconf 70' lang='lat' dir='ltr'><strong>pra:</strong></span> 
     </span>
    </p>
   </div>
   <div class='ocr_carea' id='block_1_74' title="bbox 435 5017 2032 5081">
    <p class='ocr_par' dir='ltr' id='par_1_74' title="bbox 435 5017 2032 5081">
     <span class='ocr_line' id='line_1_74' title="bbox 435 5017 2032 5081; baseline 0.003 -11"><span class='ocrx_word' id='word_1_560' title='bbox 435 5030 497 5070; x_wconf 81' lang='lat' dir='ltr'><strong>se</strong></span> <span class='ocrx_word' id='word_1_561' title='bbox 525 5017 898 5081; x_wconf 70' lang='lat' dir='ltr'><strong>lorteau&#39;sterit,</strong></span> <span class='ocrx_word' id='word_1_562' title='bbox 931 5018 1075 5071; x_wconf 89' lang='lat' dir='ltr'><strong>unde</strong></span> <span class='ocrx_word' id='word_1_563' title='bbox 1102 5017 1153 5070; x_wconf 92' lang='lat' dir='ltr'><strong>in</strong></span> <span class='ocrx_word' id='word_1_564' title='bbox 1184 5032 1349 5070; x_wconf 88' lang='lat' dir='ltr'><strong>unum</strong></span> <span class='ocrx_word' id='word_1_565' title='bbox 1379 5019 1535 5072; x_wconf 79' lang='lat' dir='ltr'><strong>Coll).</strong></span> <span class='ocrx_word' id='word_1_566' title='bbox 1567 5017 1787 5075; x_wconf 72' lang='lat' dir='ltr'><strong>ﬁnxisse</strong></span> <span class='ocrx_word' id='word_1_567' title='bbox 1813 5017 2032 5075; x_wconf 84' lang='lat' dir='ltr'><strong>videtur</strong></span> 
     </span>
    </p>
   </div>
   <div class='ocr_carea' id='block_1_75' title="bbox 434 5088 2031 5159">
    <p class='ocr_par' dir='ltr' id='par_1_75' title="bbox 434 5088 2031 5159">
     <span class='ocr_line' id='line_1_75' title="bbox 434 5088 2031 5159; baseline 0.006 -21"><span class='ocrx_word' id='word_1_568' title='bbox 434 5089 616 5157; x_wconf 80' lang='lat' dir='ltr'><strong>fuerit,</strong></span> <span class='ocrx_word' id='word_1_569' title='bbox 644 5088 927 5156; x_wconf 68' lang='lat' dir='ltr'><strong>prmmism</strong></span> <span class='ocrx_word' id='word_1_570' title='bbox 951 5099 1110 5144; x_wconf 79' lang='lat' dir='ltr'><strong>atttea</strong></span> <span class='ocrx_word' id='word_1_571' title='bbox 1137 5089 1192 5142; x_wconf 82' lang='lat' dir='ltr'><strong>in</strong></span> <span class='ocrx_word' id='word_1_572' title='bbox 1218 5104 1356 5152; x_wconf 85' lang='lat' dir='ltr'><strong>eum,</strong></span> <span class='ocrx_word' id='word_1_573' title='bbox 1389 5106 1485 5158; x_wconf 87' lang='lat' dir='ltr'><strong>pro</strong></span> <span class='ocrx_word' id='word_1_574' title='bbox 1514 5107 1648 5145; x_wconf 88' lang='lat' dir='ltr'><strong>eum.</strong></span> <span class='ocrx_word' id='word_1_575' title='bbox 1679 5093 1732 5145; x_wconf 93' lang='lat' dir='ltr'><strong>In</strong></span> <span class='ocrx_word' id='word_1_576' title='bbox 1765 5094 2031 5159; x_wconf 81' lang='lat' dir='ltr'><strong>exemplis</strong></span> 
     </span>
    </p>
   </div>
   <div class='ocr_carea' id='block_1_76' title="bbox 435 5159 2028 5233">
    <p class='ocr_par' dir='ltr' id='par_1_76' title="bbox 435 5159 2028 5233">
     <span class='ocr_line' id='line_1_76' title="bbox 435 5159 2028 5233; baseline 0.004 -21"><span class='ocrx_word' id='word_1_577' title='bbox 435 5160 776 5233; x_wconf 83' lang='lat' dir='ltr'><strong>collectionis</strong></span> <span class='ocrx_word' id='word_1_578' title='bbox 821 5159 1077 5214; x_wconf 83' lang='lat' dir='ltr'><strong>Hadriani</strong></span> <span class='ocrx_word' id='word_1_579' title='bbox 1101 5160 1456 5233; x_wconf 59' lang='lat' dir='ltr'><strong>sui)_~tittlltlttt</strong></span> <span class='ocrx_word' id='word_1_580' title='bbox 1486 5171 1569 5233; x_wconf 83' lang='lat' dir='ltr'><strong>est</strong></span> <span class='ocrx_word' id='word_1_581' title='bbox 1596 5164 1855 5218; x_wconf 84' lang='lat' dir='ltr'><strong>evocarit:</strong></span> <span class='ocrx_word' id='word_1_582' title='bbox 1882 5163 2028 5233; x_wconf 89' lang='lat' dir='ltr'><strong>quod</strong></span> 
     </span>
    </p>
   </div>
   <div class='ocr_carea' id='block_1_77' title="bbox 433 5231 2027 5303">
    <p class='ocr_par' dir='ltr' id='par_1_77' title="bbox 433 5231 2027 5303">
     <span class='ocr_line' id='line_1_77' title="bbox 433 5231 2027 5303; baseline 0.003 -19"><span class='ocrx_word' id='word_1_583' title='bbox 433 5237 490 5284; x_wconf 90' lang='lat' dir='ltr'><strong>et</strong></span> <span class='ocrx_word' id='word_1_584' title='bbox 520 5231 778 5303; x_wconf 79' lang='lat' dir='ltr'><strong>deinceps</strong></span> <span class='ocrx_word' id='word_1_585' title='bbox 826 5242 1120 5286; x_wconf 90' lang='lat' dir='ltr'><strong>retentum.</strong></span> <span class='ocrx_word' id='word_1_586' title='bbox 1175 5231 1410 5285; x_wconf 79' lang='lat' dir='ltr'><strong>Verbum</strong></span> <span class='ocrx_word' id='word_1_587' title='bbox 1443 5232 1838 5298; x_wconf 82' lang='lat' dir='ltr'><strong>edecumauerit,</strong></span> <span class='ocrx_word' id='word_1_588' title='bbox 1884 5231 2027 5303; x_wconf 81' lang='lat' dir='ltr'><strong>quod</strong></span> 
     </span>
    </p>
   </div>
   <div class='ocr_carea' id='block_1_78' title="bbox 435 5300 2033 5376">
    <p class='ocr_par' dir='ltr' id='par_1_78' title="bbox 435 5300 2033 5376">
     <span class='ocr_line' id='line_1_78' title="bbox 435 5300 2033 5376; baseline 0.005 -24"><span class='ocrx_word' id='word_1_589' title='bbox 435 5300 664 5376; x_wconf 84' lang='lat' dir='ltr'><strong>perinde</strong></span> <span class='ocrx_word' id='word_1_590' title='bbox 693 5311 851 5376; x_wconf 82' lang='lat' dir='ltr'><strong>sonat</strong></span> <span class='ocrx_word' id='word_1_591' title='bbox 882 5312 1045 5371; x_wconf 79' lang='lat' dir='ltr'><strong>atque</strong></span> <span class='ocrx_word' id='word_1_592' title='bbox 1073 5320 1100 5357; x_wconf 87' lang='lat' dir='ltr'><strong>e</strong></span> <span class='ocrx_word' id='word_1_593' title='bbox 1125 5303 1299 5376; x_wconf 87' lang='lat' dir='ltr'><strong>decem</strong></span> <span class='ocrx_word' id='word_1_594' title='bbox 1329 5303 1458 5376; x_wconf 90' lang='lat' dir='ltr'><strong>(hoc</strong></span> <span class='ocrx_word' id='word_1_595' title='bbox 1489 5319 1716 5359; x_wconf 87' lang='lat' dir='ltr'><strong>numero</strong></span> <span class='ocrx_word' id='word_1_596' title='bbox 1749 5305 1864 5359; x_wconf 87' lang='lat' dir='ltr'><strong>vice</strong></span> <span class='ocrx_word' id='word_1_597' title='bbox 1902 5300 2033 5362; x_wconf 48' lang='lat' dir='ltr'><strong>&#39;om-</strong></span> 
     </span>
    </p>
   </div>
   <div class='ocr_carea' id='block_1_79' title="bbox 434 5373 2026 5441">
    <p class='ocr_par' dir='ltr' id='par_1_79' title="bbox 434 5373 2026 5441">
     <span class='ocr_line' id='line_1_79' title="bbox 434 5373 2026 5441; baseline 0.006 -18"><span class='ocrx_word' id='word_1_598' title='bbox 434 5373 584 5426; x_wconf 91' lang='lat' dir='ltr'><strong>nium</strong></span> <span class='ocrx_word' id='word_1_599' title='bbox 619 5373 820 5441; x_wconf 84' lang='lat' dir='ltr'><strong>posito)</strong></span> <span class='ocrx_word' id='word_1_600' title='bbox 840 5389 1006 5427; x_wconf 83' lang='lat' dir='ltr'><strong>unum</strong></span> <span class='ocrx_word' id='word_1_601' title='bbox 1043 5375 1238 5430; x_wconf 81' lang='lat' dir='ltr'><strong>meritis</strong></span> <span class='ocrx_word' id='word_1_602' title='bbox 1266 5373 1643 5439; x_wconf 74' lang='lat' dir='ltr'><strong>pru&#39;cellentem</strong></span> <span class='ocrx_word' id='word_1_603' title='bbox 1669 5378 1943 5441; x_wconf 85' lang='lat' dir='ltr'><strong>censuerit,</strong></span> <span class='ocrx_word' id='word_1_604' title='bbox 1972 5387 2026 5432; x_wconf 92' lang='lat' dir='ltr'><strong>et</strong></span> 
     </span>
    </p>
   </div>
   <div class='ocr_carea' id='block_1_80' title="bbox 433 5441 2034 5516">
    <p class='ocr_par' dir='ltr' id='par_1_80' title="bbox 433 5441 2034 5516">
     <span class='ocr_line' id='line_1_80' title="bbox 433 5441 2034 5516; baseline 0.005 -21"><span class='ocrx_word' id='word_1_605' title='bbox 433 5441 610 5516; x_wconf 80' lang='lat' dir='ltr'><strong>_Siricii</strong></span> <span class='ocrx_word' id='word_1_606' title='bbox 639 5445 871 5500; x_wconf 73' lang='lat' dir='ltr'><strong>consilio</strong></span> <span class='ocrx_word' id='word_1_607' title='bbox 897 5447 1243 5516; x_wconf 87' lang='lat' dir='ltr'><strong>aptissimum</strong></span> <span class='ocrx_word' id='word_1_608' title='bbox 1265 5455 1371 5512; x_wconf 87' lang='lat' dir='ltr'><strong>est,</strong></span> <span class='ocrx_word' id='word_1_609' title='bbox 1395 5447 1538 5500; x_wconf 88' lang='lat' dir='ltr'><strong>etab</strong></span> <span class='ocrx_word' id='word_1_610' title='bbox 1563 5448 1712 5501; x_wconf 87' lang='lat' dir='ltr'><strong>omni</strong></span> <span class='ocrx_word' id='word_1_611' title='bbox 1739 5449 2034 5514; x_wconf 70' lang='lat' dir='ltr'><strong>summitte</strong></span> 
     </span>
    </p>
   </div>
   <div class='ocr_carea' id='block_1_81' title="bbox 433 5513 2036 5578">
    <p class='ocr_par' dir='ltr' id='par_1_81' title="bbox 433 5513 2036 5578">
     <span class='ocr_line' id='line_1_81' title="bbox 433 5513 2036 5578; baseline 0.002 -11"><span class='ocrx_word' id='word_1_612' title='bbox 433 5513 685 5570; x_wconf 87' lang='lat' dir='ltr'><strong>lectionis</strong></span> <span class='ocrx_word' id='word_1_613' title='bbox 731 5513 1041 5578; x_wconf 76' lang='lat' dir='ltr'><strong>snsnicione</strong></span> <span class='ocrx_word' id='word_1_614' title='bbox 1085 5518 1344 5573; x_wconf 90' lang='lat' dir='ltr'><strong>alienum.</strong></span> <span class='ocrx_word' id='word_1_615' title='bbox 1399 5518 1453 5572; x_wconf 92' lang='lat' dir='ltr'><strong>In</strong></span> <span class='ocrx_word' id='word_1_616' title='bbox 1495 5517 1776 5573; x_wconf 60' lang='lat' dir='ltr'><strong>Gloss-ario</strong></span> <span class='ocrx_word' id='word_1_617' title='bbox 1811 5513 2036 5572; x_wconf 71' lang='lat' dir='ltr'><strong>Graeco-</strong></span> 
     </span>
    </p>
   </div>
   <div class='ocr_carea' id='block_1_82' title="bbox 433 5584 2030 5658">
    <p class='ocr_par' dir='ltr' id='par_1_82' title="bbox 433 5584 2030 5658">
     <span class='ocr_line' id='line_1_82' title="bbox 433 5584 2030 5658; baseline 0.004 -20"><span class='ocrx_word' id='word_1_618' title='bbox 433 5584 644 5658; x_wconf 9' lang='lat' dir='ltr'><strong>isartino,</strong></span> <span class='ocrx_word' id='word_1_619' title='bbox 677 5591 820 5658; x_wconf 72' lang='lat' dir='ltr'><strong>quod</strong></span> <span class='ocrx_word' id='word_1_620' title='bbox 852 5587 1102 5643; x_wconf 82' lang='lat' dir='ltr'><strong>Labheus</strong></span> <span class='ocrx_word' id='word_1_621' title='bbox 1132 5589 1323 5652; x_wconf 87' lang='lat' dir='ltr'><strong>edidit,</strong></span> <span class='ocrx_word' id='word_1_622' title='bbox 1353 5590 1535 5654; x_wconf 74' lang='lat' dir='ltr'><strong>legere</strong></span> <span class='ocrx_word' id='word_1_623' title='bbox 1566 5598 1671 5653; x_wconf 77' lang='lat' dir='ltr'><strong>est,</strong></span> <span class='ocrx_word' id='word_1_624' title='bbox 1695 5587 2030 5656; x_wconf 69' lang='grc' dir='ltr'><strong>ἁποδεκατῶς</strong></span> 
     </span>
    </p>
   </div>
   <div class='ocr_carea' id='block_1_83' title="bbox 432 5654 2034 5737">
    <p class='ocr_par' dir='ltr' id='par_1_83' title="bbox 432 5654 2034 5737">
     <span class='ocr_line' id='line_1_83' title="bbox 432 5654 2034 5737; baseline 0.002 -27"><span class='ocrx_word' id='word_1_625' title='bbox 432 5654 820 5737; x_wconf 52' lang='lat' dir='ltr'><strong>Edecumltus,</strong></span> <span class='ocrx_word' id='word_1_626' title='bbox 872 5659 1112 5737; x_wconf 55' lang='grc' dir='ltr'><strong>ἀδέῃατος</strong></span> <span class='ocrx_word' id='word_1_627' title='bbox 1143 5703 1157 5724; x_wconf 87' lang='grc'><strong>.</strong></span> <span class='ocrx_word' id='word_1_628' title='bbox 1191 5660 1580 5737; x_wconf 34' lang='grc' dir='ltr'><strong>,ἀδωροδόκητος’</strong></span> <span class='ocrx_word' id='word_1_629' title='bbox 1609 5679 1623 5717; x_wconf 91' lang='lat'><strong>:</strong></span> <span class='ocrx_word' id='word_1_630' title='bbox 1650 5663 1791 5737; x_wconf 71' lang='lat' dir='ltr'><strong>nitod</strong></span> <span class='ocrx_word' id='word_1_631' title='bbox 1824 5654 2034 5737; x_wconf 48' lang='lat' dir='ltr'><strong>Durati}</strong></span> 
     </span>
    </p>
   </div>
   <div class='ocr_carea' id='block_1_84' title="bbox 433 5730 2034 5798">
    <p class='ocr_par' dir='ltr' id='par_1_84' title="bbox 433 5730 2034 5798">
     <span class='ocr_line' id='line_1_84' title="bbox 433 5730 2034 5798; baseline 0.004 -20"><span class='ocrx_word' id='word_1_632' title='bbox 433 5741 552 5798; x_wconf 78' lang='lat' dir='ltr'><strong>gnts</strong></span> <span class='ocrx_word' id='word_1_633' title='bbox 582 5733 632 5784; x_wconf 92' lang='lat' dir='ltr'><strong>in</strong></span> <span class='ocrx_word' id='word_1_634' title='bbox 662 5730 940 5787; x_wconf 62' lang='lat' dir='ltr'><strong>Glossarto</strong></span> <span class='ocrx_word' id='word_1_635' title='bbox 967 5733 1158 5788; x_wconf 84' lang='lat' dir='ltr'><strong>Latino</strong></span> <span class='ocrx_word' id='word_1_636' title='bbox 1190 5730 1600 5795; x_wconf 73' lang='lat' dir='ltr'><strong>interpretatur,</strong></span> <span class='ocrx_word' id='word_1_637' title='bbox 1626 5734 1872 5792; x_wconf 81' lang='lat' dir='ltr'><strong>sincerus.</strong></span> <span class='ocrx_word' id='word_1_638' title='bbox 1906 5733 2034 5788; x_wconf 82' lang='lat' dir='ltr'><strong>insi-</strong></span> 
     </span>
    </p>
   </div>
   <div class='ocr_carea' id='block_1_85' title="bbox 430 5800 2032 5874">
    <p class='ocr_par' dir='ltr' id='par_1_85' title="bbox 430 5800 2032 5874">
     <span class='ocr_line' id='line_1_85' title="bbox 430 5800 2032 5874; baseline 0.004 -22"><span class='ocrx_word' id='word_1_639' title='bbox 430 5800 566 5867; x_wconf 80' lang='lat' dir='ltr'><strong>gnis,</strong></span> <span class='ocrx_word' id='word_1_640' title='bbox 589 5803 888 5870; x_wconf 74' lang='lat' dir='ltr'><strong>prteclarus.</strong></span> <span class='ocrx_word' id='word_1_641' title='bbox 919 5805 1236 5872; x_wconf 74' lang='lat' dir='ltr'><strong>prwcellens,</strong></span> <span class='ocrx_word' id='word_1_642' title='bbox 1268 5814 1320 5857; x_wconf 89' lang='lat' dir='ltr'><strong>ut</strong></span> <span class='ocrx_word' id='word_1_643' title='bbox 1349 5814 1421 5857; x_wconf 82' lang='lat' dir='ltr'><strong>est</strong></span> <span class='ocrx_word' id='word_1_644' title='bbox 1440 5805 1608 5874; x_wconf 74' lang='lat' dir='ltr'><strong>jndea‘.</strong></span> <span class='ocrx_word' id='word_1_645' title='bbox 1628 5807 1713 5872; x_wconf 83' lang='lat' dir='ltr'><strong>qui</strong></span> <span class='ocrx_word' id='word_1_646' title='bbox 1737 5804 2032 5860; x_wconf 84' lang='lat' dir='ltr'><strong>muneribus</strong></span> 
     </span>
    </p>
   </div>
   <div class='ocr_carea' id='block_1_86' title="bbox 2061 3013 2108 3078">
    <p class='ocr_par' dir='ltr' id='par_1_86' title="bbox 2061 3013 2108 3078">
     <span class='ocr_line' id='line_1_86' title="bbox 2061 3013 2108 3078; baseline 0 0"><span class='ocrx_word' id='word_1_647' title='bbox 2061 3013 2108 3078; x_wconf 89' lang='lat' dir='ltr'>C</span> 
     </span>
    </p>
   </div>
   <div class='ocr_carea' id='block_1_87' title="bbox 2145 1873 3754 1947">
    <p class='ocr_par' dir='ltr' id='par_1_87' title="bbox 2145 1873 3754 1947">
     <span class='ocr_line' id='line_1_87' title="bbox 2145 1873 3754 1947; baseline -0.006 -17"><span class='ocrx_word' id='word_1_648' title='bbox 2145 1891 2244 1947; x_wconf 89' lang='lat' dir='ltr'><strong>per</strong></span> <span class='ocrx_word' id='word_1_649' title='bbox 2269 1873 2468 1946; x_wconf 87' lang='lat' dir='ltr'><strong>gradus</strong></span> <span class='ocrx_word' id='word_1_650' title='bbox 2499 1873 2763 1945; x_wconf 90' lang='lat' dir='ltr'><strong>singulos,</strong></span> <span class='ocrx_word' id='word_1_651' title='bbox 2786 1881 3068 1929; x_wconf 90' lang='lat' dir='ltr'><strong>crescente</strong></span> <span class='ocrx_word' id='word_1_652' title='bbox 3091 1882 3356 1940; x_wconf 90' lang='lat' dir='ltr'><strong>tempore,</strong></span> <span class='ocrx_word' id='word_1_653' title='bbox 3381 1884 3754 1941; x_wconf 85' lang='lat' dir='ltr'><strong>promovean-</strong></span> 
     </span>
    </p>
   </div>
   <div class='ocr_carea' id='block_1_88' title="bbox 2145 1961 3750 2034">
    <p class='ocr_par' dir='ltr' id='par_1_88' title="bbox 2145 1961 3750 2034">
     <span class='ocr_line' id='line_1_88' title="bbox 2145 1961 3750 2034; baseline -0.005 -10"><span class='ocrx_word' id='word_1_654' title='bbox 2145 1978 2232 2024; x_wconf 89' lang='lat' dir='ltr'><strong>tur</strong></span> <span class='ocrx_word' id='word_1_655' title='bbox 2260 1967 2541 2024; x_wconf 89' lang='lat' dir='ltr'><strong>ordinibus</strong></span> <span class='ocrx_word' id='word_1_656' title='bbox 2573 1983 2586 2020; x_wconf 90' lang='lat'><strong>:</strong></span> <span class='ocrx_word' id='word_1_657' title='bbox 2615 1975 2671 2022; x_wconf 91' lang='lat' dir='ltr'><strong>et</strong></span> <span class='ocrx_word' id='word_1_658' title='bbox 2699 1967 2778 2020; x_wconf 89' lang='lat' dir='ltr'><strong>sic</strong></span> <span class='ocrx_word' id='word_1_659' title='bbox 2815 1965 2884 2020; x_wconf 90' lang='lat' dir='ltr'><strong>ad</strong></span> <span class='ocrx_word' id='word_1_660' title='bbox 2929 1965 3247 2020; x_wconf 91' lang='lat' dir='ltr'><strong>diaconatus</strong></span> <span class='ocrx_word' id='word_1_661' title='bbox 3292 1962 3375 2018; x_wconf 89' lang='lat' dir='ltr'><strong>vel</strong></span> <span class='ocrx_word' id='word_1_662' title='bbox 3419 1961 3750 2034; x_wconf 86' lang='lat' dir='ltr'><strong>presbyterii</strong></span> 
     </span>
    </p>
   </div>
   <div class='ocr_carea' id='block_1_89' title="bbox 2143 2055 3748 2133">
    <p class='ocr_par' dir='ltr' id='par_1_89' title="bbox 2143 2055 3748 2133">
     <span class='ocr_line' id='line_1_89' title="bbox 2143 2055 3748 2133; baseline -0.004 -17"><span class='ocrx_word' id='word_1_663' title='bbox 2143 2061 2410 2133; x_wconf 76' lang='lat' dir='ltr'><strong>insignia;</strong></span> <span class='ocrx_word' id='word_1_664' title='bbox 2443 2068 2669 2114; x_wconf 74' lang='lat' dir='ltr'><strong>maturae</strong></span> <span class='ocrx_word' id='word_1_665' title='bbox 2718 2055 3368 2120; x_wconf 47' lang='lat' dir='ltr'><strong>muttis‘consecratione,</strong></span> <span class='ocrx_word' id='word_1_666' title='bbox 3403 2055 3748 2124; x_wconf 87' lang='lat' dir='ltr'><strong>perveniant.</strong></span> 
     </span>
    </p>
   </div>
   <div class='ocr_carea' id='block_1_90' title="bbox 2143 2147 3751 2223">
    <p class='ocr_par' dir='ltr' id='par_1_90' title="bbox 2143 2147 3751 2223">
     <span class='ocr_line' id='line_1_90' title="bbox 2143 2147 3751 2223; baseline -0.004 -13"><span class='ocrx_word' id='word_1_667' title='bbox 2143 2153 2255 2212; x_wconf 83' lang='lat' dir='ltr'><strong>Nec</strong></span> <span class='ocrx_word' id='word_1_668' title='bbox 2283 2150 2311 2192; x_wconf 75' lang='grc' dir='ltr'>ἀ</span> <span class='ocrx_word' id='word_1_669' title='bbox 2338 2154 2479 2210; x_wconf 88' lang='lat' dir='ltr'><strong>saltu</strong></span> <span class='ocrx_word' id='word_1_670' title='bbox 2524 2151 2590 2209; x_wconf 91' lang='lat' dir='ltr'><strong>ad</strong></span> <span class='ocrx_word' id='word_1_671' title='bbox 2638 2151 2985 2223; x_wconf 90' lang='lat' dir='ltr'><strong>episc0patus</strong></span> <span class='ocrx_word' id='word_1_672' title='bbox 3026 2149 3242 2206; x_wconf 87' lang='lat' dir='ltr'><strong>culmen</strong></span> <span class='ocrx_word' id='word_1_673' title='bbox 3285 2147 3608 2214; x_wconf 88' lang='lat' dir='ltr'><strong>ascendant,</strong></span> <span class='ocrx_word' id='word_1_674' title='bbox 3645 2148 3751 2203; x_wconf 91' lang='lat' dir='ltr'><strong>nisi</strong></span> 
     </span>
    </p>
   </div>
   <div class='ocr_carea' id='block_1_91' title="bbox 2134 2398 3737 2481">
    <p class='ocr_par' dir='ltr' id='par_1_91' title="bbox 2134 2398 3737 2481">
     <span class='ocr_line' id='line_1_91' title="bbox 2134 2398 3737 2481; baseline -0.005 -20"><span class='ocrx_word' id='word_1_675' title='bbox 2134 2425 2238 2481; x_wconf 66' lang='lat' dir='ltr'><strong>non</strong></span> <span class='ocrx_word' id='word_1_676' title='bbox 2259 2398 3342 2481; x_wconf 7' lang='lat' dir='ltr'><strong>corru!ntpitur.gldem_Ducaugiusibidem</strong></span> <span class='ocrx_word' id='word_1_677' title='bbox 3363 2409 3572 2481; x_wconf 77' lang='lat' dir='ltr'><strong>monet,</strong></span> <span class='ocrx_word' id='word_1_678' title='bbox 3593 2398 3737 2481; x_wconf 77' lang='lat' dir='ltr'><strong>apud</strong></span> 
     </span>
    </p>
   </div>
   <div class='ocr_carea' id='block_1_92' title="bbox 2135 2473 3734 2544">
    <p class='ocr_par' dir='ltr' id='par_1_92' title="bbox 2135 2473 3734 2544">
     <span class='ocr_line' id='line_1_92' title="bbox 2135 2473 3734 2544; baseline -0.008 -8"><span class='ocrx_word' id='word_1_679' title='bbox 2135 2479 2359 2536; x_wconf 65' lang='lat' dir='ltr'><strong>Festum</strong></span> <span class='ocrx_word' id='word_1_680' title='bbox 2400 2473 2551 2534; x_wconf 77' lang='lat' dir='ltr'><strong>Pauli</strong></span> <span class='ocrx_word' id='word_1_681' title='bbox 2593 2476 2837 2542; x_wconf 84' lang='lat' dir='ltr'><strong>diaconi,</strong></span> <span class='ocrx_word' id='word_1_682' title='bbox 2871 2491 2968 2544; x_wconf 92' lang='lat' dir='ltr'><strong>pro</strong></span> <span class='ocrx_word' id='word_1_683' title='bbox 3004 2473 3287 2529; x_wconf 83' lang='lat' dir='ltr'><strong>edecimnta</strong></span> <span class='ocrx_word' id='word_1_684' title='bbox 3334 2473 3536 2544; x_wconf 39' lang='lat' dir='ltr'><strong>electa,</strong></span> <span class='ocrx_word' id='word_1_685' title='bbox 3568 2473 3734 2525; x_wconf 87' lang='lat' dir='ltr'><strong>resti-</strong></span> 
     </span>
    </p>
   </div>
   <div class='ocr_carea' id='block_1_93' title="bbox 2136 2543 3731 2612">
    <p class='ocr_par' dir='ltr' id='par_1_93' title="bbox 2136 2543 3731 2612">
     <span class='ocr_line' id='line_1_93' title="bbox 2136 2543 3731 2612; baseline -0.008 -6"><span class='ocrx_word' id='word_1_686' title='bbox 2136 2552 2395 2606; x_wconf 82' lang='lat' dir='ltr'><strong>tuendum</strong></span> <span class='ocrx_word' id='word_1_687' title='bbox 2443 2565 2564 2605; x_wconf 87' lang='lat' dir='ltr'><strong>esse</strong></span> <span class='ocrx_word' id='word_1_688' title='bbox 2609 2543 2907 2603; x_wconf 84' lang='lat' dir='ltr'><strong>edecumota</strong></span> <span class='ocrx_word' id='word_1_689' title='bbox 2951 2548 3129 2608; x_wconf 84' lang='lat' dir='ltr'><strong>electa.</strong></span> <span class='ocrx_word' id='word_1_690' title='bbox 3167 2547 3307 2600; x_wconf 89' lang='lat' dir='ltr'><strong>sicut</strong></span> <span class='ocrx_word' id='word_1_691' title='bbox 3335 2543 3477 2612; x_wconf 85' lang='lat' dir='ltr'><strong>apud</strong></span> <span class='ocrx_word' id='word_1_692' title='bbox 3510 2543 3731 2611; x_wconf 82' lang='lat' dir='ltr'><strong>Papiam</strong></span> 
     </span>
    </p>
   </div>
   <div class='ocr_carea' id='block_1_94' title="bbox 2134 2613 3726 2689">
    <p class='ocr_par' dir='ltr' id='par_1_94' title="bbox 2134 2613 3726 2689">
     <span class='ocr_line' id='line_1_94' title="bbox 2134 2613 3726 2689; baseline -0.007 -12"><span class='ocrx_word' id='word_1_693' title='bbox 2134 2623 2460 2677; x_wconf 87' lang='lat' dir='ltr'><strong>edecumatus</strong></span> <span class='ocrx_word' id='word_1_694' title='bbox 2503 2622 2714 2684; x_wconf 86' lang='lat' dir='ltr'><strong>electus,</strong></span> <span class='ocrx_word' id='word_1_695' title='bbox 2749 2636 2845 2688; x_wconf 88' lang='lat' dir='ltr'><strong>pro</strong></span> <span class='ocrx_word' id='word_1_696' title='bbox 2897 2619 3211 2672; x_wconf 87' lang='lat' dir='ltr'><strong>edicumatus</strong></span> <span class='ocrx_word' id='word_1_697' title='bbox 3256 2619 3468 2689; x_wconf 64' lang='lat' dir='ltr'><strong>ejectus,</strong></span> <span class='ocrx_word' id='word_1_698' title='bbox 3497 2625 3557 2689; x_wconf 79' lang='lat' dir='ltr'><strong>et</strong></span> <span class='ocrx_word' id='word_1_699' title='bbox 3585 2613 3726 2689; x_wconf 81' lang='lat' dir='ltr'><strong>apud</strong></span> 
     </span>
    </p>
   </div>
   <div class='ocr_carea' id='block_1_95' title="bbox 2139 2686 3728 2759">
    <p class='ocr_par' dir='ltr' id='par_1_95' title="bbox 2139 2686 3728 2759">
     <span class='ocr_line' id='line_1_95' title="bbox 2139 2686 3728 2759; baseline -0.004 -13"><span class='ocrx_word' id='word_1_700' title='bbox 2139 2695 2501 2748; x_wconf 80' lang='lat' dir='ltr'><strong>Valerannnm</strong></span> <span class='ocrx_word' id='word_1_701' title='bbox 2547 2695 2599 2746; x_wconf 92' lang='lat' dir='ltr'><strong>in</strong></span> <span class='ocrx_word' id='word_1_702' title='bbox 2651 2686 2879 2758; x_wconf 80' lang='lat' dir='ltr'><strong>epistola</strong></span> <span class='ocrx_word' id='word_1_703' title='bbox 2921 2690 3136 2759; x_wconf 65' lang='lat' dir='ltr'><strong>praeﬁxa</strong></span> <span class='ocrx_word' id='word_1_704' title='bbox 3185 2686 3322 2742; x_wconf 77' lang='lat' dir='ltr'><strong>libro</strong></span> <span class='ocrx_word' id='word_1_705' title='bbox 3367 2687 3428 2742; x_wconf 90' lang='lat' dir='ltr'><strong>S.</strong></span> <span class='ocrx_word' id='word_1_706' title='bbox 3479 2686 3728 2759; x_wconf 83' lang='lat' dir='ltr'><strong>Anselmi</strong></span> 
     </span>
    </p>
   </div>
   <div class='ocr_carea' id='block_1_96' title="bbox 2136 2757 3732 2820">
    <p class='ocr_par' dir='ltr' id='par_1_96' title="bbox 2136 2757 3732 2820">
     <span class='ocr_line' id='line_1_96' title="bbox 2136 2757 3732 2820; baseline -0.008 0"><span class='ocrx_word' id='word_1_707' title='bbox 2136 2764 2395 2820; x_wconf 86' lang='lat' dir='ltr'><strong>Cantuar.</strong></span> <span class='ocrx_word' id='word_1_708' title='bbox 2416 2764 2566 2819; x_wconf 88' lang='lat' dir='ltr'><strong>arch.</strong></span> <span class='ocrx_word' id='word_1_709' title='bbox 2598 2763 2665 2817; x_wconf 90' lang='lat' dir='ltr'><strong>de</strong></span> <span class='ocrx_word' id='word_1_710' title='bbox 2692 2757 3168 2819; x_wconf 85' lang='lat' dir='ltr'><strong>Sacramentorutn</strong></span> <span class='ocrx_word' id='word_1_711' title='bbox 3199 2760 3515 2814; x_wconf 84' lang='lat' dir='ltr'><strong>diversitate</strong></span> <span class='ocrx_word' id='word_1_712' title='bbox 3544 2757 3732 2813; x_wconf 66' lang='grc' dir='ltr'><strong>βάρεα-</strong></span> 
     </span>
    </p>
   </div>
   <div class='ocr_carea' id='block_1_97' title="bbox 2138 2831 3729 2906">
    <p class='ocr_par' dir='ltr' id='par_1_97' title="bbox 2138 2831 3729 2906">
     <span class='ocr_line' id='line_1_97' title="bbox 2138 2831 3729 2906; baseline -0.005 -16"><span class='ocrx_word' id='word_1_713' title='bbox 2138 2848 2304 2890; x_wconf 83' lang='lat' dir='ltr'><strong>ntatos</strong></span> <span class='ocrx_word' id='word_1_714' title='bbox 2333 2851 2429 2906; x_wconf 93' lang='lat' dir='ltr'><strong>pro</strong></span> <span class='ocrx_word' id='word_1_715' title='bbox 2466 2835 2814 2906; x_wconf 83' lang='lat' dir='ltr'><strong>edocumatos.</strong></span> <span class='ocrx_word' id='word_1_716' title='bbox 2848 2833 2984 2906; x_wconf 79' lang='lat' dir='ltr'><strong>lliuc</strong></span> <span class='ocrx_word' id='word_1_717' title='bbox 3023 2842 3220 2906; x_wconf 36' lang='lat' dir='ltr'><strong>etunos</strong></span> <span class='ocrx_word' id='word_1_718' title='bbox 3269 2837 3410 2906; x_wconf 71' lang='lat' dir='ltr'><strong>apud</strong></span> <span class='ocrx_word' id='word_1_719' title='bbox 3447 2831 3729 2906; x_wconf 78' lang='lat' dir='ltr'><strong>A_urelium</strong></span> 
     </span>
    </p>
   </div>
   <div class='ocr_carea' id='block_1_98' title="bbox 2138 2902 3726 2980">
    <p class='ocr_par' dir='ltr' id='par_1_98' title="bbox 2138 2902 3726 2980">
     <span class='ocr_line' id='line_1_98' title="bbox 2138 2902 3726 2980; baseline -0.007 -16"><span class='ocrx_word' id='word_1_720' title='bbox 2138 2902 2550 2980; x_wconf 65' lang='lat' dir='ltr'><strong>Symmachum,</strong></span> <span class='ocrx_word' id='word_1_721' title='bbox 2581 2905 2672 2977; x_wconf 92' lang='lat' dir='ltr'><strong>qni</strong></span> <span class='ocrx_word' id='word_1_722' title='bbox 2698 2903 2896 2980; x_wconf 70' lang='lat' dir='ltr'><strong>Sjricio</strong></span> <span class='ocrx_word' id='word_1_723' title='bbox 2925 2903 3151 2980; x_wconf 63' lang='lat' dir='ltr'><strong>aequalis</strong></span> <span class='ocrx_word' id='word_1_724' title='bbox 3178 2913 3316 2980; x_wconf 78' lang='lat' dir='ltr'><strong>erat,</strong></span> <span class='ocrx_word' id='word_1_725' title='bbox 3339 2902 3434 2980; x_wconf 79' lang='lat' dir='ltr'><strong>lib.</strong></span> <span class='ocrx_word' id='word_1_726' title='bbox 3464 2902 3522 2968; x_wconf 75' lang='lat'><strong>5,</strong></span> <span class='ocrx_word' id='word_1_727' title='bbox 3564 2902 3726 2980; x_wconf 48' lang='lat' dir='ltr'><strong>epist.</strong></span> 
     </span>
    </p>
   </div>
   <div class='ocr_carea' id='block_1_99' title="bbox 2138 2971 3733 3043">
    <p class='ocr_par' dir='ltr' id='par_1_99' title="bbox 2138 2971 3733 3043">
     <span class='ocr_line' id='line_1_99' title="bbox 2138 2971 3733 3043; baseline -0.006 -9"><span class='ocrx_word' id='word_1_728' title='bbox 2138 2971 2206 3034; x_wconf 77' lang='grc'><strong>49</strong></span> <span class='ocrx_word' id='word_1_729' title='bbox 2237 2993 2290 3035; x_wconf 93' lang='lat' dir='ltr'><strong>et</strong></span> <span class='ocrx_word' id='word_1_730' title='bbox 2318 2979 2410 3043; x_wconf 86' lang='lat'><strong>5|,</strong></span> <span class='ocrx_word' id='word_1_731' title='bbox 2432 2977 2525 3033; x_wconf 88' lang='lat' dir='ltr'><strong>ubi</strong></span> <span class='ocrx_word' id='word_1_732' title='bbox 2548 2971 2685 3032; x_wconf 76' lang='lat' dir='ltr'><strong>viros</strong></span> <span class='ocrx_word' id='word_1_733' title='bbox 2713 2975 2994 3030; x_wconf 71' lang='lat' dir='ltr'><strong>decumam:</strong></span> <span class='ocrx_word' id='word_1_734' title='bbox 3024 2975 3224 3029; x_wconf 80' lang='lat' dir='ltr'><strong>virtutis</strong></span> <span class='ocrx_word' id='word_1_735' title='bbox 3252 2973 3496 3039; x_wconf 72' lang='lat' dir='ltr'><strong>legimus,</strong></span> <span class='ocrx_word' id='word_1_736' title='bbox 3534 2971 3733 3040; x_wconf 65' lang='lat' dir='ltr'><strong>prsel&#39;e-</strong></span> 
     </span>
    </p>
   </div>
   <div class='ocr_carea' id='block_1_100' title="bbox 2144 3045 3730 3117">
    <p class='ocr_par' dir='ltr' id='par_1_100' title="bbox 2144 3045 3730 3117">
     <span class='ocr_line' id='line_1_100' title="bbox 2144 3045 3730 3117; baseline -0.006 -11"><span class='ocrx_word' id='word_1_737' title='bbox 2144 3052 2375 3106; x_wconf 88' lang='lat' dir='ltr'><strong>rendum</strong></span> <span class='ocrx_word' id='word_1_738' title='bbox 2401 3063 2688 3104; x_wconf 53' lang='lat' dir='ltr'><strong>Censemtls</strong></span> <span class='ocrx_word' id='word_1_739' title='bbox 2712 3046 3042 3111; x_wconf 73' lang='lat' dir='ltr'><strong>edecumatw,</strong></span> <span class='ocrx_word' id='word_1_740' title='bbox 3067 3045 3344 3117; x_wconf 91' lang='lat' dir='ltr'><strong>quomodo</strong></span> <span class='ocrx_word' id='word_1_741' title='bbox 3364 3047 3416 3099; x_wconf 94' lang='lat' dir='ltr'><strong>in</strong></span> <span class='ocrx_word' id='word_1_742' title='bbox 3437 3045 3608 3100; x_wconf 88' lang='lat' dir='ltr'><strong>veteri</strong></span> <span class='ocrx_word' id='word_1_743' title='bbox 3635 3059 3730 3117; x_wconf 69' lang='lat' dir='ltr'><strong>c9-</strong></span> 
     </span>
    </p>
   </div>
   <div class='ocr_carea' id='block_1_101' title="bbox 2139 3113 3726 3190">
    <p class='ocr_par' dir='ltr' id='par_1_101' title="bbox 2139 3113 3726 3190">
     <span class='ocr_line' id='line_1_101' title="bbox 2139 3113 3726 3190; baseline -0.004 -14"><span class='ocrx_word' id='word_1_744' title='bbox 2139 3122 2260 3178; x_wconf 88' lang='lat' dir='ltr'><strong>dice</strong></span> <span class='ocrx_word' id='word_1_745' title='bbox 2305 3121 2644 3190; x_wconf 81' lang='lat' dir='ltr'><strong>Benigniano</strong></span> <span class='ocrx_word' id='word_1_746' title='bbox 2694 3119 2878 3173; x_wconf 89' lang='lat' dir='ltr'><strong>haberi</strong></span> <span class='ocrx_word' id='word_1_747' title='bbox 2933 3119 2999 3172; x_wconf 89' lang='lat' dir='ltr'><strong>ad</strong></span> <span class='ocrx_word' id='word_1_748' title='bbox 3047 3113 3344 3190; x_wconf 76' lang='lat' dir='ltr'><strong>marginem</strong></span> <span class='ocrx_word' id='word_1_749' title='bbox 3387 3113 3726 3190; x_wconf 62' lang='lat' dir='ltr'><strong>epistoleiii</strong></span> 
     </span>
    </p>
   </div>
   <div class='ocr_carea' id='block_1_102' title="bbox 2138 3185 3730 3262">
    <p class='ocr_par' dir='ltr' id='par_1_102' title="bbox 2138 3185 3730 3262">
     <span class='ocr_line' id='line_1_102' title="bbox 2138 3185 3730 3262; baseline -0.005 -14"><span class='ocrx_word' id='word_1_750' title='bbox 2138 3185 2467 3248; x_wconf 44' lang='lat' dir='ltr'><strong>annotattll‘:</strong></span> <span class='ocrx_word' id='word_1_751' title='bbox 2497 3191 2633 3260; x_wconf 88' lang='lat' dir='ltr'><strong>Quid</strong></span> <span class='ocrx_word' id='word_1_752' title='bbox 2675 3205 2826 3262; x_wconf 14' lang='lat' dir='ltr'><strong>vero,</strong></span> <span class='ocrx_word' id='word_1_753' title='bbox 2851 3185 3228 3262; x_wconf 80' lang='lat' dir='ltr'><strong>Symmachus,</strong></span> <span class='ocrx_word' id='word_1_754' title='bbox 3265 3189 3316 3262; x_wconf 83' lang='lat' dir='ltr'><strong>in</strong></span> <span class='ocrx_word' id='word_1_755' title='bbox 3355 3187 3590 3262; x_wconf 81' lang='lat' dir='ltr'><strong>epistola</strong></span> <span class='ocrx_word' id='word_1_756' title='bbox 3635 3185 3730 3247; x_wconf 66' lang='lat'><strong>49.</strong></span> 
     </span>
    </p>
   </div>
   <div class='ocr_carea' id='block_1_103' title="bbox 2136 3258 3730 3333">
    <p class='ocr_par' dir='ltr' id='par_1_103' title="bbox 2136 3258 3730 3333">
     <span class='ocr_line' id='line_1_103' title="bbox 2136 3258 3730 3333; baseline -0.004 -15"><span class='ocrx_word' id='word_1_757' title='bbox 2136 3265 2203 3318; x_wconf 92' lang='lat' dir='ltr'><strong>ad</strong></span> <span class='ocrx_word' id='word_1_758' title='bbox 2236 3258 2551 3333; x_wconf 84' lang='lat' dir='ltr'><strong>Eutropium</strong></span> <span class='ocrx_word' id='word_1_759' title='bbox 2593 3262 2698 3316; x_wconf 88' lang='lat' dir='ltr'><strong>sibi</strong></span> <span class='ocrx_word' id='word_1_760' title='bbox 2726 3261 2857 3316; x_wconf 89' lang='lat' dir='ltr'><strong>velit</strong></span> <span class='ocrx_word' id='word_1_761' title='bbox 2886 3258 2971 3316; x_wconf 81' lang='lat' dir='ltr'><strong>his</strong></span> <span class='ocrx_word' id='word_1_762' title='bbox 3021 3261 3222 3333; x_wconf 80' lang='lat' dir='ltr'><strong>verbis,</strong></span> <span class='ocrx_word' id='word_1_763' title='bbox 3253 3259 3320 3314; x_wconf 89' lang='lat' dir='ltr'><strong>In</strong></span> <span class='ocrx_word' id='word_1_764' title='bbox 3366 3258 3580 3333; x_wconf 76' lang='lat' dir='ltr'><strong>graridu</strong></span> <span class='ocrx_word' id='word_1_765' title='bbox 3625 3273 3730 3333; x_wconf 79' lang='lat' dir='ltr'><strong>non</strong></span> 
     </span>
    </p>
   </div>
   <div class='ocr_carea' id='block_1_104' title="bbox 2138 3328 3731 3406">
    <p class='ocr_par' dir='ltr' id='par_1_104' title="bbox 2138 3328 3731 3406">
     <span class='ocr_line' id='line_1_104' title="bbox 2138 3328 3731 3406; baseline -0.004 -18"><span class='ocrx_word' id='word_1_766' title='bbox 2138 3336 2298 3390; x_wconf 84' lang='lat' dir='ltr'><strong>habeo</strong></span> <span class='ocrx_word' id='word_1_767' title='bbox 2321 3328 2461 3406; x_wconf 84' lang='lat' dir='ltr'><strong>quod</strong></span> <span class='ocrx_word' id='word_1_768' title='bbox 2487 3335 2730 3388; x_wconf 76' lang='lat' dir='ltr'><strong>amicitiw</strong></span> <span class='ocrx_word' id='word_1_769' title='bbox 2760 3349 2883 3406; x_wconf 69' lang='lat' dir='ltr'><strong>mea:</strong></span> <span class='ocrx_word' id='word_1_770' title='bbox 2906 3328 3378 3406; x_wconf 69' lang='lat' dir='ltr'><strong>uirosedecumatte</strong></span> <span class='ocrx_word' id='word_1_771' title='bbox 3395 3332 3611 3406; x_wconf 68' lang='lat' dir='ltr'><strong>uirtutis</strong></span> <span class='ocrx_word' id='word_1_772' title='bbox 3628 3328 3731 3383; x_wconf 86' lang='lat' dir='ltr'><strong>ad-</strong></span> 
     </span>
    </p>
   </div>
   <div class='ocr_carea' id='block_1_105' title="bbox 2129 3401 3735 3480">
    <p class='ocr_par' dir='ltr' id='par_1_105' title="bbox 2129 3401 3735 3480">
     <span class='ocr_line' id='line_1_105' title="bbox 2129 3401 3735 3480; baseline -0.003 -20"><span class='ocrx_word' id='word_1_773' title='bbox 2129 3401 2344 3480; x_wconf 68' lang='lat' dir='ltr'><strong>juugis,</strong></span> <span class='ocrx_word' id='word_1_774' title='bbox 2362 3411 2576 3480; x_wconf 87' lang='lat' dir='ltr'><strong>planius</strong></span> <span class='ocrx_word' id='word_1_775' title='bbox 2599 3404 2876 3480; x_wconf 69' lang='lat' dir='ltr'><strong>eloquitur</strong></span> <span class='ocrx_word' id='word_1_776' title='bbox 2901 3405 2951 3457; x_wconf 92' lang='lat' dir='ltr'><strong>in</strong></span> <span class='ocrx_word' id='word_1_777' title='bbox 2974 3403 3204 3480; x_wconf 76' lang='lat' dir='ltr'><strong>epistola</strong></span> <span class='ocrx_word' id='word_1_778' title='bbox 3230 3403 3321 3480; x_wconf 71' lang='grc'><strong>51,</strong></span> <span class='ocrx_word' id='word_1_779' title='bbox 3351 3404 3418 3455; x_wconf 88' lang='lat' dir='ltr'><strong>ad</strong></span> <span class='ocrx_word' id='word_1_780' title='bbox 3447 3401 3735 3480; x_wconf 65' lang='lat' dir='ltr'><strong>eumdem,</strong></span> 
     </span>
    </p>
   </div>
   <div class='ocr_carea' id='block_1_106' title="bbox 2137 3471 3737 3548">
    <p class='ocr_par' dir='ltr' id='par_1_106' title="bbox 2137 3471 3737 3548">
     <span class='ocr_line' id='line_1_106' title="bbox 2137 3471 3737 3548; baseline -0.001 -20"><span class='ocrx_word' id='word_1_781' title='bbox 2137 3471 2297 3546; x_wconf 62' lang='lat' dir='ltr'><strong>quain</strong></span> <span class='ocrx_word' id='word_1_782' title='bbox 2321 3471 2407 3532; x_wconf 68' lang='lat' dir='ltr'><strong>sic</strong></span> <span class='ocrx_word' id='word_1_783' title='bbox 2439 3471 2726 3532; x_wconf 80' lang='lat' dir='ltr'><strong>exorditur</strong></span> <span class='ocrx_word' id='word_1_784' title='bbox 2745 3492 2768 3548; x_wconf 10' lang='lat'><strong>7:</strong></span> <span class='ocrx_word' id='word_1_785' title='bbox 2803 3475 2914 3548; x_wconf 81' lang='lat' dir='ltr'><strong>Ago</strong></span> <span class='ocrx_word' id='word_1_786' title='bbox 2939 3471 3144 3548; x_wconf 76' lang='lat' dir='ltr'><strong>quidem</strong></span> <span class='ocrx_word' id='word_1_787' title='bbox 3181 3475 3353 3528; x_wconf 86' lang='lat' dir='ltr'><strong>studio</strong></span> <span class='ocrx_word' id='word_1_788' title='bbox 3384 3489 3497 3548; x_wconf 82' lang='lat' dir='ltr'><strong>meo</strong></span> <span class='ocrx_word' id='word_1_789' title='bbox 3526 3471 3592 3544; x_wconf 81' lang='lat' dir='ltr'><strong>(f.</strong></span> <span class='ocrx_word' id='word_1_790' title='bbox 3622 3472 3737 3548; x_wconf 70' lang='lat' dir='ltr'><strong>tuo)</strong></span> 
     </span>
    </p>
   </div>
   <div class='ocr_carea' id='block_1_107' title="bbox 2139 3545 3738 3628">
    <p class='ocr_par' dir='ltr' id='par_1_107' title="bbox 2139 3545 3738 3628">
     <span class='ocr_line' id='line_1_107' title="bbox 2139 3545 3738 3628; baseline -0.003 -26"><span class='ocrx_word' id='word_1_791' title='bbox 2139 3545 2320 3628; x_wconf 75' lang='lat' dir='ltr'><strong>uberes</strong></span> <span class='ocrx_word' id='word_1_792' title='bbox 2364 3550 2590 3628; x_wconf 76' lang='lat' dir='ltr'><strong>gratius_,_</strong></span> <span class='ocrx_word' id='word_1_793' title='bbox 2613 3545 2915 3628; x_wconf 49' lang='lat' dir='ltr'><strong>quod‘milti</strong></span> <span class='ocrx_word' id='word_1_794' title='bbox 2937 3545 3347 3628; x_wconf 67' lang='lat' dir='ltr'><strong>familiaritatem</strong></span> <span class='ocrx_word' id='word_1_795' title='bbox 3377 3545 3738 3628; x_wconf 63' lang='lat' dir='ltr'><strong>probatissimi</strong></span> 
     </span>
    </p>
   </div>
   <div class='ocr_carea' id='block_1_108' title="bbox 2137 3615 3739 3690">
    <p class='ocr_par' dir='ltr' id='par_1_108' title="bbox 2137 3615 3739 3690">
     <span class='ocr_line' id='line_1_108' title="bbox 2137 3615 3739 3690; baseline -0.001 -18"><span class='ocrx_word' id='word_1_796' title='bbox 2137 3615 2388 3690; x_wconf 73' lang='lat' dir='ltr'><strong>cujusque</strong></span> <span class='ocrx_word' id='word_1_797' title='bbox 2425 3615 2690 3675; x_wconf 75' lang='lat' dir='ltr'><strong>concilias.</strong></span> <span class='ocrx_word' id='word_1_798' title='bbox 2735 3617 2888 3690; x_wconf 84' lang='lat' dir='ltr'><strong>Unde</strong></span> <span class='ocrx_word' id='word_1_799' title='bbox 2934 3615 3183 3690; x_wconf 68' lang='lat' dir='ltr'><strong>apertum</strong></span> <span class='ocrx_word' id='word_1_800' title='bbox 3227 3630 3328 3682; x_wconf 87' lang='lat' dir='ltr'><strong>est,</strong></span> <span class='ocrx_word' id='word_1_801' title='bbox 3375 3615 3427 3671; x_wconf 88' lang='lat' dir='ltr'><strong>id</strong></span> <span class='ocrx_word' id='word_1_802' title='bbox 3475 3615 3579 3685; x_wconf 88' lang='lat' dir='ltr'><strong>ipsi</strong></span> <span class='ocrx_word' id='word_1_803' title='bbox 3609 3630 3739 3690; x_wconf 67' lang='lat' dir='ltr'><strong>esse</strong></span> 
     </span>
    </p>
   </div>
   <div class='ocr_carea' id='block_1_109' title="bbox 2137 3687 3734 3757">
    <p class='ocr_par' dir='ltr' id='par_1_109' title="bbox 2137 3687 3734 3757">
     <span class='ocr_line' id='line_1_109' title="bbox 2137 3687 3734 3757; baseline -0.003 -11"><span class='ocrx_word' id='word_1_804' title='bbox 2137 3687 2508 3753; x_wconf 73' lang='lat' dir='ltr'><strong>edecuittalum,</strong></span> <span class='ocrx_word' id='word_1_805' title='bbox 2539 3690 2683 3757; x_wconf 71' lang='lat' dir='ltr'><strong>uttod</strong></span> <span class='ocrx_word' id='word_1_806' title='bbox 2741 3687 3182 3755; x_wconf 81' lang='lat' dir='ltr'><strong>probatissimum.</strong></span> <span class='ocrx_word' id='word_1_807' title='bbox 3219 3690 3452 3743; x_wconf 81' lang='lat' dir='ltr'><strong>maxime</strong></span> <span class='ocrx_word' id='word_1_808' title='bbox 3496 3703 3621 3742; x_wconf 88' lang='lat' dir='ltr'><strong>cum</strong></span> <span class='ocrx_word' id='word_1_809' title='bbox 3678 3687 3734 3741; x_wconf 86' lang='lat' dir='ltr'><strong>in</strong></span> 
     </span>
    </p>
   </div>
   <div class='ocr_carea' id='block_1_110' title="bbox 2137 3759 3734 3831">
    <p class='ocr_par' dir='ltr' id='par_1_110' title="bbox 2137 3759 3734 3831">
     <span class='ocr_line' id='line_1_110' title="bbox 2137 3759 3734 3831; baseline -0.004 -15"><span class='ocrx_word' id='word_1_810' title='bbox 2137 3764 2325 3818; x_wconf 86' lang='lat' dir='ltr'><strong>eadem</strong></span> <span class='ocrx_word' id='word_1_811' title='bbox 2349 3763 2579 3831; x_wconf 87' lang='lat' dir='ltr'><strong>epistola</strong></span> <span class='ocrx_word' id='word_1_812' title='bbox 2601 3761 2665 3816; x_wconf 86' lang='grc'><strong>51</strong></span> <span class='ocrx_word' id='word_1_813' title='bbox 2699 3759 2925 3831; x_wconf 85' lang='lat' dir='ltr'><strong>inferius</strong></span> <span class='ocrx_word' id='word_1_814' title='bbox 2953 3760 3272 3825; x_wconf 84' lang='lat' dir='ltr'><strong>Eutropium</strong></span> <span class='ocrx_word' id='word_1_815' title='bbox 3295 3769 3469 3828; x_wconf 84' lang='lat' dir='ltr'><strong>roget,</strong></span> <span class='ocrx_word' id='word_1_816' title='bbox 3488 3773 3543 3831; x_wconf 85' lang='lat' dir='ltr'><strong>ut</strong></span> <span class='ocrx_word' id='word_1_817' title='bbox 3570 3774 3734 3811; x_wconf 79' lang='lat' dir='ltr'><strong>unum</strong></span> 
     </span>
    </p>
   </div>
   <div class='ocr_carea' id='block_1_111' title="bbox 2137 3830 3728 3904">
    <p class='ocr_par' dir='ltr' id='par_1_111' title="bbox 2137 3830 3728 3904">
     <span class='ocr_line' id='line_1_111' title="bbox 2137 3830 3728 3904; baseline -0.004 -16"><span class='ocrx_word' id='word_1_818' title='bbox 2137 3843 2225 3888; x_wconf 87' lang='lat' dir='ltr'><strong>aut</strong></span> <span class='ocrx_word' id='word_1_819' title='bbox 2254 3830 2476 3889; x_wconf 83' lang='lat' dir='ltr'><strong>alterum</strong></span> <span class='ocrx_word' id='word_1_820' title='bbox 2519 3847 2660 3900; x_wconf 75' lang='lat' dir='ltr'><strong>teque</strong></span> <span class='ocrx_word' id='word_1_821' title='bbox 2705 3830 2987 3885; x_wconf 72' lang='lat' dir='ltr'><strong>decumana</strong></span> <span class='ocrx_word' id='word_1_822' title='bbox 3016 3831 3226 3904; x_wconf 70' lang='lat' dir='ltr'><strong>(verius</strong></span> <span class='ocrx_word' id='word_1_823' title='bbox 3261 3832 3313 3904; x_wconf 75' lang='lat' dir='ltr'><strong>in</strong></span> <span class='ocrx_word' id='word_1_824' title='bbox 3357 3846 3462 3904; x_wconf 68' lang='lat' dir='ltr'><strong>ms.</strong></span> <span class='ocrx_word' id='word_1_825' title='bbox 3501 3830 3728 3904; x_wconf 66' lang='lat' dir='ltr'><strong>Benign.</strong></span> 
     </span>
    </p>
   </div>
   <div class='ocr_carea' id='block_1_112' title="bbox 2136 3901 3734 3977">
    <p class='ocr_par' dir='ltr' id='par_1_112' title="bbox 2136 3901 3734 3977">
     <span class='ocr_line' id='line_1_112' title="bbox 2136 3901 3734 3977; baseline -0.003 -17"><span class='ocrx_word' id='word_1_826' title='bbox 2136 3904 2472 3977; x_wconf 71' lang='lat' dir='ltr'><strong>edecumatre)</strong></span> <span class='ocrx_word' id='word_1_827' title='bbox 2503 3904 2783 3958; x_wconf 85' lang='lat' dir='ltr'><strong>honestatis</strong></span> <span class='ocrx_word' id='word_1_828' title='bbox 2805 3905 2907 3977; x_wconf 87' lang='lat' dir='ltr'><strong>sibi</strong></span> <span class='ocrx_word' id='word_1_829' title='bbox 2951 3901 3212 3977; x_wconf 78' lang='lat' dir='ltr'><strong>inveniat.</strong></span> <span class='ocrx_word' id='word_1_830' title='bbox 3267 3902 3420 3977; x_wconf 82' lang='lat' dir='ltr'><strong>llnnc</strong></span> <span class='ocrx_word' id='word_1_831' title='bbox 3451 3901 3734 3977; x_wconf 38' lang='grc' dir='ltr'><strong>ἰδίων-ξί-</strong></span> 
     </span>
    </p>
   </div>
   <div class='ocr_carea' id='block_1_113' title="bbox 2138 3972 3735 4047">
    <p class='ocr_par' dir='ltr' id='par_1_113' title="bbox 2138 3972 3735 4047">
     <span class='ocr_line' id='line_1_113' title="bbox 2138 3972 3735 4047; baseline -0.004 -17"><span class='ocrx_word' id='word_1_832' title='bbox 2138 3977 2303 4033; x_wconf 86' lang='lat' dir='ltr'><strong>ricins</strong></span> <span class='ocrx_word' id='word_1_833' title='bbox 2345 3972 2653 4047; x_wconf 82' lang='lat' dir='ltr'><strong>eligendum</strong></span> <span class='ocrx_word' id='word_1_834' title='bbox 2686 3989 2808 4047; x_wconf 86' lang='lat' dir='ltr'><strong>esse</strong></span> <span class='ocrx_word' id='word_1_835' title='bbox 2848 3975 3034 4047; x_wconf 69' lang='lat' dir='ltr'><strong>docet,</strong></span> <span class='ocrx_word' id='word_1_836' title='bbox 3062 3975 3153 4045; x_wconf 85' lang='lat' dir='ltr'><strong>qui</strong></span> <span class='ocrx_word' id='word_1_837' title='bbox 3183 3973 3401 4047; x_wconf 66' lang='lat' dir='ltr'><strong>caeteris</strong></span> <span class='ocrx_word' id='word_1_838' title='bbox 3441 3972 3735 4047; x_wconf 61' lang='lat' dir='ltr'><strong>praecellit,</strong></span> 
     </span>
    </p>
   </div>
   <div class='ocr_carea' id='block_1_114' title="bbox 2139 4045 3738 4119">
    <p class='ocr_par' dir='ltr' id='par_1_114' title="bbox 2139 4045 3738 4119">
     <span class='ocr_line' id='line_1_114' title="bbox 2139 4045 3738 4119; baseline -0.004 -17"><span class='ocrx_word' id='word_1_839' title='bbox 2139 4050 2242 4102; x_wconf 88' lang='lat' dir='ltr'><strong>hoc</strong></span> <span class='ocrx_word' id='word_1_840' title='bbox 2269 4063 2346 4104; x_wconf 70' lang='grc' dir='ltr'><strong>(εει</strong></span> <span class='ocrx_word' id='word_1_841' title='bbox 2376 4045 2441 4104; x_wconf 57' lang='lat' dir='ltr'><strong>ut</strong></span> <span class='ocrx_word' id='word_1_842' title='bbox 2462 4063 2584 4102; x_wconf 87' lang='lat' dir='ltr'><strong>cum</strong></span> <span class='ocrx_word' id='word_1_843' title='bbox 2614 4045 2822 4119; x_wconf 82' lang='lat' dir='ltr'><strong>synodo</strong></span> <span class='ocrx_word' id='word_1_844' title='bbox 2847 4045 3089 4119; x_wconf 80' lang='lat' dir='ltr'><strong>Romana</strong></span> <span class='ocrx_word' id='word_1_845' title='bbox 3128 4049 3285 4119; x_wconf 83' lang='lat' dir='ltr'><strong>epist.</strong></span> <span class='ocrx_word' id='word_1_846' title='bbox 3322 4045 3495 4119; x_wconf 26' lang='lat' dir='ltr'><strong>iOsn.</strong></span> <span class='ocrx_word' id='word_1_847' title='bbox 3531 4045 3738 4119; x_wconf 79' lang='lat' dir='ltr'><strong>_1_8,_lo-</strong></span> 
     </span>
    </p>
   </div>
   <div class='ocr_carea' id='block_1_115' title="bbox 2136 4115 3738 4189">
    <p class='ocr_par' dir='ltr' id='par_1_115' title="bbox 2136 4115 3738 4189">
     <span class='ocr_line' id='line_1_115' title="bbox 2136 4115 3738 4189; baseline -0.001 -18"><span class='ocrx_word' id='word_1_848' title='bbox 2136 4122 2340 4189; x_wconf 89' lang='lat' dir='ltr'><strong>quitur,</strong></span> <span class='ocrx_word' id='word_1_849' title='bbox 2373 4115 2773 4187; x_wconf 77' lang='lat' dir='ltr'><strong>dignissimum,</strong></span> <span class='ocrx_word' id='word_1_850' title='bbox 2821 4118 3068 4189; x_wconf 80' lang='lat' dir='ltr'><strong>adeoque</strong></span> <span class='ocrx_word' id='word_1_851' title='bbox 3119 4115 3366 4189; x_wconf 72' lang='lat' dir='ltr'><strong>przeiisse</strong></span> <span class='ocrx_word' id='word_1_852' title='bbox 3416 4115 3738 4185; x_wconf 70' lang='lat' dir='ltr'><strong>intelligitur</strong></span> 
     </span>
    </p>
   </div>
   <div class='ocr_carea' id='block_1_116' title="bbox 2138 4188 3780 4260">
    <p class='ocr_par' dir='ltr' id='par_1_116' title="bbox 2138 4188 3780 4260">
     <span class='ocr_line' id='line_1_116' title="bbox 2138 4188 3780 4260; baseline -0.004 -16"><span class='ocrx_word' id='word_1_853' title='bbox 2138 4188 2250 4246; x_wconf 90' lang='lat' dir='ltr'><strong>tum</strong></span> <span class='ocrx_word' id='word_1_854' title='bbox 2295 4193 2460 4247; x_wconf 84' lang='lat' dir='ltr'><strong>LeOni</strong></span> <span class='ocrx_word' id='word_1_855' title='bbox 2495 4193 2658 4260; x_wconf 87' lang='lat' dir='ltr'><strong>epist.</strong></span> <span class='ocrx_word' id='word_1_856' title='bbox 2715 4189 2800 4254; x_wconf 69' lang='lat'><strong>12,</strong></span> <span class='ocrx_word' id='word_1_857' title='bbox 2837 4203 2955 4257; x_wconf 79' lang='lat' dir='ltr'><strong>cap.</strong></span> <span class='ocrx_word' id='word_1_858' title='bbox 2991 4188 3047 4255; x_wconf 85' lang='lat'><strong>6,</strong></span> <span class='ocrx_word' id='word_1_859' title='bbox 3077 4191 3164 4243; x_wconf 89' lang='lat' dir='ltr'><strong>ubi</strong></span> <span class='ocrx_word' id='word_1_860' title='bbox 3210 4188 3433 4260; x_wconf 25' lang='lat' dir='ltr'><strong>isﬁpapa</strong></span> <span class='ocrx_word' id='word_1_861' title='bbox 3483 4189 3737 4260; x_wconf 79' lang='lat' dir='ltr'><strong>optimum</strong></span> <span class='ocrx_word' id='word_1_862' title='bbox 3777 4221 3780 4223; x_wconf 50' lang='grc' dir='ltr'>λ</span> 
     </span>
    </p>
   </div>
   <div class='ocr_carea' id='block_1_117' title="bbox 2138 4258 3736 4332">
    <p class='ocr_par' dir='ltr' id='par_1_117' title="bbox 2138 4258 3736 4332">
     <span class='ocr_line' id='line_1_117' title="bbox 2138 4258 3736 4332; baseline -0.002 -17"><span class='ocrx_word' id='word_1_863' title='bbox 2138 4258 2569 4332; x_wconf 81' lang='lat' dir='ltr'><strong>promovendnm</strong></span> <span class='ocrx_word' id='word_1_864' title='bbox 2611 4275 2734 4316; x_wconf 91' lang='lat' dir='ltr'><strong>esse</strong></span> <span class='ocrx_word' id='word_1_865' title='bbox 2762 4263 3066 4332; x_wconf 83' lang='lat' dir='ltr'><strong>constituit,</strong></span> <span class='ocrx_word' id='word_1_866' title='bbox 3095 4270 3208 4314; x_wconf 93' lang='lat' dir='ltr'><strong>tnm</strong></span> <span class='ocrx_word' id='word_1_867' title='bbox 3265 4258 3600 4332; x_wconf 71' lang='lat' dir='ltr'><strong>Tridentinaa</strong></span> <span class='ocrx_word' id='word_1_868' title='bbox 3642 4273 3736 4330; x_wconf 82' lang='lat' dir='ltr'><strong>sy-</strong></span> 
     </span>
    </p>
   </div>
   <div class='ocr_carea' id='block_1_118' title="bbox 2139 4330 3736 4400">
    <p class='ocr_par' dir='ltr' id='par_1_118' title="bbox 2139 4330 3736 4400">
     <span class='ocr_line' id='line_1_118' title="bbox 2139 4330 3736 4400; baseline -0.002 -13"><span class='ocrx_word' id='word_1_869' title='bbox 2139 4330 2282 4388; x_wconf 85' lang='lat' dir='ltr'><strong>nodo</strong></span> <span class='ocrx_word' id='word_1_870' title='bbox 2309 4351 2447 4390; x_wconf 88' lang='lat' dir='ltr'><strong>sess.</strong></span> <span class='ocrx_word' id='word_1_871' title='bbox 2478 4334 2571 4397; x_wconf 69' lang='lat'><strong>24,</strong></span> <span class='ocrx_word' id='word_1_872' title='bbox 2605 4348 2653 4386; x_wconf 92' lang='lat' dir='ltr'><strong>c.</strong></span> <span class='ocrx_word' id='word_1_873' title='bbox 2683 4333 2771 4396; x_wconf 85' lang='grc'><strong>18,</strong></span> <span class='ocrx_word' id='word_1_874' title='bbox 2802 4331 2954 4400; x_wconf 88' lang='lat' dir='ltr'><strong>cujus</strong></span> <span class='ocrx_word' id='word_1_875' title='bbox 2980 4331 3208 4386; x_wconf 77' lang='lat' dir='ltr'><strong>decreto</strong></span> <span class='ocrx_word' id='word_1_876' title='bbox 3235 4331 3279 4385; x_wconf 90' lang='lat' dir='ltr'><strong>is</strong></span> <span class='ocrx_word' id='word_1_877' title='bbox 3304 4330 3619 4398; x_wconf 74' lang='lat' dir='ltr'><strong>pra-cipitnr</strong></span> <span class='ocrx_word' id='word_1_878' title='bbox 3637 4332 3736 4384; x_wconf 87' lang='lat' dir='ltr'><strong>eli-</strong></span> 
     </span>
    </p>
   </div>
   <div class='ocr_carea' id='block_1_119' title="bbox 2063 4401 3738 4478">
    <p class='ocr_par' dir='ltr' id='par_1_119' title="bbox 2063 4401 3738 4478">
     <span class='ocr_line' id='line_1_119' title="bbox 2063 4401 3738 4478; baseline -0.004 -17"><span class='ocrx_word' id='word_1_879' title='bbox 2063 4407 2120 4468; x_wconf 89' lang='lat' dir='ltr'><strong>D</strong></span> <span class='ocrx_word' id='word_1_880' title='bbox 2143 4407 2374 4478; x_wconf 78' lang='lat' dir='ltr'><strong>gendus,</strong></span> <span class='ocrx_word' id='word_1_881' title='bbox 2397 4407 2486 4478; x_wconf 84' lang='lat' dir='ltr'><strong>qui</strong></span> <span class='ocrx_word' id='word_1_882' title='bbox 2516 4404 2721 4478; x_wconf 80' lang='lat' dir='ltr'><strong>dignior</strong></span> <span class='ocrx_word' id='word_1_883' title='bbox 2745 4404 2879 4478; x_wconf 84' lang='lat' dir='ltr'><strong>inter</strong></span> <span class='ocrx_word' id='word_1_884' title='bbox 2909 4402 3148 4478; x_wconf 83' lang='lat' dir='ltr'><strong>probatos</strong></span> <span class='ocrx_word' id='word_1_885' title='bbox 3188 4401 3252 4455; x_wconf 89' lang='lat' dir='ltr'><strong>ab</strong></span> <span class='ocrx_word' id='word_1_886' title='bbox 3299 4401 3738 4478; x_wconf 64' lang='lat' dir='ltr'><strong>examinator-ibus</strong></span> 
     </span>
    </p>
   </div>
   <div class='ocr_carea' id='block_1_120' title="bbox 2142 4471 3736 4546">
    <p class='ocr_par' dir='ltr' id='par_1_120' title="bbox 2142 4471 3736 4546">
     <span class='ocr_line' id='line_1_120' title="bbox 2142 4471 3736 4546; baseline -0.002 -16"><span class='ocrx_word' id='word_1_887' title='bbox 2142 4471 2324 4532; x_wconf 72' lang='lat' dir='ltr'><strong>fuerit.</strong></span> <span class='ocrx_word' id='word_1_888' title='bbox 2368 4471 2630 4546; x_wconf 72' lang='lat' dir='ltr'><strong>Quocirca</strong></span> <span class='ocrx_word' id='word_1_889' title='bbox 2681 4477 2903 4530; x_wconf 90' lang='lat' dir='ltr'><strong>verbum</strong></span> <span class='ocrx_word' id='word_1_890' title='bbox 2933 4471 3259 4535; x_wconf 83' lang='lat' dir='ltr'><strong>edecumare,</strong></span> <span class='ocrx_word' id='word_1_891' title='bbox 3288 4473 3736 4546; x_wconf 81' lang='lat' dir='ltr'><strong>confundendum</strong></span> 
     </span>
    </p>
   </div>
   <div class='ocr_carea' id='block_1_121' title="bbox 2140 4544 3738 4613">
    <p class='ocr_par' dir='ltr' id='par_1_121' title="bbox 2140 4544 3738 4613">
     <span class='ocr_line' id='line_1_121' title="bbox 2140 4544 3738 4613; baseline -0.003 -11"><span class='ocrx_word' id='word_1_892' title='bbox 2140 4563 2248 4602; x_wconf 92' lang='lat' dir='ltr'><strong>non</strong></span> <span class='ocrx_word' id='word_1_893' title='bbox 2294 4544 2542 4603; x_wconf 22' lang='lat' dir='ltr'><strong>est‘cttm</strong></span> <span class='ocrx_word' id='word_1_894' title='bbox 2591 4545 2861 4600; x_wconf 85' lang='lat' dir='ltr'><strong>decumare</strong></span> <span class='ocrx_word' id='word_1_895' title='bbox 2888 4560 2987 4600; x_wconf 78' lang='lat' dir='ltr'><strong>seu</strong></span> <span class='ocrx_word' id='word_1_896' title='bbox 3031 4545 3309 4608; x_wconf 72' lang='lat' dir='ltr'><strong>decimare,</strong></span> <span class='ocrx_word' id='word_1_897' title='bbox 3340 4561 3449 4613; x_wconf 88' lang='lat' dir='ltr'><strong>quo</strong></span> <span class='ocrx_word' id='word_1_898' title='bbox 3490 4544 3738 4600; x_wconf 82' lang='lat' dir='ltr'><strong>decimus</strong></span> 
     </span>
    </p>
   </div>
   <div class='ocr_carea' id='block_1_122' title="bbox 2136 4615 3561 4691">
    <p class='ocr_par' dir='ltr' id='par_1_122' title="bbox 2136 4615 3561 4691">
     <span class='ocr_line' id='line_1_122' title="bbox 2136 4615 3561 4691; baseline -0.002 -19"><span class='ocrx_word' id='word_1_899' title='bbox 2136 4622 2386 4691; x_wconf 89' lang='lat' dir='ltr'><strong>quisque,</strong></span> <span class='ocrx_word' id='word_1_900' title='bbox 2417 4627 2578 4690; x_wconf 91' lang='lat' dir='ltr'><strong>prout</strong></span> <span class='ocrx_word' id='word_1_901' title='bbox 2606 4617 2911 4687; x_wconf 87' lang='lat' dir='ltr'><strong>contigerit.</strong></span> <span class='ocrx_word' id='word_1_902' title='bbox 2949 4616 3202 4685; x_wconf 85' lang='lat' dir='ltr'><strong>usurpari</strong></span> <span class='ocrx_word' id='word_1_903' title='bbox 3224 4615 3561 4686; x_wconf 89' lang='lat' dir='ltr'><strong>intelligitur.</strong></span> 
     </span>
    </p>
   </div>
   <div class='ocr_carea' id='block_1_123' title="bbox 2211 4707 3739 4774">
    <p class='ocr_par' dir='ltr' id='par_1_123' title="bbox 2211 4707 3739 4774">
     <span class='ocr_line' id='line_1_123' title="bbox 2211 4707 3739 4774; baseline -0.002 -9"><span class='ocrx_word' id='word_1_904' title='bbox 2211 4723 2232 4750; x_wconf 75' lang='grc' dir='ltr'><strong><em>ο</em></strong></span> <span class='ocrx_word' id='word_1_905' title='bbox 2268 4711 2522 4768; x_wconf 73' lang='lat' dir='ltr'><strong>Isidorus.</strong></span> <span class='ocrx_word' id='word_1_906' title='bbox 2557 4721 2613 4766; x_wconf 91' lang='lat' dir='ltr'><strong>et</strong></span> <span class='ocrx_word' id='word_1_907' title='bbox 2660 4725 2726 4765; x_wconf 90' lang='lat' dir='ltr'><strong>ex</strong></span> <span class='ocrx_word' id='word_1_908' title='bbox 2753 4724 2820 4764; x_wconf 90' lang='lat' dir='ltr'><strong>eo</strong></span> <span class='ocrx_word' id='word_1_909' title='bbox 2842 4707 2979 4764; x_wconf 89' lang='lat' dir='ltr'><strong>edit.</strong></span> <span class='ocrx_word' id='word_1_910' title='bbox 3027 4707 3185 4764; x_wconf 82' lang='lat' dir='ltr'><strong>Rom.</strong></span> <span class='ocrx_word' id='word_1_911' title='bbox 3231 4718 3284 4764; x_wconf 90' lang='lat' dir='ltr'><strong>et</strong></span> <span class='ocrx_word' id='word_1_912' title='bbox 3312 4709 3547 4774; x_wconf 80' lang='lat' dir='ltr'><strong>concil.,</strong></span> <span class='ocrx_word' id='word_1_913' title='bbox 3599 4707 3739 4765; x_wconf 84' lang='lat' dir='ltr'><strong>Sunt</strong></span> 
     </span>
    </p>
   </div>
   <div class='ocr_carea' id='block_1_124' title="bbox 2135 4779 3737 4855">
    <p class='ocr_par' dir='ltr' id='par_1_124' title="bbox 2135 4779 3737 4855">
     <span class='ocr_line' id='line_1_124' title="bbox 2135 4779 3737 4855; baseline -0.001 -19"><span class='ocrx_word' id='word_1_914' title='bbox 2135 4783 2302 4855; x_wconf 80' lang='lat' dir='ltr'><strong>digni,</strong></span> <span class='ocrx_word' id='word_1_915' title='bbox 2336 4784 2518 4836; x_wconf 84' lang='lat' dir='ltr'><strong>:ttltlilo</strong></span> <span class='ocrx_word' id='word_1_916' title='bbox 2556 4781 2758 4855; x_wconf 70' lang='lat' dir='ltr'><strong>desito</strong></span> <span class='ocrx_word' id='word_1_917' title='bbox 2791 4779 2969 4853; x_wconf 83' lang='lat' dir='ltr'><strong>digni,</strong></span> <span class='ocrx_word' id='word_1_918' title='bbox 3015 4781 3156 4855; x_wconf 73' lang='lat' dir='ltr'><strong>t_t_t_tod</strong></span> <span class='ocrx_word' id='word_1_919' title='bbox 3210 4781 3410 4855; x_wconf 73' lang='lat' dir='ltr'><strong>rectius</strong></span> <span class='ocrx_word' id='word_1_920' title='bbox 3457 4779 3616 4835; x_wconf 84' lang='lat' dir='ltr'><strong>abest</strong></span> <span class='ocrx_word' id='word_1_921' title='bbox 3667 4780 3737 4855; x_wconf 72' lang='lat' dir='ltr'><strong>ab</strong></span> 
     </span>
    </p>
   </div>
   <div class='ocr_carea' id='block_1_125' title="bbox 2133 4851 3730 4920">
    <p class='ocr_par' dir='ltr' id='par_1_125' title="bbox 2133 4851 3730 4920">
     <span class='ocr_line' id='line_1_125' title="bbox 2133 4851 3730 4920; baseline -0.003 -13"><span class='ocrx_word' id='word_1_922' title='bbox 2133 4851 2502 4909; x_wconf 79' lang='lat' dir='ltr'><strong>anterioribus</strong></span> <span class='ocrx_word' id='word_1_923' title='bbox 2549 4851 2981 4908; x_wconf 76' lang='lat' dir='ltr'><strong>collectionibus.</strong></span> <span class='ocrx_word' id='word_1_924' title='bbox 3016 4851 3152 4908; x_wconf 87' lang='lat' dir='ltr'><strong>Hinc</strong></span> <span class='ocrx_word' id='word_1_925' title='bbox 3183 4851 3556 4916; x_wconf 83' lang='lat' dir='ltr'><strong>conﬁrmatur,</strong></span> <span class='ocrx_word' id='word_1_926' title='bbox 3585 4851 3730 4920; x_wconf 86' lang='lat' dir='ltr'><strong>quod</strong></span> 
     </span>
    </p>
   </div>
   <div class='ocr_carea' id='block_1_126' title="bbox 2135 4923 3730 4990">
    <p class='ocr_par' dir='ltr' id='par_1_126' title="bbox 2135 4923 3730 4990">
     <span class='ocr_line' id='line_1_126' title="bbox 2135 4923 3730 4990; baseline -0.002 -10"><span class='ocrx_word' id='word_1_927' title='bbox 2135 4941 2279 4980; x_wconf 91' lang='lat' dir='ltr'><strong>nntn.</strong></span> <span class='ocrx_word' id='word_1_928' title='bbox 2313 4927 2347 4981; x_wconf 75' lang='grc' dir='ltr'>ὃ</span> <span class='ocrx_word' id='word_1_929' title='bbox 2382 4933 2645 4980; x_wconf 83' lang='lat' dir='ltr'><strong>statutum</strong></span> <span class='ocrx_word' id='word_1_930' title='bbox 2685 4933 2798 4990; x_wconf 90' lang='lat' dir='ltr'><strong>est,</strong></span> <span class='ocrx_word' id='word_1_931' title='bbox 2829 4935 2884 4976; x_wconf 88' lang='lat' dir='ltr'><strong>ut</strong></span> <span class='ocrx_word' id='word_1_932' title='bbox 2933 4925 3186 4978; x_wconf 89' lang='lat' dir='ltr'><strong>nimirum</strong></span> <span class='ocrx_word' id='word_1_933' title='bbox 3228 4923 3545 4978; x_wconf 60' lang='lat' dir='ltr'><strong>diaconatus</strong></span> <span class='ocrx_word' id='word_1_934' title='bbox 3597 4924 3730 4977; x_wconf 86' lang='lat' dir='ltr'><strong>nulli</strong></span> 
     </span>
    </p>
   </div>
   <div class='ocr_carea' id='block_1_127' title="bbox 2134 4995 3732 5066">
    <p class='ocr_par' dir='ltr' id='par_1_127' title="bbox 2134 4995 3732 5066">
     <span class='ocr_line' id='line_1_127' title="bbox 2134 4995 3732 5066; baseline -0.001 -16"><span class='ocrx_word' id='word_1_935' title='bbox 2134 4999 2284 5065; x_wconf 89' lang='lat' dir='ltr'><strong>prius</strong></span> <span class='ocrx_word' id='word_1_936' title='bbox 2333 4996 2663 5059; x_wconf 81' lang='lat' dir='ltr'><strong>conferatur,</strong></span> <span class='ocrx_word' id='word_1_937' title='bbox 2693 5009 2853 5066; x_wconf 84' lang='lat' dir='ltr'><strong>quam</strong></span> <span class='ocrx_word' id='word_1_938' title='bbox 2903 4996 2969 5048; x_wconf 91' lang='lat' dir='ltr'><strong>ad</strong></span> <span class='ocrx_word' id='word_1_939' title='bbox 3023 4996 3356 5066; x_wconf 74' lang='lat' dir='ltr'><strong>trigesimum</strong></span> <span class='ocrx_word' id='word_1_940' title='bbox 3401 4995 3577 5049; x_wconf 83' lang='lat' dir='ltr'><strong>:ctatis</strong></span> <span class='ocrx_word' id='word_1_941' title='bbox 3617 5009 3732 5048; x_wconf 80' lang='lat' dir='ltr'><strong>suze</strong></span> 
     </span>
    </p>
   </div>
   <div class='ocr_carea' id='block_1_128' title="bbox 2133 5066 3731 5136">
    <p class='ocr_par' dir='ltr' id='par_1_128' title="bbox 2133 5066 3731 5136">
     <span class='ocr_line' id='line_1_128' title="bbox 2133 5066 3731 5136; baseline 0 -16"><span class='ocrx_word' id='word_1_942' title='bbox 2133 5082 2333 5122; x_wconf 90' lang='lat' dir='ltr'><strong>annum</strong></span> <span class='ocrx_word' id='word_1_943' title='bbox 2368 5067 2727 5136; x_wconf 86' lang='lat' dir='ltr'><strong>pervenisset.</strong></span> <span class='ocrx_word' id='word_1_944' title='bbox 2755 5066 2850 5120; x_wconf 88' lang='lat' dir='ltr'><strong>Hic</strong></span> <span class='ocrx_word' id='word_1_945' title='bbox 2887 5066 3086 5135; x_wconf 90' lang='lat' dir='ltr'><strong>quippe</strong></span> <span class='ocrx_word' id='word_1_946' title='bbox 3117 5067 3168 5121; x_wconf 88' lang='lat' dir='ltr'><strong>id</strong></span> <span class='ocrx_word' id='word_1_947' title='bbox 3199 5077 3282 5122; x_wconf 91' lang='lat' dir='ltr'><strong>est</strong></span> <span class='ocrx_word' id='word_1_948' title='bbox 3302 5067 3460 5132; x_wconf 83' lang='lat' dir='ltr'><strong>intra,</strong></span> <span class='ocrx_word' id='word_1_949' title='bbox 3486 5067 3627 5133; x_wconf 59' lang='lat' dir='ltr'><strong>quod</strong></span> <span class='ocrx_word' id='word_1_950' title='bbox 3651 5067 3731 5120; x_wconf 86' lang='lat' dir='ltr'><strong>in-</strong></span> 
     </span>
    </p>
   </div>
   <div class='ocr_carea' id='block_1_129' title="bbox 2133 5136 3729 5209">
    <p class='ocr_par' dir='ltr' id='par_1_129' title="bbox 2133 5136 3729 5209">
     <span class='ocr_line' id='line_1_129' title="bbox 2133 5136 3729 5209; baseline 0.001 -16"><span class='ocrx_word' id='word_1_951' title='bbox 2133 5141 2236 5209; x_wconf 81' lang='lat' dir='ltr'><strong>fra.</strong></span> <span class='ocrx_word' id='word_1_952' title='bbox 2285 5138 2468 5205; x_wconf 77' lang='lat' dir='ltr'><strong>Neque</strong></span> <span class='ocrx_word' id='word_1_953' title='bbox 2523 5138 2759 5193; x_wconf 87' lang='lat' dir='ltr'><strong>obscure</strong></span> <span class='ocrx_word' id='word_1_954' title='bbox 2810 5136 3234 5193; x_wconf 81' lang='lat' dir='ltr'><strong>subdiaconatus</strong></span> <span class='ocrx_word' id='word_1_955' title='bbox 3290 5139 3430 5193; x_wconf 89' lang='lat' dir='ltr'><strong>inter</strong></span> <span class='ocrx_word' id='word_1_956' title='bbox 3483 5137 3729 5194; x_wconf 84' lang='lat' dir='ltr'><strong>minores</strong></span> 
     </span>
    </p>
   </div>
   <div class='ocr_carea' id='block_1_130' title="bbox 2133 5210 2788 5265">
    <p class='ocr_par' dir='ltr' id='par_1_130' title="bbox 2133 5210 2788 5265">
     <span class='ocr_line' id='line_1_130' title="bbox 2133 5210 2788 5265; baseline -0.003 -1"><span class='ocrx_word' id='word_1_957' title='bbox 2133 5210 2355 5265; x_wconf 89' lang='lat' dir='ltr'><strong>ordines</strong></span> <span class='ocrx_word' id='word_1_958' title='bbox 2384 5210 2490 5264; x_wconf 87' lang='lat' dir='ltr'><strong>illic</strong></span> <span class='ocrx_word' id='word_1_959' title='bbox 2517 5220 2788 5265; x_wconf 90' lang='lat' dir='ltr'><strong>censetur.</strong></span> 
     </span>
    </p>
   </div>
   <div class='ocr_carea' id='block_1_131' title="bbox 2209 5301 3728 5374">
    <p class='ocr_par' dir='ltr' id='par_1_131' title="bbox 2209 5301 3728 5374">
     <span class='ocr_line' id='line_1_131' title="bbox 2209 5301 3728 5374; baseline -0.003 -12"><span class='ocrx_word' id='word_1_960' title='bbox 2209 5302 2235 5342; x_wconf 71' lang='grc' dir='ltr'><em>δ</em></span> <span class='ocrx_word' id='word_1_961' title='bbox 2271 5305 2421 5362; x_wconf 90' lang='lat' dir='ltr'><strong>Uuns</strong></span> <span class='ocrx_word' id='word_1_962' title='bbox 2443 5319 2544 5359; x_wconf 89' lang='lat' dir='ltr'><strong>tus.</strong></span> <span class='ocrx_word' id='word_1_963' title='bbox 2573 5305 2728 5360; x_wconf 81' lang='lat' dir='ltr'><strong>Colb.</strong></span> <span class='ocrx_word' id='word_1_964' title='bbox 2749 5320 2812 5360; x_wconf 87' lang='lat' dir='ltr'><strong>ac</strong></span> <span class='ocrx_word' id='word_1_965' title='bbox 2834 5305 3092 5363; x_wconf 88' lang='lat' dir='ltr'><strong>German.</strong></span> <span class='ocrx_word' id='word_1_966' title='bbox 3116 5345 3132 5368; x_wconf 94' lang='lat'><strong>,</strong></span> <span class='ocrx_word' id='word_1_967' title='bbox 3159 5321 3250 5360; x_wconf 88' lang='lat' dir='ltr'><strong>nec</strong></span> <span class='ocrx_word' id='word_1_968' title='bbox 3269 5303 3440 5374; x_wconf 83' lang='lat' dir='ltr'><strong>statim</strong></span> <span class='ocrx_word' id='word_1_969' title='bbox 3460 5303 3566 5368; x_wconf 87' lang='lat' dir='ltr'><strong>ad;</strong></span> <span class='ocrx_word' id='word_1_970' title='bbox 3591 5301 3728 5374; x_wconf 77' lang='lat' dir='ltr'><strong>Reg.</strong></span> 
     </span>
    </p>
   </div>
   <div class='ocr_carea' id='block_1_132' title="bbox 2133 5373 3738 5437">
    <p class='ocr_par' dir='ltr' id='par_1_132' title="bbox 2133 5373 3738 5437">
     <span class='ocr_line' id='line_1_132' title="bbox 2133 5373 3738 5437; baseline -0.001 -6"><span class='ocrx_word' id='word_1_971' title='bbox 2133 5390 2256 5431; x_wconf 91' lang='lat' dir='ltr'><strong>cum</strong></span> <span class='ocrx_word' id='word_1_972' title='bbox 2281 5377 2494 5432; x_wconf 86' lang='lat' dir='ltr'><strong>duobus</strong></span> <span class='ocrx_word' id='word_1_973' title='bbox 2541 5377 2664 5433; x_wconf 89' lang='lat' dir='ltr'><strong>aliis</strong></span> <span class='ocrx_word' id='word_1_974' title='bbox 2707 5374 2900 5437; x_wconf 86' lang='lat' dir='ltr'><strong>Colb..</strong></span> <span class='ocrx_word' id='word_1_975' title='bbox 2933 5394 3025 5432; x_wconf 86' lang='lat' dir='ltr'><strong>nec</strong></span> <span class='ocrx_word' id='word_1_976' title='bbox 3051 5377 3225 5432; x_wconf 84' lang='lat' dir='ltr'><strong>saltim</strong></span> <span class='ocrx_word' id='word_1_977' title='bbox 3251 5373 3340 5430; x_wconf 88' lang='lat' dir='ltr'><strong>ad.</strong></span> <span class='ocrx_word' id='word_1_978' title='bbox 3375 5375 3522 5428; x_wconf 76' lang='lat' dir='ltr'><strong>Alter</strong></span> <span class='ocrx_word' id='word_1_979' title='bbox 3555 5373 3738 5437; x_wconf 70' lang='lat' dir='ltr'><strong>regius</strong></span> 
     </span>
    </p>
   </div>
   <div class='ocr_carea' id='block_1_133' title="bbox 2134 5444 3734 5518">
    <p class='ocr_par' dir='ltr' id='par_1_133' title="bbox 2134 5444 3734 5518">
     <span class='ocr_line' id='line_1_133' title="bbox 2134 5444 3734 5518; baseline 0 -16"><span class='ocrx_word' id='word_1_980' title='bbox 2134 5462 2257 5502; x_wconf 89' lang='lat' dir='ltr'><strong>cum</strong></span> <span class='ocrx_word' id='word_1_981' title='bbox 2287 5449 2494 5518; x_wconf 88' lang='lat' dir='ltr'><strong>aliquot</strong></span> <span class='ocrx_word' id='word_1_982' title='bbox 2515 5449 2778 5518; x_wconf 84' lang='lat' dir='ltr'><strong>exemplis</strong></span> <span class='ocrx_word' id='word_1_983' title='bbox 2801 5449 2962 5502; x_wconf 89' lang='lat' dir='ltr'><strong>lladr.</strong></span> <span class='ocrx_word' id='word_1_984' title='bbox 2985 5489 3000 5513; x_wconf 93' lang='lat'><strong>,</strong></span> <span class='ocrx_word' id='word_1_985' title='bbox 3023 5465 3116 5502; x_wconf 85' lang='lat' dir='ltr'><strong>nec</strong></span> <span class='ocrx_word' id='word_1_986' title='bbox 3137 5448 3301 5502; x_wconf 66' lang='lat' dir='ltr'><strong>salius</strong></span> <span class='ocrx_word' id='word_1_987' title='bbox 3325 5445 3416 5499; x_wconf 89' lang='lat' dir='ltr'><strong>ad.</strong></span> <span class='ocrx_word' id='word_1_988' title='bbox 3443 5445 3579 5518; x_wconf 87' lang='lat' dir='ltr'><strong>llinc</strong></span> <span class='ocrx_word' id='word_1_989' title='bbox 3608 5444 3734 5502; x_wconf 59' lang='lat' dir='ltr'><strong>(siti.</strong></span> 
     </span>
    </p>
   </div>
   <div class='ocr_carea' id='block_1_134' title="bbox 2135 5517 3738 5585">
    <p class='ocr_par' dir='ltr' id='par_1_134' title="bbox 2135 5517 3738 5585">
     <span class='ocr_line' id='line_1_134' title="bbox 2135 5517 3738 5585; baseline -0.001 -13"><span class='ocrx_word' id='word_1_990' title='bbox 2135 5532 2190 5572; x_wconf 88' lang='lat' dir='ltr'><strong>et</strong></span> <span class='ocrx_word' id='word_1_991' title='bbox 2215 5535 2280 5572; x_wconf 84' lang='lat' dir='ltr'><strong>ex</strong></span> <span class='ocrx_word' id='word_1_992' title='bbox 2309 5517 2614 5574; x_wconf 84' lang='lat' dir='ltr'><strong>eoMerlin.</strong></span> <span class='ocrx_word' id='word_1_993' title='bbox 2635 5517 2688 5575; x_wconf 84' lang='lat' dir='ltr'><strong>et</strong></span> <span class='ocrx_word' id='word_1_994' title='bbox 2716 5519 2874 5574; x_wconf 85' lang='lat' dir='ltr'><strong>Crab.</strong></span> <span class='ocrx_word' id='word_1_995' title='bbox 2911 5537 3002 5574; x_wconf 86' lang='lat' dir='ltr'><strong>nec</strong></span> <span class='ocrx_word' id='word_1_996' title='bbox 3031 5536 3120 5585; x_wconf 87' lang='lat' dir='ltr'><strong>per</strong></span> <span class='ocrx_word' id='word_1_997' title='bbox 3159 5520 3324 5573; x_wconf 85' lang='lat' dir='ltr'><strong>saltus</strong></span> <span class='ocrx_word' id='word_1_998' title='bbox 3348 5520 3436 5571; x_wconf 88' lang='lat' dir='ltr'><strong>ad.</strong></span> <span class='ocrx_word' id='word_1_999' title='bbox 3459 5517 3738 5582; x_wconf 77' lang='lat' dir='ltr'><strong>Editialii.</strong></span> 
     </span>
    </p>
   </div>
   <div class='ocr_carea' id='block_1_135' title="bbox 2135 5589 3740 5652">
    <p class='ocr_par' dir='ltr' id='par_1_135' title="bbox 2135 5589 3740 5652">
     <span class='ocr_line' id='line_1_135' title="bbox 2135 5589 3740 5652; baseline 0 -7"><span class='ocrx_word' id='word_1_1000' title='bbox 2135 5605 2257 5645; x_wconf 92' lang='lat' dir='ltr'><strong>cum</strong></span> <span class='ocrx_word' id='word_1_1001' title='bbox 2282 5591 2496 5646; x_wconf 88' lang='lat' dir='ltr'><strong>duobus</strong></span> <span class='ocrx_word' id='word_1_1002' title='bbox 2528 5606 2658 5645; x_wconf 89' lang='lat' dir='ltr'><strong>mss.</strong></span> <span class='ocrx_word' id='word_1_1003' title='bbox 2677 5607 2799 5652; x_wconf 84' lang='lat' dir='ltr'><strong>,uec</strong></span> <span class='ocrx_word' id='word_1_1004' title='bbox 2821 5593 2993 5644; x_wconf 86' lang='lat' dir='ltr'><strong>statim</strong></span> <span class='ocrx_word' id='word_1_1005' title='bbox 3015 5593 3172 5646; x_wconf 88' lang='lat' dir='ltr'><strong>saltu.</strong></span> <span class='ocrx_word' id='word_1_1006' title='bbox 3199 5589 3534 5645; x_wconf 78' lang='lat' dir='ltr'><strong>Veterrimns</strong></span> <span class='ocrx_word' id='word_1_1007' title='bbox 3562 5589 3740 5644; x_wconf 77' lang='lat' dir='ltr'><strong>codex</strong></span> 
     </span>
    </p>
   </div>
   <div class='ocr_carea' id='block_1_136' title="bbox 2134 5660 3736 5732">
    <p class='ocr_par' dir='ltr' id='par_1_136' title="bbox 2134 5660 3736 5732">
     <span class='ocr_line' id='line_1_136' title="bbox 2134 5660 3736 5732; baseline -0.005 -14"><span class='ocrx_word' id='word_1_1008' title='bbox 2134 5662 2301 5718; x_wconf 90' lang='lat' dir='ltr'><strong>Corb.</strong></span> <span class='ocrx_word' id='word_1_1009' title='bbox 2329 5704 2344 5726; x_wconf 95' lang='lat'><strong>,</strong></span> <span class='ocrx_word' id='word_1_1010' title='bbox 2382 5663 2641 5723; x_wconf 68' lang='lat' dir='ltr'><strong>Coislin..</strong></span> <span class='ocrx_word' id='word_1_1011' title='bbox 2680 5662 2923 5717; x_wconf 77' lang='lat' dir='ltr'><strong>Landnn.</strong></span> <span class='ocrx_word' id='word_1_1012' title='bbox 2972 5677 3036 5718; x_wconf 86' lang='lat' dir='ltr'><strong>ac</strong></span> <span class='ocrx_word' id='word_1_1013' title='bbox 3097 5663 3282 5732; x_wconf 82' lang='lat' dir='ltr'><strong>plures</strong></span> <span class='ocrx_word' id='word_1_1014' title='bbox 3317 5660 3432 5724; x_wconf 87' lang='lat' dir='ltr'><strong>alii,</strong></span> <span class='ocrx_word' id='word_1_1015' title='bbox 3462 5675 3554 5714; x_wconf 84' lang='lat' dir='ltr'><strong>nec</strong></span> <span class='ocrx_word' id='word_1_1016' title='bbox 3597 5660 3736 5714; x_wconf 80' lang='lat' dir='ltr'><strong>saltu</strong></span> 
     </span>
    </p>
   </div>
   <div class='ocr_carea' id='block_1_137' title="bbox 2135 5732 3735 5800">
    <p class='ocr_par' dir='ltr' id='par_1_137' title="bbox 2135 5732 3735 5800">
     <span class='ocr_line' id='line_1_137' title="bbox 2135 5732 3735 5800; baseline 0.001 -14"><span class='ocrx_word' id='word_1_1017' title='bbox 2135 5732 2203 5786; x_wconf 83' lang='lat' dir='ltr'><strong>ad</strong></span> <span class='ocrx_word' id='word_1_1018' title='bbox 2236 5749 2255 5786; x_wconf 90' lang='lat'><strong><em>:</em></strong></span> <span class='ocrx_word' id='word_1_1019' title='bbox 2287 5749 2404 5800; x_wconf 74' lang='lat' dir='ltr'><strong>quo</strong></span> <span class='ocrx_word' id='word_1_1020' title='bbox 2436 5733 2636 5798; x_wconf 85' lang='lat' dir='ltr'><strong>lectio,</strong></span> <span class='ocrx_word' id='word_1_1021' title='bbox 2672 5743 2730 5787; x_wconf 92' lang='lat' dir='ltr'><strong>ut</strong></span> <span class='ocrx_word' id='word_1_1022' title='bbox 2777 5734 3104 5800; x_wconf 89' lang='lat' dir='ltr'><strong>simplicior,</strong></span> <span class='ocrx_word' id='word_1_1023' title='bbox 3133 5749 3197 5790; x_wconf 89' lang='lat' dir='ltr'><strong>ac</strong></span> <span class='ocrx_word' id='word_1_1024' title='bbox 3225 5742 3550 5789; x_wconf 66' lang='lat' dir='ltr'><strong>cteterorum</strong></span> <span class='ocrx_word' id='word_1_1025' title='bbox 3601 5747 3735 5787; x_wconf 70' lang='lat' dir='ltr'><strong>mss.</strong></span> 
     </span>
    </p>
   </div>
   <div class='ocr_carea' id='block_1_138' title="bbox 2136 5804 3056 5873">
    <p class='ocr_par' dir='ltr' id='par_1_138' title="bbox 2136 5804 3056 5873">
     <span class='ocr_line' id='line_1_138' title="bbox 2136 5804 3056 5873; baseline 0.001 -15"><span class='ocrx_word' id='word_1_1026' title='bbox 2136 5804 2461 5861; x_wconf 82' lang='lat' dir='ltr'><strong>lectionibus</strong></span> <span class='ocrx_word' id='word_1_1027' title='bbox 2492 5804 2727 5870; x_wconf 81' lang='lat' dir='ltr'><strong>alﬂnior,</strong></span> <span class='ocrx_word' id='word_1_1028' title='bbox 2749 5807 3056 5873; x_wconf 68' lang='lat' dir='ltr'><strong>praefertur.</strong></span> 
     </span>
    </p>
   </div>
  </div>
