4048 6350
505 338 642 400 1151

1773 341 2021 400 SANC'I‘I
2060 340 2288 401 SIRICII
2327 339 2534 401 ΡΑΡιΕ

3657 341 3804 400 1152

505 472 664 532 pum,
711 473 775 516 ac
821 460 1099 532 Bizacente
1145 459 1436 532 provinciae
1478 460 1766 532 primatem
1807 477 1950 517 anno
1995 461 2099 518 417
2127 460 2177 522 Α
2277 460 2369 517 VI.
2417 461 2669 516 Siricium
2699 461 2860 518 verbis
2903 460 3146 517 monendi
3165 471 3213 515 et
3237 461 3460 529 rogandi
3491 461 3563 514 ad
3599 476 3662 516 ea
3686 477 3806 532 qua

504 529 766 604 fuisserin
797 531 1048 587 confesso
1089 529 1180 598 sit,
1211 533 1351 604 quod
1393 541 1449 587 et
1480 529 1633 604 illius
1678 534 2010 602 subscriptio
2051 537 2104 592 in

503 603 753 677 concilio
785 603 1098 677 Milevitano
1144 604 1189 660 II
1224 603 1513 677 ann.II6
1551 603 1742 677 habito
1790 607 2013 677 probat,
2044 625 2108 664 ac

506 673 864 748 nihilominus
909 673 1142 730 Telensis
1185 676 1421 731 civitatis
1475 676 1765 748 episcopus
1792 673 2107 736 'manifcsto

507 745 856 801 librariorum
897 748 1049 813 lapsu
1080 749 1383 811 scribatur;
1422 745 1527 802 cur
1553 745 1822 802 nonitem
1857 750 2110 806 librario-

508 832 629 873 rum
682 820 834 881 lapsu
881 820 1083 873 [actum
1132 819 1439 880 credamus,
1495 830 1551 874 ιιι
1597 820 1912 881 concilium.
1963 825 2108 889 quod

507 889 789 944 nonnullis
818 891 870 943 in
904 903 1035 944 mss.
1059 889 1372 960 Teleptense
1395 891 1644 960 legimus,
1671 891 1723 945 in
1753 892 1874 947 aliis
1895 890 2111 948 Telrnse

509 960 882 1016 scriberetur?
917 961 1065 1018 Idem
1112 978 1242 1018 vero
1290 964 1580 1017 concilium
1607 979 1636 1016 a
1665 962 1944 1018 Ferrando
1992 965 2113 1022 Zel-

511 1033 672 1102 Iense,
700 1035 826 1102 quia
855 1048 915 1089 re
945 1035 1056 1099 ipsa
1083 1033 1251 1088 Zellte
1283 1033 1523 1089 habitum
1554 1036 1648 1099 sit,
1675 1035 1745 1088 ab
1783 1033 1905 1089 aliis
1929 1046 2108 1092 autem

511 1100 848 1176 Telepte‘nse,
901 1106 1023 1174 quia
1074 1106 1140 1159 ad
1188 1105 1571 1174 'I‘eleptensem
1623 1107 1902 1162 (litecesim
1963 1107 2110 1165 Zella

511 1181 802 1247 pertineat,
837 1190 1199 1244 nuncupatum
1232 1177 1482 1247 Baluzius
1509 1178 1758 1245 opinatur
1779 1197 1799 1230 ι
1829 1194 1896 1233 eo
1925 1181 2111 1247 modo,

513 1260 623 1317 quo
665 1246 858 1302 Lanisa
912 1249 1202 1304 concilium
1260 1246 1645 1304 Tarraconense
1695 1251 1905 1304 vocavit
1954 1246 2110 1318 illud,

515 1319 660 1394 quod
713 1321 1048 1394 temporibus
1075 1321 1309 1394 Sisc_buti
1355 1321 1496 1388 regis
1542 1321 1782 1394 habitum
1829 1319 1927 1394 fuit
1974 1324 2113 1394 apud

515 1389 751 1460 [ﬁgat-am
779 1390 833 1446 in
865 1393 1137 1460 provincia
1171 1391 1602 1457 Tarraconensi;
1636 1392 1956 1448 Sirmondus
1986 1389 2114 1451 vero

520 1458 891 1530 Mugalonense
925 1462 1078 1524 illud.
1111 1463 1254 1530 quod
1287 1463 1543 1519 convenit
1571 1464 1712 1534 apud
1741 1463 2026 1521 Juncarias
2061 1469 2113 1522 in

516 1534 796 1588 territorio
828 1534 1211 1603 Magaloncnsi.
1251 1554 1269 1586 ι

593 1603 683 1661 ιν.
722 1604 947 1659 Alterius
964 1607 1195 1674 epistola:
1215 1605 1507 1661 Innocentii
1521 1623 1637 1660 cum
1656 1623 1714 1661 ea
1734 1609 2116 1665 consensionem

517 1675 652 1729 nihil
672 1679 787 1749 ejus
809 1678 1008 1732 veritati
1037 1679 1266 1746 ofﬁrere.
1293 1708 1361 1718 —
1389 1677 1523 1734 Item
1553 1681 1824 1749 objeetum
1854 1681 2024 1746 aliud,
2050 1697 2116 1736 ex

517 1748 728 1802 Summa
772 1750 1022 1815 epistolae
1073 1749 1251 1805 Siricii
1299 1765 1421 1802 cum
1477 1751 1647 1804 altera
1692 1748 1994 1806 Innocentii
2048 1754 2113 1807 ad

527 1817 837 1891 Yictricium
869 1820 1233 1877 consensione
1255 1820 1504 1891 petitum,
1536 1821 1636 1875 hac
1662 1820 1817 1876 diluit
1843 1822 2116 1880 Ilincmari

523 1886 810 1945 Remensis
835 1899 910 1946 to.
930 1891 997 1958 Il,
1018 1907 1072 1963 p.
1096 1893 1223 1954 461.
1249 1886 1632 1949 observatione
1657 1910 1709 1945 :t
1744 1892 1839 1947 llic
1862 1904 1945 1948 est
1970 1899 2114 1950 enim

521 1975 642 2016 mos
687 1965 1005 2032 apostolicae
1051 1967 1200 2019 sedis
1240 1963 1610 2030 pontiﬁcibus,
1645 1973 1700 2018 ut
1739 1965 1902 2020 verba
1929 1966 2119 2022 deces-

522 2045 710 2107 sorum
729 2049 950 2107 suorum
967 2037 1117 2106 quasi
1135 2037 1353 2107 propria
1372 2035 1422 2088 in
1446 2035 1559 2089 suis
1579 2045 1783 2104 ponant
1809 2035 2076 2106 epistolis.
2091 2059 2110 2092 ι

521 2100 695 2170 Quam
750 2100 1461 2171 quidem'obsérvatiouem
1519 2100 1857 2162 Ili'ncmarus'
1899 2108 2112 2165 Laudu-

521 2178 712 2249 nensis
739 2176 897 2249 ibid.,
921 2194 1044 2249 pag.
1080 2178 1187 2234 624
1216 2190 1269 2234 et
1295 2177 1424 2244 651,
1458 2179 1774 2249 verissimam
1815 2194 1940 2234 esse
1983 2197 2116 2236 cou-

513 2246 724 2320 ‘flrmat.
755 2246 1093 2320 Quamquam
1120 2265 1225 2305 non
1257 2250 1478 2304 aliunde
1509 2248 1735 2304 forsitan
1765 2251 1970 2305 nitatur
2001 2254 2116 2308 haec

525 2319 742 2374 illorum
769 2319 1100 2386 observatio,
1134 2321 1238 2377 nisi
1281 2321 1504 2390 quodin
1537 2323 1785 2391 epistolis
1805 2324 1873 2376 ab
1909 2323 2116 2380 I~idoro

521 2393 772 2466 conﬁctis
824 2392 1017 2466 eadem
1042 2395 1376 2466 frequenter
1423 2397 1650 2466 repetita
1702 2394 2118 2466 deprehendan-

527 2469 636 2536 tur.
683 2461 888 2536 saltem
925 2464 1055 2519 illud
1101 2461 1334 2527 certum,
1381 2461 1533 2536 quod
1575 2461 1817 2536 adiungit
1846 2465 2114 2532 Baluzius,

526 2533 708 2609 ipsum,
730 2533 1102 2609 Innocentium
1125 2536 1178 2591 in
1218 2533 1446 2605 cpistola
1469 2535 1536 2609 ad
1560 2533 1917 2609 Exsuperium
1944 2555 2065 2609 cap.
2086 2543 2108 2595 l

525 2608 746 2680 propria
800 2608 962 2661 verba
1017 2608 1266 2677 epistolae
1313 2608 1524 2680 suteiad
1559 2607 1872 2662 Victricium
1914 2607 2032 2680 cap.
2081 2611 2114 2667 9

527 2677 862 2732 exscribere.
923 2680 998 2733 Ex
1028 2695 1138 2745 quo
1169 2682 1348 2735 minus
1381 2679 1577 2732 mirum
1607 2680 1777 2735 videri
1822 2677 2026 2744 debet,
2071 2684 2114 2737 si

523 2757 582 2800 et
607 2747 914 2820 decessoris
953 2751 1183 2819 scripta,
1211 2766 1332 2820 qu:e
1366 2765 1489 2804 cum
1533 2750 1680 2804 illius
1724 2751 1855 2806 sede
1881 2754 2114 2819 quodam

527 2819 694 2891 t_uodo
748 2821 966 2888 propria
1020 2823 1120 2891 ipsi
1173 2819 1495 2886 evaserant,
1560 2824 1768 2891 pariter
1819 2827 2113 2880 exscribat.

529 2887 702 2943 Immo
735 2887 863 2945 mihi
908 2887 1192 2960 utramque
1223 2895 1514 2961 epistolam
1560 2887 1863 2948 conferenti
1894 2909 2119 2961 persua—

529 2973 650 3014 sum
679 2969 770 3032 est
794 3001 809 3023 ,
842 2963 1148 3020 Innocentii
1177 2964 1464 3028 epistolam
1515 2979 1580 3018 ex
1629 2967 1861 3031 epismla
1895 2967 2072 3023 Siricii
2101 3010 2115 3032 ,

533 3045 642 3084 non
676 3031 827 3107 lianc
851 3049 916 3089 ex
956 3036 1044 3088 illa
1079 3050 1394 3105 expressam
1423 3050 1568 3107 esse.
1615 3036 1868 3106 Idemque
1899 3039 1962 3091 iis
1997 3031 2118 3107 peré

532 3115 757 3159 suasum
818 3105 880 3159 iri
931 3107 1167 3175 confido,
1229 3107 1320 3176 qui
1373 3122 1494 3177 qua:
1545 3106 1597 3160 iti
1651 3105 1876 3171 epistola
1933 3105 2113 3166 Siricii

531 3178 898 3251 explicatione
941 3189 1158 3251 egeant,
1204 3181 1279 3249 in}
1306 3178 1602 3233 Innocentii
1649 3179 1878 3247 epistola
1917 3193 1971 3235 ut
2001 3183 2116 3251 plu-

2211 542 2469 604 prtecepta
2514 542 2681 588 essent
2716 535 3072 603 persuadendo
3112 550 3213 587 non
3239 533 3461 587 absurde
3489 549 3640 587 usum
3671 548 3803 587 esse.

2213 634 2283 675 έ-
2309 609 2414 671 At,
2448 605 2620 674 inquit
2662 605 2910 660 laudatus
2958 605 3041 661 vir
3069 620 3190 675 Cap.
3245 605 3308 671 5,
3343 620 3400 658 ιι.
3455 605 3520 668 7f,
3575 622 3596 656 ι
3633 605 3806 657 mani—

2211 674 2405 730 festam
2470 677 2670 730 faciunt
2717 678 3028 742 impostoris
3081 674 3338 730 malitiam
3396 677 3477 728 vel
3528 675 3806 729 inscitiam

2212 749 2378 802 verba
2405 747 2520 802 btec
2548 749 2746 818 capitis
2774 750 2829 810 9,
2863 767 2880 800 ι
2908 748 3214 804 Suadentus
3240 747 3626 802 utsacerdotes
3645 759 3698 802 et
3730 747 3810 802 Ie-

2212 823 2339 873 vitie
2361 835 2484 874 cum
2513 821 2776 874 uxoribus
2797 821 2908 875 suis
2953 837 3060 876 non
3090 831 3280 874 coeant
3311 837 3326 883 ;
3365 838 3384 870 ι
3420 833 3633 874 necnon
3681 819 3808 882 ista,

2219 909 2238 942 ι
2279 891 2500 954 Hortor,
2527 907 2741 954 moneo,
2779 909 2932 962 rugo,
2960 901 3066 947 etc.
3107 910 3124 944 ι
3163 891 3217 945 In
3251 891 3337 944 liis
3383 900 3564 962 tamen
3625 890 3811 962 verbis

2216 962 2290 1017 nil
2315 963 2491 1016 simile
2523 964 2678 1018 nobis
2699 960 2964 1029 apparere
2995 965 3140 1017 ultro
3165 965 3416 1017 fatemur.
3450 960 3638 1032 Neque
3659 961 3809 1015 enim

2214 1035 2293 1088 sic
2321 1049 2381 1086 ca
2422 1033 2551 1098 dici,
2600 1044 2656 1087 ut
2701 1034 2951 1090 obtendit
2996 1036 3078 1088 vir
3107 1035 3376 1096 eruditus,
3426 1032 3810 1100 intelligimus,

2221 1125 2240 1157 ι
2279 1104 2430 1176 quasi
2466 1106 2581 1175 lege
2612 1108 2960 1161 continentia:
2987 1122 3093 1160 non
3137 1113 3452 1160 tenerentur
3493 1103 3814 1159 sacerdotes

2215 1189 2270 1232 et
2319 1175 2534 1241 leviate;
2576 1196 2596 1230 ι
2632 1176 2730 1232 sed
2773 1189 2829 1231 ut
2870 1179 2937 1232 ad
2983 1193 3104 1232 eam
3136 1177 3310 1248 legem
3346 1178 3682 1232 servandam
3709 1191 3815 1245 qua

2217 1249 2560 1310 tenebantur,
2615 1248 2922 1316 hortando,
2979 1253 3291 1314 monemlo,
3358 1250 3626 1318 rogando,
3686 1261 3819 1300 sua-

2215 1319 2395 1374 dendo
2420 1319 2818 1374 inducerentur.
2848 1321 2930 1376 An
2955 1321 3020 1375 ad
3045 1337 3108 1375 ea
3135 1331 3366 1383 tantum,
3397 1335 3518 1390 quae
3543 1335 3610 1374 ex
3643 1319 3816 1372 animi

2217 1390 2385 1445 libera
2429 1392 2711 1445 voluntate
2759 1392 3014 1459 pendent,
3044 1407 3107 1445 ac
3149 1390 3298 1445 nulla
3331 1394 3585 1459 praecepti
3618 1404 3818 1444 neces-

2215 1464 2378 1516 sitate
2405 1463 2712 1532 exiguntur,
2745 1473 2828 1517 est
2854 1461 3130 1528 hortandi,
3164 1463 3446 1527 tnoneudi,
3498 1459 3735 1531 rugandi
3762 1470 3818 1515 et

2217 1534 2480 1588 sinulemli
2513 1536 2700 1588 locus?
2744 1533 2865 1605 Ipse
2901 1535 3150 1596 Siricius.
3174 1535 3241 1587 ab
3272 1532 3394 1601 ipso
3419 1534 3672 1603 epistola:
3703 1547 3816 1586 sure

2218 1604 2482 1674 protentio
2512 1621 2574 1660 ea
2618 1605 2685 1658 ad
2739 1604 2860 1674 qua:
2911 1605 3142 1660 subinde
3198 1605 3463 1668 hortatur,
3511 1620 3620 1659 non
3648 1619 3810 1674 mera

2218 1673 2443 1731 consilia
2471 1691 2592 1731 esse
2636 1678 2860 1742 indicat,
2913 1679 3007 1732 sed
3057 1687 3334 1747 prtrcepta,
3388 1686 3442 1731 et
3472 1691 3536 1730 ea
3565 1673 3816 1744 quidem,

2220 1747 2417 1817 quibus
2453 1763 2520 1803 eo
2549 1749 2718 1819 magis
2763 1753 2991 1819 quisque
3023 1759 3291 1813 teneatur,
3317 1747 3458 1818 quod
3504 1763 3606 1800 non
3655 1763 3816 1819 nova,

2221 1823 2316 1873 sed
2352 1829 2534 1874 vetera
2559 1817 2851 1874 constituta
2876 1817 3006 1874 sint.
3039 1822 3301 1886 Quocirca
3334 1817 3524 1873 iisdem
3543 1817 3821 1883 exposuis

2221 1891 2444 1958 subjicit
2478 1907 2492 1942 :
2523 1908 2541 1942 t
2580 1891 2635 1947 Si
2661 1895 2784 1961 quis
2815 1907 2946 1946 sane
2993 1893 3211 1946 inﬂatus
3254 1898 3434 1946 mente
3477 1890 3662 1945 carnis
3704 1904 3819 1944 sua:

2221 1963 2289 2016 ab
2322 1962 2422 2017 bac
2450 1963 2676 2018 canonis
2714 1965 2924 2019 ratione
2965 1963 3203 2018 voluerit
3241 1963 3482 2032 evagari,
3511 1963 3651 2018 sciat
3701 1975 3763 2014 se
3789 1975 3817 2012 a

2220 2044 2403 2088 nostra
2448 2037 2833 2090 communione
2862 2037 3156 2098 seclusum,
3208 2043 3260 2089 et
3307 2033 3572 2104 gehenuze
3613 2046 3822 2104 pinnas

2222 2105 2554 2159 habiturum.
2595 2125 2614 2157 ι
2649 2105 2819 2160 Nemo
2869 2116 3022 2162 certe
3053 2107 3249 2171 ullum,
3301 2103 3372 2160 Ob
3427 2103 3659 2158 consilia
3726 2119 3822 2158 ne-

2218 2177 2536 2246 glecta,aut
2581 2193 2608 2230 a
2655 2180 3034 2233 communione
3065 2194 3161 2232 sua
3211 2177 3603 2232 secludcndttm
3663 2190 3816 2236 esse.

2219 2257 2314 2301 aut
2351 2252 2619 2317 gelientim
2670 2250 2843 2317 pomis
2900 2251 3200 2305 obnoxium
3249 2249 3363 2304 Iure
3396 2250 3700 2303 ceoSttcrit.
3733 2246 3815 2300 Ad

2221 2317 2360 2384 Itmc,
2379 2323 2454 2373 uti
2471 2320 2580 2388 jatn
2597 2320 2847 2375 Balnzius
2865 2321 3197 2385 observavit,
3214 2319 3561 2375 Innocrmtius
3575 2321 3742 2386 epist.
3763 2319 3817 2382 5,

2218 2392 2284 2443 ad
2330 2391 2714 2457 Exsuperiuut,
2772 2411 2827 2446 ιι.
2876 2395 2945 2460 5;
2999 2393 3177 2448 Stricii
3219 2393 3284 2446 de
3311 2391 3663 2445 cnnliuentim
3698 2391 3819 2459 lt-ge

2219 2462 2383 2517 verba
2419 2463 2665 2527 laudans,
2694 2479 2754 2518 ea
2787 2483 2806 2516 ι
2845 2464 3016 2521 beata:
3061 2465 3459 2520 recordationis
3498 2464 3600 2516 viri
3632 2461 3818 2518 Siricii

2219 2537 2432 2600 monita,
2463 2555 2481 2588 ι
2506 2551 2608 2588 non
2636 2550 2928 2606 praecepta,
2960 2548 3256 2603 nuncupat.
3279 2535 3401 2604 Ipse
3427 2549 3652 2604 quoque
3680 2532 3823 2588 Siri-

2217 2606 2337 2658 cius
2359 2607 2410 2658 in
2443 2609 2671 2668 epistola
2699 2608 2752 2672 6,
2782 2625 2835 2662 u.
2867 2609 2918 2668 5,
2943 2609 3016 2672 id,
3047 2610 3190 2677 quod
3221 2609 3366 2662 velut
3397 2626 3417 2660 (
3453 2613 3647 2659 contra
3672 2622 3814 2671 apo-

2217 2680 2410 2732 stolica
2469 2691 2767 2747 praecepta,
2826 2699 2844 2732 ι
2895 2675 3093 2734 factum
3115 2675 3479 2734 'veltcmenter
3519 2677 3818 2744 improbat,

2219 2762 2286 2802 ne
2312 2747 2572 2817 deinceps
2605 2748 2716 2814 fiat,
2765 2750 2932 2806 verbo
2961 2752 3267 2805 admouendi
3309 2750 3561 2818 prohibet
3591 2749 3645 2803 iit
3671 2747 3819 2801 hunc

2218 2821 2462 2885 modum,
2493 2840 2511 2873 ι
2533 2821 2687 2887 Quod
2715 2839 2780 2875 ne
2806 2824 2898 2876 fiat
2922 2829 3060 2876 ultra
3085 2824 3371 2876 admoneo.
3394 2840 3412 2872 ι
3441 2820 3502 2874 Et
3531 2821 3698 2885 epist.
3725 2819 3817 2884 10,

2219 2905 2272 2944 ιι.
2327 2893 2396 2945 6:
2428 2910 2446 2943 ι
2501 2892 2818 2948 Hominibus
2872 2894 3239 2964 coinquinatis
3289 2902 3344 2948 et
3393 2891 3816 2946 inﬁdelibus....

2219 2965 2538 3034 mysterium
2590 2965 2679 3019 Dei
2731 2965 2956 3021 credere
3003 2983 3108 3020 non
3153 2973 3428 3034 oportere,
3459 2964 3821 3018 veneratione

2219 3037 2506 3102 religionis
2529 3037 2640 3103 ipsa
2671 3037 2958 3097 suadente.
2992 3053 3212 3092 moneo.
3249 3054 3269 3087 ι

2292 3105 2400 3180 VII.
2455 3107 2701 3175 Afrorum
2724 3124 2845 3180 erga
2885 3110 3058 3162 sedem
3092 3109 3430 3177 apostolicam
3467 3107 3820 3180 observantia.

2224 3177 2437 3232 —.Jam
2468 3175 2804 3246 prtctuiSt-rat
2831 3175 3158 3248 Qucsncllus
3179 3195 3298 3247 cap.
3333 3183 3386 3246 ὅ,
3421 3197 3474 3232 ιι.
3509 3179 3583 3233 3:
3627 3196 3646 3228 ι
3681 3175 3820 3232 Cer-

534 3231 732 3318 rinium
801 3231 1072 3317 suppté’r'i’
1104 3231 1638 3314 saginanam;
1664 3231 2119 3308 tacuisti}-
2150 3231 2195 3295 C
2230 3231 2338 3301 una
2366 3258 2449 3303 est
2468 3231 2570 3308 iter
2614 3231 2734 3305 eam
2765 3231 3597 3318 θὲιῖἷίὲιῖιξᾌίῖίὼιὶοέἒιιειι-ιίιιι
3644 3249 3824 3304 eccle-

531 3316 650 3372 cins
699 3316 986 3375 verborum
1018 3337 1240 3377 suorum
1285 3334 1512 3383 auctor,
1555 3322 1904 3378 Innocentius
1943 3325 2123 3380 Siricii

533 3389 810 3461 interpres
843 3392 1004 3460 plane
1031 3403 1312 3462 appareat.
1359 3393 1480 3448 Veri
1511 3393 1655 3446 enim
1687 3394 1870 3449 simile
1901 3411 2008 3450 uou
2041 3407 2126 3451 cst

534 3463 778 3538 eumqui
804 3478 868 3517 es
899 3464 1201 3538 Innocentii
1235 3464 1416 3518 verbis
1448 3466 1736 3538 epistolam
1769 3481 2121 3538 componere,

537 3543 593 3588 et
622 3535 818 3588 Siricio
844 3536 1108 3606 attingere
1135 3538 1402 3592 voluisset
1427 3576 1442 3600 ,
1475 3537 1721 3605 quaedam
1750 3535 2082 3594 illitis—verba
2110 3582 2125 3607 ,

535 3620 658 3674 quze
683 3608 748 3659 ad
785 3611 1226 3673 perspicuitatem
1257 3610 1546 3664 sententia:
1583 3609 1836 3664 videntur
1876 3627 2131 3666 necessa-

535 3679 642 3742 ria,
679 3677 846 3732 fuisse
875 3681 1232 3736 omissurum.
1268 3680 1343 3734 Ex
1384 3679 1468 3732 liis
1488 3689 1668 3734 autem
1704 3681 1834 3736 locis
1865 3683 2128 3738 uoouulla

541 3763 687 3802 nunc
737 3760 926 3804 essent
968 3753 1278 3818 IﬂliICilnllﬂ,
1314 3752 1417 3805 nisi
1449 3750 1552 3804 hoc
1600 3751 1744 3808 notis
1792 3757 2131 3810 commodius

539 3832 876 3894 servaretur.
922 3824 1000 3876 Ad
1035 3822 1412 3878 Innocentium
1444 3822 1589 3891 quod
1634 3825 1851 3891 attinet,
1890 3827 2070 3894 plures
2101 3842 2132 3882 a

539 3889 740 3944 Siricio
760 3891 872 3960 jam
908 3895 1258 3962 praescriptas
1303 3889 1521 3961 regulas
1548 3895 1796 3962 epistola:
1839 3889 1955 3949 sua:
1989 3900 2131 3952 insc-

540 3962 716 4016 rendo
764 3967 1162 4020 convenienter
1215 3965 1472 4021 Victricio
1528 3965 1826 4030 satisfecit,
1884 3966 2022 4022 nihil
2068 3969 2136 4023 ab

547 4034 666 4102 ipso
695 4050 902 4106 novum
934 4037 1254 4106 postulanti,
1280 4037 1375 4092 sed
1407 4036 1714 4106 regularum
1749 4038 1946 4092 librum
1973 4080 1988 4106 ,
2034 4056 2138 4106 quo

549 4122 568 4157 ι
604 4105 782 4174 qualis
823 4105 1071 4162 servetur
1127 4111 1178 4163 in
1238 4109 1388 4162 urbis
1433 4105 1619 4162 Ruunt:
1660 4109 1910 4164 ecclesiis
1969 4105 2134 4166 disci-

547 4175 694 4246 plina
717 4195 738 4230 ο
763 4175 1106 4242 eiloccretttr,
1123 4181 1420 4247 expetenti.

620 4247 680 4301 V.
732 4247 985 4326 Ilejicitur
1001 4268 1117 4323 qua!
1134 4253 1354 4326 ﬁngitur
1366 4253 1476 4326 ejus
1495 4256 1847 4326 supponenda:
1872 4270 2047 4309 causa.
2073 4281 2140 4295 -ο

540 4316 732 4390 Neque
771 4316 859 4375 hic
901 4316 1048 4378 locus
1093 4316 1236 4378 ullus
1263 4331 1348 4376 est
1375 4316 1474 4377 viri
1503 4316 1789 4381 clarissimi
1819 4327 2140 4392 suspicioni,

541 4405 646 4466 qua
678 4403 870 4449 censet
896 4396 1133 4461 aliquem
1162 4393 1423 4448 Romanae
1447 4397 1822 4466 amplitudinis
1849 4400 2144 4452 auctorita-

544 4463 724 4533 lisque
776 4479 1113 4534 praepostere
1167 4467 1501 4532 studiosum,
1532 4463 1654 4523 cum
1701 4470 1912 4524 videret
1951 4470 2146 4522 Ilottta-

547 4547 745 4589 norum
797 4538 1110 4604 pontificum
1167 4537 1388 4605 Zosimi,
1445 4539 1703 4595 Bonitacii
1760 4550 1816 4598 et
1866 4540 2144 4596 Ctelcstini

2228 3319 2431 3374 siarom
2464 3321 2991 3378 administrationem
3023 3339 3090 3377 ex
3119 3326 3457 3392 propriarum
3482 3319 3824 3392 synodorum

2227 3396 2529 3446 caoouilms
2577 3396 2830 3462 gessisse,
2875 3409 2974 3450 nec
3027 3391 3172 3463 leges
3220 3395 3612 3449 ecclesiasticae
3657 3391 3827 3445 disci-

2231 3463 2394 3533 plina:
2422 3478 2453 3516 a
2480 3467 2859 3536 transmarinis
2907 3465 3219 3536 regiaiiibns
3247 3465 3347 3519 sibi
3391 3463 3598 3526 imponi
3630 3477 3826 3536 passos

2231 3549 2371 3588 esse.
2407 3553 2422 3586 i
2478 3534 2677 3589 Verum
2713 3537 2786 3601 id,
2817 3534 3104 3604 quod'pro
3143 3548 3294 3591 certo
3352 3537 3528 3605 ponit,
3579 3550 3702 3588 cum
3757 3534 3826 3587 iis

2231 3621 2352 3674 quia
2378 3605 2476 3660 sub
2504 3606 2679 3662 Sit'icii
2710 3609 3121 3663 successoribus
3148 3611 3460 3671 Anastasio,
3507 3609 3827 3662 Iunoci'ntio

2231 3688 2285 3731 el
2319 3678 2593 3732 lionifzicio
2619 3689 2766 3746 gesta
2800 3690 2944 3742 sunt,
2975 3695 3303 3748 camponere
3328 3695 3552 3748 prorsus
3581 3692 3690 3731 non
3733 3692 3826 3727 va-

2236 3749 2363 3813 leat,
2397 3751 2439 3801 si
2470 3751 2593 3804 hinc
2615 3750 2792 3806 Stricii
2819 3752 3036 3818 liltcrw,
3063 3747 3207 3819 quod
3231 3748 3482 3804 Africano
3515 3753 3566 3802 in
3592 3747 3827 3819 concilio

2234 3821 2484 3875 dicantur
2511 3821 2686 3887 lectae,
2717 3822 3028 3890 rcjicieudae
3052 3818 3178 3877 sint.
3210 3823 3360 3876 Nunc
3381 3823 3526 3876 enim
3563 3818 3825 3890 Atticani,

2237 3905 2297 3947 ut
2319 3904 2373 3946 et
2399 3891 2650 3946 Baluzius
2679 3888 2954 3947 autumavit
2977 3891 3126 3966 (Cod.
3160 3910 3276 3966 can.
3303 3893 3444 3946 Eccl.
3473 3893 3590 3959 Afr.
3624 3908 3673 3945 c.
3704 3888 3823 3958 56),

2241 3965 2448 4020 litteras
2479 3966 2793 4018 scribendas
2813 3973 2868 4019 et
2896 3965 3126 4034 legatum
3161 3965 3481 4019 ttiitlemlum
3528 3965 3829 4034 decernunt

2239 4035 2304 4090 ad
2339 4035 2682 4090 Attastasium
2722 4033 3032 4104 apostolicm
3062 4036 3205 4090 sedis
3227 4037 3539 4106 episctipum
3568 4046 3624 4090 et
3649 4033 3829 4086 Vene-

2239 4107 2382 4163 rium
2412 4107 2748 4161 saci-rdotem
2780 4107 3260 4172 Mediolanensem,
3287 4123 3381 4161 eos
3410 4119 3726 4166 oraturum;
3769 4113 3832 4158 ut

2242 4179 2520 4233 decretum
2558 4185 2883 4249 temperent,
2917 4181 3057 4245 quod
3085 4189 3192 4232 ιιιιιι
3237 4179 3516 4232 observari
3551 4177 3834 4249 Africana-

2244 4266 2362 4306 rum
2419 4247 2784 4303 Eet-Iesiarmti
2847 4247 3020 4304 status
3084 4265 3189 4304 non
3243 4251 3613 4319 pertttittebat.
3672 4247 3831 4302 Modo

2247 4322 2516 4378 Anastasii
2545 4322 2791 4388 ejusdem
2823 4321 3017 4376 litteris
3058 4322 3110 4375 io
3139 4321 3374 4376 com-ilio
3409 4337 3508 4376 suo
3554 4319 3829 4378 recitatis,

2245 4406 2446 4465 gratias
2470 4403 2633 4463 agunt
2662 4393 2790 4465 Deo,
2826 4411 2844 4443 ι
2875 4393 3015 4462 qttod
3049 4393 3124 4446 illi
3163 4394 3370 4460 Optimo
3414 4407 3478 4465 ac
3515 4401 3830 4465 Satictoau-

2249 4462 2406 4520 tistiti
2439 4462 2540 4518 Suo
2574 4475 2678 4517 tam
2729 4464 2869 4532 piam
2917 4479 3102 4518 curam
3151 4479 3248 4532 pro
3303 4464 3566 4518 membris
3603 4462 3829 4524 Christi,

2250 4536 2500 4607 quamvis
2533 4541 2582 4588 in
2620 4537 2932 4590 diversitate
2981 4546 3268 4607 terrarum,
3300 4536 3394 4589 sed
3426 4535 3479 4607 in
3525 4551 3631 4588 una
3683 4550 3834 4607 cutu-

545 4605 689 4681 mjtle
715 4610 948 4681 cessisse
971 4624 1217 4678 operam,
1249 4625 1408 4681 quam
1442 4625 1538 4674 pro
1565 4613 1688 4681 jure
1707 4611 2132 4681 appellationum
2162 4616 2214 4676 Ι)
2244 4604 2377 4681 page
2404 4608 2737 4681 constitutis,
2764 4607 3032 4676 inspirare
3062 4606 3312 4681 dignatus
3327 4604 3651 4674 e.~t(Ibid.c.
3673 4604 3789 4681 65.)
3809 4622 3828 4655 ι

545 4676 612 4753 ad
648 4676 1022 4753 A‘postolicam
1047 4681 1229 4734 sedem
1261 4676 1314 4734 in
1345 4676 1630 4736 Africanas
1655 4676 1963 4753 provincias
1988 4686 2137 4737 inte—

545 4745 728 4802 ltent'lo
774 4761 1104 4817 posuerant,
1150 4753 1204 4804 in
1233 4754 1472 4807 animum
1505 4745 1783 4809 induiisse
1830 4770 2028 4820 suum,
2083 4763 2138 4808 nt

548 4823 647 4894 bas
663 4821 860 4876 Siricio
877 4823 1084 4876 litteras
1104 4835 1462 4890 supponeret,
1497 4829 1881 4894 celebremque
1912 4827 2140 4894 lingeret

547 4892 744 4946 Africae
763 4895 1041 4964 synodum
1063 4909 1154 4947 eas
1184 4895 1560 4964 recipientem,
1585 4915 1690 4964 quo
1712 4892 1930 4952 infausti
1955 4892 2139 4951 exitus

545 4963 806 5038 memoria
858 4965 1295 5038 oblitteraretur.
1353 4965 1499 5022 Sane
1581 4963 1892 5038 liujusmodi
1958 4969 2138 5036 suspi-

545 5035 734 5089 ciones
762 5052 823 5088 ea
856 5037 1109 5090 levantur
1137 5045 1299 5108 atque
1333 5035 1688 5094 removentur
1719 5041 2003 5104 facilitate,
2039 5035 2138 5108 tua

545 5117 600 5161 et
627 5108 962 5181 injiciuntur.
994 5107 1166 5162 Immo
1189 5109 1256 5181 ab
1289 5106 1684 5181 littjusrgeneris
1723 5112 1992 5181 ﬁgmentis
2025 5106 2136 5165 tum

545 5182 774 5249 quisque
806 5180 1034 5234 Romani
1065 5179 1302 5234 nominis
1328 5180 1605 5238 studiosus
1628 5179 1888 5237 deterreri
1920 5183 2140 5237 debuis~

545 5257 667 5315 set,
700 5265 823 5305 cum
881 5266 1074 5307 recens
1129 5252 1410 5316 probassi't
1459 5251 1715 5307 Afrorum
1763 5255 1812 5308 in
1867 5254 1931 5308 iis
1973 5269 2139 5310 excu-

546 5322 768 5387 tiendis,
788 5339 907 5392 quae
926 5324 1028 5377 sibi
1049 5323 1401 5377 COHCIIIOI'IIII'I
1434 5326 1652 5379 nomine
1683 5324 2139 5390 obtrttdcbantur,

543 5391 906 5464 diligentiam.
959 5395 1091 5461 Quis
1141 5395 1308 5448 etiam
1343 5403 1450 5448 tam
1501 5396 1672 5451 ltebes
1700 5409 1838 5462 erat,
1870 5406 1930 5450 ut
1961 5396 2038 5451 rei
2066 5404 2144 5450 tot

545 5468 716 5533 gestis
755 5468 1108 5532 consignato,
1143 5476 1307 5535 atque
1364 5466 1534 5536 ipsius
1564 5467 1838 5523 Africana:
1895 5470 2139 5523 ecclesiae

546 5551 816 5593 canonum
836 5537 1022 5592 COIIICI
1054 5539 1270 5591 insertae
1305 5539 1625 5593 memoriam
1651 5541 1958 5594 oblitterari
1983 5554 2142 5608 posse

547 5613 831 5677 speraret?
858 5609 965 5665 Sed
991 5617 1046 5663 et
1075 5609 1121 5663 si
1151 5609 1235 5663 cui
1272 5619 1476 5663 tantum
1513 5611 1698 5666 fuisset
1734 5612 1992 5665 Romana:
2023 5626 2140 5664 am-

552 5681 844 5752 plitudinis
896 5683 1168 5745 stmlium,
1220 5692 1276 5735 ut
1315 5682 1473 5752 hujus
1521 5685 1595 5738 rei
1646 5685 1817 5751 gratia
1865 5697 1964 5736 nec
2011 5682 2144 5736 falsa

554 5755 754 5824 scripta
792 5753 1133 5824 comminisci
1162 5763 1464 5818 vereretur,
1498 5753 1546 5809 is
1591 5754 1759 5810 dttbio
1787 5754 1968 5822 procul
2001 5753 2148 5808 sedis

558 5822 810 5894 illiusjns
851 5822 1214 5894 apertidribns
1243 5839 1305 5878 ac
1336 5823 1895 5949 maagniliceiltiorilius
1920 5825 2102 5880 verbis
2130 5831 2146 5892 ,

558 5905 718 5949 uuam
747 5895 945 5949 auibus
979 5897 1204 5948 Siriciiis
1232 5911 1379 5948 nmo.
1477 5900 1667 5949 utitur.
1700 5893 2072 5949 explicuisset.

557 5905 718 5960 quam
747 5893 945 5962 quibus
979 5897 1204 5948 Siricins
1232 5911 1379 5948 num.
1409 5893 1448 5949 Ξ
1477 5900 1667 5956 utitttr,
1700 5893 2072 5964 explicuisset.

2241 4677 2345 4748 Ipsi
2379 4681 2540 4734 ctiam
2574 4679 2639 4732 ad
2693 4681 2944 4732 emudem
2992 4694 3182 4746 papam
3222 4678 3440 4732 mittunt
3492 4693 3712 4732 rursum
3755 4677 3838 4729 lit-

2243 4761 2410 4816 teras,
2435 4750 2628 4820 quibus
2654 4764 2774 4819 qua:
2798 4751 2865 4802 dc
2890 4749 3186 4804 Dooatistis
3217 4749 3547 4820 recipiendis
3577 4750 3838 4820 decrevef

2245 4829 2374 4886 rint,
2428 4819 2739 4876 reverenter
2779 4831 3084 4888 exponunt.
3135 4819 3378 4874 Subinde
3429 4832 3486 4874 et
3535 4819 3836 4875 Innocentii

2245 4895 2466 4956 litteris,
2496 4895 2695 4961 quibus
2725 4895 3019 4945 cavebatur
3053 4911 3074 4942 ‹
3112 4905 3169 4946 ιιι
3198 4893 3437 4960 epi~copi
3467 4894 3532 4946 ad
3569 4905 3838 4945 transma-

2247 4967 2361 5021 riua
2391 4980 2616 5034 pergere
2641 4963 2796 5018 facile
2820 4980 2924 5016 non
2958 4963 3222 5017 deberent
3251 4963 3418 5035 (Ibid.
3443 4982 3488 5016 ε.
3512 4963 3632 5034 94),
3671 4983 3691 5015 ι
3736 4963 3836 5015 sibi

2249 5038 2450 5108 pariter
2481 5038 2770 5108 prtelectis,
2798 5035 3124 5108 -llltc_lpj'lllll
3153 5037 3440 5090 sententiis
3487 5035 3603 5089 suis
3636 5035 3840 5100 contir-

2245 5105 2454 5163 tuarum
2470 5149 2482 5160 .
2500 5107 2725 5161 Deorum
2747 5105 2892 5160 edito
2910 5105 3315 5173 Scripturarum
3332 5123 3542 5160 canone
3557 5107 3837 5168 sani-ium,

2249 5199 2268 5233 ι
2301 5191 2350 5234 ιιι
2409 5181 2510 5232 hoc
2554 5179 2717 5232 etiam
2755 5178 2903 5232 fratri
2932 5188 2987 5231 et
3022 5177 3399 5232 t-Onsacerdoti
3449 5190 3637 5232 nostro
3680 5177 3842 5234 Boui-

2246 5253 2384 5307 fai-io
2424 5253 2503 5304 vel
2546 5250 2669 5304 aliis
2718 5265 2905 5304 carum
2939 5256 3166 5317 partium
3198 5250 3468 5318 episCtipiS
3517 5267 3614 5316 pro
3636 5253 3840 5304 contir-

2247 5323 2443 5378 mando
2477 5323 2580 5375 isto
2616 5335 2826 5376 canone
2869 5323 3176 5374 innotescat
3204 5319 3370 5388 (Ibid.
3395 5337 3443 5374 ε.
3471 5321 3589 5386 24).
3624 5341 3643 5374 ι
3675 5325 3843 5374 111111ὶο

2249 5395 2539 5465 ipsmnmet
2581 5391 2833 5448 Siricium
2880 5409 2941 5465 ac
2979 5390 3391 5465 Sitnplicianum
3433 5392 3504 5448 de
3543 5393 3843 5465 infantibus

2247 5462 2386 5534 apud
2421 5465 2729 5519 Donatistas
2775 5463 3080 5532 baptizatis.
3111 5481 3179 5518 an
3228 5479 3292 5518 ex
3335 5466 3418 5518 eis
3461 5467 3604 5520 sacri
3655 5462 3845 5517 altaris

2247 5540 2527 5592 ministros
2569 5551 2890 5594 promovere
2937 5536 3119 5599 liccat,
3176 5535 3541 5591 consulendos
3572 5535 3847 5590 duxerunt

2250 5608 2413 5677 (Ibid.
2446 5626 2492 5663 c.
2520 5609 2635 5676 47).
2669 5608 2802 5662 Cum
2858 5608 3023 5676 igitur
3064 5623 3191 5675 erga
3244 5608 3430 5661 sedem
3486 5607 3844 5676 apostolicam

2249 5676 2328 5738 Sic
2355 5683 2530 5750 allecti
2565 5691 2749 5734 essent
2777 5679 2913 5739 Αιτι.
2957 5694 3054 5731 cos
3081 5695 3225 5732 anno
3271 5679 3378 5734 M8
3412 5681 3574 5734 utiles
3601 5694 3667 5733 ac
3695 5676 3845 5750 Sanis

2247 5755 2465 5808 statutis
2489 5747 2729 5807 refertas
2773 5751 2956 5807 Stricii
2988 5751 3199 5804 litteras
3229 5750 3281 5802 in
3313 5751 3548 5805 concilio
3579 5765 3680 5803 suo
3710 5747 3847 5803 reci-

2253 5825 2353 5884 tari
2390 5826 2713 5894 prmcepisse
2744 5825 2864 5892 quis
2886 5822 3152 5894 stnpcat?
3196 5815 3305 5877 Sed
3339 5837 3514 5892 neque
3562 5821 3714 5894 leges
3763 5821 3849 5894 Iit-

2253 5889 2516 5951 t'el‘is'lllis
2546 5889 3234 5964 proprieitnpodebatitur,
3279 5889 3468 5962 utpote
3504 5889 3703 5962 qu‘iliu's
3741 5889 3844 5945 noli
