4048 6350
268 334 411 402 H69

1478 346 1838 407 EPISTOLE
1879 346 1973 405 ET
2013 344 2362 405 DECRETA.

3429 339 3569 402 M70

259 468 383 514 sunt
414 460 526 533 lupi
545 477 761 533 rapaces
788 481 805 529 ;
834 480 863 517 a
896 462 1149 533 fructibus
1192 482 1369 521 corum
1420 466 1732 538 cognoscetis
1781 483 1867 522 eos
1894 474 1944 533 Α
1972 466 2168 522 borum
2194 464 2467 522 fructibus
2498 463 2877 537 prodiderunt.
2911 465 3155 537 Namque
3180 481 3307 522 cum
3338 465 3432 522 alii
3467 467 3580 522 bte-

264 550 484 624 (Hattlt.
519 570 613 620 vn,
643 556 715 612 15
747 567 796 611 et
826 557 937 630 16).
972 567 997 595 ³
1023 559 1087 615 lli
1119 570 1246 615 sunt
1272 558 1549 628 videlicet,
1601 561 1693 631 qui
1738 560 1869 616 sub-

264 647 440 704 tiliter
468 647 807 706 Christianos
858 667 980 709 sese
1020 654 1267 722 jactant:
1314 663 1373 709 ιιι
1412 655 1514 711 sub
1556 653 1867 710 velamento

261 740 335 811 pii
365 742 604 797 nominis
624 744 965 815 gradientes,
1007 746 1227 803 domum
1269 747 1541 803 orationis
1583 748 1816 818 ingressi
1847 789 1865 815 ,

260 845 572 890 sermonem
596 837 929 907 serpentium
974 838 1365 909 disputationis
1435 839 1721 895 effundant
1756 858 1771 906 ;
1811 850 1869 895 ut

260 930 505 997 sagittent
531 928 585 982 in
615 929 831 986 obscuro
850 940 1019 987 rectos
1049 931 1204 987 corde
1247 931 1420 1002 (Psal.
1451 949 1505 998 x,
1532 934 1612 1004 ὅ),
1643 930 1673 971 ι)
1704 943 1867 1003 atque

258 1038 290 1077 a
324 1020 557 1078 veritate
578 1024 848 1081 catholica
895 1026 1215 1092 avertendo,
1246 1028 1314 1083 ad
1345 1044 1457 1083 suae
1481 1028 1750 1084 doctrinae
1776 1044 1867 1084 ra-

262 1114 406 1172 biem
424 1117 698 1175 diabolico
721 1134 874 1177 more
897 1122 1273 1186 transducunt,
1295 1132 1458 1194 atque
1479 1124 1660 1178 ovium
1693 1134 1714 1161 ο
1739 1123 1872 1178 sim-

259 1208 562 1278 plicitatem
591 1209 949 1268 defraudeut.
1000 1214 1066 1269 Et
1100 1215 1323 1286 quidem
1369 1217 1661 1272 multarum
1694 1216 1870 1272 barre-

258 1313 381 1354 sum
411 1301 803 1372 malignitatem
841 1303 868 1341 ά
900 1306 967 1360 ab
995 1307 1263 1378 apostolis
1291 1324 1435 1363 nunc
1468 1324 1643 1379 usque
1670 1308 1869 1364 didici-

260 1407 406 1463 mus,
436 1405 490 1450 et
517 1397 727 1467 experti
775 1398 1177 1468 probavimus:
1231 1400 1329 1457 sed
1380 1416 1674 1473 numquam
1729 1401 1869 1459 tales

259 1498 429 1542 canes
479 1486 740 1545 Ecclesiae
773 1493 1092 1563 mysterium
1138 1494 1428 1550 latratibus
1478 1494 1863 1565 fatigaverunt,

256 1578 447 1650 quales
472 1592 496 1618 ο
532 1597 674 1638 nunc
706 1584 888 1641 subito
917 1585 1105 1643 hostes
1129 1588 1250 1645 lidei
1282 1600 1635 1662 erumpentes
1667 1632 1683 1657 ,
1732 1590 1862 1646 doc-

262 1674 406 1732 trina
436 1677 684 1749 pertidia:
715 1681 1001 1752 pullulata,
1039 1684 1194 1755 cujus
1244 1685 1353 1741 sint
1405 1685 1681 1757 discipuli,
1736 1699 1859 1742 ver-

1975 560 2131 616 retit:i
2162 560 2372 632 singula
2403 560 2504 615 sibi
2531 575 2734 630 genera
2780 560 3142 626 quiesuonum
3185 561 3327 617 male
3376 559 3581 616 intelli-

1974 654 2154 724 gendo
2188 651 2573 722 proposuerint
2598 653 2914 709 convellere
2941 663 3105 724 atque
3133 668 3469 724 concerpere
3506 653 3578 710 de

1975 748 2177 803 divinis
2233 746 2707 812 institutionibus;
2768 746 2856 801 isti
2906 762 3013 801 non
3054 747 3320 803 habentes
3364 756 3575 803 vestem

1976 840 2272 911 nuptialem
2296 838 2515 911 (Matth.
2548 856 2689 905 xxu,
2735 839 2863 911 η),
2892 841 3197 896 sauciantes
3240 839 3579 907 Catholicos,

1977 933 2102 989 novi
2128 948 2191 988 ac
2219 934 2422 988 veteris
2461 931 2823 997 Testamenti,
2882 941 2935 987 ut
2985 933 3136 1000 dixi,
3183 934 3575 989 continentiam

1972 1035 2370 1095 pervertentes,
2416 1034 2471 1080 et
2515 1024 2711 1093 spiritu
2759 1025 3033 1080 diabolico
3065 1024 3083 1063 ί
3120 1026 3573 1097 interpretantes,

1970 1120 2297 1175 illecebroso
2322 1128 2487 1189 atque
2511 1120 2637 1173 ficto
2654 1134 2908 1175 Sermone
2925 1120 3233 1189 aliquantus
3262 1130 3287 1168 ε
3304 1119 3576 1177 Christia-

1973 1230 2074 1270 nos
2101 1221 2387 1284 cmpernnt
2411 1214 2521 1283 jam
2546 1223 2781 1279 vastare,
2815 1220 2979 1284 atque
3010 1228 3123 1269 sua:
3168 1214 3459 1270 dementire
3480 1228 3576 1270 so-

1973 1308 2139 1371 ciare,
2170 1305 2195 1343 ιι
2229 1308 2367 1361 intra
2426 1321 2485 1361 se
2535 1308 2882 1362 continentes
2936 1308 3193 1378 nequitia:
3243 1323 3355 1365 sua:
3402 1308 3574 1365 virus.

1982 1402 1999 1439 ί
2055 1403 2249 1456 Verum
2281 1401 2439 1457 electi
2470 1400 2845 1471 blaspliemias
2875 1417 3001 1458 suas
3045 1403 3452 1472 conscriptione
3497 1413 3577 1460 te-

1975 1494 2206 1552 meraria
2234 1494 2448 1565 publice
2496 1492 2876 1564 prodiderunt.
2929 1504 2983 1550 et
3026 1494 3331 1565 desperatae
3371 1496 3576 1551 mentis

1973 1591 2157 1645 furore
2190 1589 2392 1645 conciti
2424 1631 2438 1653 ,
2485 1590 2687 1659 passim
2721 1590 2734 1638 l
2769 1588 2821 1642 in
2856 1587 3096 1643 favorem
3144 1588 3426 1659 gentilium
3476 1603 3577 1659 pu-

1966 1683 2258 1739 blicarunt.
2293 1684 2315 1717 κ
2350 1679 2459 1738 Sed
2490 1696 2520 1735 a
2550 1680 2884 1736 lidelissimis
2907 1681 3258 1746 Christianis,
3299 1681 3432 1735 viris
3481 1695 3575 1753 ge-

331 1828 440 1910 ff_ln
464 1846 572 1910 ms.
596 1831 751 1910 Pith.
795 1845 845 1889 ct
865 1851 980 1910 nuo
1002 1837 1183 1910 Colb.,
1212 1838 1286 1892 Hi
1312 1849 1429 1893 sunt
1450 1840 1684 1894 videlicet
1708 1839 1861 1910 quasi
1892 1841 1939 1903 B
1966 1856 2122 1910 quam
2153 1837 2418 1899 Susanna,
2470 1853 2622 1904 quam
2665 1837 2816 1910 Anna
2840 1853 2859 1891 :
2909 1847 2957 1891 et
2998 1848 3207 1893 crateras
3262 1856 3571 1895 commemo-

255 1901 482 1978 utilitate
509 1900 704 1978 Cltrist.
735 1905 790 1961 In
827 1908 1002 1963 altero
1028 1900 1209 1975 Colb.,
1242 1910 1311 1964 Hi
1336 1922 1453 1965 sunt
1485 1900 1742 1974 videlicet,
1773 1912 1859 1978 qui

255 1975 661 2049 quasiAquadatn
680 1979 902 2032 utilitate
919 1979 1108 2037 Christ.
1137 1999 1156 2049 ;
1184 1982 1326 2049 quod
1344 1984 1625 2047 corrigens
1648 1975 1854 2048 Quosn.

256 2045 559 2125 substituit,
581 2047 666 2125 lli
702 2061 820 2103 sunt
847 2050 1106 2119 videlicet,
1136 2045 1224 2125 qui
1253 2054 1348 2108 sub
1396 2045 1610 2108 restium
1640 2045 1855 2108 vilitate.

257 2115 323 2195 [fit
356 2116 473 2171 hzec
504 2119 722 2195 quidem
752 2125 1024 2178 correctio
1056 2115 1276 2187 nostris.
1312 2126 1401 2195 qui
1443 2125 1720 2180 Ambrmti
1747 2125 1862 2179 edi-

257 2188 459 2243 ti0nent
484 2191 850 2266 adornarunt,
883 2195 1174 2265 aliquando
1207 2188 1431 2266 placuit.
1475 2196 1582 2252 Sed
1639 2207 1861 2266 printer-

255 2274 418 2336 quam
448 2264 591 2336 quod
619 2263 763 2336 nulla
792 2263 989 2320 saltem
1014 2263 1219 2336 aperta
1239 2286 1371 2323 mss.
1401 2263 1729 2324 auctoritate
1756 2269 1860 2323 ful-

253 2334 417 2392 citur.
452 2334 499 2412 e_i
531 2334 819 2412 manifeste
851 2334 1119 2409 repugnat
1147 2339 1290 2409 quod
1323 2341 1685 2412 Hieronymus
1714 2342 1813 2395 lib.
1842 2357 1860 2396 ι

254 2403 820 2481 eontradnvinianum
853 2403 1368 2477 po'st'medftradit,
1407 2403 1605 2481 nem'pe
1643 2411 1862 2467 haereti-

257 2488 380 2567 curn
411 2474 587 2567 illum,
611 2494 729 2531 cum
769 2474 1212 2567 monac/tumes“
1241 2500 1295 2538 se
1323 2474 1553 2567 jactitet,
1606 2494 1721 2553 post
1744 2498 1860 2536 sor-

256 2546 434 2615 didam
466 2549 790 2625 tunicam,_et
816 2554 981 2625 nudos
1009 2559 1182 2621 pedes.
1217 2567 1262 2608 et
1286 2546 1768 2625 cibariam’panem,
1812 2565 1861 2608 et

255 2633 405 2692 aqua
427 2629 626 2692 potum,
656 2622 725 2675 ad
750 2623 1029 2679 candidam
1082 2637 1289 2692 uestem,
1322 2638 1371 2680 et
1402 2622 1618 2680 nitidam
1665 2637 1858 2691 cutem,

257 2690 326 2742 ad
346 2691 566 2745 mulsum
595 2704 642 2746 et
670 2694 961 2750 elaboratas
987 2713 1165 2751 carnes
1191 2714 1249 2753 se
1271 2690 1591 2754 contulisse.
1626 2697 1780 2754 Unde
1806 2708 1860 2753 et

258 2760 448 2837 lib._tt,
477 2764 619 2819 circa
662 2766 847 2837 _tned..
899 2772 979 2822 sic
1028 2768 1279 2823 eumdem
1334 2771 1676 2837 alloquitur:
1729 2770 1865 2822 Ante

260 2832 403 2887 nudo
426 2849 542 2889 eras
571 2835 719 2904 pede,
751 2838 902 2892 modo
956 2854 1062 2893 non
1105 2841 1273 2893 solum
1301 2832 1551 2903 ca’ceato,
1583 2840 1673 2893 sed
1695 2851 1744 2893 et
1776 2857 1865 2893 or-

261 2913 566 2982 nato;_tun_c
598 2923 730 2976 pexa
756 2912 932 2982 tunica
975 2919 1022 2964 et
1063 2911 1212 2982 nigra
1255 2913 1509 2965 subucula
1542 2913 1858 2977 vestiebaris,

262 2991 399 3029 nunc
425 2976 574 3033 lineis
594 2989 642 3033 ct
664 2980 841 3035 sericis
869 2976 1139 3043 vestibus:
1152 2994 1200 3037 et
1247 2983 1545 3038 Atrebatum
1578 3000 1639 3036 ac
1660 2976 1861 3036 Laodié

260 3062 363 3102 cete
390 3049 705 3105 indumentis
730 3064 945 3107 ornatus
975 3054 1191 3110 incedis.
1218 3055 1287 3109 Et
1313 3056 1415 3109 sub
1453 3054 1644 3119 finem,
1692 3054 1862 3121 Quos-

259 3134 495 3197 cumque,
525 3123 719 3193 inquit,
752 3123 1023 3192 formosos,
1076 3142 1422 3197 quoscumque
1458 3127 1857 3192 calamistratos,

259 3206 390 3261 quos
416 3193 555 3248 crine
575 3197 877 3265 composito,
901 3214 1028 3264 quos
1056 3193 1355 3252 rubentibus
1383 3199 1553 3252 buccis
1578 3198 1775 3261 videro,
1798 3197 1863 3251 de

263 3271 353 3338 tuo
381 3275 617 3321 armento
664 3279 806 3323 sunt.
849 3268 931 3324 An
981 3268 1306 3324 Jovinianus
1358 3272 1588 3325 subinde
1639 3269 1860 3338 quidem

262 3335 493 3411 primam
510 3347 723 3411 vestem
754 3351 1011 3401 mutasse.
1044 3341 1138 3395 sed
1162 3341 1409 3397 eamdem
1438 3335 1709 3411 perversae
1731 3358 1866 3404 pra:-

262 3404 563 3481 dicationis
605 3410 762 3465 initio
811 3411 1104 3467 retinuisse
1151 3404 1597 3469 dicendus'est?
1626 3412 1866 3481 Cogitari

264 3475 406 3532 istud
437 3489 640 3549 posset,
673 3482 776 3537 nisi
805 3482 1069 3539 ai‘fectatis
1095 3484 1201 3539 illis
1231 3485 1461 3540 Vt‘SIittm
1492 3475 1748 3539 sordibus
1768 3484 1867 3539 ad-

263 3560 578 3624 versaretur
606 3563 717 3607 tum
738 3553 1013 3619 doetrina,
1056 3566 1166 3609 tum
1201 3555 1462 3611 mollities
1511 3557 1654 3620 vitze,
1701 3572 1865 3624 quam

264 3617 733 3697 Siricius_arguit.
785 3626 967 3694 Quare
1003 3617 1220 3697 vulgata
1282 3626 1448 3682 lectio
1480 3668 1496 3694 ,
1553 3617 1731 3696 qnam'
1757 3643 1867 3682 non

262 3692 442 3766 solum
497 3692 687 3752 Isidori
718 3738 733 3761 ,
794 3692 890 3753 sed
932 3706 987 3753 et
1043 3692 1293 3766 Hispana:
1336 3692 1678 3754 collectionis
1729 3714 1862 3754 mss.

261 3764 591 3889 forulirmant
624 3809 640 3835 ,
696 3770 1025 3841 conjecturae
1054 3764 1196 3826 haud
1229 3771 1365 3827 satis
1415 3769 1586 3825 lirmte
1610 3771 1734 3841 jure
1762 3786 1864 3825 an-

287 3850 318 3889 e
342 3848 513 3889 ertur.

265 3844 513 3893 lefertur.

334 3906 522 3983 b‘Edit.
546 3913 743 3967 concil.
771 3923 895 3981 post
917 3914 1076 3970 Rom.
1106 3924 1160 3970 et
1177 3914 1403 3982 Baron.,
1427 3923 1584 3983 atque
1600 3915 1866 3969 veritatem

263 3979 965 4056 catholicampet'ocrteado,
1010 3986 1111 4041 nisi
1143 3988 1285 4056 quod
1318 3979 1459 4055 apud
1495 3979 1633 4041 Lab.
1687 3996 1867 4040 exstat

264 4050 508 4125 vertendo
539 4053 817 4119 :Merlin.,
841 4055 1031 4120 Crab.,
1058 4050 1259 4125 Quesn.
1290 4050 1585 4111 ac'nostris
1614 4072 1752 4111 mss.
1780 4072 1869 4112 re-

265 4122 586 4179 nitentibus.
620 4125 834 4183 Exinde
874 4122 1163 4191 Ct‘ab.,'ad
1205 4144 1313 4182 sua:
1354 4126 1607 4182 doctrina:
1644 4128 1866 4182 scabiem

265 4194 566 4251 substituit.

340 4276 363 4342 Ῡ
394 4268 514 4342 Ρηο
544 4284 702 4342 mss,
730 4270 1077 4342 simplicitate.

334 4336 362 4374 ά
394 4337 464 4391 Ita
488 4336 977 4410 antiquiores'mss.
1000 4359 1123 4397 cum
1150 4342 1283 4397 edit.
1308 4342 1511 4410 Quesu.
1535 4348 1588 4395 et
1603 4339 1858 4396 Ambros.

261 4408 461 4487 Cameri
495 4408 769 4487 νει-91η)ιὶ
799 4454 813 4477 ,
840 4415 905 4468 ab
936 4416 1235 4487 apostolicis
1271 4408 1609 4487 temporibus.

340 4481 549 4556 {Apud
582 4484 780 4539 Baron.
812 4496 865 4539 ut
893 4487 943 4539 itt
966 4481 1099 4541 edit.
1134 4488 1319 4547 Rom.,
1370 4481 1548 4556 quales
1595 4485 1681 4538 isti
1729 4502 1866 4540 nunc

263 4553 431 4627 subito
452 4566 800 4622 erumpentes,
831 4557 1068 4611 doctrina
1101 4556 1337 4626 perﬁdia:
1365 4553 1575 4627 polluti,
1608 4556 1776 4611 hostes
1800 4559 1866 4625 fi-

1965 1909 2133 1964 rando
2162 1910 2452 1963 testimonio
2482 1918 2674 1981 sancta?
2718 1908 3005 1981 Scriptura:
3043 1910 3573 1967 commendattssimas

1966 1983 2208 2051 feminas,
2236 1982 2418 2051 quibus
2438 1998 2490 2035 se
2510 1980 2617 2034 illa:
2648 1982 2887 2034 meliores
2913 1988 2987 2035 rel
3009 1983 3163 2036 etiam
3185 1999 3333 2052 pares
3350 1987 3576 2057 cOgitare

1966 2071 2071 2108 non
2104 2063 2330 2117 possent.

2041 2134 2065 2172 ε
2083 2125 2225 2179 Loco
2253 2124 2404 2177 vocis
2432 2122 2777 2181 Christianos.
2803 2123 2942 2192 apud
2973 2123 3175 2190 Quesn.
3206 2126 3439 2191 legimus
3462 2128 3572 2183 Ro-

1967 2213 2193 2268 manos;
2242 2195 2641 2265 refragantibus
2699 2195 2818 2247 aliis
2870 2195 3044 2268 libtis.
3089 2199 3443 2268 Quamquam
3496 2199 3571 2266 id,

1966 2269 2115 2335 quod
2150 2267 2337 2321 Romae
2385 2268 2701 2319 nominatim
2735 2267 2981 2333 contigit,
3016 2283 3043 2320 τι
3077 2267 3272 2323 Siricio
3306 2267 3390 2324 hic
3419 2286 3575 2325 cont-

1968 2340 2260 2394 meruorari
2290 2339 2477 2393 suadet
2506 2338 2631 2391 illud
2662 2337 2948 2406 Augustini
2982 2339 3074 2391 lib.
3105 2354 3141 2393 tt
3178 2340 3332 2395 Retr.
3376 2356 3425 2395 c.
3463 2342 3529 2396 12
3556 2361 3570 2397 :

1965 2409 2234 2483 Joviniaiti
2253 2411 2478 2483 Ιιαθνιέεὶκ,
2498 2424 2764 2483 sacrorum
2784 2410 3038 2483 virginum
3062 2413 3297 2465 meritum
3318 2415 3573 2483 trqrtando

1968 2482 2236 2550 pudicitia?
2262 2482 2550 2554 conjogali,
2585 2492 2781 2554 tantum
2805 2482 2967 2554 caluit
3014 2482 3068 2535 in
3110 2484 3232 2537 urbe
3281 2482 3465 2545 Roma.
3518 2496 3576 2541 ut

1967 2554 2247 2607 nonnullas
2269 2551 2888 2615 etiamsanctimoniales,
2931 2551 2995 2607 de
3047 2571 3268 2620 quarum
3323 2558 3573 2621 pudicitia

1967 2625 2203 2697 suspicio
2225 2625 2371 2678 nulla
2400 2633 2749 2697 pra’cesscrat,
2776 2622 3024 2696 dejecisse
3049 2626 3100 2677 in
3134 2630 3342 2697 nuptias
3376 2626 3574 2683 dicere-

1967 2706 2122 2750 tur...
2152 2696 2269 2750 Hoc
2297 2694 2449 2749 modo
2472 2696 2623 2748 etiam
2643 2694 2871 2747 virorum
2895 2709 3192 2751 sanctorum
3209 2694 3443 2752 sanctum
3470 2715 3572 2753 cce-

1968 2768 2184 2892 libatur:
2213 2810 2227 2830 ,
2304 2768 2786 2821 commemoratione
2836 2778 3043 2837 patrum
3088 2781 3134 2823 et
3186 2772 3571 2842 comparatione

1970 2842 2145 2892 {ranas
2186 2849 2258 2892 at.

1967 2842 2258 2909 frangebat.

2060 2859 2085 2891 η
2123 2859 2258 2893 ιυαι.

2060 2859 2131 2965 11%
2144 2912 2248 2979 pud
2280 2910 2484 2978 Quesn.
2511 2920 2564 2963 ct
2585 2926 2648 2964 ex
2669 2924 2735 2964 eo
2762 2910 2814 2963 in
2845 2925 2982 2965 nova
3015 2910 3285 2967 Ambrosii
3310 2913 3571 2982 editione,

1967 2998 2071 3035 non
2100 2984 2234 3035 intra
2263 3000 2335 3042 se,
2363 2984 2574 3046 adjecta
2603 2983 2867 3051 particula
2894 2993 3143 3049 negante,
3181 3000 3247 3039 an
3305 3000 3425 3039 cunt
3476 2987 3575 3042 ali-

1966 3067 2076 3121 qua
2095 3053 2282 3121 scripti
2310 3053 2514 3107 codicis
2543 3055 2893 3117 auctoritate,
2924 3070 3032 3107 non
3062 3066 3308 3123 apparet.
3333 3056 3573 3113 Caetero-

1969 3140 2089 3177 rum
2140 3124 2403 3178 librorum
2451 3123 2668 3194 lectioni
2727 3124 3055 3194 sum-agatur
3096 3126 3235 3180 istud
3282 3127 3569 3193 Augustini

1968 3194 2068 3270 lib.
2100 3210 2135 3249 tt
2166 3197 2319 3270 Relr.
2366 3210 2420 3249 c.
2457 3194 2553 3270 ηε
2580 3193 2953 3270 Remanserunt
2993 3206 3165 3249 autem
3205 3199 3317 3252 ista:
3338 3200 3573 3270 disputa-

1972 3268 2135 3344 tiones
2164 3266 2583 3344 inquorumdam
2605 3267 2927 3344 sermonibus
2947 3283 3006 3344 ac
3034 3270 3260 3322 susurris
3280 3310 3293 3331 ,
3318 3266 3454 3344 quas
3484 3288 3571 3344 pa-

1973 3338 2078 3393 lam
2099 3338 2319 3393 suadere
2357 3337 2531 3391 nullus
2554 3337 2797 3392 audebat.
2824 3338 3087 3395 Eatndem
3115 3347 3172 3395 et
3192 3342 3461 3401 orationis
3483 3337 3572 3400 se-

1972 3412 2084 3465 ries
2113 3410 2306 3480 exigit.

2052 3481 2076 3556 i_
2107 3477 2261 3556 apud
2292 3479 2505 3556 Merlin.
2532 3489 2610 3556 _et
2641 3477 2805 3556 Crab.
2833 3490 2930 3556 ,ιιι
2962 3482 3015 3536 in
3060 3484 3362 3556 mss.rcoll.
3410 3485 3564 3556 ﬂisp.

1970 3560 2028 3625 et
2056 3553 2211 3617 lsid.,
2240 3553 2376 3606 velut
2398 3552 2562 3605 electi.
2597 3552 2750 3618 Apud
2783 3552 2914 3625 Lab.
2945 3569 3011 3625 ex
3044 3555 3291 3625 margine
3317 3556 3481 3611 Crab.
3510 3552 3572 3612 et

1971 3622 2029 3678 in
2070 3626 2400 3693 quibusdam
2447 3625 2704 3677 Ambros.
2746 3624 2879 3679 edit.
2905 3666 2921 3689 ,
2962 3622 3362 3681 Verum'electi.
3415 3629 3574 3683 Anti-

1970 3697 2195 3763 quiores
2229 3710 2360 3749 mss.
2393 3694 2502 3749 duo
2531 3693 2686 3750 Colb.
2714 3706 2765 3751 et
2790 3711 2930 3750 unus
2960 3696 3127 3763 Pith.,
3165 3696 3359 3752 Verum
3382 3700 3564 3753 illecti.

1971 3765 2115 3821 Nihil
2152 3781 2319 3837 prope
2350 3767 2677 3835 atubigimus
2707 3809 2722 3832 ,
2754 3768 2883 3837 quin
2917 3768 3311 3824 restituendum
3336 3774 3428 3835 sit,
3470 3770 3569 3827 Vc-

1971 3854 2087 3891 rum
2114 3838 2330 3893 detecti:
2352 3838 2489 3892 adeo
2517 3850 2571 3892 ut
2605 3840 2694 3905 qui
2728 3840 2985 3908 nequitia:
3022 3856 3136 3895 sua:
3164 3839 3310 3895 virus
3342 3844 3481 3897 intra
3510 3858 3573 3898 se

1971 3911 2346 3970 continebant.
2377 3911 2466 3964 ubi
2497 3910 2731 3978 primum
2766 3910 2899 3964 illud
2925 3912 3100 3967 latere
3122 3916 3232 3981 jam
3267 3929 3371 3968 ltOn
3406 3928 3571 3980 posse

1972 3982 2476 4046 deprehenderunt,
2507 3981 2881 4049 blasphemias
2908 3998 3042 4052 quas
3067 3985 3205 4037 clam
3232 3986 3574 4040 mussitanda

1972 4054 2359 4123 suggerebant,
2395 4052 2608 4121 publica
2649 4053 2949 4125 scriptione
2992 4054 3289 4110 defendere
3314 4057 3425 4125 jam
3457 4073 3569 4114 cce-

1972 4127 2172 4194 perint.
2197 4125 2477 4181 Noluimus
2499 4134 2683 4178 tamen
2728 4124 3019 4179 lectionem
3056 4128 3199 4180 nulla
3242 4124 3390 4181 certa
3440 4143 3570 4184 auc-

1971 4197 2195 4250 toritate
2219 4196 2408 4250 fultam
2440 4195 2760 4249 obtrudere.
2794 4195 3245 4264 lnterpolationis
3266 4214 3329 4253 ac
3358 4197 3568 4254 falsita-

1971 4266 2041 4321 tis
2088 4277 2339 4337 suspecta
2391 4265 2610 4337 videtur
2667 4268 2781 4319 haec
2826 4267 3148 4333 Quesnelli,
3212 4265 3570 4325 Vcrumelccti

1970 4353 2181 4412 eorum;
2220 4338 2376 4412 quasi
2416 4336 2711 4412 ._lo_viniano
2752 4351 2816 4412 ac
2870 4338 3354 4412 sociis,‘perinde
3397 4352 3567 4412 atque

1969 4408 2319 4475 Manichaais,
2351 4409 2434 4462 sui
2469 4409 2704 4462 fuissent
2733 4408 2929 4474 electi;
2961 4408 3105 4478 quod
3139 4411 3322 4466 nullus
3357 4408 3568 4467 memo-

1968 4480 2067 4554 ria:
2099 4479 2401 4554 mandavit.
2450 4479 2566 4554 Non
2592 4479 2766 4533 levior
2802 4490 2892 4554 est
2936 4482 3289 4550 interpolatio
3314 4523 3329 4546 ,
3360 4500 3483 4554 quae
3511 4485 3567 4541 in

1967 4551 2102 4608 edit.
2133 4553 2289 4607 Rom.
2337 4554 2407 4605 ita
2460 4552 2728 4624 habetur:
2766 4551 2924 4618 viras,
2974 4555 3305 4624 prwferentes
3350 4551 3405 4610 se
3434 4565 3566 4610 tam-

263 4622 367 4700 ἐισί,
396 4628 484 4695 qm-
507 4631 657 4700 (κάμε
686 4629 809 4683 sint.
862 4627 1057 4683 anlm
1086 4622 1248 4684 [eam
1301 4622 1386 4684 est
1434 4636 1755 4687 aerei-0mm
1792 4622 1860 4683 Ii-
1889 4623 1945 4684 D
1968 4640 2122 4695 quant
2146 4623 2696 4700 electi,_blaspltemias
2729 4632 2897 4677 tanten
2926 4640 3047 4677 suas
3078 4622 3457 4694 conscriptione
3492 4637 3566 4684 te-

267 4694 510 4772 brorttut,
537 4694 640 4772 nisi
671 4701 815 4770 quod
845 4701 897 4755 in
931 4716 1039 4755 uno
1066 4702 1222 4755 Colb.
1253 4700 1477 4772 polluta,
1528 4708 1584 4754 et
1631 4700 1684 4755 in
1735 4701 1857 4757 aliis

264 4767 438 4845 tribus
467 4767 783 4845 pollutoram
800 4782 1007 4845 exstet,
1044 4789 1141 4840 pro
1169 4767 1449 4845 pallulam.

342 4838 361 4876 ί
394 4838 616 4896 111ἰιιςε.
646 4844 770 4897 coll.
798 4844 950 4910 Hisp.
981 4838 1185 4900 et‘lsid'.
1221 4854 1275 4897 ιιι
1304 4843 1445 4914 apud
1491 4842 1651 4897 Crab.
1704 4842 1858 4898 desi-

264 4909 491 4966 deratur
518 4909 936 4981 interpretantes.
970 4917 1113 4970 ldeut
1169 4909 1418 4973 verbum.
1476 4929 1686 4969 necnon
1731 4914 1858 4981 ista,

265 4990 312 5036 et
340 4983 527 5047 spiritu
558 4983 831 5049 diabolica,
859 4989 909 5039 in
939 4988 1069 5041 edit.
1097 4989 1252 5042 Rom.
1290 4996 1347 5042 et
1374 4986 1516 5055 apud
1542 4986 1741 5040 Baron.
1765 4987 1863 5041 de-

265 5063 410 5109 sunt.
446 5056 521 5110 Ex
549 5056 668 5112 aliis
700 5058 851 5112 libris
874 5068 1220 5114 revocantur.
1254 5058 1508 5114 Proxime
1540 5067 1700 5111 antea
1746 5059 1863 5111 novi

265 5141 324 5179 ac
343 5128 524 5181 ceteris
551 5128 858 5183 Testamenti
885 5131 1247 5185 continentiam
1273 5144 1378 5184 non
1414 5130 1652 5184 absurde
1702 5129 1863 5183 intel-

267 5198 496 5268 ligamus
528 5216 626 5269 pro
653 5216 722 5255 eo
743 5200 873 5265 dici,
901 5202 1046 5268 quod
1079 5216 1220 5255 novo
1242 5213 1292 5255 et
1319 5203 1488 5258 veteri
1514 5200 1864 5255 Testamento

265 5271 577 5326 continetur
603 5286 666 5327 ac
686 5272 932 5327 docetur.
961 5275 1080 5339 Quo
1110 5273 1389 5339 intellectu
1422 5273 1748 5328 continentur
1768 5288 1867 5327 no.

265 5354 389 5395 men
417 5342 493 5415 ab
510 5342 844 5415 ilieronynto
866 5337 1027 5410 epist.
1061 5337 1153 5407 δί’,
1209 5344 1276 5399 ad
1328 5344 1565 5399 Pammat
1587 5344 1666 5411 h.,
1699 5359 1867 5399 usur-

266 5422 451 5481 patum
486 5414 733 5481 legimus,
766 5415 852 5469 ubi
876 5414 1145 5470 Joannem
1187 5415 1517 5485 Jerosolym.
1568 5417 1691 5470 hinc
1737 5416 1867 5470 insi-

266 5485 533 5558 mulatum
563 5485 750 5550 refert,
782 5489 917 5551 quod
962 5489 1035 5541 sic
1090 5488 1390 5555 paradisum
1440 5486 1760 5558 atlegoriset,
1815 5497 1869 5540 ut

268 5556 501 5611 historice
522 5562 726 5630 auferat
747 5560 1078 5615 veritatem...
1112 5570 1371 5631 totamque
1413 5556 1645 5631 paradisi
1684 5574 1871 5631 conn-

268 5631 859 5701 nsnrtthropologica
898 5630 1321 5697 interpretatione
1364 5630 1639 5684 subvertat.
1695 5630 1868 5685 Prava

267 5708 450 5755 autem
477 5702 856 5771 interpretatio
887 5701 999 5769 illa,
1032 5718 1192 5771 quam
1223 5702 1451 5759 Siricius
1479 5710 1651 5766 notat,
1684 5703 1735 5756 in
1768 5703 1871 5758 hoc

268 5772 507 5826 maxime
564 5775 889 5844 perspicitur
937 5784 1260 5843 argumento
1289 5815 1303 5840 ,
1360 5789 1465 5845 qtto
1513 5772 1868 5841 Joviniauus,

269 5852 412 5915 teste
440 5845 748 5915 Augustino
794 5846 888 5899 lib.
923 5861 958 5899 tt
992 5845 1143 5901 Retr.
1177 5861 1227 5900 c.
1279 5847 1366 5909 12,
1410 5859 1595 5899 sacras
1634 5847 1872 5915 virgines

268 5907 725 5980 itrprbatfilicem
757 5926 774 5969 ξ
816 5915 893 5970 Tu
921 5934 1039 5983 ergo
1064 5918 1242 5971 melior
1259 5933 1310 5970 es
1334 5907 1487 5979 quam
1508 5916 1659 5973 Sara,
1690 5907 1872 5969 "Tutior

1967 4698 2191 4749 meraria
2219 4695 2568 4764 publicarunt.

2046 4769 2059 4817 l
2098 4768 2349 4840 Plerique
2372 4781 2440 4840 ac
2472 4766 2803 4840 vetuStiores
2836 4780 2969 4840 mss.
3004 4782 3126 4824 cum
3168 4769 3324 4825 Merl.
3348 4813 3364 4836 ,
3398 4774 3453 4825 in
3477 4775 3566 4840 fu-

1969 4855 2107 4913 rore.
2141 4839 2259 4893 Duo
2288 4838 2406 4913 alii,
2433 4842 2609 4913 fur_ore
2638 4837 2859 4913 sineﬁin.
2880 4838 3086 4906 Quesn.
3115 4845 3363 4911 furorem.
3397 4837 3565 4913 Magis

1970 4911 2149 4981 placet
2177 4925 2300 4983 cunt
2334 4908 2469 4964 edit.
2499 4908 2656 4963 Ront.
2688 4949 2701 4973 ,
2734 4909 2898 4965 Crab.
2932 4922 2987 4965 ct
3011 4908 3267 4968 Ambros.
3290 4954 3305 4977 ,
3331 4914 3386 4967 in
3414 4908 3566 4983 {aiio-

1970 4998 2112 5036 rem:
2140 4982 2261 5052 quia
2291 4990 2344 5035 et
2378 4996 2483 5035 vox
2515 4984 2692 5050 furore
2717 4983 2987 5052 proxime
3040 4983 3357 5049 antecedit,
3388 4982 3443 5039 et
3474 5001 3565 5042 re-

1972 5054 2088 5125 ipsa
2108 5052 2403 5125 Gentilium
2436 5052 2679 5125 moribus
2705 5051 2974 5125 Jnviniaui
2999 5054 3245 5109 doctrina
3274 5056 3568 5125 plurimum

1972 5122 2137 5201 favet.
2176 5124 2384 5179 Exinde
2414 5126 2530 5179 sola
2556 5123 2725 5179 editio
2751 5122 2911 5179 Rom.
2959 5140 3013 5180 se
3042 5122 3382 5195 prodiderunt
3412 5169 3429 5197 ,
3464 5145 3564 5201 pro

1972 5196 2321 5267 publicarunt.

2046 5267 2073 5305 ιι
2103 5270 2256 5338 Apud
2289 5268 2496 5335 Quesn.
2522 5308 2537 5331 ,
2573 5266 2767 5321 Eorum
2805 5276 2976 5319 autem
3020 5267 3223 5322 insania
3264 5288 3296 5324 a
3328 5272 3569 5333 ﬁdelissi-

1975 5340 2145 5395 mis...
2179 5339 2348 5393 subito
2378 5355 2470 5409 per
2491 5340 2805 5407 scripturam
2834 5339 3175 5405 honoriﬁcam
3222 5343 3421 5398 videtur
3454 5361 3567 5401 esse

1977 5410 2192 5466 delata:
2228 5411 2395 5466 lectio
2419 5410 2747 5481 interpolata
2777 5447 2796 5476 ,
2844 5425 2945 5481 nec
2971 5410 3037 5465 ad
3091 5412 3276 5468 Siricti
3324 5427 3567 5472 mentem

1979 5495 2192 5538 exacta.
2228 5481 2284 5537 In
2309 5498 2419 5538 uno
2446 5479 2664 5551 quidem
2700 5494 2810 5551 tus.
2861 5479 3021 5536 Colb.
3050 5491 3109 5538 ut
3135 5493 3192 5540 et
3235 5485 3287 5539 in
3323 5486 3475 5542 Rem.
3510 5500 3567 5545 et

1979 5553 2124 5626 Pith.
2152 5555 2380 5610 habetur
2409 5550 2664 5626 scriptura
2687 5550 3024 5626 honoriﬁca“,
3067 5567 3122 5609 et
3176 5558 3315 5626 apud
3348 5558 3564 5614 Merlin.

1979 5625 2361 5696 honoriﬁcam:
2397 5625 2490 5678 sed
2542 5640 2664 5678 cum
2698 5626 2912 5679 caeteris
2960 5624 3113 5682 libris
3166 5624 3562 5695 pra-ferendum

1981 5700 2239 5770 scriptura
2267 5697 2535 5765 [torri/ica,
2569 5710 2632 5749 ea
2664 5697 2780 5770 ipsa
2809 5696 3241 5770 videlicet,__qu:e
3274 5702 3435 5769 paulo
3466 5717 3563 5757 an-

1983 5778 2065 5825 tea
2088 5764 2705 5840 conscriptio'temcraria
2735 5768 3048 5840 vocabatur.
3081 5764 3231 5824 Nunc
3252 5764 3383 5826 vero
3428 5773 3564 5833 dici~

1983 5851 2069 5897 tur
2102 5838 2367 5908 horriﬁca,
2413 5850 2524 5893 tum
2558 5838 3155 5913 prOpter‘blasphemias
3208 5844 3401 5913 quibus
3432 5861 3567 5905 con+

1983 5924 2169 5979 spersa
2202 5905 2336 5973 erat,
2372 5921 2480 5964 tttm
2510 5905 2672 5964 etiam
2704 5905 2773 5962 ob
2800 5905 3105 5966 barbariem
3135 5905 3281 5982 styil.
3314 5913 3384 5969 Ut
3415 5912 3562 5971 enim
