4048 6350
236 300 373 363 11Ἱῖ
1433 304 1798 366 EPISTOLA‘J
1836 305 1926 367 ET
1968 306 2315 368 DECRETA.
3360 304 3529 383 ΗΠΒ

234 423 391 479 nobis
414 420 692 494 judicandi
739 420 910 478 forma
953 430 1267 494 competere
1312 437 1421 480 non
1451 434 1656 496 posset.
1687 424 1823 481 Nam
1852 432 1908 493 Α
1933 436 2213 498 peccatum
2240 427 2425 484 mundi
2454 428 2695 495 tolleret,
2724 428 3101 498 pronuntiavit
3132 427 3298 486 etiam
3342 428 3410 485 de
3442 428 3530 485 in-

232 517 277 573 si
308 516 519 590 integra
567 525 714 572 esset
762 515 925 572 hodie
972 517 1246 589 synodus,
1275 527 1426 576 recte
1475 518 1543 574 de
1577 521 1676 589 iis,
1704 534 1827 591 quae

232 611 643 683 comprehendit
672 621 973 668 vestrorum
1003 613 1328 685 scriptorum
1379 613 1585 681 series,
1635 613 1829 669 decer-

233 722 513 763 neremus.
551 707 801 762 Vestrum
824 716 908 763 est
934 707 1120 779 igitur,
1152 709 1245 778 qui
1278 708 1381 764 hoc
1411 707 1696 777 recepistis
1740 707 1829 778 ju-

234 801 456 869 dicium,
494 802 821 857 sententiam
852 800 997 859 ferre
1023 802 1091 858 de
1120 803 1394 869 omnibus,
1428 818 1530 859 nec
1560 802 1831 873 refugien-

234 894 286 951 di
320 895 403 951 vel
448 896 699 951 elabendi
748 895 836 965 vel
884 897 1292 953 accusatoribus
1332 896 1417 952 vel
1450 906 1704 952 accusato
1732 910 1829 951 co-

234 989 376 1060 piam
406 987 558 1044 dare.
596 988 779 1043 Vicem
805 987 948 1045 enim
980 989 1172 1061 synodi
1204 988 1492 1059 recepistis
1516 1028 1531 1057 ,
1583 1002 1721 1059 quos
1761 986 1829 1042 ad

235 1083 654 1139 examinandum
681 1082 921 1155 synodus
951 1083 1138 1154 elegit.

303 1176 360 1231 2.
390 1174 627 1232 Bonosus
652 1177 975 1232 interdictam
1002 1177 1100 1232 sibi
1122 1177 1389 1233 ecclesiam
1415 1176 1704 1249 irrumpere
1745 1189 1832 1230 co-

236 1274 429 1345 gitans,
452 1271 515 1326 ab
534 1271 807 1327 Ambrosio
832 1271 1183 1327 dissuadetur.
1212 1302 1284 1312 —
1306 1271 1550 1343 Denique
1576 1285 1699 1325 cum
1728 1270 1834 1325 Bo-

237 1381 402 1421 nosus
432 1367 726 1437 episcopus
758 1376 877 1437 post
903 1365 1170 1437 judicium
1216 1375 1457 1422 vestrum
1492 1364 1727 1420 misisset
1764 1363 1830 1418 ad

236 1458 458 1513 fratrem
491 1470 741 1513 nostrum
791 1458 1163 1526 Ambrosium,
1219 1459 1312 1530 qui
1355 1458 1472 1529 ejus
1499 1456 1831 1514 sententiam

237 1556 573 1623 consuleret,
605 1564 631 1593 ο
664 1554 1014 1610 interdictam
1043 1554 1148 1610 sibi
1193 1553 1487 1609 ecclesiam
1525 1555 1833 1622 irrumpere

242 1657 405 1719 atque
433 1647 677 1719 ingredi;
708 1661 1034 1718 responsum
1065 1655 1151 1701 est
1190 1646 1274 1710 ei,
1303 1644 1449 1713 quod
1495 1644 1629 1698 nihil
1660 1654 1833 1698 teme-

238 1744 466 1800 randum
496 1743 657 1811 foret,
690 1742 787 1799 sed
836 1742 1017 1797 omnia
1052 1740 1303 1797 modeste
1330 1782 1345 1806 ,
1380 1740 1659 1811 patienter
1689 1780 1703 1805 ,
1741 1753 1832 1793 or-

1933 522 2189 592 tegritate
2217 523 2501 578 materna?
2532 524 2639 578 Aut
2665 522 2795 594 quid
2844 522 2992 579 aliud
3039 522 3282 593 dicitur,
3325 524 3432 580 nisi
3476 531 3537 580 ut

1932 614 2152 671 claudat
2173 631 2271 672 sua
2305 630 2398 672 ora
2431 614 2685 687 perfidia,
2714 627 2769 673 et
2798 616 3164 682 Obmutescat,
3201 632 3271 674 ne
3299 627 3533 674 matrem

1934 708 2151 764 Domini
2184 709 2365 780 aliquo
2392 709 2589 766 audeat
2612 718 2888 767 temerare
2924 710 3213 767 convicio?
3240 710 3420 767 Testis
3451 719 3537 767 est

1933 819 2061 875 ergo
2089 804 2230 859 idem
2254 805 2485 870 arbiter,
2516 804 2657 862 idem
2689 806 2923 862 materni
2971 806 3199 877 pudoris
3237 814 3485 862 assertor
3513 845 3531 874 ,

1934 897 2079 969 quod
2103 897 2434 969 desponsata
2490 898 2652 956 fuerit
2684 900 2810 954 viro
2859 898 3245 955 tantummodo
3281 896 3483 968 Josepb
3518 940 3535 963 ,

1935 991 2086 1047 nulla
2116 1001 2295 1047 tamen
2318 991 2625 1064 conjugalis
2650 992 2831 1049 coitus
2858 992 3261 1049 consuetudine
3286 992 3389 1047 tori
3412 991 3539 1062 jura

1934 1086 2257 1156 cognoverit
2280 1084 2498 1159 (Matth.
2529 1101 2568 1152 ι,
2605 1085 2716 1156 18).
2749 1086 2940 1158 Neque
2971 1086 3121 1143 enim
3155 1100 3274 1142 eam
3318 1098 3545 1155 suscep-

1938 1188 2111 1235 luram
2143 1195 2206 1235 ex
2238 1178 2446 1248 Ioseph
2473 1179 2617 1235 filios
2645 1196 2675 1234 a
2700 1178 2800 1235 viri
2831 1178 3121 1236 consortio
3152 1193 3414 1250 separare
3439 1192 3540 1232 vo-

1938 1272 2143 1328 luisset.
2176 1273 2283 1329 Sed
2311 1274 2355 1329 si
2389 1274 2491 1328 hoc
2528 1288 2721 1345 parum
2767 1284 2845 1329 est
2866 1314 2881 1340 ,
2912 1272 3124 1328 addidit
3157 1271 3536 1329 testimonium

1939 1369 2314 1439 Evangelista,
2372 1368 2560 1425 dicens
2613 1368 2762 1440 quod
2816 1369 3045 1440 suscepit
3090 1384 3205 1423 eam
3253 1365 3544 1437 discipulus

1942 1475 1963 1503 ε
1991 1465 2045 1519 in
2072 1481 2165 1518 sua
2186 1462 2379 1536 (Ibid.,
2419 1462 2533 1533 50).
2580 1462 2855 1533 Numquid
2879 1477 3014 1533 ergo
3043 1459 3340 1517 divortium
3372 1455 3546 1514 fecit?

1938 1555 2201 1627 numquid
2249 1571 2278 1610 a
2326 1555 2446 1610 viro
2496 1553 2722 1610 abduxit
2767 1562 2933 1625 atque
2962 1553 3226 1609 abstulit?
3267 1551 3416 1622 Ergo
3451 1548 3548 1621 qui

1938 1650 2044 1707 hoc
2094 1649 2225 1721 legit
2254 1649 2305 1703 in
2360 1648 2681 1719 Evangelio,
2728 1646 3004 1718 quomodo
3040 1646 3197 1715 quasi
3249 1645 3547 1715 naufragus
3586 1667 3597 1677 υ

1940 1742 2136 1799 titubat
2164 1752 2218 1798 et
2249 1740 2509 1797 fluctuat?
2538 1741 2652 1798 [loc
2674 1755 2805 1813 ergo
2837 1748 3219 1797 testamentum
3248 1738 3345 1794 lilii
3368 1746 3456 1794 est
3478 1735 3549 1793 de

239 1836 368 1895 dine
404 1838 647 1908 gerenda
674 1880 690 1904 ,
731 1852 911 1907 neque
967 1846 1157 1891 contra
1219 1833 1547 1890 sententiam
1591 1842 1829 1888 vestram
1862 1854 1910 1914 Β
1938 1836 2128 1893 matris
2160 1834 2497 1905 integritate,
2525 1836 2640 1889 haec
2668 1833 2853 1889 Maria:
2875 1830 3339 1903 locttplesintegri
3381 1828 3552 1901 pudo-

241 1934 559 1989 tentandum
591 1933 829 2005 aliquid;
856 1943 915 1989 ut
945 1932 1090 2005 quod
1118 1932 1399 1989 videretur
1432 1930 1834 2002 vobisjustitia:

241 2029 558 2093 convenire,
590 2028 936 2096 statueretis,
962 2028 1163 2100 quibus
1204 2027 1346 2082 hanc
1387 2027 1628 2099 synodus
1660 2023 1831 2080 dede-

244 2128 328 2175 rat
349 2120 758 2176 auctoritatem.
803 2118 931 2176 ldco
964 2119 1194 2190 primum
1226 2128 1343 2185 est,
1378 2129 1435 2173 ut
1471 2118 1507 2173 ii
1540 2116 1790 2189 judicent
1819 2157 1834 2183 ,

244 2213 442 2285 quibus
460 2212 742 2283 judicandi
775 2214 1005 2268 facultas
1026 2222 1113 2269 est
1143 2211 1303 2267 data:
1334 2226 1434 2267 vos
1462 2211 1608 2266 enim
1642 2209 1833 2275 totius,

246 2316 304 2361 ut
325 2306 670 2376 scripsimus,
700 2306 895 2378 synodi
935 2306 1055 2361 vice
1081 2304 1418 2370 decernitis;
1464 2318 1564 2360 nos
1592 2302 1745 2375 quasi
1771 2317 1837 2358 ex

246 2401 438 2474 synodi
471 2400 797 2456 auctoritate
821 2400 1069 2470 judicare
1098 2416 1205 2455 non
1238 2400 1516 2456 convenit.

317 2496 373 2552 3.
402 2493 597 2550 Bonosi
626 2512 768 2550 error
818 2496 882 2549 de
929 2495 1055 2564 [illis
1087 2494 1293 2550 Mariw.
1328 2493 1531 2550 Iudaeis
1567 2498 1725 2567 favet.
1766 2523 1838 2533 —

250 2588 393 2645 Sane
421 2604 529 2644 non
560 2602 847 2660 possumus
895 2604 1093 2660 negare
1122 2588 1192 2644 de
1222 2588 1408 2643 Maria:
1445 2588 1574 2643 filiis
1602 2588 1724 2659 jure
1753 2602 1844 2643 re-

253 2683 607 2755 prehensum,
636 2685 939 2755 meritoque
963 2692 1202 2739 vestram
1247 2684 1597 2739 sanctitatem
1639 2683 1843 2739 abhor-

253 2777 449 2839 ruisse,
480 2776 626 2847 quod
652 2791 719 2833 ex
760 2776 953 2833 eodem
984 2784 1139 2832 utero
1177 2776 1463 2847 virginali,
1496 2791 1562 2831 ex
1606 2791 1715 2847 quo
1754 2790 1845 2831 se-

252 2870 488 2928 cundum
509 2886 728 2927 carnem
748 2868 998 2926 Christus
1030 2878 1191 2925 natus
1218 2880 1301 2926 est
1328 2910 1344 2939 ,
1386 2871 1526 2925 alius
1553 2881 1743 2940 partus
1766 2870 1845 2927 ef-

254 2965 407 3023 fusus
434 2966 524 3022 sit.
549 2965 735 3038 Neque
761 2966 904 3021 enim
931 2966 1189 3036 elegisset
1213 2966 1475 3021 Dominus
1498 2964 1657 3021 Jesus
1693 2966 1843 3020 nasci

255 3076 352 3133 per
376 3060 667 3131 virginem,
694 3059 741 3117 si
772 3075 889 3115 eam
914 3060 1218 3130 judicasset
1273 3070 1378 3114 tam
1413 3058 1844 3113 incontinentem

258 3155 396 3222 fore,
427 3167 485 3210 ut
507 3155 640 3211 illud
668 3156 911 3226 genitale
950 3153 1223 3210 Dominici
1255 3154 1536 3224 corporis,
1572 3151 1720 3207 illam
1752 3166 1850 3207 au-

259 3250 368 3306 lam
410 3250 578 3323 Regis
633 3252 863 3317 :eterni,
929 3249 1259 3305 concubitus
1322 3246 1595 3305 bumanib
1646 3249 1927 3317 seminec

260 3345 666 3417 coinquinarct.
692 3344 797 3413 Qui
831 3345 973 3400 cnim
1009 3344 1110 3400 hoc
1142 3345 1375 3408 astruit,
1405 3341 1538 3397 nihil
1568 3339 1718 3396 aliud
1751 3338 1854 3394 nisi

260 3441 544 3513 perfidiam
577 3439 891 3495 Iudaeorum
925 3440 1160 3505 astruit,
1186 3440 1277 3509 qui
1333 3437 1526 3492 dicunt
1565 3449 1688 3490 eum
1744 3447 1852 3488 non

259 3535 502 3606 potuisse
535 3532 682 3588 nasci
713 3547 780 3588 ex
810 3532 1043 3602 virgine.
1093 3530 1225 3586 Nam
1252 3529 1300 3585 si
1329 3528 1472 3584 hanc
1519 3526 1794 3598 accipiant
1825 3539 1853 3579 a

256 3626 643 3684 sacerdotibus
664 3625 1073 3691 auctoritatem,
1104 3635 1163 3678 ιιι
1186 3623 1439 3679 videatur
1477 3620 1644 3677 Maria
1669 3628 1858 3692 partus

261 3720 468 3777 fudisse
500 3719 789 3791 plurimos,
818 3719 1026 3789 majore
1056 3717 1239 3773 studio
1284 3717 1574 3772 veritatem
1606 3712 1732 3769 fidei
1759 3729 1854 3769 ex-

259 3829 504 3887 pugnare
535 3812 900 3869 contendent.

328 3908 385 3963 4.
409 3908 708 3980 Refntatur.
739 3937 809 3948 -—-
848 3906 920 3961 Et
960 3905 1049 3962 ubi
1099 3914 1183 3961 est
1224 3903 1360 3960 illttd
1396 3902 1544 3976 quod
1590 3900 1858 3970 scriptum

259 4014 368 4067 εει,
403 4000 619 4057 dicente
641 3999 876 4055 Domino
915 3998 983 4053 ad
1033 4007 1262 4053 matrem
1295 3997 1363 4052 de
1416 3996 1626 4053 Joanne
1679 3994 1861 4049 Evan-

259 4096 481 4169 gelista,
516 4092 732 4159 Mulier,
759 4109 874 4146 ecce
900 4092 1042 4163 filius
1073 4100 1228 4144 tuus:
1258 4101 1312 4144 et
1339 4104 1532 4143 rursus
1577 4086 1645 4143 ad
1686 4086 1859 4142 Joan-

261 4205 387 4247 nem
409 4189 475 4245 de
506 4188 674 4244 Maria
708 4231 722 4250 .
772 4184 907 4241 Ecce
952 4196 1115 4239 mater
1163 4194 1253 4238 tua
1315 4183 1475 4258 (Vide
1528 4184 1767 4237 Ambros.
1799 4182 1862 4236 de

262 4281 440 4338 Instit.
472 4283 602 4352 virg.
628 4298 676 4335 c.
701 4280 756 4347 7,
789 4297 841 4334 η.
869 4278 962 4345 46,
994 4282 1045 4333 in
1066 4276 1224 4333 Joan.
1247 4293 1338 4333 xu
1368 4318 1384 4343 ,
1412 4276 1505 4341 26,
1554 4274 1649 4347 27)
1674 4275 1695 4328 ?
1717 4272 1859 4342 Quid

261 4378 366 4436 sibi
398 4376 541 4433 istud
574 4375 710 4444 vult,
740 4374 885 4447 quod
926 4389 1049 4430 cum
1076 4374 1128 4429 in
1158 4387 1324 4430 cruce
1360 4371 1619 4427 Dominus
1646 4367 1859 4440 positus

265 4588 533 4664 [Egyptiis
579 4585 873 4664 episcopis,
938 4582 1242 4664 commissa
1292 4579 1567 4664 censenda
1609 4587 1739 4664 est;
1792 4578 1941 4664 AtD

265 4649 629 4733 Tlt'ini'pttilurri
670 4659 742 4713 ita
773 4649 1086 4733 alloquitur
1123 4653 1445 4733 Ambrosius
1482 4653 1644 4733 epist.
1670 4649 1761 4733 Βῆ,
1802 4657 1866 4733 ut

265 4736 369 4805 ipsi
392 4720 459 4805 a'c
484 4732 647 4805 soeiis
667 4745 896 4805 examen
918 4720 1101 4805 potius
1122 4741 1283 4805 quam
1309 4720 1678 4805 decretorium
1718 4720 1867 4805 judi—

264 4791 409 4865 cium
432 4804 738 4874 delegatum
767 4791 935 4874 fuisse
956 4791 1177 4874 indit-et.
1203 4798 1329 4874 Haec
1371 4810 1535 4866 porro
1573 4791 1729 4874 inter
1760 4791 1866 4846 alia

266 4883 317 4935 ei
350 4866 585 4933 scribit':
616 4873 754 4930 Sane
803 4872 1127 4942 referendum
1176 4869 1489 4924 arbitramur
1516 4866 1584 4942 ad
1603 4938 1613 4942 _
1635 4874 1869 4920 sanctum

269 4956 483 5020 fratrem
510 4956 743 5020 nostrum
782 4938 1044 5020 Romamn
1073 4943 1386 5020 sacerdotem
1434 4938 1694 5020 ecclesite;
1744 4950 1874 5020 quo;

268 5004 407 5077 niam
440 5017 799 5086 prwsumimus
843 5032 900 5069 ea
931 5026 979 5068 te
1016 5015 1414 5088 judicaturum,
1443 5026 1557 5080 qua:
1598 5009 1751 5063 etiam
1794 5004 1874 5058 illi

270 5085 543 5159 displicere
588 5085 1168 5160 nequea_nt...._ut'cum
1213 5085 1266 5160 id
1309 5097 1506 5160 gestum
1535 5096 1642 5137 esse
1685 5093 1877 5160 cogno-

270 5150 490 5219 perimus
518 5150 897 5231 quod'ecclesia
936 5157 1169 5231 Romana
1213 5150 1355 5209 haud
1385 5150 1876 5231 dubiecomproba-

270 5238 419 5300 verit,
453 5225 556 5288 lani
581 5238 806 5304 fructum
853 5228 1149 5304 Itujusmodi
1197 5242 1452 5304 extumus
1498 5225 1871 5304 adipiscamur.

202 5321 211 5325 ·
270 5290 435 5364 Certe
463 5290 810 5359 Innocentius
837 5290 1064 5371 epistola
1095 5299 1147 5371 l,
1177 5297 1537 5371 adAnysium
1560 5290 1872 5371 ,'ita_se_illi

271 5361 723 5435 adimitationem
753 5361 964 5427 Dam'asi
1005 5385 1069 5425 ac
1104 5368 1285 5427 Siricii
1310 5412 1324 5435 ,
1349 5361 1523 5422 omnia
1543 5383 1658 5439 quae
1682 5367 1741 5439 in
1768 5361 1875 5419 illis

273 5449 507 5521 partibus
531 5455 858 5521 gererentur.
893 5442 1248 5521 cognoscenda
1286 5439 1510 5521 tradere
1556 5437 1868 5521 significat“,

274 5505 335 5578 in
361 5535 426 5576 ea
450 5505 632 5575 velvab
662 5518 784 5583 ipso
811 5505 1092 5578 finiantur,
1123 5514 1208 5569 vel
1254 5512 1299 5566 si
1330 5526 1436 5567 non
1468 5505 1774 5582 potuissent
1813 5505 1875 5560 fl-

276 5593 402 5657 niri,
433 5592 577 5648 sedis
616 5586 927 5661 apostolicae
949 5586 1155 5657 judicio
1173 5628 1187 5647 .
1213 5599 1283 5661 eo
1309 5583 1584 5640 referente
1599 5594 1876 5661 ,_ser_ven_-

277 5650 873 5733 tur,'qneutad'ntodum
906 5650 967 5714 et
985 5674 1051 5713 ex
1079 5655 1327 5729 ejusdem
1357 5670 1514 5726 papae
1548 5652 1775 5724 epistola
1817 5650 1873 5720 9,

276 5738 345 5793 ad
370 5736 586 5801 Rufum,
611 5733 891 5789 discimus.

288 5868 292 5882 ι
324 5859 328 5867 ,
354 5812 381 5840 ⁸
408 5794 804 5882 supplendum.
836 5820 905 5859 an
941 5801 1149 5882 deberet
1181 5843 1195 5865 ,
1222 5802 1309 5882 v_e_t
1357 5795 1731 5882 qnid_si_mile.
1776 5794 1878 5851 llic

280 5870 459 5937 uetari
493 5870 711 5934 videtur
743 5870 1060 5947 prtrcedcns
1114 5870 1389 5944 quoddam
1425 5870 1732 5940 judicium,
1768 5882 1878 5937 quo

1938 1930 2015 1985 ris
2056 1926 2350 1984 baereditas
2374 1969 2389 1993 ,
2433 1926 2521 1981 bic
2551 1926 2712 1982 totius
2740 1925 2864 1981 finis
2903 1921 3414 1980 consummationis.
3446 1920 3555 1976 De-

1941 2029 2104 2101 nique
2138 2029 2242 2085 hoc
2294 2027 2473 2097 dixit,
2504 2038 2560 2083 et
2615 2026 2799 2082 emisit
2849 2024 3106 2096 spiritum
3162 2030 3553 2079 consummans

1940 2138 2105 2180 omne
2129 2123 2451 2197 mysterium
2484 2121 2629 2177 bono
2653 2120 2758 2189 fine
2779 2118 3023 2191 pictatis.

2014 2217 2066 2272 5.
2099 2216 2348 2271 Ecclesia:
2365 2215 2589 2288 regimen
2615 2214 2963 2269 commissum.
2992 2241 3062 2252 ——
3090 2207 3347 2280 Legimus
3376 2207 3542 2263 etiam

1944 2318 1998 2367 et
2022 2310 2202 2363 omnia
2238 2308 2609 2379 percurrimus
2636 2306 2720 2361 vel
2750 2305 2817 2360 de
2847 2320 2937 2372 eo,
2971 2300 3118 2375 quod
3156 2300 3315 2356 fratri
3348 2307 3540 2355 nostro

1945 2414 1999 2460 ct
2028 2406 2354 2475 coepiscopo
2383 2401 2553 2457 Basso
2582 2400 2637 2455 in
2661 2399 3005 2456 consortium
3047 2392 3304 2467 regendae
3346 2390 3544 2448 Eccle-

1946 2498 2044 2553 sia:
2069 2493 2095 2533 (ι
2128 2495 2286 2551 datus
2314 2503 2400 2550 est
2421 2494 2681 2561 Senecio,
2723 2492 2811 2547 vel
2835 2490 2903 2546 de
2930 2488 3151 2546 caeteris
3168 2484 3312 2543 unde
3338 2490 3539 2541 vestrze

1949 2608 2193 2651 normam
2222 2599 2607 2663 exsitectamus
2636 2588 2947 2644 sentcntiae.

2123 2736 2437 2795 MONlTUM
2476 2735 2545 2791 IN
2588 2731 3003 2805 SEQUENTES
3031 2726 3379 2787 CANONES.

2024 2859 2065 2914 1.
2100 2857 2250 2914 Unde
2295 2865 2342 2911 et
2387 2874 2419 2910 a
2445 2872 2547 2927 quo
2576 2853 2883 2927 prodierint.
3121 2847 3318 2927 codice
3360 2844 3558 2902 Fossa-

1954 2931 2117 2997 tensi,
2150 2930 2242 3001 qui
2288 2943 2431 2984 nunc
2457 2922 2547 3001 'in
2570 2922 2889 3001 Colbertina
2917 2922 3253 3001 bibliotheca
3300 2930 3559 3001 asserva-

1956 3012 2066 3068 tur,
2098 2989 2309 3056 necnon
2337 3016 2403 3053 ex
2440 2999 2661 3069 antiqua
2694 2996 2904 3069 codicis
2930 2992 3205 3069 Pithaeani
3231 2989 3560 3069 collectione

1957 3065 2189 3144 primum
2215 3065 2709 3144 JacobihSirmondi
2738 3083 2904 3137 opera
2935 3065 3065 3120 editi
3106 3073 3239 3144 sunt
3249 3068 3564 3144 sequentes

1957 3131 2221 3201 canones.
2248 3143 2356 3197 Eos
2386 3140 2504 3206 ille,
2527 3140 2654 3211 quia
2684 3131 2793 3210 quo
2822 3148 3072 3211 tempore
3099 3131 3308 3211 conditi
3334 3131 3558 3211 fuerint,

1960 3199 2402 3285 deprehendere
2432 3199 2584 3285 certo
2637 3199 2742 3285 no'n
2804 3199 2973 3285 valuit
3001 3248 3016 3271 ,
3046 3207 3113 3285 ad
3159 3204 3370 3285 falcem
3433 3199 3565 3256 to.l

1960 3274 2333 3345 conciliorum
2364 3283 2556 3340 Gallia:
2579 3280 2911 3351 rejiciendos
2937 3278 3115 3351 duxit.
3159 3274 3266 3351 Ubi
3310 3287 3448 3351 vero
3470 3286 3566 3351 eo-

1959 3343 2080 3417 rum
2111 3358 2488 3428 antiquitatem
2531 3343 2786 3424 probavit
2816 3350 2902 3428 his
2929 3349 3135 3428 verbis,
3172 3365 3191 3399 ι
3226 3343 3568 3428 Antiquissi-

1958 3446 2079 3487 mos
2111 3417 2333 3499 prorsus
2363 3432 2486 3483 esSe
2519 3417 2635 3481 tum
2661 3423 3061 3499 exemplarium
3095 3417 3562 3499 velustasﬂdocet,

1962 3513 2075 3559 tum
2100 3488 2215 3570 ipsa
2245 3501 2507 3561 maxime,
2533 3512 2656 3567 qum
2676 3488 2872 3566 priscis
2897 3491 3161 3570 Ecclesia).
3187 3488 3411 3544 smculis
3433 3500 3567 3570 con-

1957 3557 2182 3647 gruunt,
2216 3557 2576 3647 decretorum:
2608 3557 2932 3640 argumenta
2982 3562 3342 3647 confirmant;
3386 3577 3405 3611 ι
3443 3557 3564 3641 ipse

1958 3628 2182 3703 demum
2205 3658 2363 3699 suam
2396 3642 2467 3705 de
2521 3628 2742 3695 illoruvm
2785 3647 3010 3693 auctore
3054 3634 3435 3711 conjecturam
3484 3628 3566 3711 sic

1961 3702 2244 3789 proponit:
2308 3702 2455 3789 «Et
2500 3713 2849 3789 decretorum
2908 3719 3092 3789 autem
3140 3714 3197 3760 et
3251 3702 3567 3789 scriptionis

1962 3766 2273 3847 5835136..
2317 3766 2582 3841 ab—borret
2622 3783 2689 3837 ab
2735 3780 2993 3847 epistolis
3038 3766 3563 3847 lnnocentii'pupte.

1963 3846 2144 3933 Quare
2166 3873 2274 3915 non
2308 3856 2745 3933 inanistf‘ortasse
2773 3846 3158 3933 Opinio-fuerit
3180 3889 3194 3914 ,
3237 3847 3287 3933 si
3316 3847 3445 3933 quis
3462 3846 3566 3933 ho:

1966 3917 2087 3990 Fum
2117 3941 2395 3987 auctorem
2443 3928 2596 3983 illum
2642 3917 2827 3980 fuisse
2852 3922 3136 3992 conjiciat.
3178 3938 3197 3972 ι
3235 3917 3386 3973 Hanc
3431 3917 3568 3992 tanti

1967 3988 2071 4061 viri
2103 4003 2474 4073 conjecturam
2504 4008 2727 4073 secutus
2769 3988 3043 4073 Labbeus,
3078 4005 3319 4073 canones
3347 3988 3568 4073 eosdem

1968 4058 2274 4134 innocen'tii
2302 4072 2553 4143 epistolis
2581 4070 2790 4143 primus
2812 4063 3160 4143 subjecitJta
3184 4060 3350 4143 etiam
3380 4058 3563 4143 nobis,

1969 4128 2488 4205 ciu-mensiomnino
2533 4128 2817 4212 praeterire
2871 4128 3095 4212 minime
3124 4135 3287 4187 liceat
3322 4170 3337 4194 ,
3390 4128 3571 4212 nullus

1968 4200 2151 4291 prima
2173 4200 2354 4291 fronte
2382 4200 2725 4270 commodior
2748 4211 2896 4265 visus
2921 4217 3043 4263 erat
3072 4206 3227 4259 locus
3256 4244 3271 4270 ,
3301 4215 3412 4272 quo
3442 4200 3569 4256 illos

1967 4289 2232 4348 exhibere
2260 4289 2588 4342 valeremus.

2042 4343 2104 4416 ll.
2135 4343 2334 4415 Eorum
2355 4368 2619 4412 auctorem
2641 4352 2813 4409 Leone
2830 4348 3174 4419 antiquiorem
3196 4362 3404 4401 esse.--
3424 4343 3569 4401 Sane

1966 4572 2207 4645 episcopi
2234 4566 2433 4641 Illyrici
2468 4565 2708 4645 Bonoso,
2739 4560 2917 4645 donec
2942 4569 3164 4645 causam
3189 4553 3335 4636 illius
3345 4550 3568 4645 plenius

1969 4628 2388 4715 cognovissent,
2417 4635 2667 4715 _eccle_sia
2693 4648 2795 4715 sua
2834 4628 3253 4715 interdicentes,
3286 4628 3407 4695 ejus
3432 4628 3574 4692 regi-

1973 4701 2096 4773 men
2131 4715 2301 4770 Basso
2324 4701 2386 4765 ac
2413 4706 2708 4765 Senecioni
2738 4701 3136 4760 commiserint.

2042 4769 2185 4841 iiilta
2220 4783 2464 4839 Holsten.
2499 4781 2567 4834 At
2595 4776 2736 4847 apud
2766 4769 3312 4847 Atnltrps.,_seminis.

2052 4871 2074 4898 ο
2100 4834 2550 4927 ﬁnitionis".
2580 4891 2595 4916 ,
2622 4834 2877 4927 insuam.
2924 4834 3149 4927 Rectius
3194 4841 3249 4894 in
3288 4854 3398 4927 sua
3430 4834 3572 4927 apud

1978 4908 2371 4991 Anibrbsium,
2401 4924 2495 4993 qui
2524 4908 2625 4977 nec
2660 4919 2823 4975 aliter
2865 4921 3008 4993 hunc
3060 4916 3241 4993 I_o_cum
3286 4911 3422 4993 ipse.
3445 4908 3579 4993 legit

1982 4978 2508 5058 iumwli'li.—"Exlttirt.
2554 4994 2750 5058 virgin.
2793 5004 2847 5062 c.
2890 4988 2945 5051 5,
2978 4986 3134 5062 n._55
3163 5025 3179 5048 ,
3212 4992 3338 5062 _tum
3366 4978 3463 5062 lib.
3506 4978 3577 5062 de

1978 5049 2405 5138 ins-titlwvirginc.
2433 5067 2487 5127 7.
2518 5082 2573 5121 n.
2599 5049 2669 5120 ἐξ
2695 5105 2725 5138 ._
2759 5060 2849 5117 ubi
2894 5049 2948 5138 et
2998 5060 3146 5138 illum
3181 5054 3261 5109 sic
3304 5049 3543 5138 explicat
3562 5067 3576 5138 ς

1984 5119 2575 5208 Christus
2619 5119 2845 5208 faciebat
2888 5128 3165 5208 divortium
3191 5167 3205 5189 ,
3258 5119 3577 5208 nonM‘aria

2326 5191 2513 5265 virum.
2546 5191 2655 5263 Sed
2686 5223 2802 5284 cum
2827 5219 2928 5284 quo
2955 5202 3099 5284 virgo
3126 5191 3574 5284 usetrsnngdebe-

1980 5271 2086 5352 bat,
2120 5271 2274 5358 quam
2298 5299 2411 5358 cum
2441 5296 2685 5358 eo,qucm
2709 5277 2803 5347 ﬁlii
2832 5271 3108 5338 ltwredem,
3134 5271 3446 5339 integritatis
3477 5271 3576 5318 sci-

1979 5370 2054 5415 ret
2081 5353 2192 5412 esse
2217 5353 2523 5411 custodem?
2955 5416 2981 5419 _
3202 5410 3222 5419 _
3412 5409 3422 5419 _

2050 5410 2448 5485 d“Sa—rdicensis
2485 5422 2758 5488 videlicet,
2801 5434 2921 5489 quae
2952 5416 3168 5489 Bonoso
3198 5410 3581 5489 fuerat_inte_r-

1978 5479 2404 5559 dictinene‘cio
2432 5505 2612 5552 autem
2642 5492 2730 5547 hic
2745 5479 3277 5559 'memoratustforte
3293 5483 3354 5559 _is
3380 5479 3578 5559 fuerit,

1978 5550 2147 5647 ἐίὺῖἇὶ
2176 5550 2718 5647 ῖιῖἶὲὀόεὶιυίιε.ερίξιο
2755 5562 2822 5617 ¹⁵
2852 5560 2965 5647 ιε’ίέ
3017 5557 3258 5647 RW:
3293 5550 3585 5647 ἓξὲξ...ιὲ

1980 5622 2817 5704 ξιῖῆίῆιῖὦᾷιῦὶὶιειίἐνὶτιιητ.
2855 5622 3144 5705 Ἰιθῠειηιιε
3200 5635 3257 5683 et
3293 5622 3582 5705 epistolam

1976 5696 2351 5777 acies—ti'ninad
2380 5712 2674 5781 episcopos
2704 5706 2924 5779 Illyrici,
2957 5704 3101 5761 inter
3128 5714 3268 5774 quos
3312 5696 3576 5755 Senecio.

1982 5793 2065 5849 nis
2097 5803 2295 5847 nomen
2329 5790 2676 5841 recensetur.
