4048 6350
580 364 725 433 1185

1850 366 2098 426 SANC'I‘I
2131 367 2360 427 SIRICII
2400 366 2607 427 ΡΑΡᾹΞ

3693 375 3788 437 1181

577 496 915 569 integritatis
935 493 1275 568 propositum
1301 501 1591 558 mutatum,
1610 490 1867 548 velamen
1891 492 2180 560 amissum,
2207 494 2261 555 Α
2287 489 2480 547 fuisset
2507 491 2765 547 immunis
2796 506 2824 546 a
2852 491 3030 563 culpa.
3068 492 3321 567 Utrisque
3362 507 3484 566 ergo
3509 495 3695 567 expedit
3725 500 3792 555 sub

579 591 718 647 fides
750 594 925 663 prima
956 588 1281 659 depravata,
1312 596 1479 658 atque
1528 588 1581 641 in
1631 585 1848 641 irritum
1890 584 2183 640 devocata.

579 683 742 752 Quali
776 683 865 739 hic
901 691 959 739 et
998 692 1199 754 quanta
1249 678 1626 737 satisfactione
1676 693 1816 750 Opus
1861 679 1975 734 est!
2020 692 2185 749 quam

581 790 776 848 magna
826 775 1150 846 paenitentia
1196 773 1317 845 ejus
1362 789 1485 843 qua:
1521 773 1807 829 interitum
1839 772 2021 827 carnis
2051 781 2077 809 α
2107 773 2189 826 in-

580 869 789 925 currit!
842 867 959 923 Non
1000 875 1086 923 est
1128 882 1296 938 parva
1343 865 1500 935 culpa
1549 864 1846 936 reliquisse
1894 863 2102 930 Deum,
2133 869 2191 918 et

579 960 750 1020 ivisse
794 970 921 1032 post
967 960 1270 1016 hominem.
1321 958 1478 1015 Unde
1521 959 1681 1013 annis
1726 972 1891 1028 quam
1935 956 2190 1028 plurimis

582 1052 897 1110 deflendum
928 1054 979 1110 ei
1008 1062 1112 1122 est,
1142 1068 1251 1125 quo
1274 1052 1455 1123 dignze
1484 1051 1660 1108 fructu
1689 1050 2024 1122 poenitentia:
2047 1052 2191 1105 iacto

582 1148 761 1220 possit
812 1147 1106 1217 aliquando
1154 1146 1221 1203 ad
1272 1148 1491 1203 veniam
1545 1146 1876 1218 pervenire,
1908 1146 1956 1200 si
2006 1155 2188 1201 tamen

587 1239 869 1311 pmnitens
896 1238 926 1279 ι’
957 1240 1269 1311 pmnitenda
1306 1240 1489 1295 faciat.

576 1372 579 1379 η
659 1336 714 1390 4.
751 1334 893 1403 Quid
922 1336 988 1391 de
1012 1335 1186 1406 puella
1230 1336 1463 1390 nondum
1502 1336 1701 1403 velata,
1732 1351 1851 1406 qua:
1876 1352 1907 1388 a
1929 1336 2193 1409 proposito

584 1429 710 1484 item
740 1430 1011 1485 exciderit.
1038 1429 1173 1486 Item
1208 1430 1389 1501 puella
1419 1445 1542 1502 quae
1589 1430 1831 1486 nondum
1862 1431 2033 1486 velata
2076 1439 2192 1499 est,

589 1521 685 1577 sed
719 1532 1088 1594 proposuerat
1115 1524 1194 1580 sic
1225 1538 1474 1591 manere,
1497 1523 1627 1579 licet
1648 1538 1757 1579 non
1788 1524 1861 1579 sit
1892 1524 1944 1579 in
1974 1521 2195 1580 Christo

588 1614 799 1681 velata,
832 1623 1011 1671 tamen
1040 1616 1166 1687 quia
1200 1616 1520 1687 proposuit,
1549 1625 1604 1672 et
1637 1617 1690 1670 in
1733 1614 1988 1686 conjugio
2016 1616 2194 1671 velata

591 1721 699 1761 non
742 1717 851 1774 est,
885 1708 1099 1764 furtiva:
1143 1709 1349 1778 nuptiae
1392 1708 1771 1780 appellantur,
1815 1723 1887 1764 ex
1937 1725 2005 1765 eo
2049 1709 2195 1780 quod

591 1802 929 1858 matrimonii
974 1802 1221 1859 cmlestis
1249 1813 1271 1842 ο
1304 1813 1642 1875 prteceptum
1693 1818 1801 1858 nou
1850 1804 2194 1870 servaverit,

590 1907 780 1950 amore
824 1905 1159 1966 properante
1207 1894 1276 1951 ad
1322 1895 1566 1951 libidinis
1605 1896 1932 1951 crecitatem.
1963 1892 2084 1950 Etd
2113 1895 2196 1951 his

576 1991 935 2063 ptenitentite
956 1992 1181 2064 agenda!
1207 2001 1422 2063 tempus
1446 1994 1893 2048 constituendum
1917 2003 2040 2049 est:
2066 2006 2202 2064 quo-

598 2083 746 2139 niam
777 2098 876 2139 seu
914 2095 1093 2153 rapta,
1127 2100 1227 2140 seu
1255 2086 1444 2141 volens
1466 2127 1481 2153 ,
1509 2084 1577 2140 ad
1608 2086 1787 2141 virum
1819 2086 1900 2143 ire
1941 2102 2202 2158 perverso

598 2174 795 2230 ordine
830 2176 1143 2241 consensit,
1178 2191 1280 2232 nec
1313 2178 1771 2249 propinquorum,
1811 2194 1912 2235 nec
1943 2179 2202 2236 sacerdo-

601 2276 714 2322 tum
744 2269 1056 2325 testimonio
1081 2279 1383 2342 conrogato
1411 2271 1548 2327 tales
1571 2270 1636 2325 ad
1668 2272 1918 2327 velamen
1945 2272 2206 2327 solemni-

604 2361 731 2416 tatis
773 2362 1021 2418 ordinem
1070 2371 1222 2419 casto
1266 2365 1479 2435 pudore
1527 2372 1854 2431 tenuerunt;
1888 2365 1983 2421 sed
2016 2374 2207 2421 contra

582 2455 803 2511 veteris
858 2455 1197 2513 Testamenti
1253 2466 1590 2530 pra-ceptum
1644 2457 1920 2513 fecerunt.
1977 2468 2001 2497 °
2058 2458 2208 2528 Quos

602 2548 688 2604 lex
734 2549 959 2620 lapidari
998 2549 1256 2622 praecepit
1288 2550 1467 2625 (Deut.
1500 2567 1611 2607 xxtt
1632 2594 1647 2619 ,
1694 2550 1811 2622 24),
1839 2560 1894 2607 et
1920 2567 2060 2607 nunc
2090 2566 2212 2607 ces-

580 2651 761 2697 sante
804 2640 895 2698 illa
944 2643 1205 2710 vindicta,
1239 2644 1556 2714 spiritaliter
1586 2643 1856 2699 feriuntur
1891 2661 1903 2697 :
1937 2653 1995 2699 ut
2026 2644 2210 2699 Eccle~

599 2736 735 2791 siam
765 2744 1039 2807 tamquam
1075 2737 1275 2795 mortui
1323 2737 1552 2796 introire
1584 2755 1692 2794 non
1723 2738 1951 2809 possint.
2002 2738 2213 2794 Ilabent

603 2840 784 2886 tamen
828 2833 1161 2902 poenitentiae
1206 2833 1433 2903 agendae
1480 2833 1696 2897 locum,
1728 2835 1839 2889 cito
1869 2849 1977 2888 non
2011 2832 2212 2888 habent

601 2922 851 2990 veniam;
883 2925 1137 2994 quoniam
1182 2924 1227 2979 si
1272 2925 1569 2980 secundum
1609 2925 1783 2995 legem
1818 2925 2209 2994 proclamasset

603 3013 813 3085 puella,
857 3024 911 3072 et
957 3014 1048 3071 diu
1097 3024 1400 3072 contestata
1438 3016 1457 3054 ί
1488 3032 1548 3073 se
1588 3017 1986 3086 continuisset,
2023 3017 2207 3090 utique

678 3206 703 3272 ξι
746 3198 857 3272 [Ioc
885 3209 1001 3272 est.
1028 3214 1149 3271 quae
1183 3202 1419 3272 peccatis
1448 3202 1631 3258 carnis
1662 3203 1889 3258 interiit.

680 3269 707 3309 δ
748 3270 845 3326 Hic
868 3269 1323 3329 addendttm'esse
1350 3290 1451 3328 non
1490 3273 1740 3330 Labbeus
1767 3283 1937 3330 notat.
1971 3275 2087 3331 Illic
2117 3285 2197 3330 ta-

609 3358 733 3399 men
764 3350 834 3417 Aet
871 3344 1165 3417 paenitenda
1207 3345 1511 3417 intelligere
1554 3346 1706 3411 licet,
1749 3362 1870 3417 quae
1912 3349 2203 3413 pteniteuti

604 3414 812 3487 agenda
832 3416 1287 3487 prmscribuntur,
1320 3414 1421 3471 hoc
1447 3429 1530 3472 est
1558 3432 1723 3487 opera
1756 3414 1954 3485 quibus
1983 3420 2203 3475 crimini

606 3486 922 3562 satisfaciat,
956 3487 1193 3559 illudque
1220 3489 1442 3559 expiet,
1472 3504 1581 3544 uno
1600 3486 1772 3547 verbo
1803 3489 1995 3561 dignos
2024 3493 2205 3562 paeni-

609 3558 791 3613 tentia:
822 3558 1053 3613 fructus.

683 3641 703 3667 ε
748 3627 805 3684 In
838 3644 941 3684 ms.
986 3630 1168 3694 Colb.,
1212 3630 1411 3686 caelitus
1457 3636 1729 3702 prwceptio
1772 3650 1875 3689 non
1925 3636 2204 3690 servaverit

606 3716 747 3756 more
776 3715 1079 3771 properante
1111 3703 1341 3757 libidinis
1368 3704 1665 3759 cwcitatem.
1698 3704 1999 3770 Mallemtts,
2026 3708 2206 3761 matri-

608 3772 767 3849 monii
791 3772 1008 3849 caelestis
1030 3776 1347 3849 propositum
1376 3775 1495 3847 (seu
1510 3777 1873 3849 sponsionem)
1903 3795 2005 3832 non
2033 3796 2205 3833 scrva-

608 3846 756 3918 ρει-ξι.
795 3843 1071 3911 Ejusmodi
1118 3843 1354 3914 puellam
1385 3843 1611 3918 'pariter
1652 3843 2008 3906 Innocentius
2039 3850 2198 3918 epist.

609 3914 666 3976 2,
698 3917 1262 3991 n._l6,Apa:niteutizc
1293 3914 1515 3991 agendae
1558 3919 1850 3975 obnoxiam
1882 3922 2050 3976 dicit:
2076 3914 2204 3991 quia

608 3987 1035 4062 sponsierjusa
1064 3988 1173 4043 Deo
1220 3988 1523 4057 tenebatur,
1565 4001 1621 4045 et
1666 4006 1788 4046 cunt
1832 3991 1944 4046 Deo
1990 3987 2202 4062 pactam

610 4056 772 4111 fidem
805 4056 1038 4113 violavit.

681 4126 709 4164 τι
748 4128 1024 4186 Orationis
1054 4130 1227 4187 series
1256 4132 1519 4201 postulat,
1553 4142 1600 4187 et
1626 4132 1765 4187 huic.
1792 4134 1897 4191 Sed
1930 4134 2019 4192 hic
2049 4135 2201 4191 idcu-

608 4200 1039 4277 tidem_tnutatur
1069 4200 1286 4266 sermo,
1315 4213 1374 4258 ut
1399 4205 1542 4277 quod
1568 4205 1869 4276 generatim
1909 4207 1979 4263 de
2012 4209 2203 4277 puellis

607 4273 946 4348 praemissum
978 4276 1196 4343 fuerat,
1231 4291 1353 4331 mox
1387 4276 1455 4331 de
1495 4273 1599 4333 una
1628 4278 1979 4348 singulariter
2007 4273 2205 4337 eﬂ‘era-

606 4354 717 4422 _tur.
744 4345 930 4422 Puella
963 4357 1169 4413 autem,
1198 4363 1318 4422 qua:
1362 4348 1575 4404 etiamsi
1613 4345 1767 4422 rapt'a
1799 4358 1856 4405 et
1879 4351 1987 4406 vim
2018 4367 2199 4422 passa,

605 4415 687 4470 ire
726 4416 793 4470 ad
834 4418 1008 4490 virum
1040 4419 1346 4485 consensit,
1389 4436 1479 4475 rea
1520 4430 1577 4476 et
1603 4415 1935 4490 ptléoitentite
1965 4415 2200 4478 obnoxia

609 4489 994 4563 pronuntiatur
1037 4490 1237 4563 duplici
1270 4490 1339 4546 de
1383 4506 1545 4546 causa
1572 4489 1789 4562 :primo
1818 4496 1944 4563 quia
1971 4508 2202 4551 consue-

609 4565 720 4610 tttm
744 4558 996 4635 ordinem
1022 4562 1088 4617 ad
1122 4564 1369 4635 solemne
1404 4558 1651 4620 velamen
1685 4558 2059 4635 recipiendum
2090 4582 2197 4622 non

610 4629 777 4710 tenuit
797 4632 1035 4710 {deinde
1056 4634 1180 4710 quia
1209 4645 1406 4710 contra
1426 4636 1555 4710 legis
1579 4629 1933 4707 pmcepium.
1962 4638 2065 4710 sibi
2094 4641 2198 4692 vim

608 4700 828 4756 facienti
861 4717 968 4757 non
1002 4700 1342 4761 reclamavit.
1384 4700 1620 4762 Primam
1661 4700 1934 4763 rationem
1967 4709 2203 4765 illustrat

609 4770 740 4826 illud
770 4774 988 4830 concilii
1032 4776 1327 4832 Milevitani
1356 4794 1416 4841 tt,
1448 4794 1571 4834 can.
1604 4777 1677 4833 26
1702 4797 1715 4834 :
1742 4779 2062 4846 Quicumque
2087 4783 2199 4848 epi-

607 4860 900 4925 sc0pornnt,
921 4849 1220 4903 necessitate
1242 4851 1576 4925 periclitantis
1597 4850 1861 4915 pudicitiae
1893 4852 2164 4925 virginalis
2184 4896 2198 4919 ,

609 4932 725 4993 cunt
752 4920 937 4993 petitor
966 4921 1252 4993 poterisne!
1276 4935 1457 4993 raptor
1496 4922 1683 4986 aliquis
1711 4920 2088 4993 formidatur...
2113 4936 2201 4979 aut

608 4988 924 5068 eaigentibns
952 4988 1399 5068 parentibusq‘aut
1425 4992 1504 5068 his
1530 4993 1599 5068 ad
1624 4988 1842 5068 quorum
1873 5012 2048 5068 curam
2085 5014 2200 5068 per-

608 5057 730 5113 tinet
761 5057 992 5130 (scilicet
1022 5061 1339 5135 cpiscOpis),
1384 5057 1896 5135 velatterit'virginem
1930 5066 2068 5121 infra
2085 5057 2198 5122 ’ωι-

609 5144 710 5207 nos
730 5134 964 5207 aetatisa
995 5133 1227 5188 concilio
1257 5133 1674 5207 Carthaginiensi
1703 5133 1783 5201 ιῐι,
1815 5153 1938 5193 can.
1968 5136 2024 5198 4.
2063 5154 2202 5207 prac-

607 5201 857 5271 scriptos,
874 5206 922 5259 ei
938 5221 1042 5259 non
1059 5207 1206 5260 obsit
1225 5205 1444 5259 concilii
1467 5201 1622 5274 hujus
1641 5208 1937 5263 decretum.
1957 5201 2198 5266 Alteram

608 5286 739 5349 vero
768 5278 942 5329 lirmat
969 5292 1073 5349 non
1116 5276 1279 5331 modo
1311 5278 1509 5332 veteris
1536 5278 1668 5347 legis
1702 5292 2056 5349 przcceptum.
2105 5282 2200 5337 sed

607 5345 1117 5418 e_tiam_constitutio
1146 5348 1486 5403 Constantini
1519 5345 1650 5418 imp.
1680 5345 1813 5405 Cod.
1855 5345 1960 5406 Th.
1994 5352 2089 5406 lib.
2125 5370 2199 5417 tx,

607 5415 703 5488 tit.
722 5416 815 5484 24,
857 5418 961 5488 leg.
1009 5419 1062 5483 l,
1092 5421 1391 5475 sancientis
1429 5439 1441 5474 :
1468 5419 1528 5475 Si
1554 5415 1827 5480 voluntatis
1854 5424 2087 5477 assensio
2114 5415 2203 5479 de;

605 5487 791 5567 tegitur
811 5490 863 5544 in
888 5487 1103 5564 virgine,
1134 5492 1331 5558 eadem,
1363 5510 1464 5564 qna
1495 5503 1694 5563 raptor,
1720 5493 1983 5549 severitate
2011 5495 2204 5567 plecta-

608 5566 710 5615 tur.

687 5634 919 5711 *_Sirm.
949 5643 1006 5691 et
1034 5634 1192 5711 L_ab.,
1221 5653 1366 5708 quas.
1399 5638 1783 5711 Ingarchetypo
1827 5639 1981 5711 quod.
2017 5637 2203 5696 Series

604 5708 871 5782 orationis
904 5707 1142 5782 postulat
1167 5707 1295 5775 quos
1335 5725 1355 5764 :
1388 5707 1734 5782 referturque
1777 5710 1917 5765 istud
1962 5724 2085 5765 cum
2132 5711 2202 5766 ad

606 5779 878 5853 puellam,
908 5787 1019 5833 tttm
1048 5779 1116 5834 ad
1146 5794 1275 5853 eum
1306 5780 1400 5853 qui
1432 5783 1503 5836 illi
1537 5779 1823 5853 copulatus
1847 5790 1953 5846 est,
1982 5782 2053 5837 de
2082 5784 2202 5853 qui—

600 5844 1028 5925 h,usgl)euteron.
1069 5850 1182 5906 xxii
1210 5893 1225 5916 ,
1253 5844 1346 5920 ειῇ
1368 5844 1687 5925 praecipitur
1731 5871 1743 5908 :
1788 5844 2075 5925 Lapidibus
2100 5844 2203 5909 ob.

598 5914 832 5976 fitentur.
859 5922 1035 5982 puella
1066 5925 1187 5985 quin
1208 5914 1309 5973 non
1334 5914 1571 5975 ritmmrit
1603 5938 1719 5977 cum
1742 5914 1875 5977 esset
1896 5926 1948 5977 in
1974 5916 2194 5983 ciuitate.

2291 587 2481 644 eadem
2534 587 2797 657 temporis
2844 588 3232 645 constitutione
3270 604 3298 643 a
3342 589 3679 646 communione
3714 608 3793 648 sus-

2292 680 2475 752 pendi,
2504 679 2723 751 dignam
2755 695 2917 751 agere
2949 680 3343 748 paenitentiam,
3372 680 3516 745 ﬂetu,
3545 681 3793 753 humilitate,

2288 774 2516 846 jejunio,
2552 773 2925 830 misericordia
2966 773 3237 830 redimere
3262 776 3460 830 crimen
3489 773 3747 831 admissum.

2363 870 2493 925 CAP.
2529 868 2592 925 ll.
2618 868 2763 924 -—5.
2820 867 3133 943 EpiscOpos,
3188 870 3501 943 presbyteros
3539 887 3590 924 ac
3612 871 3796 927 diaconos

2293 965 2624 1019 continentia:
2651 964 2761 1036 lege
2783 963 3055 1035 obstringi.
3088 964 3153 1018 Et
3181 964 3293 1035 jam
3322 963 3531 1034 quidem
3567 963 3799 1035 frequentet

2296 1068 2321 1106 ε
2352 1058 2419 1113 de
2450 1057 2647 1112 talibus
2676 1071 2855 1112 sermo
2884 1066 3072 1113 noster
3102 1072 3200 1127 per
3236 1057 3418 1129 plures
3448 1058 3654 1112 manavit
3676 1058 3799 1115 eccle-

2295 1151 2427 1218 sias,
2453 1149 2696 1206 maxime
2718 1148 2785 1205 de
2808 1149 3207 1215 sacerdotibus,
3240 1164 3465 1220 quarunt
3493 1149 3704 1224 meritum
3723 1152 3800 1204 exi-

2295 1243 2393 1315 git,
2414 1252 2473 1298 ut
2496 1243 2762 1297 honorum
2793 1257 3018 1312 operum
3050 1256 3273 1296 suorum
3295 1242 3404 1296 sint
3428 1240 3649 1312 plebibus
3665 1239 3799 1296 forma.

2297 1338 2402 1394 Sed
2432 1347 2691 1409 quantum
2725 1336 2993 1405 intelligo,
3049 1349 3175 1389 cum
3236 1333 3513 1401 Scriptura
3547 1332 3701 1388 dicat:
3735 1332 3803 1387 Lo-

2297 1446 2454 1502 quere
2481 1431 2549 1484 ad
2575 1445 2728 1484 mtres
2755 1428 3099 1492 audientium,
3128 1424 3156 1463 ιι
3189 1425 3500 1481 instruendo
3524 1440 3658 1480 aures
3679 1424 3803 1480 inlun-

2299 1522 2508 1578 dentus.
2541 1521 2676 1576 Dum
2706 1536 2853 1591 saepe
2870 1519 3060 1575 eadem
3088 1516 3722 1588 repetunt,qu:eneglectui
3743 1516 3804 1570 Ita-

2300 1616 2497 1672 bentur
2522 1630 2551 1670 a
2580 1615 2830 1686 singulis,
2862 1629 2994 1669 vere
3016 1612 3124 1668 hoc
3147 1612 3280 1667 illud
3308 1622 3389 1668 est
3416 1612 3550 1683 quod
3574 1612 3733 1667 dictum
3754 1622 3806 1666 est

2306 1706 2324 1745 ί
2356 1708 2423 1763 ad
2452 1707 2759 1763 adulterum
2794 1723 2983 1761 sexum
3008 1705 3252 1770 :Semper
3275 1705 3538 1771 discentes,
3551 1714 3593 1757 et
3606 1721 3807 1775 numquam

2302 1800 2371 1853 ad
2420 1800 2686 1854 scientiam
2742 1799 2969 1853 veritatis
3010 1798 3358 1868 pervenientes
3411 1794 3476 1868 tll
3511 1795 3625 1850 Tim.
3672 1796 3805 1864 ttt,7).

2227 1904 2276 1964 B
2301 1893 2533 1962 Quando
2558 1894 2703 1949 enim
2731 1906 2837 1948 non
2866 1901 3121 1947 servatur
3147 1889 3297 1961 quod
3326 1888 3626 1944 admonetur
3646 1888 3807 1951 utiliter,

2308 1989 2613 2059 apostolica
2642 1988 2896 2042 mandata
2927 1985 3081 2056 quasi
3109 1985 3297 2056 ignota
3325 1992 3709 2039 contemnuntur
3729 1979 3809 2050 :ju-

2309 2087 2511 2142 dicium
2547 2093 2726 2138 tamen
2757 2081 2824 2137 de
2852 2080 2937 2136 his
2967 2095 3091 2150 quae
3141 2079 3525 2134 commiserunt
3578 2092 3665 2131 non
3689 2082 3811 2145 potest

2313 2181 2325 2231 i
2366 2177 2661 2234 immutari.
2690 2175 2745 2230 Id
2788 2176 2857 2230 de
2909 2171 3314 2229 sacerdotibus.
3341 2171 3513 2225 Primo
3539 2170 3585 2224 in
3627 2168 3811 2223 locusta-

2311 2282 2484 2329 tutum
2503 2280 2586 2325 est
2614 2269 2683 2324 de
2722 2267 3022 2338 episcopis,
3070 2265 3433 2337 presbyteris,
3463 2273 3514 2319 et
3552 2261 3807 2322 diaconibus,

2308 2380 2446 2437 quos
2496 2362 2784 2419 sacrificiis
2837 2360 3035 2415 divinis
3081 2373 3313 2414 necesse
3353 2366 3435 2412 est
3491 2355 3729 2417 interesse,
3750 2366 3813 2423 per

2312 2474 2546 2532 quorum
2572 2470 2766 2511 manus
2792 2464 2849 2510 et
2876 2454 3047 2525 gratia
3071 2452 3417 2519 baptismatis
3446 2448 3714 2512 traditur,et
3731 2460 3813 2500 cor-

2314 2568 2417 2624 pus
2436 2549 2641 2607 Christi
2682 2547 3011 2611 coniicitur;
3045 2559 3186 2615 quos
3212 2560 3324 2598 non
3378 2542 3543 2597 solum
3568 2554 3670 2605 nos,
3694 2536 3813 2592 sedet

2317 2645 2599 2714 Scriptura
2622 2642 2809 2697 divina
2837 2637 3119 2707 compellit
3139 2651 3267 2693 esse
3289 2635 3624 2700 castissimus,
3642 2639 3814 2700 etpatres

2314 2752 2528 2809 quoque
2556 2735 2842 2806 jusserunt
2878 2729 3277 2786 continentiam
3307 2726 3623 2799 corporalem
3661 2735 3815 2777 servare

2316 2831 2551 2895 debere;
2585 2842 2687 2896 qua
2714 2825 2781 2880 de
2804 2841 2862 2880 re
2887 2839 2995 2880 non
3028 2833 3444 2890 praetereamus,
3476 2819 3562 2875 sed
3582 2818 3815 2872 dieamuset

2319 2937 2560 2979 causam.
2592 2920 2710 2988 Quo
2736 2918 2880 2973 enim
2922 2914 3131 2987 pudore
3156 2911 3180 2951 ¹ί
3213 2913 3397 2969 vidum
3417 2922 3506 2966 aut
3528 2907 3686 2981 virgini
3706 2918 3814 2959 ausus

2317 3025 2400 3071 est
2428 3015 2721 3085 episcopus
2742 3010 2826 3066 vel
2869 3010 3156 3081 presbyter
3187 3006 3552 3079 integritatem
3593 3002 3665 3058 vel
3697 2996 3815 3055 conti-

2225 3201 2271 3265 C
2304 3203 2381 3273 vir
2409 3203 2529 3273 quia
2556 3200 2851 3273 humiliari!
2875 3215 3086 3273 natarent
3107 3198 3338 3273 proximi
3358 3200 3460 3254 sui.
3490 3193 3814 3273 constitutionis

2307 3270 2652 3330 Constantini
2697 3289 2759 3327 ea
2788 3272 2857 3327 de
2884 3288 2941 3327 re
2973 3270 3137 3327 verba
3179 3272 3430 3339 proxime
3460 3270 3607 3326 relata
3648 3282 3727 3321 non
3760 3280 3815 3339 re.

2311 3356 2455 3417 peto.
2518 3344 2758 3411 Pnellis,
2821 3360 2941 3413 qua:
2997 3338 3284 3417 proposito
3343 3344 3525 3417 relicto
3562 3340 3618 3417 ad
3663 3338 3813 3407 nuptias

2310 3413 2644 3485 iransierint,
2665 3431 2798 3486 quas
2820 3429 3008 3486 pinnas
3030 3415 3335 3469 decernant
3358 3413 3601 3470 Gallicani
3622 3421 3811 3486 canones,

2307 3501 2494 3560 repete
2520 3506 2588 3545 ex
2616 3478 2852 3544 concilio
2894 3486 3182 3560 Valentino
3211 3501 3347 3541 ann.
3391 3487 3655 3560 37_t,_ran.
3679 3478 3815 3559 2.1a:

2309 3555 2526 3617 ronensi
2554 3577 2592 3634 ι,
2617 3561 2739 3634 c._l_i.
2769 3557 3153 3634 Aurelianensi
3174 3574 3226 3625 v,
3254 3574 3385 3634 can.
3416 3557 3499 3620 l9,
3526 3555 3812 3634 Matisconensi

2308 3647 2347 3698 ι,
2377 3649 2499 3688 can.
2536 3632 2623 3687 12.
2670 3631 2978 3687 Notandum
3010 3630 3218 3699 puellas
3261 3630 3408 3696 illas,
3433 3644 3638 3699 quarum
3664 3624 3810 3699 furtiva:

2308 3693 2607 3775 arguuntur
2656 3704 2855 3773 nuptiae
2879 3745 2893 3767 ,
2930 3693 3023 3756 hie
3063 3701 3226 3775 velut
3253 3693 3403 3757 vero
3431 3693 3726 3775 matrimonio
3746 3693 3811 3775 ull-

2308 3768 2526 3831 stFictas
2574 3776 2681 3829 Deo
2728 3768 3109 3843 reprzesentari
3131 3815 3147 3839 ,
3178 3772 3410 3840 ideoque
3435 3782 3485 3827 et
3515 3779 3625 3843 post
3657 3768 3809 3843 fractam

2309 3848 2468 3902 Iidem
2515 3835 2830 3909 adulteras,
2879 3854 2934 3901 et
2980 3835 3349 3901 adulterarum
3396 3835 3545 3913 νωιιῇ
3577 3835 3809 3915 plectendas

2306 3921 2541 3973 censeri.
2570 3918 2837 3983 Quocirca
2878 3917 3101 3972 dubium
3135 3916 3342 3971 nemini
3374 3911 3534 3969 videri
3561 3911 3807 3985 debet,q"itf

2306 3988 2551 4044 Romana
2604 3991 2706 4043 ista
2753 3989 2991 4060 synodus
3039 3987 3207 4062 nihilo
3260 3988 3432 4057 magis
3486 3995 3638 4039 ratum
3682 3982 3807 4062 haberi

2306 4061 2540 4117 voluerit
2585 4052 2798 4117 novum'
2828 4075 3013 4115 earum
3064 4052 3412 4127 coniugium,
3440 4072 3588 4128 quam
3618 4052 3808 4112 mulieris,

2306 4136 2671 4207 quasivivente
2703 4134 2820 4207 viro
2846 4131 3003 4207 alteri
3033 4132 3283 4207 nuberet.
3460 4202 3471 4207 _
3506 4199 3524 4207 Δ
3554 4200 3580 4207 η
3699 4194 3708 4207 δ

2382 4204 2401 4243 ί
2427 4206 2507 4260 1η.
2537 4222 2665 4271 ms.,
2703 4204 2747 4259 si
2759 4204 3131 4269 continuisset;
3156 4203 3261 4258 hoc
3292 4211 3399 4269 eet,
3423 4202 3473 4257 ni
3501 4199 3655 4263 fallor,
3675 4199 3710 4250 si
3725 4205 3809 4246 con-

2308 4278 2593 4333 tineutiam
2618 4285 2918 4331 servasset.

2379 4332 2409 4421 ςς⁷
2429 4349 2612 4404 Codex
2642 4348 2828 4421 ουιιι⁸2
2856 4349 2920 4402 de
2956 4346 3036 4421 ho
3065 4346 3203 4421 talis
3241 4361 3430 4421 serrno.
3477 4343 3567 4421 llic
3590 4332 3808 4421 supplenda

2302 4418 2519 4476 videtur
2549 4421 2780 4491 quaestio
2797 4417 2867 4474 de
2894 4418 3108 4491 clericis
3131 4416 3584 4491 incontinentibus
3606 4411 3805 4491 sedispo:

2304 4474 2512 4547 stolicu:
2538 4474 2665 4547 a‘nte
2700 4489 3022 4563 proposita:
3050 4499 3107 4563 ut
3148 4488 3593 4563 quotuodoinitio
3625 4474 3804 4563 capitisl

2307 4564 2664 4633 praepooitur,
2694 4557 2942 4631 quieritur
2964 4562 3028 4615 de
3050 4560 3332 4630 virginibus
3356 4558 3546 4633 relatis,
3570 4566 3679 4633 etc.,
3774 4557 3807 4600 ei

2309 4624 2438 4690 huic
2483 4624 3035 4706 anteponendumsit
3063 4674 3079 4698 ,
3121 4624 3375 4706 queritur
3417 4629 3483 4706 de
3518 4624 3807 4706 sacerdotibtt.

2307 4699 2629 4778 presbyteris
2650 4715 2697 4760 et
2748 4705 2996 4778 diaconis
3030 4705 3118 4778 qui
3134 4699 3510 4757 continentiam
3538 4715 3629 4778 non
3646 4699 3807 4778 διηερίην

2305 4761 2410 4833 etc.
2460 4761 2535 4832 ὒθ
2589 4779 2671 4832 his
2721 4787 2902 4832 autem
2943 4761 3124 4830 Siricii
3176 4789 3357 4828 sermo
3391 4770 3667 4842 perplures
3691 4761 3809 4843 sctit?

2306 4851 2415 4903 sias
2464 4851 2727 4917 manavit,
2787 4850 2904 4918 ipso
2960 4849 3126 4903 etiam
3178 4840 3491 4901 Innocentio
3538 4850 3658 4897 teste
3696 4840 3809 4904 epis!-

2304 4936 2356 4975 vr
2392 4963 2405 4983 ,
2462 4920 2598 4977 ιιι.

2378 4990 2404 5029 ιι
2435 4993 2581 5049 Idem
2609 4991 2803 5057 codex,
2834 4991 3144 5046 instruendi.

2384 5062 2400 5101 ί
2432 5065 2489 5120 1η
2515 5060 2978 5133 archetypoColb.
2996 5078 3118 5117 cum
3140 5063 3372 5131 legatur,
3387 5060 3654 5114 adulterum
3667 5060 3809 5133 seruet!

2304 5136 2477 5191 edidit
2504 5137 2693 5196 Sirm..
2709 5125 2927 5188 adulter
2948 5151 3123 5188 sexus.
3149 5125 3332 5190 satius
3354 5125 3521 5186 visum
3542 5139 3633 5191 est,
3663 5125 3810 5196 retenta

2303 5208 2586 5279 archetypi
2612 5194 3134 5281 lectionepadjicere
3178 5205 3612 5281 prmpositionerrt
3634 5194 3811 5281 add]?

2302 5271 2787 5352 proptc'r'similem
2814 5271 3081 5352 syllabam
3101 5271 3418 5348 sequentem
3446 5271 3663 5333 librario,
3682 5272 3724 5318 ut
3742 5271 3812 5313 sat-

2305 5350 2426 5422 pius
2450 5351 2612 5422 solet,
2637 5350 2919 5405 exciderit.

2380 5395 3140 5485 viiii-rntttando
3187 5437 3243 5473 ea
3283 5420 3345 5473 de
3367 5395 3809 5488 sacerdotibusllliugd

2304 5496 2384 5577 de.
2416 5495 2766 5548 sacerdotibus
2794 5508 2826 5550 e
2854 5496 3101 5563 margine
3142 5494 3194 5548 iu
3237 5500 3439 5547 textum
3482 5485 3672 5542 videtur
3713 5485 3810 5531 irre-

2341 5581 2501 5621 SISSB.
3621 5627 3645 5630 __
3684 5618 3725 5630 ...

2303 5582 2575 5710 Ρεῒείξίιιά
2603 5654 2705 5709 quo
2732 5636 2931 5710 pudore
2952 5636 3062 5705 iam
3094 5645 3252 5690 amca
3281 5634 3333 5689 ίη
3368 5629 3593 5710 ﬁliis?“
3619 5611 3809 5710 5.$i'.i§ii

2303 5725 2353 5766 c.
2383 5685 2699 5781 sagina;
2713 5685 2888 5781 suam
2905 5685 3252 5781 agitata;
3265 5685 3571 5781 inivssus
3592 5697 3725 5781 epis}:
3737 5685 3807 5781 ξῆν

2304 5765 2371 5837 ad
2394 5765 2659 5845 Ver‘ceIL,
2684 5798 2739 5837 n.
2773 5779 2864 5847 64,
2888 5765 3010 5834 eum
3054 5779 3249 5835 merito
3270 5792 3299 5833 a
3324 5778 3470 5833 clero
3494 5765 3649 5847 arceri
3676 5765 3807 5847 ἀοεζθξτ

2304 5854 2394 5937 ειυί
2423 5840 2671 5937 φοιιυάέ-
2711 5840 2969 5937 misse
3010 5852 3249 5937 sortitus
3295 5849 3401 5937 si.“
3434 5840 3808 5937 Quadam;

2304 5909 2511 5990 inquit,
2559 5932 2720 5989 potnt
2765 5909 3022 5977 (⁸ὸίυῶιήιῆ
3054 5921 3284 5983 biduum,
3328 5909 3585 5975 horto—rare,
3614 5909 3793 5960 ratio!!!"

2232 4603 2280 4663 D
