4048 6350
236 250 377 317 1185

1449 244 1809 316 ΕΡῘδΤΟιᾸΕ
1844 246 1934 314 Εἰ·
1974 246 2326 314 DECRETA.

3393 250 3537 316 H86

237 369 476 424 nentiam
502 367 829 439 praedicare,
867 360 953 428 vel
994 367 1229 427 suadere
1250 376 1460 426 castum
1492 370 1675 426 cubile
1713 384 1836 426 ser—
1865 377 1920 437 Α
1942 368 2012 423 ab
2038 367 2179 424 escis
2203 380 2420 441 quoque
2440 382 2502 426 se
2530 363 2749 441 purgari
2772 366 2998 426 volunt:
3023 375 3187 427 etme
3208 367 3538 443 interrogas,

233 476 389 527 vare,
416 462 460 517 si
512 461 627 533 ipse
656 464 856 520 saeculo
882 462 1056 535 magis
1115 461 1312 519 institit
1361 462 1504 519 ﬁlios
1548 477 1834 533 generare,

234 569 394 624 quam
421 554 535 611 Deo
564 554 802 625 lAdam,
828 556 919 629 qui
945 564 1278 627 praeceptum
1307 571 1415 611 non
1445 555 1706 620 servavit,
1725 554 1839 625 eje-

230 657 350 704 ctus
378 648 523 704 foras
548 651 883 719 paradisum,
911 651 1087 706 caruit
1120 664 1290 722 regno
1312 648 1469 722 (Gen.
1502 665 1583 713 ttt,
1609 651 1706 720 25)
1736 666 1752 715 ;
1781 656 1838 706 et

231 743 705 812 praevaricatorem
758 752 918 814 putas
944 758 1105 814 posse
1131 743 1199 798 ad
1224 757 1392 814 regna
1436 740 1681 798 caelestia
1711 756 1835 813 per-

231 837 420 892 venire
448 836 472 890 ?
502 836 585 891 Ob
632 852 797 908 quam
849 852 966 893 rem
1015 836 1217 892 Paulus
1248 835 1380 891 dicit
1416 853 1429 891 :
1467 834 1567 889 Vos
1588 839 1707 908 jam
1733 851 1836 890 non

232 928 353 983 estis
383 929 437 982 in
460 944 635 993 carne,
664 928 755 983 sed
799 930 850 983 in
881 930 1069 1000 spiritu
1101 929 1279 1001 (Rom.
1313 944 1428 993 vut,
1454 929 1554 995 9);
1586 938 1640 984 et
1662 928 1789 983 item
1817 944 1831 982 :

232 1016 301 1072 Et
326 1021 415 1091 qui
431 1019 618 1074 habent
647 1021 943 1089 uxores,ita
973 1021 1077 1074 sint
1096 1021 1245 1091 quasi
1275 1036 1376 1075 non
1403 1019 1623 1074 habeant
1643 1018 1689 1092 (Ι
1709 1019 1831 1075 Cor.

236 1125 334 1179 vtt,
369 1111 465 1182 ‘29)
497 1112 626 1167 lAn
656 1115 747 1184 qui
800 1114 1059 1183 populum
1092 1112 1320 1187 (Supple
1353 1112 1454 1186 sic)
1484 1114 1756 1180 hortatur,
1781 1122 1838 1171 et

232 1206 414 1263 lcvitis
440 1217 497 1263 et
519 1207 898 1264 sacerdotibus
928 1208 1234 1274 blandiens,
1264 1208 1539 1264 licentiam
1571 1208 1839 1278 praeberet

232 1314 371 1371 opus
402 1300 666 1357 exhibere
691 1300 939 1368 carnale,
966 1299 1111 1357 idem
1140 1300 1258 1371 ipse
1288 1300 1477 1357 dicens
1505 1315 1519 1352 :
1552 1299 1619 1354 Et
1665 1301 1838 1355 carnis

234 1408 411 1448 curam
441 1409 505 1448 ne
533 1394 757 1464 feceritis
787 1395 841 1449 in
873 1394 1301 1467 concupiscentiis
1324 1392 1508 1466 (Rom.
1537 1409 1656 1460 xttt,
1690 1391 1781 1464 14)
1816 1408 1832 1459 ;

232 1493 290 1543 et
316 1485 442 1543 alibi
477 1504 489 1537 :
532 1486 729 1542 Vellem
752 1496 925 1541 autem
955 1503 1130 1542 omnes
1157 1489 1232 1541 sic
1264 1503 1373 1542 esse
1400 1490 1531 1542 sicut
1563 1503 1641 1541 me
1664 1489 1836 1560 ipsum

235 1578 281 1652 (Ι
298 1579 419 1635 Cor.
441 1596 538 1649 vn,
568 1578 670 1652 7)?
695 1580 797 1650 Qui
824 1580 1030 1635 tnilitat
1051 1579 1299 1647 Christo,
1331 1581 1424 1653 qui
1457 1582 1508 1635 in
1537 1579 1670 1637 sede
1697 1578 1836 1635 resi-

233 1675 325 1732 det
354 1675 626 1748 magistri,
655 1677 748 1748 qui
788 1676 993 1732 militia:
1016 1675 1362 1747 disciplinam
1395 1691 1501 1731 non
1530 1684 1715 1747 potest
1740 1690 1834 1731 cu-

235 1768 449 1825 stodire
464 1771 489 1823 ἰ

307 1861 361 1916 6.
397 1860 673 1918 [doloraut
730 1863 954 1919 cultores
1002 1863 1273 1919 dwmoniis
1302 1862 1501 1919 litaturi
1524 1905 1540 1927 ,
1571 1863 1837 1918 continen-

235 1960 360 2014 tiam
391 1960 490 2015 sibi
518 1960 860 2033 imperabant.
898 1963 973 2017 De
1020 1962 1103 2017 his
1128 1965 1315 2035 itaque
1350 1962 1524 2019 tribus
1557 1963 1835 2034 gradibus,

232 2068 371 2124 quos
399 2053 629 2126 legimus
656 2057 708 2109 in
732 2054 1058 2127 Scripturis,
1098 2071 1128 2110 a
1157 2056 1427 2112 ministris
1468 2057 1567 2113 Dei
1623 2056 1839 2113 mundi-

234 2148 310 2205 tia
343 2157 629 2220 praecepta.
647 2159 733 2205 est
757 2150 1069 2217 observari,
1092 2150 1292 2220 quibus
1303 2151 1601 2207 necessitas
1623 2166 1841 2221 semper

234 2242 289 2297 in
323 2252 575 2313 promptu
602 2251 710 2298 est.
741 2245 847 2297 Aut
872 2242 1019 2299 enim
1063 2242 1332 2314 baptisma
1382 2243 1709 2302 tradendum
1730 2254 1838 2312 est,

234 2343 329 2391 aut
354 2335 635 2391 oll'erenda
671 2346 799 2391 sunt
826 2335 1096 2392 sacriﬁcia
1126 2335 1291 2408 (Vide
1324 2337 1484 2393 Siric.
1519 2339 1676 2411 epist.
1706 2340 1759 2403 l,
1790 2355 1839 2393 c.

236 2434 292 2500 7,
325 2445 373 2489 et
403 2432 590 2490 Innoc.
622 2451 705 2505 ep.
749 2434 782 2490 6
803 2477 819 2503 ,
871 2452 926 2489 n.
957 2435 1037 2506 2).
1070 2434 1345 2507 Numquid
1404 2436 1717 2493 immundus
1741 2451 1842 2492 au-

236 2544 329 2585 sus
357 2529 460 2585 erit
488 2530 871 2586 contaminare
893 2529 1041 2601 quod
1068 2540 1319 2586 sanctum
1345 2541 1453 2598 est,
1483 2532 1701 2602 quando
1719 2546 1842 2600 quae

237 2632 425 2678 sancta
468 2632 616 2691 sunt,
653 2623 863 2680 sanctis
908 2635 1097 2680 sancta
1124 2624 1571 2695 suntiDenique
1617 2624 1720 2690 illi,
1750 2626 1842 2695 qui

238 2715 293 2772 in
326 2715 527 2785 templo
555 2715 820 2770 sacriﬁcia
850 2714 1173 2782 oﬁ‘erebant,
1196 2726 1253 2771 ut
1281 2714 1467 2771 mundi
1496 2723 1702 2780 essent,
1731 2726 1844 2771 toto

240 2825 384 2865 anno
415 2820 441 2847 ιι
464 2810 518 2865 in
552 2810 775 2880 templo,
808 2810 927 2865 solo
950 2810 1351 2865 observationis
1374 2811 1593 2875 merito,
1627 2825 1845 2881 perma-

240 2904 465 2970 nebant,
494 2902 689 2959 domus
706 2916 833 2957 suas
867 2902 1085 2973 penitus
1106 2903 1441 2958 nescientes.
1473 2902 1637 2958 Certe
1670 2902 1843 2958 idolo-

241 2996 419 3060 latrae,
443 3004 505 3051 ut
558 2994 867 3065 itnpietates
914 3003 1233 3058 exerceant,
1266 3003 1322 3049 et
1370 2992 1713 3049 daemonibus
1745 2994 1845 3049 im-

242 3090 470 3158 molent,
524 3089 798 3161 imperant
825 3088 931 3145 sibi
960 3090 1358 3146 continentiam
1409 3088 1757 3156 muliebrem,
1788 3098 1843 3145 et

1938 460 1984 517 si
2013 461 2279 518 sacerdos
2308 461 2405 518 Dei
2428 461 2571 532 veri,
2620 463 2892 534 Spiritalia
2935 463 3219 520 oblaturus
3245 463 3533 530 sacriﬁcia,

1939 564 2199 627 purgatus
2241 565 2506 627 perpetuo
2553 556 2752 614 debeat
2779 572 2923 625 esse,
2973 573 3042 614 an
3076 567 3221 615 totus
3275 559 3330 614 in
3368 572 3537 615 carne

1938 651 2118 708 carnis
2146 667 2333 708 curam
2364 652 2561 710 debeat
2589 653 2773 711 facere
2799 655 2823 709 ι
2850 654 2907 711 Si
2955 655 3275 713 commixtio
3303 656 3539 728 pollutio

1938 756 2043 815 est,
2070 749 2258 820 utique
2290 749 2549 806 sacerdos
2575 759 2726 806 stare
2754 749 2919 808 debet
2941 750 3009 806 ad
3041 750 3280 808 ofﬁcium
3312 751 3541 810 caeleste

1938 850 2296 911 praeparatus,
2326 842 2421 913 qui
2463 857 2564 912 pro
2592 843 2785 899 alienis
2835 842 3075 915 peccatis
3113 855 3198 900 est
3226 846 3532 915 postulatu-

1939 948 2068 1000 rus;
2096 949 2164 990 ne
2191 934 2311 1006 ipse
2350 933 2661 992 inveniatur
2691 935 2970 1007 indignus.
2995 936 3132 993 Nam
3178 938 3222 993 si
3253 937 3321 993 ad
3368 938 3544 996 laicos

1937 1025 2141 1082 dicitur
2168 1044 2183 1081 :
2217 1027 2476 1083 Abstiuetc
2502 1046 2588 1085 vos
2629 1030 2700 1083 ad
2749 1040 2969 1102 tempus,
3000 1040 3058 1085 ut
3087 1014 3301 1087 vacetis.
3320 1034 3543 1089 orationi

1938 1116 1981 1189 (Ι
2015 1117 2137 1174 Cor.
2164 1136 2265 1191 vn,
2296 1120 2376 1192 5),
2404 1131 2460 1177 et
2500 1120 2579 1176 illi
2607 1129 2881 1178 creatura:
2907 1121 3141 1194 utiqueb
3186 1125 3544 1195 generatione

1936 1213 2289 1280 deserviunt;
2322 1214 2638 1272 sacerdotes
2669 1215 2778 1272 tale
2807 1224 3038 1288 possunt
3080 1217 3286 1273 habere
3310 1232 3543 1287 nomen,

1938 1310 2194 1364 meritum
2242 1309 2453 1367 habere
2505 1325 2614 1366 non
2663 1321 2917 1381 possunt.
2948 1310 3106 1380 Quod
3159 1312 3206 1366 si
3236 1311 3308 1367 ita
3359 1321 3464 1380 est,
3488 1320 3547 1369 et

1938 1412 2227 1473 permanet
2278 1403 2659 1474 praesumptio,
2690 1413 2907 1474 oportet
2934 1415 2958 1444 ο
2987 1407 3099 1474 jam
3154 1406 3541 1477 episcoporum

1937 1497 2022 1552 vel
2054 1497 2505 1569 presbyterorum
2530 1508 2624 1553 aut
2649 1498 3008 1554 diaconorum
3033 1498 3170 1555 disci
3198 1515 3269 1555 ne
3287 1514 3410 1555 cum
3444 1516 3544 1571 pu-

1936 1590 2279 1646 blicanorum
2308 1591 2417 1647 vita
2445 1590 2667 1647 sociari.
2692 1590 3083 1660 Quamobrem,
3112 1592 3246 1648 mihi
3275 1590 3302 1630 ἀ
3333 1592 3543 1650 charis-

1937 1682 2088 1750 simi,
2113 1683 2424 1755 hujusmodi
2478 1685 2794 1741 hominibus
2847 1684 3212 1756 coinquinatis
3235 1694 3292 1742 et
3313 1685 3547 1743 inﬁdeli-

1864 1771 1914 1832 B
1941 1778 2063 1844 bus,
2097 1779 2150 1834 in
2177 1778 2375 1850 quibus
2418 1778 2729 1835 sanctitudo
2783 1780 3035 1851 corporis
3089 1795 3187 1851 per
3216 1780 3462 1838 illuviem
3489 1789 3547 1837 et

1941 1872 2394 1929 incontinentiam
2421 1872 2637 1929 videtur
2670 1886 2795 1929 esse
2836 1872 3065 1944 polluta,
3091 1874 3417 1945 mysterium
3450 1873 3549 1931 Dei

1941 1965 2171 2021 credere
2195 1979 2302 2019 non
2325 1966 2967 2036 oportere,veneratione
2989 1965 3275 2037 religionis
3293 1966 3408 2037 ipsa
3421 1982 3549 2023 sua-

1943 2057 2131 2126 dente,
2162 2072 2385 2114 moneo.
2418 2057 2530 2114 Hos
2558 2058 2706 2113 enim
2732 2067 2788 2113 et
2818 2057 3125 2129 ratiojusta
3153 2058 3413 2115 secernit.
3437 2060 3550 2115 Au-

1944 2148 2095 2205 diant
2140 2159 2293 2206 certe
2334 2167 2348 2206 :
2381 2150 2638 2222 Quoniam
2687 2166 2809 2205 caro
2847 2158 2897 2204 et
2949 2151 3163 2223 sanguis
3192 2167 3409 2223 regnum
3446 2149 3547 2207 Dei

1945 2261 2050 2300 non
2082 2245 2439 2316 possidebunt,
2465 2260 2630 2317 neque
2649 2245 2916 2316 corruptio
2940 2246 3404 2320 incorruptelamﬂ
3420 2246 3546 2306 Cor.

1943 2352 2037 2401 xv,
2097 2334 2215 2409 50).
2266 2336 2336 2393 Et
2384 2335 2549 2393 audet
2590 2338 2877 2409 presbyter
2904 2347 2998 2393 aut
3039 2338 3305 2396 diaconus
3331 2341 3550 2396 anima-

1946 2430 2078 2486 lium
2124 2446 2279 2488 more
2335 2432 2626 2501 subjacerc
2676 2441 2699 2470 ε
2729 2432 3116 2491 contendere?

2018 2526 2072 2579 7.
2100 2524 2237 2580 Eum
2265 2526 2355 2598 qui
2383 2526 2558 2597 ﬁdelis
2584 2528 2774 2583 militat
2822 2527 3046 2596 sarculo,
3077 2529 3142 2584 ab
3164 2528 3421 2600 injustitia
3446 2546 3551 2587 non

1946 2632 2055 2671 esse
2080 2618 2384 2672 immunem.
2416 2618 2548 2674 Item
2579 2619 2648 2676 de
2688 2634 2775 2687 eo,
2800 2623 2893 2691 qui
2931 2621 3247 2677 militaverit
3265 2621 3377 2692 jam
3411 2622 3550 2680 lide-

1946 2710 2016 2766 lis
2047 2710 2254 2768 militia:
2286 2711 2559 2781 saeculari,
2587 2715 2785 2770 notitia
2814 2726 2902 2771 est
2948 2716 3094 2787 quod
3124 2726 3307 2773 utatur
3339 2718 3555 2789 publica

1946 2808 2222 2865 libertate.
2253 2808 2386 2877 Quis
2405 2809 2552 2866 enim
2575 2819 2755 2881 potest
2779 2810 2934 2867 illum
2962 2810 3280 2870 custodire?
3310 2814 3431 2884 quis
3452 2830 3553 2871 ne-

1946 2916 2078 2973 gare
2107 2902 2195 2957 vel
2250 2902 2589 2972 spectaculis
2640 2904 3103 2985 interfuissenvel
3133 2907 3378 2975 pecunia:
3404 2908 3554 2965 utili-

1948 3002 2059 3049 tate
2088 2993 2378 3064 impulsum
2403 3010 2431 3049 a
2446 2996 2708 3053 violentia
2730 3005 2785 3054 et
2809 2996 3072 3068 injustitia
3096 2999 3395 3058 immunem
3431 3016 3556 3059 esse

1955 3083 1973 3123 ί
2001 3101 2110 3142 non
2146 3087 2437 3158 potuisse?

244 3258 313 3313 ad
342 3255 731 3311 custodiendam
754 3254 1082 3316 viduitatem,
1104 3253 1417 3309 servandam
1438 3253 1638 3307 maritis
1662 3252 1840 3327 Iidem,
1869 3252 1916 3317 C
1948 3252 2052 3317 dit,
2068 3252 2181 3327 jam
2218 3252 2470 3325 episcopis
2499 3251 2578 3327 vel
2612 3252 2933 3327 presbyteris
2948 3263 3040 3327 aut
3070 3255 3304 3313 diaconis
3333 3258 3457 3327 dici,
3486 3276 3550 3317 ne

244 3346 399 3402 quam
426 3328 728 3402 ipseprtori
765 3328 1008 3397 coniugio
1057 3343 1159 3380 non
1202 3328 1531 3402 reservaverit
1562 3328 1731 3402 :_qttia
1764 3326 1845 3380 tti-

246 3398 445 3458 mirum
481 3399 625 3454 debet
676 3402 1078 3468 praeponderare
1100 3402 1204 3452 vita
1225 3398 1531 3461 sacerdotis,
1559 3399 1689 3451 sicut
1711 3412 1846 3468 pra:-

248 3473 504 3544 ponderut
541 3472 731 3543 gratia.

320 3553 347 3582 ι
372 3540 624 3599 Sirictunt
646 3543 808 3611 epist.
839 3543 891 3609 Ι,
919 3558 973 3596 ιι.
1005 3542 1060 3607 9,
1082 3542 1191 3613 jam
1221 3541 1527 3597 audivimus
1555 3540 1745 3596 eadem
1778 3540 1847 3597 de

247 3630 410 3673 causa
434 3616 514 3671 sic
534 3615 897 3669 disserentem
926 3632 940 3667 :
968 3613 1073 3669 Cur
1099 3614 1254 3667 etiam
1282 3613 1515 3684 procula
1543 3614 1649 3666 suis
1678 3613 1848 3667 domi-

248 3689 362 3751 bus,
385 3703 523 3742 anno
553 3686 676 3739 vicis
702 3701 833 3741 suae.
879 3686 931 3739 in
964 3686 1156 3752 lemma
1178 3684 1414 3738 habitare
1431 3684 1573 3755 jussi
1610 3694 1733 3738 sunt
1761 3701 1849 3738 sa-

248 3760 527 3816 cerdotes?
554 3757 669 3812 llac
714 3756 950 3811 uidelicet
974 3758 1195 3816 ratione.
1239 3772 1301 3810 ue
1335 3756 1413 3810 vel
1441 3771 1556 3808 cum
1604 3755 1849 3811 uxoribus

249 3841 455 3904 possent
513 3830 721 3884 carnale
775 3843 1011 3883 exercere
1041 3829 1421 3904 commercium,
1452 3838 1504 3880 ut
1526 3828 1850 3904 conscientia:

248 3897 547 3973 integritate
576 3899 1201 3974 fulgentes,gacceptubile
1233 3900 1339 3955 Deo
1365 3915 1551 3974 munus
1580 3897 1846 3974 offerrent.

249 3975 329 4031 Ex
354 3970 630 4035 euetiam,
657 3970 799 4039 Quod
848 3972 916 4026 de
959 3973 1300 4028 sacerdotum
1344 3971 1628 4042 gentilium
1673 3970 1851 4027 conti-

250 4043 438 4101 nentia
468 4042 775 4113 subjicitur,
810 4043 1117 4113 illustratur
1164 4042 1310 4113 quod
1343 4043 1484 4097 idem
1514 4058 1649 4113 papa
1684 4044 1853 4110 epist.

251 4119 309 4183 5,
338 4116 456 4182 n.3,
483 4114 746 4170 adversus
768 4112 1174 4168 incontinentes
1198 4112 1405 4167 Christi
1434 4112 1712 4168 mlllisll'OS
1741 4115 1853 4169 elo-

252 4190 461 4260 quitur,
486 4195 648 4260 atqtte
671 4191 746 4240 ait
779 4200 794 4239 :
824 4183 1066 4260 Tollutur
1084 4186 1179 4237 hoc
1203 4184 1561 4260 approbrium,
1594 4185 1733 4254 quod
1759 4202 1853 4260 p0-_-

255 4253 353 4317 test
374 4263 501 4333 jure
520 4253 677 4333 etiam
705 4255 967 4333 gentilitas
995 4272 1256 4333 accusare.
1275 4255 1343 4309 Et
1365 4255 1416 4310 id
1436 4253 1681 4333 quidem,
1709 4253 1851 4323 quod

254 4324 403 4388 nunc
422 4331 664 4401 apertius
692 4324 1329 4401 explicathonﬁrmatur
1358 4324 1469 4401 tum
1490 4326 1573 4401 his
1602 4324 1856 4401 Clemen-

257 4404 329 4458 tis
375 4397 679 4458 Alexantlr.
727 4399 825 4455 lib.
855 4416 914 4455 ιιι
939 4398 1147 4455 Strom.
1180 4413 1300 4469 pag.
1358 4399 1505 4469 ωδε
1531 4397 1634 4466 Qui
1676 4399 1855 4453 colunt

254 4474 418 4541 idola,
465 4491 498 4529 a
545 4473 673 4527 cibis
717 4480 767 4525 et
798 4487 977 4526 venere
1019 4468 1401 4525 abstinent.....
1450 4468 1624 4539 Magis
1651 4486 1856 4541 quoque

256 4562 396 4602 curta
423 4556 522 4611 est,
542 4546 631 4615 qui
654 4542 867 4614 angelos
892 4543 1072 4615 colunt
1099 4551 1145 4596 et
1172 4542 1455 4615 daemones,
1479 4541 1640 4615 simul
1655 4557 1710 4615 _a
1722 4543 1853 4615 _vino

256 4612 1850 4707 ¢£“"f.m.a{"‘“"51":.a.’f!“"€'€.'3:"ﬂ€‘i{flmlisi‘i395'
1880 4646 1932 4707 ι)

257 4690 439 4763 pbyrit
473 4689 567 4763 ιιι).
601 4704 656 4763 tv
692 4689 763 4763 de
784 4686 1001 4742 Abstin.
1039 4702 1053 4739 :
1084 4683 1312 4763 Tempus
1342 4700 1484 4751 sero,
1507 4684 1650 4763 quod
1682 4688 1856 4763 requi-

258 4756 392 4817 ritur
418 4762 488 4816 ad
516 4761 887 4829 perfectionem
915 4773 1183 4814 sacrorum
1238 4757 1456 4829 rituum,
1507 4757 1706 4829 aliquot
1737 4756 1855 4812 die-

258 4850 375 4888 rum
403 4827 759 4903 complectitur
784 4846 1075 4903 numerum.
1115 4827 1262 4903 aliud
1306 4828 1516 4903 quidem
1546 4827 1785 4903 duorum
1809 4838 1857 4903 et

296 4899 627 4976 uadraginta,
679 4901 827 4957 aliud
868 4902 963 4956 hoc
990 4901 1265 4957 constituto
1298 4902 1513 4955 termino
1538 4899 1738 4976 breuius
1780 4902 1860 4955 vel

282 4970 515 5051 ongius';
543 4976 677 5029 inter
694 4989 823 5051 quos
866 4985 1059 5051 septem
1089 4989 1368 5051 numquam
1398 4970 1859 5051 praetermittuntur

262 5043 394 5110 diei.
423 5048 548 5119 quin
570 5043 798 5119 omnino
832 5045 897 5098 sit
925 5043 1001 5119 eis
1034 5043 1337 5119 ()Egyptiis
1366 5043 1767 5119 sacerdotibus)
1795 5044 1860 5097 ab

262 5114 504 5175 animatis
524 5117 906 5180 abstinendum,
933 5116 1054 5169 item
1082 5117 1145 5169 ab
1173 5114 1311 5170 omni
1324 5114 1463 5170 olere
1488 5124 1537 5169 et
1560 5114 1815 5185 legumine
1838 5131 1858 5181 ;

261 5195 354 5248 sed
383 5191 612 5247 omnium
636 5188 863 5244 maxime
889 5204 921 5239 a
948 5187 1585 5313 consuetudingsfeminew
1637 5186 1854 5241 veneris.

264 5263 405 5313 Vide
430 5263 632 5313 Julian.
668 5262 799 5313 imn.
854 5257 950 5313 Or.
980 5261 1037 5313 5.
1084 5273 1203 5313 uati.
1254 5259 1287 5313 3
1367 5298 1379 5311 .
1430 5257 1540 5313 Sed
1592 5259 1676 5312 vel
1732 5259 1854 5312 hinc

264 5263 405 5321 Vide
430 5263 632 5320 Julian.
668 5262 799 5329 imp.
854 5257 950 5314 0r.
980 5261 1037 5325 5,
1084 5273 1203 5328 pag.
1254 5259 1287 5313 5

263 5351 431 5392 nemo
485 5350 591 5389 non
639 5330 1069 5396 animadvertit,
1141 5337 1342 5397 quanta
1391 5330 1458 5383 sit
1523 5330 1774 5399 epistolae
1828 5329 1855 5383 1

265 5408 487 5474 Siricii,
531 5419 744 5462 necnon
797 5403 1002 5474 quinta:
1041 5408 1097 5457 et
1150 5400 1346 5457 horum
1395 5415 1667 5457 canonum
1726 5416 1860 5457 con-

264 5494 477 5535 sensto.
898 5502 899 5505 ‘

338 5549 525 5614 hApud
550 5548 657 5605 Sir.
670 5588 686 5613 ,
699 5545 1376 5618 generationiﬁetinemus
1397 5559 1523 5600 cum
1537 5543 1856 5618 archetypo,

267 5625 616 5705 generatione,
658 5615 1098 5691 vocabulumque
1126 5628 1375 5674 creatura:
1424 5618 1476 5672 itt
1527 5615 1692 5672 dandi
1731 5615 1862 5672 casu

269 5696 643 5751 intelligimus.
1728 5738 1733 5743 ,

347 5711 879 5837 ξιὶιξιξιιὲῗιξιγριιηι,
912 5761 1196 5837 nisi_quod
1249 5762 1303 5817 in
1331 5776 1399 5817 eo
1447 5759 1529 5837 bis
1577 5738 1756 5837 exstat
1783 5760 1866 5837 di-

270 5840 413 5902 scine
436 5853 554 5895 cum
569 5832 984 5913 publicanorum.
1026 5833 1232 5892 Locum
1265 5837 1408 5890 hunc
1443 5832 1609 5889 Sirm.
1643 5834 1715 5888 ita
1752 5833 1869 5889 edi-

1367 5298 1379 5311 .
1430 5257 1540 5314 Sed
1592 5259 1676 5312 vel
1732 5259 1860 5312 hinc
1918 5256 1919 5259 “

1951 3341 2065 3379 cum
2083 3323 2478 3400 publicanorum
2488 3326 2591 3379 vita
2611 3323 2890 3400 sociemur.
2918 3325 3084 3400 Magis
3096 3329 3162 3382 ad
3184 3330 3375 3400 synodi
3401 3323 3554 3388 men-

1951 3405 2060 3451 tem
2092 3411 2216 3450 ettm
2250 3399 2322 3450 ita
2344 3398 2667 3474 castigatum
2708 3397 2974 3474 exhibere
2999 3397 3265 3467 licuisset,
3297 3402 3414 3474 jam
3443 3405 3553 3474 epi-

1950 3484 2263 3540 scaporum,
2311 3467 2727 3540 presbyterorum
2750 3479 2839 3522 aut
2877 3470 3218 3525 diaconorum
3270 3467 3550 3531 discrimen

1949 3539 2614 3616 cum_publicanoruu_t_vita
2637 3540 2848 3616 sociari.
2884 3540 2999 3616 Hoc
3022 3551 3126 3604 est,
3159 3543 3205 3598 si
3250 3548 3548 3616 episcopis,

1950 3611 2286 3684 presbyteris
2322 3619 2415 3684 aut
2442 3611 2691 3684 diaconis
2744 3612 3137 3669 incontinentis
3191 3611 3550 3684 per'mittiiur',

1949 3682 2167 3756 Oportet
2192 3682 2384 3756 illosin
2407 3682 2601 3739 eodem
2630 3683 2843 3739 vivendi
2870 3699 3073 3756 genere
3097 3682 3220 3741 cum
3246 3682 3553 3756 publicanis

1952 3752 2169 3809 sOciari.
2203 3752 2344 3809 Infra
2387 3763 2594 3817 autem,
2627 3771 2684 3811 ιι.
2727 3757 2761 3811 8
2792 3797 2808 3822 ,
2854 3752 3161 3827 publicanus
3210 3752 3447 3816 sumitur
3491 3771 3554 3818 ut

1950 3827 2164 3882 solutus
2208 3841 2238 3880 a
2289 3827 2448 3898 lege,
2497 3835 2554 3883 et
2603 3827 2654 3883 ei
2706 3828 3004 3898 opponitur
3053 3831 3145 3900 qui
3199 3831 3435 3887 observat
3480 3836 3555 3889 le-

1990 3913 2086 3954 em.

1952 3916 2373 4043 garl’rovcrbo
2389 3970 2706 4043 charissimi,
2733 3970 2784 4026 in
2806 3970 3107 4043 archetypo
3128 3982 3308 4030 exstat
3328 3985 3459 4032 nota
3474 3994 3551 4035 cc.

1953 4057 2117 4113 quam
2149 4040 2475 4097 Sirmondus
2503 4052 2683 4097 contra
2726 4040 3145 4113 interpretatus,
3200 4055 3373 4101 totum
3410 4048 3557 4105 hunc

1956 4114 2136 4170 locum
2171 4123 2379 4185 mutare
2406 4124 2571 4185 atque
2601 4114 2941 4185 interpolare
2967 4126 3192 4172 coactus
3212 4129 3297 4172 est
3325 4119 3377 4173 in
3410 4119 3555 4176 hunc

1955 4185 2175 4261 modum
2202 4202 2223 4261 _:
2249 4183 2621 4261 _l\liltil_contrn_
2642 4183 2940 4261 Itujusmodi
2968 4185 3202 4261 nomines
3247 4190 3554 4261 coinquina-

1957 4265 2033 4330 tos
2059 4264 2106 4309 et
2130 4254 2389 4330 inﬁdeles,
2414 4256 2467 4309 in
2511 4254 2717 4330 quibus:
2735 4257 3031 4330 sanctitudo
3050 4259 3285 4323 corporis
3315 4254 3405 4330 per
3431 4262 3557 4316 illu-

1955 4327 2085 4380 viem
2109 4326 2608 4402 etincontinentiam
2660 4328 2860 4402 videtur
2899 4344 3011 4381 esse
3041 4330 3264 4402 polluta,
3294 4326 3556 4402 negotium

1956 4408 2052 4475 est,
2083 4397 2439 4475 ta_lib_us(q_t_t:e
2472 4398 2574 4452 tria
2614 4400 2776 4455 verba
2813 4398 2895 4475 _de
2924 4397 3050 4455 suo'
3075 4399 3328 4470 addidit),
3357 4397 3555 4475 myste-

1954 4470 2089 4523 rium
2114 4467 2210 4523 Dei
2237 4469 2374 4540 credi
2406 4486 2508 4524 non
2529 4479 2785 4540 oportere.
2813 4472 2869 4526 In
2900 4483 3089 4527 nostra
3111 4467 3297 4529 autem
3317 4467 3554 4534 lectione

1955 4556 2079 4596 cum
2110 4540 2177 4596 ad
2208 4539 2490 4612 archetypi
2524 4541 2685 4597 Iidem
2718 4556 2943 4612 prorsus
2966 4553 3155 4599 exacta
3176 4545 3268 4612 sit,
3300 4548 3435 4603 nihil
3459 4548 3557 4606 de-

1958 4612 2308 4667 siderandnm
2337 4622 2531 4667 restat.
2559 4612 2670 4669 Nec
2701 4622 2909 4670 temere
2939 4613 3029 4672 hic
3071 4631 3103 4670 a
3153 4617 3312 4673 nobis
3358 4620 3557 4677 lectum

1957 4698 2080 4757 esse
2108 4683 2234 4757 mihi
2286 4684 2601 4757 charissimi,
2628 4684 2823 4740 suadet
2876 4685 3011 4742 illud
3039 4688 3288 4757 epistolae
3315 4690 3350 4746 6
3376 4691 3559 4749 Siricii

1960 4771 2016 4811 ιι.
2039 4756 2075 4811 3
2093 4773 2105 4810 :
2124 4754 2210 4833 De
2230 4772 2362 4833 quo,
2386 4755 2678 4833 charissimi
2699 4757 2852 4833 mihi,
2872 4766 3013 4833 ante,
3037 4754 3148 4815 etc.
3179 4762 3360 4831 Atque
3391 4762 3556 4833 hujus

1958 4830 2174 4901 generis
2200 4828 2531 4901 locutionem
2556 4828 2744 4901 Siricii
2793 4831 3069 4901 propriam
3115 4846 3242 4887 esse
3271 4828 3563 4890 conﬁrmat

1959 4900 2156 4955 similis
2203 4898 2448 4967 ejusdem
2480 4900 2642 4969 epist.
2675 4900 2730 4964 7,
2764 4898 2819 4955 ιι.
2853 4898 2931 4958 ὄξ
2963 4902 3080 4970 Qua
3121 4902 3187 4955 de
3212 4920 3270 4957 re
3324 4921 3561 4961 necessa-

1961 4972 2096 5046 rium
2117 4971 2245 5046 satis
2270 4970 2389 5046 fuit,
2416 4970 2739 5046 dilectissimi
2774 4974 2925 5041 mihi,
2971 4990 3088 5044 quat
3124 4971 3210 5027 hic
3234 4985 3376 5046 gesta
3419 4988 3559 5033 sunt.

1961 5042 2137 5097 Porro
2166 5042 2306 5114 sicut
2336 5042 2569 5112 simplex
2603 5060 2631 5098 c
2662 5052 2811 5100 recte
2836 5042 3183 5114 interpretati
3208 5042 3334 5101 licet
3360 5047 3562 5104 charis-

1962 5115 2109 5189 sime,
2140 5114 2212 5168 ita
2234 5112 2432 5189 duplex
2458 5130 2513 5167 cc
2557 5131 2660 5189 pro
2685 5131 2818 5189 voce
2863 5112 3156 5189 durissimi
3207 5120 3444 5189 positum
3471 5121 3559 5177 itt-

1963 5186 2211 5262 tellige_re
2242 5194 2346 5262 est.
2390 5184 2632 5262 Notariis
2651 5188 2799 5262 enim
2837 5187 2902 5262 id
2931 5202 3032 5242 usu
3066 5184 3236 5262 venit,
3260 5200 3319 5262 ut
3350 5191 3558 5262 littera,

1962 5255 2344 5330 qum-simplex
2371 5272 2559 5312 vocem
2591 5259 2849 5330 singulari
2882 5272 3109 5314 numero
3139 5259 3435 5330 signiﬁcat,
3466 5255 3559 5330 ge;

1964 5280 2083 5327 qutc
2112 5280 2344 5324 suttptex
2371 5280 2559 5312 vocem
2591 5280 2849 5330 Burgum"
2882 5280 3109 5314 numero
3139 5280 3186 5316 SI
3226 5280 3435 5328 ntncat,
3503 5280 3559 5320 e-

1964 5329 2166 5406 ntinata
2194 5329 2439 5406 eamdem
2470 5344 2660 5406 vocem
2704 5330 2898 5406 plurali
2929 5346 3159 5387 numero
3186 5280 3562 5406 gesignetﬁta

1963 5400 2018 5454 in
2057 5399 2438 5479 consularibus
2492 5402 2637 5479 notis
2688 5399 2920 5473 simplex
2950 5419 2978 5455 υ
3030 5417 3128 5474 pro
3176 5399 3334 5475 uiro;
3358 5408 3559 5479 duplex

1963 5486 2062 5543 pro
2090 5472 2211 5543 uiris
2240 5472 2400 5528 scribi
2431 5473 2594 5528 solet.

2043 5553 2066 5580 ε
2091 5542 2320 5612 Supple,
2352 5544 2691 5615 corruptioni,
2737 5545 2949 5601 scilicet
2983 5546 3188 5603 carnis.
3235 5549 3564 5608 Sirmondus

1970 5630 2079 5691 pro
2098 5614 2426 5691 contendere,
2455 5614 2737 5672 substituit
2756 5620 3069 5691 contentioni
3099 5634 3118 5673 :
3143 5632 3346 5691 prater
3367 5622 3564 5683 archc-

1972 5689 2084 5770 typi
2105 5688 2280 5770 tidem
2309 5702 2372 5770 ac
2408 5703 2627 5743 sensum
2655 5689 2939 5770 orationis.

2051 5758 2070 5795 τ
2102 5758 2430 5837 Particulam
2485 5769 2772 5837 negantem
2800 5805 2816 5830 ,
2872 5778 2996 5837 quae
3050 5765 3104 5837 in
3156 5779 3263 5837 gms.
3321 5765 3559 5837 deerat,

1976 5831 2140 5889 Sirm.
2171 5832 2461 5904 supplevit.
2490 5830 2629 5889 Vide
2650 5830 2953 5892 lnnocentii
2973 5836 3262 5909 epistolam
3291 5838 3351 5909 2,
3382 5855 3437 5895 ιι.
3470 5830 3561 5903 Hi
