4048 6350
228 321 362 378 H89

1442 315 1808 377 EPISTOLJE
1849 315 1941 375 ET
1979 313 2323 374 DECRETA.

3392 313 3530 368 H90

224 437 345 508 quis
371 451 468 494 sua
518 436 678 503 plena
707 445 990 510 purgatur.
1034 437 1094 496 8i
1142 437 1288 496 enim
1309 436 1545 494 chrisma
1581 438 1818 494 infusum
1847 439 1897 500 Α
1925 449 2100 492 carnes
2129 435 2342 504 capiunt
2369 431 2587 487 verbum
2617 431 2732 498 Dei,
2757 432 2848 487 sed
2875 431 3060 503 quibus
3084 435 3109 468 ιι
3129 431 3284 485 datur
3308 429 3529 502 (Matth.

226 531 384 604 capiti
413 535 642 602 gratiam
668 547 822 587 suam
856 541 968 588 toto
1015 533 1134 604 (pro
1159 531 1280 605 toti)
1308 534 1528 605 corpori
1555 535 1818 604 impertit,

227 625 580 679 nihilominus
633 635 686 680 et
743 627 906 680 tertio
950 627 1215 680 scrutinio
1272 638 1548 681 scrutatus
1595 628 1642 680 si
1700 626 1824 680 oleo

227 717 386 774 fuerit
415 729 438 756 ει
471 728 779 785 contactus,
808 737 915 775 non
947 735 1118 790 saepe,
1147 720 1241 776 sed
1271 722 1468 784 semel,
1498 722 1702 777 virtute
1729 737 1826 776 sua

230 813 374 872 Deus
405 825 665 886 operatur
687 817 738 870 in
762 827 1033 887 tempore.

302 907 389 962 1‘2.
423 907 668 963 Sororem
697 909 875 964 uxoris
899 926 1008 964 suae
1047 925 1148 964 non
1197 910 1347 964 licere
1372 910 1557 964 ducere
1596 925 1825 964 uxorem.

231 1002 306 1059 De
331 1018 421 1070 eo,
455 1004 544 1073 qui
579 1019 824 1058 sororem
863 1005 1051 1060 uxoris
1095 1021 1207 1060 sua:
1245 1003 1468 1059 duxerit
1494 1020 1742 1070 uxorem,
1777 1005 1828 1058 in

230 1094 348 1163 lege
391 1096 596 1150 veteris
626 1095 968 1152 Testamenti
1017 1099 1278 1167 scriptum
1317 1110 1422 1163 esr,
1449 1097 1518 1152 ad
1561 1098 1830 1152 snscitan-

231 1188 356 1244 dum
390 1205 578 1245 semen
621 1188 861 1246 defuncti
921 1189 1105 1246 fratris
1147 1200 1410 1262 oportere
1465 1191 1666 1246 dueere
1694 1207 1830 1247 uxo-

230 1297 370 1346 rem,
398 1281 470 1336 ita
506 1294 711 1346 tamen,
765 1284 810 1338 si
843 1283 1046 1339 liberos
1092 1299 1163 1339 ex
1195 1283 1222 1323 ι)
1251 1284 1442 1340 eadem
1493 1284 1716 1340 minime
1746 1298 1834 1340 re-

230 1375 481 1446 liquisset
532 1376 735 1446 (Deut.
784 1393 891 1434 xxv
926 1420 938 1442 ,
995 1377 1100 1450 5).
1169 1378 1298 1434 Inde
1357 1388 1442 1434 est
1490 1381 1632 1435 enim
1685 1378 1831 1450 quod

231 1467 468 1524 Joannes
496 1468 734 1538 Baptista
780 1469 1114 1525 contradixit
1145 1470 1384 1534 Herodi,
1419 1472 1674 1541 quoniam
1723 1485 1832 1526 non

233 1561 433 1618 licebat
454 1563 503 1616 ei
527 1564 781 1632 accipere
824 1579 1074 1630 uxorem,
1101 1565 1225 1634 quia
1254 1564 1323 1620 de
1351 1563 1518 1620 fratre
1545 1567 1836 1636 reliquerat

233 1657 376 1711 ﬁlios
405 1656 622 1728 (Matth.
654 1673 768 1722 xrv,
802 1658 886 1729 4).
919 1658 1123 1714 Tamen
1149 1670 1374 1729 propter
1417 1661 1634 1716 virilem
1665 1675 1834 1732 gene-

232 1750 496 1806 rationem
527 1749 1020 1821 Legiseonstitutio
1040 1753 1344 1820 imperabat
1361 1753 1464 1808 hoc
1493 1753 1607 1809 fieri
1627 1770 1654 1807 a
1685 1753 1829 1808 viro:

234 1842 299 1898 de
331 1842 547 1897 feminis
581 1858 844 1909 nuSquam
869 1855 953 1898 est
985 1845 1208 1910 lectum,
1251 1846 1346 1899 scd
1383 1848 1519 1900 forte
1567 1861 1834 1914 priesuni-

235 1947 408 2008 ptum.
432 1937 566 1991 Nam
588 1937 698 1994 Lex
731 1939 895 1992 dicit:
925 1937 1241 1994 Maledicms
1261 1941 1348 2010 qui
1375 1958 1492 1994 cum
1521 1941 1701 1996 uetaris
1728 1958 1838 1997 sua:

235 2048 412 2088 sorore
443 2033 710 2087 dormierit
737 2032 924 2105 (Leuit.
957 2050 1108 2099 xvut,
1143 2032 1252 2105 l8).
1277 2033 1550 2105 Numquid
1579 2036 1669 2106 qui
1701 2034 1836 2090 duas

239 2124 425 2180 habuit
470 2141 674 2180 uxores
701 2125 870 2182 Jacob
903 2144 1010 2181 uno
1043 2130 1094 2181 in
1125 2136 1372 2196 tempore
1422 2143 1642 2183 sorores
1668 2143 1837 2185 causa

239 2217 506 2287 mysterii,
539 2227 595 2270 et
620 2219 980 2286 cuncubinas,
1005 2229 1058 2272 et
1084 2233 1275 2274 omnes
1304 2221 1394 2290 qui
1423 2222 1536 2276 nati
1561 2231 1714 2287 sunt,
1745 2237 1840 2292 pa-

241 2308 491 2364 triarchae
514 2318 643 2363 sunt
688 2311 970 2380 appellati.
1008 2327 1149 2366 nunc
1173 2311 1284 2380 jam
1317 2323 1338 2351 ο
1371 2309 1717 2369 Christianus
1749 2315 1844 2369 ba-

242 2403 372 2458 bere
406 2419 511 2458 non
565 2405 902 2473 permittitur
924 2404 1234 2476 ?Nuniquid
1263 2406 1358 2477 qui
1405 2423 1600 2463 uxores
1630 2421 1686 2464 et
1713 2425 1845 2464 con—

243 2495 468 2551 cubinas
503 2495 840 2554 habuerunt?
871 2497 976 2553 Sed
1009 2514 1153 2553 nunc
1201 2499 1305 2554 hoc
1338 2516 1444 2554 non
1484 2501 1682 2570 patitur
1726 2503 1843 2557 ﬁeri

245 2585 683 2653 Testamentum,
718 2589 808 2643 ubi
849 2589 1083 2657 amplius
1111 2590 1182 2644 de
1221 2589 1534 2661 integritate
1558 2599 1844 2659 tractatur,

247 2691 300 2738 et
319 2683 547 2739 castitas
573 2682 790 2738 Christo
821 2681 1056 2738 docente
1081 2683 1360 2752 laudatur,
1385 2701 1507 2740 cum
1537 2685 1670 2741 dicit
1693 2706 1704 2741 :
1725 2685 1848 2743 Non

249 2799 656 2868 mergebantur.
708 2797 864 2854 Unde
906 2799 1048 2854 hanc
1076 2799 1366 2855 exorcisati
1393 2802 1499 2858 olei
1535 2805 1846 2860 unctionem

252 2870 316 2925 ad
344 2869 608 2944 postremi
651 2872 896 2944 scrutinii
945 2873 1084 2925 ritus
1142 2871 1441 2940 pertinere,
1474 2875 1702 2944 ipsoque
1732 2879 1838 2942 die,

253 2958 360 3014 quo
383 2943 675 3014 baptisma,
699 2943 954 2998 collatam
981 2958 1106 2997 esse
1133 2943 1471 3014 intelligitur.
1503 2943 1637 2999 Cum
1668 2958 1852 3002 autem

255 3011 416 3082 hujus
447 3017 584 3067 ritus
607 3013 748 3068 idem
770 3015 908 3068 ordo
932 3017 983 3068 in
1016 3015 1117 3070 hoc
1147 3011 1371 3070 decreio
1403 3024 1645 3082 notetur,
1675 3033 1738 3071 ac
1761 3036 1859 3072 ni:-

256 3083 504 3141 minatim
529 3085 692 3139 tertio
711 3087 971 3140 scrutinio
991 3087 1378 3156 baptizandum
1402 3089 1532 3144 oleo
1551 3092 1862 3145 exorcisato

259 3156 510 3228 perfundi
539 3156 799 3212 doceatur
823 3174 840 3221 ;
871 3161 1118 3226 sequitur
1140 3168 1198 3213 ut
1241 3159 1372 3213 olim
1399 3163 1450 3213 in
1479 3159 1720 3214 Ecclesia
1749 3163 1860 3216 Ru-
1889 3161 1934 3224 C

261 3246 418 3282 intuta
467 3245 598 3293 non,
653 3239 709 3282 ut
740 3230 900 3298 vulgo
931 3239 1142 3299 putant,
1173 3241 1384 3300 septem
1423 3234 1710 3298 scrmirria,
1765 3235 1859 3287 sed

262 3303 362 3354 tria
386 3300 670 3356 dumtaxat
697 3300 908 3365 ﬁerent,
953 3310 1118 3372 atque
1150 3301 1342 3356 horum
1384 3311 1720 3372 pnstremnm
1753 3321 1862 3359 non

265 3373 400 3447 feria
431 3379 646 3442 quarta,
677 3389 798 3447 quae
823 3374 1146 3447 baptismum
1190 3377 1560 3439 antecederet,
1607 3377 1702 3430 sed
1747 3379 1865 3447 ipso

267 3444 376 3509 die,
402 3461 509 3509 quo
543 3446 861 3510 baptismus,
895 3446 1287 3500 celebraretur.

341 3526 365 3553 ⁸
401 3515 457 3589 In
488 3532 592 3569 ms.
621 3515 774 3589 coll).
807 3555 821 3589 _,
875 3526 1172 3589 contractus
1201 3533 1220 3582 ;
1271 3518 1410 3589 quod
1465 3528 1612 3572 recte
1635 3534 1660 3571 ιι
1692 3519 1859 3574 Sirm.

269 3587 640 3644 emendatum.
669 3587 762 3639 llic
787 3587 896 3640 duo
925 3588 1191 3644 docemur
1217 3606 1230 3643 :
1268 3587 1498 3657 primum
1527 3606 1686 3644 uuam
1711 3591 1866 3645 sufﬂ-

270 3677 396 3715 ccre
425 3661 737 3713 unctionem
766 3675 782 3722 ;
820 3661 1074 3720 alterum.
1107 3676 1206 3715 nec
1232 3676 1370 3730 opus
1392 3677 1534 3727 esse,
1559 3677 1658 3715 nec
1681 3664 1868 3717 Romm

272 3743 362 3787 aut
386 3731 438 3804 in
466 3731 653 3785 Galliis
677 3747 776 3804 usu
805 3741 1086 3800 receptum
1103 3733 1288 3804 fuisse,
1311 3745 1362 3786 ut
1384 3749 1445 3788 ea
1471 3744 1644 3788 tutum
1673 3749 1872 3804 corpus

275 3803 648 3872 perfundatur.
687 3803 763 3856 Eo
819 3815 975 3872 pacto
1029 3803 1369 3869 refutantur,
1425 3807 1516 3874 qui
1562 3803 1870 3875 hujusntodi

277 3875 586 3930 unctionem
621 3876 672 3928 in
725 3891 1047 3946 unoquoque
1075 3877 1342 3932 scrutinio
1378 3879 1678 3932 iterandam
1715 3887 1872 3947 puta-

277 3947 435 4008 baut,
459 3947 728 4014 simulque
784 3963 888 4000 non
945 3950 1287 4002 necessarius
1319 3951 1626 4003 ostenditur
1656 3950 1874 4005 Graeco-

278 4035 398 4073 rmn
448 4018 604 4080 ritus,
646 4019 711 4088 de
739 4032 848 4086 quo
881 4017 1118 4088 Cyrillus
1171 4019 1346 4074 Jeros.
1381 4021 1644 4074 catecb.2
1691 4024 1768 4075 sic
1808 4021 1875 4074 ad

279 4089 597 4159 Ncopbytus
656 4087 1094 4157 loquiturilam
1142 4093 1316 4156 exuti,
1367 4093 1656 4146 exorcismo
1703 4093 1816 4146 oleo
1846 4109 1879 4146 a

282 4161 499 4216 summis
521 4159 726 4228 capillis
757 4161 824 4212 ad
845 4160 1052 4228 iit/imos
1070 4177 1232 4230 usque
1263 4165 1494 4230 peruncti
1512 4165 1654 4226 estis,
1683 4176 1731 4215 et
1755 4181 1880 4226 par-

287 4235 464 4304 ticipes
491 4230 658 4298 e/fecti
707 4232 994 4304 [νησαίαν-ω
1045 4233 1185 4286 illius
1215 4237 1344 4289 olr‘te
1388 4233 1516 4287 Iesu
1567 4232 1782 4288 Christi.
1817 4235 1879 4286 Et

286 4301 710 4377 ClirySustomus
762 4305 816 4356 in
863 4301 1076 4358 Coloss.
1131 4304 1420 4361 buntil.6:
1467 4304 1694 4377 ngitur
1746 4306 1881 4358 sicut

289 4377 483 4430 athleta
513 4375 738 4428 stadium
766 4377 1095 4446 ingressus...
1128 4393 1232 4430 non
1255 4378 1388 4431 sient
1437 4375 1569 4432 oliui
1588 4379 1881 4431 sacerdotes

291 4449 401 4502 solo
432 4447 618 4516 capite,
652 4456 787 4500 lotus
808 4456 974 4501 autem
1005 4448 1235 4520 ungitur.
1263 4448 1450 4506 Gallos
1471 4458 1649 4504 autem
1685 4449 1883 4502 Roma—

293 4521 379 4573 nis
405 4534 609 4573 morem
637 4521 903 4590 gessisse,
931 4519 1095 4589 atque
1132 4520 1238 4576 olei
1281 4522 1569 4576 exorcisati
1611 4519 1883 4590 inunctioo

297 4609 417 4646 nem
453 4575 901 4656 repeti‘iioluissc'
925 4575 1095 4661 liquet
1141 4575 1209 4646 cx
1241 4607 1308 4646 eo
1353 4575 1496 4659 quod
1527 4606 1676 4646 anno
1699 4575 1798 4645 ιιι
1833 4594 1885 4646 in

297 4661 531 4718 Concilio
556 4666 890 4716 Arausicano
917 4679 932 4718 t
961 4680 1082 4718 tam.
1112 4664 1165 4718 2.
1196 4666 1597 4719 constituerunt
1625 4679 1640 4719 :
1667 4663 1890 4717 Nullum

299 4736 694 4801 ministrorum,
749 4737 836 4804 qui
886 4735 1185 4805 baptizandi
1231 4737 1420 4808 recepit
1475 4737 1726 4806 ofﬁciunt,
1784 4738 1894 4788 sine

302 4809 818 4882 chrisntateusquam
844 4809 1023 4882 debere
1050 4809 1314 4882 progredi,
1347 4818 1403 4862 ut
1422 4881 1429 4882 ί
1449 4809 1704 4862 nimirum
1733 4809 1776 4861 si
1800 4821 1896 4882 cu.

301 4879 554 4950 jusqnant
576 4878 880 4947 baptizandi
911 4878 1209 4936 necessitas
1237 4881 1594 4942 incumberet,
1621 4881 1895 4934 inunctio-

309 4952 392 5006 nis
427 4953 562 5005 ritus
591 4965 927 5020 nequaquam
966 4954 1364 5019 praeteriretur.
1411 4951 1561 5008 Unde
1592 4963 1644 5005 ct
1693 4950 1894 5004 ibidem

308 5025 520 5083 Volunt,
548 5032 604 5076 ut
631 5023 694 5075 de
721 5039 780 5075 co
808 5026 894 5094 qui
917 5025 970 5075 in
1002 5023 1302 5094 baptismate
1332 5039 1648 5094 quacunque
1674 5025 1896 5076 necessi-

313 5106 413 5148 tate
436 5095 655 5163 faciente
685 5110 786 5146 non
825 5092 1132 5148 chris-matus
1181 5092 1370 5165 fuerit,
1418 5097 1474 5150 iu
1511 5092 1902 5166 conﬁrmatione

314 5169 554 5221 sacerdos
587 5177 988 5220 commoueatur.
1014 5167 1090 5238 Ad
1120 5185 1229 5220 rem
1257 5177 1496 5222 nostram
1523 5170 1743 5238 propius
1774 5168 1903 5238 facit

317 5238 460 5308 quod
503 5238 702 5294 ibidem
737 5239 1009 5302 sanciunt,
1040 5236 1184 5291 Inter
1212 5255 1304 5292 nos
1334 5236 1536 5306 placuit
1557 5236 1713 5294 semel
1739 5237 1904 5292 claris-

318 5309 470 5362 niari.
496 5309 664 5378 Cujus
696 5311 769 5364 rei
804 5312 942 5364 hanc
970 5311 1240 5364 ratiuncm
1275 5311 1568 5376 subjiciunt
1599 5329 1614 5364 τ
1663 5311 1805 5364 Nam
1825 5311 1906 5364 in-

320 5391 395 5437 ter
421 5383 670 5451 quoslibet
701 5382 868 5506 Σικιιιιι
907 5381 1180 5447 convenit,
1213 5382 1384 5451 quod)
1429 5383 1720 5437 cltrisnmtis
1742 5383 1907 5452 ipsius

322 5455 526 5506 nonnisi
559 5471 660 5506 una
734 5454 981 5506 ritedictio
1023 5461 1097 5506 est
1131 5468 1150 5504 :
1177 5470 1278 5506 non
1303 5463 1358 5506 ut
1391 5456 1734 5506 nrtriudicans
1759 5456 1907 5506 auid-

322 5455 526 5508 nonnisi
559 5471 660 5526 una
701 5454 981 5506 benedictio
1023 5461 1097 5508 est
1131 5468 1150 5526 ς
1177 5463 1358 5526 nonut
1390 5456 1734 5526 prtrjudieaus
1759 5456 1910 5522 quid-

325 5542 502 5594 quam.
536 5525 626 5577 seti
658 5537 710 5577 ut
752 5541 853 5577 non
883 5525 1172 5579 necessaria
1213 5525 1458 5578 habeatur
1484 5525 1701 5596 repetita
1748 5526 1910 5580 chris-

324 5598 504 5650 matia.
535 5599 738 5662 Quibus
756 5597 942 5652 verbis
971 5597 1281 5652 unctionem
1309 5595 1496 5651 iterari
1516 5595 1574 5652 se
1603 5599 1748 5654 nolle
1787 5613 1912 5668 pro-

329 5669 570 5729 fitentur.
601 5687 704 5722 nun
737 5671 863 5740 quia
909 5675 1104 5740 noceat
1131 5671 1384 5740 repetita,
1413 5669 1516 5724 sed
1545 5671 1670 5739 quia
1692 5671 1912 5724 minimc

333 5741 632 5795 neu-saria
676 5744 760 5794 sit.
791 5741 1029 5795 Primam
1063 5739 1224 5813 hujus
1266 5740 1494 5813 canonis
1521 5752 1730 5813 partem
1755 5757 1909 5812 repe-

336 5822 456 5866 tunt
478 5823 529 5864 rt
560 5814 612 5866 in
637 5813 936 5868 Are'atensi
963 5827 998 5868 ιι
1021 5812 1232 5882 synodo
1271 5825 1394 5866 can.
1439 5811 1538 5866 27f
1558 5812 1666 5867 Nec
1697 5811 1915 5870 meme

339 5887 502 5944 debet
528 5883 672 5957 quod
699 5884 835 5942 Galli
863 5886 981 5944 loco
1011 5897 1138 5942 mox
1190 5885 1355 5941 citato
1401 5884 1470 5941 de
1497 5883 1794 5953 chrismate,
1825 5883 1915 5942 hic

1927 545 2057 595 xvn,
2084 531 2194 595 11).

1999 527 2395 681 ἓλιῗξὴ-ίὸ,
2431 621 2537 677 Eos
2557 621 2754 694 quijus
2777 620 2955 675 seculi
2979 630 3319 676 emacuerunt
3345 619 3413 674 ad
3455 619 3532 673 al-

1929 723 2058 776 taris
2085 722 2434 775 ministerium
2464 718 2814 775 admittendos
2844 735 2946 774 non
2965 736 3089 776 esse.
3132 720 3428 776 Simoniaca
3459 713 3530 774 la-

1858 832 1860 834 '
1931 817 2015 870 bes
2044 823 2093 868 et
2118 816 2288 887 gratia
2335 815 2606 885 popularis
2630 815 2683 867 in
2737 813 3070 868 electionibus
3098 817 3360 868 cavenda.
3425 813 3534 868 Eos

1930 919 2218 978 praiterea,
2252 910 2344 978 qui
2391 907 2712 964 saecularem
2743 905 2924 978 adepti
2980 915 3333 975 potestatem,
3368 918 3392 945 θ
3443 908 3535 976 jus

1931 1004 2118 1058 saeculi
2158 1009 2528 1058 exercuerunt
2553 1045 2566 1066 ,
2603 1002 2874 1056 immunes
2920 1017 2946 1056 a
2977 1011 3201 1073 peccato
3251 1013 3374 1057 esse
3427 1017 3530 1055 non

1933 1113 2091 1169 posse
2117 1097 2463 1153 manifestum
2493 1101 2596 1152 est.
2633 1097 2767 1150 Dum
2797 1097 2944 1151 enim
2968 1103 3023 1151 et
3059 1093 3280 1166 gladius
3329 1097 3537 1150 exseri-

1933 1204 2044 1258 tur,
2073 1202 2165 1248 aut
2190 1191 2458 1264 judicium
2491 1191 2774 1246 confertur
2802 1189 3084 1260 iujusmm,
3129 1199 3223 1244 aut
3269 1199 3386 1244 torn
3411 1197 3538 1244 cnta

1933 1290 2266 1341 exercentur
2293 1300 2394 1355 pro
2420 1285 2751 1340 necessitate
2783 1297 3095 1350 causarum,
3141 1289 3234 1336 aut
3287 1280 3536 1352 parandis

1934 1379 2198 1436 exhibent
2232 1379 2602 1448 voluptatibus
2651 1392 2862 1440 curam,
2891 1387 2980 1430 aut
3010 1377 3329 1446 prirparatis
3375 1375 3540 1429 inter-

1935 1482 2086 1540 sunt,
2125 1475 2175 1529 in
2201 1474 2290 1528 his
2315 1489 2396 1536 se,
2446 1473 2646 1543 quibus
2699 1474 3179 1539 renuntiaverunt,
3225 1471 3405 1525 denuo
3452 1486 3539 1522 >0-

1936 1570 2164 1633 ciantes,
2195 1567 2538 1634 disciplinam
2568 1565 2968 1622 observationis
2993 1563 3248 1619 traditam
3295 1573 3536 1618 mutave-

1937 1672 2084 1718 runt.
2108 1660 2332 1716 Multum
2363 1660 2466 1716 sibi
2505 1668 2788 1730 pratstant,
2817 1660 2859 1712 si
2892 1673 3000 1713 non
3054 1659 3426 1728 episcoiiatum
3457 1657 3539 1711 af-

1940 1756 2178 1820 fectent;
2231 1753 2324 1808 sed
2383 1749 2952 1822 proptcrbaicomnia
3001 1761 3226 1821 agentes
3276 1747 3543 1820 paeniten-

1941 1849 2098 1914 tiam,
2131 1857 2284 1904 certo
2339 1857 2584 1917 tempore
2629 1845 2877 1914 impleto,
2936 1853 3252 1898 itiereatitttr
3281 1837 3544 1898 altaribus

1944 1941 2166 1999 sociari.
2203 1940 2484 1998 Nicetium
2518 1936 2813 1993 concilium
2849 1936 2996 2009 (Leg.
3038 1937 3090 1991 in
3117 1933 3336 1991 Niczrno
3363 1937 3545 1990 conci-

1945 2034 2068 2106 lio),
2099 2032 2285 2088 divino
2341 2029 2537 2100 spiritu
2579 2027 3033 2096 annuente,dum
3096 2025 3220 2082 fidei
3273 2026 3548 2082 confessio

1944 2128 2140 2182 inisset
2181 2125 2308 2196 jure
2349 2124 2558 2178 ili-mata
2585 2161 2600 2189 ,
2646 2120 2810 2176 etiam
2863 2120 3191 2190 apostolicos
3223 2118 3548 2174 traditiones

1950 2219 2194 2288 episcopi
2243 2217 2294 2271 in
2325 2230 2489 2270 unum
2543 2213 2856 2285 congregati
2898 2213 2966 2267 ad
3013 2213 3252 2266 omnium
3301 2212 3547 2266 notitiam
3587 2222 3590 2226 '

1951 2313 2240 2386 pervenire
2253 2311 2566 2378 voluerunt,
2590 2309 2913 2364 definientes
2936 2307 3077 2380 (can.
3103 2307 3154 2372 l)
3174 2308 3314 2362 inter
3331 2316 3546 2373 caetera,

1953 2427 2132 2482 neque
2163 2409 2438 2464 abscisum
2465 2408 2725 2463 clericum
2757 2406 2898 2471 fieri,
2929 2404 3186 2475 quoniam
3213 2405 3457 2460 abscisus
3499 2413 3554 2458 et

1957 2504 2140 2559 mollis
2191 2517 2298 2557 non
2341 2502 2643 2555 introibant
2698 2501 2752 2553 in
2809 2500 3178 2553 sanctuarium
3225 2497 3320 2554 Dei
3369 2494 3552 2566 (Deut.

1959 2607 2111 2659 xxiii,
2150 2592 2221 2665 1).
2252 2590 2458 2647 Deinde
2482 2589 2645 2662 (Vide
2701 2585 2820 2645 Nic.
2847 2606 2966 2644 ean.
2999 2585 3035 2644 2
3065 2600 3110 2644 et
3133 2587 3188 2652 9,
3225 2607 3420 2644 necnon
3471 2585 3558 2643 Si-

1960 2685 2057 2742 rio.
2091 2687 2245 2758 epist.
2276 2701 2331 2754 v,
2357 2703 2410 2738 η.
2437 2685 2472 2738 2
2503 2694 2549 2738 et
2578 2682 2635 2755 '5)
2679 2693 2802 2754 post
2843 2681 3104 2753 baptismi
3154 2685 3404 2753 gratiam,
3440 2692 3562 2753 post

1960 2811 2139 2858 autem
2169 2803 2405 2856 Romana
2437 2797 2679 2872 synodus
2703 2797 2769 2854 de
2798 2799 2910 2872 oleo
2935 2799 3210 2872 loquatur.
3225 2797 3355 2856 Nam
3380 2799 3558 2872 oleum

1956 2875 2320 2930 exorcisatum
2337 2871 2498 2928 etiam
2513 2872 2737 2942 chrisma
2758 2883 2786 2924 a
2804 2871 3059 2926 Romanis
3077 2871 3372 2928 vocitatum
3397 2871 3564 2942 liquet

1965 2947 2132 3000 cxltis
2156 2943 2454 3016 Innocentii
2481 2944 2640 3016 cpiSt.
2671 2941 2728 3009 3,
2753 2943 2868 3007 n.6,
2897 2942 2983 2997 ubi
3014 2945 3248 3016 primum
3278 2949 3355 2998 ait
3386 2941 3568 3000 :Prcs-

1968 3017 2158 3088 byteris
2185 3015 2457 3088 chrismate
2483 3013 2772 3082 baptizatos
2817 3013 3028 3086 ungere
3049 3013 3184 3078 licet,
3210 3031 3272 3088 ac
3323 3032 3567 3086 pusum;-

1969 3085 2324 3159 d'umASttbdi‘t,
2343 3101 2445 3159 non
2475 3096 2640 3159 tamen
2661 3088 2881 3158 frontem
2903 3088 3160 3159 neodem
3195 3087 3308 3159 oleo
3328 3085 3562 3159 signare.

2039 3158 2064 3196 δ
2096 3157 2169 3212 Ita
2201 3173 2302 3212 ms.
2328 3157 2486 3211 Collt.
2509 3157 2578 3212 At
2605 3153 2772 3212 Sirm.
2799 3167 2864 3210 ea:
2884 3153 3060 3209 eodem
3088 3174 3106 3211 :
3126 3157 3212 3213 cui
3247 3153 3426 3214 favere
3458 3177 3564 3212 non

1968 3229 2210 3302 difﬂteor
2226 3230 2367 3302 quod
2400 3243 2642 3300 proxime
2683 3229 2994 3298 subjicitur,
3022 3231 3142 3296 quia
3167 3231 3230 3284 de
3260 3233 3422 3301 fratre
3446 3231 3566 3286 reli-

1969 3313 2146 3374 querat
2176 3301 2332 3372 ﬁlios.

2048 3385 2070 3413 ε
2099 3369 2266 3430 sum.
2298 3369 2613 3434 rhristianis,
2659 3380 2714 3427 et
2742 3371 3016 3441 superius,
3044 3371 3298 3442 numquid
3321 3371 3471 3440 duas,
3517 3385 3570 3430 et

1974 3445 2723 3516 inferius,numquiduxores,
2755 3443 2958 3498 omisso
2982 3443 3271 3516 utrobique
3300 3445 3388 3516 qui
3429 3463 3565 3515 prte-

1973 3527 2057 3572 ter
2099 3517 2384 3588 archetypi
2439 3515 2622 3570 iidem.
2655 3515 2710 3588 Si
2745 3525 2924 3588 autem
2969 3531 3065 3588 pro
3119 3515 3229 3571 illis
3256 3518 3344 3588 qui
3369 3517 3571 3574 substi-

1977 3599 2160 3644 luatur
2203 3587 2342 3659 quia,
2385 3588 2592 3659 integra
2646 3587 2738 3642 lict
2776 3587 2952 3640 oratio
3004 3587 3079 3659 in,
3105 3587 3520 3645 hunc’tnodutn
3557 3607 3569 3644 :

1982 3658 2270 3727 Numquid,
2299 3659 2420 3729 quia
2451 3658 2582 3713 duas
2639 3659 2814 3712 habuit
2837 3673 3025 3712 uxores
3050 3658 3282 3716 Jacob...
3319 3672 3364 3714 et
3386 3679 3577 3716 concu-

1979 3733 2146 3794 binas,
2177 3742 2224 3785 et
2253 3733 2341 3799 (ex
2373 3730 2465 3800 eo)
2490 3747 2663 3783 omnes
2689 3731 2778 3796 qui
2803 3733 2908 3784 nati
2955 3739 3092 3797 sunt,
3115 3732 3427 3802 patriam/tte
3455 3745 3577 3789 sunt
3639 3750 3642 3751 '

1979 3805 2272 3878 appellati;
2301 3819 2436 3878 nunc
2455 3806 2574 3878 jam
2606 3803 2934 3878 (cbristt'anus
2962 3802 3148 3856 habere
3197 3822 3297 3878 non
3323 3807 3578 3878 permitti-

1982 3874 2111 3929 tur?
2143 3874 2414 3942 Numquid
2444 3874 2566 3944 quia
2597 3874 2734 4000 (alii!
2762 3889 2946 3928 uxores
2966 3886 3010 3927 et
3036 3874 3348 3931 concubinas
3381 3877 3577 3933 babae»

1982 3958 2124 4000 runt.
2157 3948 2248 4000 sed
2273 3961 2430 4000 nunc.
2457 3955 2565 4000 etc.
2619 3943 2692 4000 Se
2774 3947 2818 4000 si
2849 3947 3018 3999 latent
3047 3949 3158 4000 iusa
3193 3950 3380 4000 verba.
3412 3965 3577 4000 arau-

1981 3958 2124 4012 runt,
2157 3948 2248 4000 sed
2273 3961 2430 4010 nunc,
2456 3943 2565 4020 etc.
2619 3943 2729 4020 Sed
2774 3947 2818 4000 si
2849 3947 3018 4020 latent
3047 3949 3158 4016 ipsa
3193 3950 3380 4014 verba,
3412 3965 3580 4020 argu-

1985 4021 2152 4072 menti
2181 4033 2371 4072 sensus
2405 4017 2659 4072 ctSiricii
2693 4017 2960 4072 sententia
3015 4025 3122 4073 non’
3147 4020 3302 4086 latet,
3331 4017 3580 4087 quaid'am

1983 4092 2192 4145 scilicet
2213 4092 2448 4160 antiquis
2473 4103 2732 4144 concessa
2748 4103 2891 4149 esse.
2913 4105 3032 4159 quia
3060 4090 3375 4148 Christianis
3395 4092 3583 4163 probi-

1983 4163 2202 4216 bentur.

2056 4230 2080 4269 ἀ
2115 4232 2170 4286 In
2207 4248 2330 4306 ms.,
2361 4231 2572 4306 dicitur.
2607 4231 2905 4306 Qumstioui
2942 4231 3089 4306 huic,
3125 4233 3192 4306 de
3221 4250 3288 4289 co
3311 4234 3400 4306 qui
3430 4251 3583 4290 soro-

1983 4319 2098 4358 rem
2130 4305 2308 4376 uxoris
2338 4317 2446 4376 sua:
2473 4301 2702 4376 duxerit,
2733 4303 3076 4376 adiungenda
3133 4301 3346 4360 videtur
3388 4308 3584 4376 altera,

1985 4376 2106 4428 item
2137 4374 2201 4429 de
2239 4391 2296 4427 eo
2313 4375 2401 4446 qui
2429 4371 2672 4428 avunculi
2695 4375 2778 4428 sui
2808 4371 3020 4429 uxorem
3048 4377 3274 4443 duxerit,
3309 4395 3431 4433 cum
3458 4371 3586 4437 sub;

1987 4461 2123 4501 nexa
2156 4448 2535 4515 responsione,
2556 4461 2677 4515 qua:
2703 4447 2972 4501 habentur
2997 4447 3147 4503 initio
3173 4466 3318 4504 num.
3353 4449 3439 4508 M.
3460 4451 3586 4508 ΙΙωο

1913 4561 1968 4620 ι)
1989 4523 2189 4620 iactr
2219 4519 2338 4620 '23?
2358 4517 3181 4620 erasin.teterrimam"
3330 4525 3590 4620 θηραθε-

1994 4590 2171 4645 eunda
2207 4590 2604 4665 parscjusdem
2638 4591 2848 4646 numeri
2904 4593 2991 4657 14,
3039 4608 3143 4665 non
3177 4610 3298 4647 cum
3335 4590 3588 4665 praximc

1995 4659 2482 4789 gritechentibus,
2515 4665 2610 4718 sed
2640 4678 2760 4718 cum
2795 4663 3084 4733 postremis
3131 4659 3348 4722 numeri
3374 4669 3442 4723 15
3470 4685 3590 4724 vcr-

2035 4749 2080 4788 ts
2101 4752 2164 4789 co
2189 4744 2394 4789 iicreat.

2035 4749 2080 4788 IS
2101 4749 2394 4790 conterent.

2073 4817 2096 4844 ε’
2127 4807 2198 4861 ita
2247 4805 2604 4884 archetypum
2861 4807 2925 4864 At
2960 4808 3153 4875 Sirm.,
3208 4811 3364 4884 Intjus
3415 4813 3590 4867 siccati

1999 4889 2339 4954 exercuerunt
2384 4881 2604 4954 negotia.
2641 4879 2716 4954 De
2745 4881 2810 4934 iis
2859 4884 3093 4938 maxime
3133 4879 3318 4940 seruio
3367 4885 3452 4942 hic
3483 4898 3590 4954 est,

2000 4953 2090 5022 qui
2111 4951 2220 5022 jnri
2241 4952 2472 5026 dicendo
2505 4952 2700 5026 addicti
2728 4963 2874 5019 sunt,
2907 4955 2994 5026 qui
3021 4954 3304 5022 nimirum,
3334 4967 3392 5014 ut
3431 4969 3482 5012 cl
3507 4951 3594 5016 lu?-

2001 5026 2290 5101 no_ce_ut_ius
2328 5025 2489 5094 epist.
2530 5023 2585 5089 6,
2630 5041 2683 5077 ιι.
2720 5026 2772 5088 6,
2807 5023 3045 5097 loquitur
3071 5047 3084 5083 :
3111 5027 3240 5101 Post
3278 5029 3590 5101 baptismum

2006 5097 2515 5170 administraverant,
2547 5105 2592 5150 et
2639 5110 2725 5150 aut
2769 5108 3022 5152 tormenta
3065 5097 3180 5155 sola
3231 5097 3591 5170 exercuerunt,

2008 5177 2094 5245 aut
2113 5169 2272 5245 etiam
2293 5168 2563 5245 capitalem
2582 5171 2880 5245 sententiam
2905 5171 3458 5245 protulerunt,quosve
3473 5168 3595 5245 qui?

2008 5237 2471 5316 buslibetpublicis
2497 5242 2843 5312 [unctionibus
2871 5254 3146 5311 occupatos
3169 5237 3312 5300 idem
3342 5237 3504 5316 epist.
3534 5246 3588 5314 2,

2007 5327 2066 5365 η.
2105 5312 2189 5379 Μ,
2222 5312 2370 5366 dicit.
2402 5313 2449 5366 ls
2473 5321 2654 5368 autem
2690 5329 2822 5382 papa
2876 5316 3120 5382 quamvis
3176 5312 3486 5386 liujusniodi
3512 5312 3595 5374 vi-

2011 5399 2102 5438 ros
2125 5399 2153 5437 a
2188 5395 2414 5459 peccato
2446 5386 2906 5459 immunesuesse
2925 5402 3086 5450 posse
3108 5389 3270 5459 epist.
3299 5395 3468 5446 6mm
3499 5409 3596 5448 ne.

2011 5465 2121 5531 get,
2156 5457 2222 5510 ab
2250 5466 2518 5531 eotantcn
2552 5457 3113 5531 dil'liciliimeliberari
3142 5457 3300 5531 epist.
3335 5465 3369 5517 2
3394 5465 3553 5522 ducet
3586 5479 3598 5516 :

2013 5526 2220 5582 Constat
2249 5529 2402 5593 enirn,
2435 5530 2608 5596 inquit
2635 5527 2731 5593 ibi,
2757 5546 2839 5581 eos
2868 5530 2917 5582 in
2949 5529 3076 5598 ipsis
3119 5526 3308 5590 muniis
3331 5538 3482 5592 etiam
3512 5552 3599 5590 sto-

2014 5599 2237 5668 luptates
2256 5601 2494 5655 exhibere
2521 5617 2646 5667 quas
2683 5617 2712 5652 a
2741 5599 2947 5655 diabolo
2978 5604 3210 5660 inventas
3231 5623 3341 5662 esse
3370 5625 3471 5666 nou
3504 5611 3604 5660 ttu-

2016 5670 2154 5724 bium
2204 5681 2300 5738 est,
2336 5685 2379 5726 et
2438 5672 2674 5748 ludorum
2715 5672 3104 5748 velAmuncrum
3146 5680 3490 5748 apparatibus
3514 5689 3604 5734 aut

2018 5755 2238 5812 pricesse
2270 5785 2283 5806 ,
2331 5755 2418 5797 aut
2471 5744 2731 5798 interesse.
2778 5744 3042 5814 Quocirca
3067 5744 3306 5805 canones
3361 5754 3446 5806 isti
3477 5767 3601 5807 eum

2019 5816 2244 5885 cpistola
2296 5816 2328 5870 6
2364 5815 2661 5870 innocentii
2693 5856 2710 5882 ,
2745 5818 2836 5872 ubi
2880 5818 3090 5886 judices
3130 5820 3210 5878 illi
3255 5837 3605 5888 excusantur,

2021 5899 2127 5943 non
2157 5889 2328 5958 magis
2355 5895 2614 5958 pugnant,
2641 5901 2802 5960 quam
2856 5904 2978 5947 cum
3018 5891 3259 5963 ejusdem
3287 5894 3518 5968 epistola
3546 5896 3606 5953 3.
