4048 6350
486 312 623 384 ll9l

1778 314 2027 380 SANCTI
2065 311 2292 380 Sllthll
2332 310 2536 380 PAM:

3648 311 3788 379 Nili

486 442 887 516 indulgentiam
932 449 1307 514 peccatorum,
1338 455 1465 498 cum
1490 438 1613 512 quis
1644 440 1831 496 szeculi
1889 439 2085 496 militia
2112 440 2166 503 Α
2192 440 2354 497 fuerit
2387 457 2401 495 :
2441 441 2487 498 si
2518 454 2656 497 vero
2675 438 3007 509 correxerit,
3040 434 3325 498 aboleatur
3341 439 3489 513 quod
3519 446 3801 512 praesum:

483 537 654 595 fuerit
680 546 706 574 α
734 535 1024 606 gloriatus,
1052 534 1141 592 vel
1181 534 1335 591 illum
1363 534 1455 605 qui
1485 548 1727 605 purpura
1771 540 1829 588 et
1854 531 2089 588 fascibus

482 630 649 688 fuerit
687 630 1016 699 delectatus,
1041 630 1108 685 ad
1135 627 1507 687 sacerdotium
1550 627 1730 699 aliqua
1782 626 2089 697 irruptione

481 726 709 784 minime
748 723 964 781 admitti
996 724 1299 796 jusserunt.
1350 721 1561 779 Meritis
1588 722 1735 777 enim
1757 729 1815 776 et
1833 720 2091 777 observa-

484 818 729 877 tionibus
762 818 901 889 legis
930 817 998 873 ad
1027 815 1334 873 istiusmodi
1361 815 1643 887 dignitatis
1672 815 1885 871 culmen
1935 829 2091 870 acce-

486 914 643 979 dunt,
669 928 780 968 non
805 911 1049 969 Simonis
1095 911 1348 983 pecunia,
1394 908 1481 966 vel
1526 908 1701 981 gratia
1728 908 1851 980 quis
1891 905 2093 978 poterit

488 1004 809 1080 pervenire,
833 1016 929 1060 aut
950 1004 1134 1061 favore
1156 1003 1428 1076 p0pulari.
1454 1002 1573 1058 Non
1602 1002 1746 1059 enim
1769 1001 1895 1072 quid
1925 1015 2094 1072 popu-

489 1100 577 1157 Ius
602 1098 863 1165 velit,sed
893 1097 1023 1170 quid
1048 1097 1372 1169 evangelica
1391 1095 1703 1166 disciplina,
1733 1094 2091 1166 perquiritur.

490 1190 655 1248 Plebs
683 1200 811 1246 tunc
834 1189 998 1246 habet
1027 1188 1659 1261 testimonium,quoties
1683 1185 1711 1226 ι)
1739 1186 1806 1243 ad
1828 1187 1977 1259 digni
1995 1185 2097 1242 ali-

489 1287 649 1359 cujus
678 1286 956 1354 meritum,
982 1283 1417 1357 ireprebendens
1460 1298 1648 1339 auram
1691 1281 1933 1350 favoris,
1988 1281 2094 1337 imo

492 1380 657 1454 pertit
672 1422 685 1434 .

567 1472 659 1529 ιι.
700 1472 957 1528 Αυιιηοαιὶ
1006 1471 1090 1527 sui
1141 1488 1358 1528 uxorem
1408 1471 1593 1527 ducere
1620 1486 1724 1527 non
1754 1470 1929 1527 licere.
1962 1467 2097 1525 Item

490 1564 563 1624 de
588 1579 658 1622 eo
680 1566 776 1637 qui
819 1564 1083 1622 avunculi
1110 1565 1198 1621 sui
1256 1579 1483 1621 uxorem
1533 1564 1777 1620 duxerit.
1830 1560 2101 1635 Avunculi

490 1660 660 1716 ﬁliam
692 1659 901 1718 ducere
923 1675 1031 1716 non
1076 1659 1246 1715 licet:
1280 1659 1539 1732 quoniam
1581 1658 1778 1714 similis
1803 1671 1968 1713 causa
2000 1670 2099 1726 ge-

494 1751 743 1812 nerando
766 1768 866 1825 per
888 1751 1093 1824 gradus
1122 1753 1293 1824 patris
1320 1752 1568 1809 extranei
1608 1758 1893 1822 separatur
1935 1756 2101 1819 atque

2194 544 2346 603 ptum
2377 542 2461 589 est
2491 575 2508 602 ,
2552 543 2613 590 ut
2659 534 2831 606 possit
2878 534 3269 593 reconciliatus
3294 542 3543 591 nostrum
3589 534 3793 591 habere

2192 628 2550 685 consortium.

2266 719 2355 777 I5.
2392 719 2477 775 Ne
2503 721 2629 776 laici
2649 722 2719 777 ad
2747 723 3104 795 episcopatum
3131 722 3499 793 provehantur.
3527 722 3605 778 De
3645 722 3796 779 ordi-

2193 814 2508 870 nationibus
2534 814 2771 871 maxime
2799 816 3200 873 observandum
3222 825 3328 882 est,
3360 827 3417 873 ut
3438 832 3660 888 semper
3683 817 3795 874 cle-

2196 907 2294 964 t'ici
2319 918 2342 947 ο
2370 907 2505 963 ﬁant
2555 908 2822 981 episcopi.
2855 910 2946 966 Sic
2988 909 3132 966 enim
3175 910 3439 980 scriptum
3486 918 3569 966 est
3602 927 3619 964 :
3649 909 3722 965 Et
3742 909 3797 964 hi

2196 1002 2362 1073 primo
2411 1002 2726 1073 probentur,
2774 1014 2824 1059 et
2851 1006 2927 1059 sic
2983 1005 3273 1059 ministrent
3322 1004 3367 1075 (I
3397 1004 3531 1059 Tim.
3561 1020 3645 1071 nl,
3681 1003 3794 1073 10).

2196 1097 2297 1164 Qui
2327 1111 2433 1153 non
2465 1097 2725 1169 probatur
2751 1108 3001 1170 tempore
3030 1099 3361 1170 prmcedenti
3396 1100 3448 1155 in
3472 1098 3675 1154 minori
3718 1098 3800 1153 of-

2199 1188 2325 1244 ﬁcio
2353 1189 2718 1259 ministrasse,
2746 1190 3021 1262 quomodo
3073 1191 3412 1263 praeponitur
3439 1191 3639 1247 clero?
3677 1189 3799 1246 Non

2198 1290 2284 1339 est
2323 1282 2592 1351 auditum,
2645 1284 2878 1340 necdum
2906 1296 3155 1357 tyronem
3208 1285 3441 1341 militum
3502 1284 3801 1355 imperium

2200 1375 2534 1447 suscepisse.
2563 1375 2614 1431 Is
2643 1392 2780 1449 ergo
2807 1377 2973 1434 debet
3003 1377 3142 1444 lieri,
3172 1394 3333 1450 quem
3374 1387 3531 1445 mtas,
3555 1385 3801 1449 tempus,

2182 1460 2458 1526 meritum
2487 1470 2859 1541 commendat,
2883 1481 2940 1527 et
2970 1473 3103 1527 vita.
3132 1472 3241 1527 Aut
3288 1487 3458 1544 quare
3504 1470 3805 1542 Apostolus

2204 1560 2542 1635 neophytum
2570 1562 2826 1634 prohibet
2851 1562 3018 1635 (Ibid.
3050 1564 3130 1636 6),
3160 1573 3218 1621 et
3244 1564 3355 1620 cito
3401 1579 3600 1621 manus
3641 1562 3806 1619 alicui

2201 1658 2409 1730 imponi
2434 1673 2542 1714 non
2570 1660 2842 1731 permittit
2868 1659 2912 1731 (Ι
2937 1658 3075 1715 Tim.
3101 1676 3154 1726 ν,
3184 1659 3334 1733 22)?:

2274 1750 2362 1807 i6.
2399 1750 2485 1806 Ne
2517 1751 2767 1824 migretur
2794 1752 2858 1807 de
2886 1751 3105 1806 ecclesia
3133 1752 3203 1806 ad
3228 1754 3516 1808 ecclesiam.
3554 1782 3629 1794 —
3675 1753 3810 1809 Item

488 1857 759 1921 purgatur
791 1864 807 1904 :
840 1856 992 1905 retro
1016 1854 1202 1904 autem
1227 1847 1409 1904 redire
1436 1846 1521 1902 las
1544 1860 1653 1902 non
1686 1854 1789 1901 est.
1828 1843 1963 1899 Nam
2009 1841 2101 1913 qui
2130 1840 2178 1901 B
2206 1846 2276 1903 de
2301 1844 2387 1902 bis
2416 1846 2509 1917 qui
2541 1846 2609 1902 de
2641 1846 2872 1903 ecclesia
2915 1846 2981 1901 ad
3024 1847 3312 1904 ecclesiam
3355 1855 3644 1903 transeunt
3670 1846 3813 1919 jussi

489 1951 673 2001 torum
702 1941 874 2015 patris
911 1942 997 1999 vel
1025 1946 1220 1998 matris
1273 1941 1481 1998 violare
1532 1938 1966 2013 praesumpserit,
1991 1951 2098 1993 non

490 2037 598 2095 hoc
626 2038 964 2109 conjugium,
989 2036 1085 2094 sed
1127 2035 1418 2093 fornicatio
1445 2035 1779 2091 nominatur.

565 2135 815 2207 Quisque
835 2145 1020 2191 tamen
1061 2145 1257 2191 contra
1288 2148 1531 2190 canones
1559 2132 1894 2203 apostolicos
1923 2129 2104 2188 facere

492 2228 871 2302 usurpaverit,
924 2227 1229 2300 privandns
1278 2235 1364 2284 est
1393 2223 1724 2291 sacerdotio,
1755 2222 1802 2280 si
1850 2222 2102 2296 pertinax

562 2375 591 2404 ι
619 2364 879 2434 Quaedam
903 2373 988 2421 est
1010 2378 1118 2420 non
1140 2362 1304 2420 modo
1321 2363 1745 2429 sententiarum,
1771 2362 1867 2419 sed
1896 2370 1952 2417 et
1972 2376 2097 2417 ver-

492 2438 690 2494 borum
716 2436 1011 2493 consensio
1040 2437 1094 2490 in
1126 2436 1210 2491 Itis
1260 2436 1439 2493 Sirieii
1496 2437 1660 2504 epist.
1708 2434 1766 2499 6,
1800 2451 1859 2491 n.
1884 2435 1919 2490 3
1950 2451 1964 2489 :
1994 2434 2098 2501 Qui

495 2510 705 2581 cingulo
735 2508 941 2564 militia:
957 2507 1226 2564 stecularis
1247 2508 1446 2581 astricti
1465 2508 1590 2581 olim
1613 2507 1826 2581 gloriati
1841 2516 1985 2581 sunt,
2007 2506 2097 2575 qui

493 2576 852 2653 posteaquam
876 2579 1348 2653 pompasazculari
1381 2576 1765 2653 exultauerunt
1808 2576 1914 2651 (his
1934 2594 2006 2653 se,
2038 2587 2096 2633 ut

492 2650 619 2708 mox
665 2650 972 2717 dicebatur,
1000 2650 1182 2722 quibus
1212 2650 1380 2705 denuo
1431 2651 1854 2705 renuntiaverunt
1891 2650 2096 2703 socian-

493 2728 594 2793 tes)
617 2734 710 2778 aut
733 2724 950 2805 negotiis
966 2723 1052 2805 rei
1060 2723 1278 2805 publica:
1285 2731 1595 2805 optauerunt
1617 2722 1862 2805 militare,
1882 2730 1971 2774 aut
2002 2737 2094 2773 cu-

492 2792 605 2851 rant
632 2792 817 2849 mundi
843 2804 1089 2859 tractare,
1117 2794 1355 2847 adhibita
1381 2794 1476 2864 sibi
1523 2792 1872 2864 quorumdam
1916 2808 2095 2857 manu,

495 2876 547 2922 et
575 2866 931 2937 proximorum
962 2868 1139 2937 favore
1162 2865 1361 2934 stipati,
1388 2863 1443 2917 hi
1470 2863 1762 2937 frequenter
1792 2865 2099 2937 ingeruntur

495 2935 708 3008 auribus
737 2938 885 3008 meis,
904 2946 960 2989 ut
979 2936 1205 3006 episcopi
1232 2952 1340 2991 esse
1359 2936 1576 3008 possint.
1603 2935 1969 3008 Hicqumrere
1989 2943 2095 3008 est,

497 3008 590 3065 ubi
631 3006 835 3063 Niczeni
862 3007 1056 3063 Patres
1115 3006 1424 3077 ltujusmodi
1448 3008 1600 3063 viros
1640 3006 1709 3061 ad
1755 3006 2100 3062 sacerdotium

496 3080 984 3152 aliquairruptione
1005 3078 1218 3152 minime
1235 3078 1438 3152 admitti
1453 3080 1732 3152 jusserint.
1764 3077 1822 3134 Id
1852 3079 2097 3152 quidem,

500 3152 648 3223 quod
678 3149 902 3223 Niczeno
956 3164 1168 3223 canone
1195 3150 1232 3223 2
1263 3149 1523 3223 adversus
1575 3152 1879 3222 neophytos
1903 3149 2098 3223 pr:e_ci-7

499 3221 668 3295 pitur,
695 3222 959 3295 adversus
984 3222 1107 3277 illos
1135 3222 1299 3278 etiam
1342 3221 1515 3295 videri
1538 3234 1718 3293 potest
1736 3221 1967 3295 dictum.
1987 3221 2095 3295 Sed

500 3293 547 3352 ei
572 3294 683 3351 illic
731 3294 908 3365 aliqua
936 3294 1158 3363 irruptio
1188 3295 1238 3349 id
1267 3302 1355 3349 est
1377 3294 1522 3364 quod
1555 3308 1899 3365 praepropera
1945 3293 2097 3348 festi-

499 3366 675 3433 natio,
713 3364 825 3422 non
868 3366 1239 3421 dubitabimus
1268 3365 1356 3421 hic
1384 3368 1659 3421 recenseri
1709 3364 2095 3421 Sardicensem

500 3453 767 3495 canonem
798 3437 867 3493 15
892 3452 1055 3495 auem
1084 3448 1138 3493 et
1164 3438 1217 3492 in
1244 3436 1611 3493 Morbacensis
1645 3435 1959 3493 monasterii
2002 3451 2099 3491 ve-

502 3518 622 3566 tere
649 3509 839 3566 codice
890 3507 1166 3563 Nicwnum
1206 3509 1542 3580 inscriptum
1574 3509 2004 3580 observavimus.
2040 3507 2095 3563 In

501 3582 609 3637 hoc
653 3582 853 3652 quippe
880 3594 1111 3646 canone,
1140 3580 1231 3651 qui
1263 3579 1473 3652 Graécis
1516 3579 1760 3635 decimus
1791 3589 1874 3636 est
1900 3622 1915 3646 ,
1966 3579 2097 3651 legi-

503 3668 627 3709 mus
656 3650 687 3707 :_
707 3650 769 3709 Si
792 3650 929 3723 forte
954 3662 1044 3705 aut
1090 3650 1247 3715 diues,
1280 3660 1370 3706 aut
1400 3650 1737 3723 scholasticus
1758 3653 1821 3706 de
1846 3653 1983 3721 foro,
2011 3661 2100 3706 aut

500 3740 568 3781 ex
587 3722 1033 3780 administratione
1062 3724 1331 3795 episcOpus
1361 3724 1519 3795 fuerit
1547 3722 1857 3794 postulatus,
1913 3734 1966 3777 ut
1996 3739 2101 3777 non

503 3797 651 3868 prius
678 3795 946 3868 ordinetur
968 3797 1160 3868 nisi...
1187 3811 1279 3866 per
1327 3797 1537 3868 longum
1577 3803 1775 3868 tempus
1809 3796 2101 3868 examinata

503 3865 571 3921 sit
598 3868 720 3934 vita,
742 3876 791 3922 et
820 3867 1003 3921 merita
1027 3865 1221 3937 fuerint
1243 3865 1933 3935 comprobata.Simouiacae
1966 3867 2102 3921 labis

502 3938 911 4008 corruptionem
957 3937 1161 4008 pariter
1204 3947 1356 3993 notat
1379 3937 1521 3993 idem
1549 3937 1874 3993 Sardicense
1920 3938 2103 3992 conci-

503 4009 636 4065 lium
679 4007 805 4065 can.
835 4008 912 4073 2,
961 4007 1055 4064 ubi
1101 4008 1213 4063 ait:
1245 4008 1373 4063 Cum
1418 4009 1750 4081 manifestum
1788 4012 1854 4064 sit
1878 4013 2106 4081 potuisse

504 4096 700 4155 paucos
754 4081 983 4155 planitia
1012 4088 1060 4135 et
1106 4081 1337 4155 mercede
1380 4079 1759 4155 corrumpi...”
1800 4079 2105 4135 ut'clama-

504 4150 622 4209 rent
672 4150 1017 4208 in'Ecclesia
1049 4193 1064 4219 ,
1114 4162 1163 4206 et
1214 4153 1385 4224 ipsum
1430 4161 1600 4221 petere
1639 4152 1935 4209 viderentur
1992 4156 2101 4224 epi-

504 4241 1052 4353 ³αὶρέἕέιῑιιιεειιιιιιιιι
1077 4294 1293 4352 videtur
1319 4296 1519 4370 quoties
1538 4294 1602 4370 id
1624 4295 1695 4349 ad
1721 4296 1867 4370 digni
1881 4298 2107 4369 alicujus

508 4370 773 4441 meritum,
826 4369 1078 4441 repellens
1121 4383 1303 4422 auram
1338 4368 1555 4437 favoris,
1583 4366 1836 4439 impertit.
1882 4366 2109 4439 Quisque

507 4441 632 4511 (ceu
663 4439 933 4512 Quisquis)
968 4448 1137 4495 tamen
1152 4449 1332 4512 contra
1355 4455 1577 4512 canones
1600 4442 1913 4512 apostolicos
1940 4443 2110 4507 facere

511 4510 861 4577 usurpaverit,
907 4510 1127 4580 rejectis
1168 4510 1550 4577 intermediis,
1601 4510 1677 4564 nti
1734 4512 2107 4578 praediximus,

2210 1949 2336 1997 sunt
2361 1939 2585 2006 haberi,
2616 1940 2773 2012 quasi
2813 1940 3007 1997 relicta
3054 1956 3226 1997 uxore
3257 1940 3322 1997 ad
3354 1941 3588 1996 alienam
3628 1955 3819 1997 arces-

2210 2035 2414 2101 serint;
2436 2036 2584 2108 quod
2606 2035 2928 2107 impunitum
2959 2051 3081 2093 esse
3111 2052 3218 2092 non
3247 2036 3437 2109 possit.
3457 2036 3648 2093 Talem
3699 2038 3817 2107 epi-

2210 2144 2474 2199 sc0pum,
2511 2130 2818 2185 invasorem
2849 2128 3073 2200 pudoris
3095 2130 3292 2197 alieni,
3334 2128 3655 2201 episcOpatu
3702 2130 3819 2200 pri-

2212 2224 2328 2280 vari
2356 2222 2384 2260 ά
2407 2223 2713 2295 jusserunt.

2205 2360 2323 2419 licis
2350 2362 2569 2443 scriptis
2589 2363 2678 2421 vel
2704 2364 2971 2443 exemplis
3001 2366 3262 2443 nitantur.
3285 2367 3390 2435 Ipsi
3407 2368 3816 2443 Nicmnipatres

2206 2434 2413 2517 canui,
2446 2450 2555 2507 quo
2584 2451 2711 2517 quia
2728 2436 2782 2491 in
2832 2434 3152 2517 ordinandis
3179 2434 3467 2517 recensad
3496 2434 3662 2517 Iidem
3688 2462 3820 2500 mn-

2207 2508 2378 2580 versis
2399 2523 2489 2578 per
2518 2508 2869 2564 necessitatem
2895 2520 2984 2564 aut
3026 2511 3162 2565 alias
3189 2513 3488 2580 urgentibus
3516 2513 3818 2572 hominibus

2206 2577 2451 2659 adversus
2499 2580 3157 2659 ecclesiasticamfegulam
3188 2577 3326 2659 facta
3375 2587 3816 2659 sunt,4deinceps

2208 2650 2562 2728 lierivetant,
2603 2650 2808 2728 decreti
2835 2652 2917 2707 sui
2961 2650 3113 2728 lianc
3142 2650 3410 2728 rationem
3458 2650 3766 2728 subjiciunt
3800 2680 3813 2715 :

2210 2720 2493 2846 ManZ‘esta
2510 2733 2581 2777 est
2610 2724 2746 2777 enim
2767 2726 3053 2797 apostolica
3074 2727 3355 2797 scriptura,
3377 2744 3494 2798 qua:
3514 2720 3667 2797 dicit,
3690 2731 3816 2787 Non

2210 2810 2340 2846 neoo
2382 2804 2544 2846 utam.
2566 2793 2733 2846 Iidem
2757 2806 2941 2846 natres
2966 2814 3088 2846 cari.
3120 2799 3152 2846 9
3183 2808 3238 2846 et
3267 2799 3355 2846 10-
3386 2807 3444 2846 ut
3464 2802 3669 2846 simili.
3698 2805 3813 2846 tam

2209 2793 2544 2865 neaphytum.
2566 2793 2733 2850 Iidem
2756 2793 2941 2866 patres
2966 2814 3088 2853 can.
3120 2799 3152 2854 9
3179 2793 3238 2853 et
3267 2799 3356 2862 10.
3386 2793 3444 2854 ut
3464 2793 3669 2857 similis
3698 2805 3816 2860 loca

2209 2866 2445 2932 mittam,
2484 2866 2716 2936 alicujus
2765 2868 3012 2924 criminis
3059 2869 3343 2926 convictos
3374 2886 3401 2923 a
3433 2874 3589 2929 clero
3631 2892 3817 2932 remo-

2207 2947 2337 2993 vent
2363 2953 2375 2989 :
2401 2939 2524 3013 quia
2556 2938 2685 2993 tales
2705 2941 2886 3013 regula
2911 2957 3014 2995 non
3062 2942 3331 2997 admittit:
3361 2944 3485 2999 ideo
3506 2961 3644 3001 vero
3679 2950 3818 3006 tales

2207 3025 2235 3063 a
2266 3009 2447 3086 regula
2467 3025 2562 3086 seu
2594 3009 2780 3086 regula
2809 3013 3181 3086 ecclesiastica
3207 3030 3311 3068 non
3336 3015 3553 3071 admitti
3584 3019 3813 3086 docent,

2207 3083 2330 3160 quia
2356 3081 2494 3160 quod
2524 3081 2974 3160 iizreprehensibile
2988 3094 3063 3160 es_t
3091 3085 3186 3160 (ex
3212 3090 3536 3160 praescripto
3559 3081 3814 3160 Apostoli

2208 3151 2983 3235 irrepreltensibilemjolentis)
3017 3151 3254 3235 Ecclesia
3283 3151 3541 3235 catholica
3556 3151 3813 3235 defendit.

2208 3226 2283 3279 Eo
2322 3233 2480 3293 pacto
2501 3240 2625 3282 eum
2674 3224 2932 3307 Nicaanae,
2964 3224 3094 3307 tum
3127 3229 3261 3307 Ιιιιίιι⁸
3293 3230 3556 3307 Romanae
3600 3224 3817 3307 synodo

2200 3311 2504 3376 synonyma
2553 3306 2683 3353 sunt
2735 3301 2940 3376 regula,
2973 3302 3323 3376 ecclesiastica
3352 3304 3557 3375 regula,
3593 3301 3815 3376 aposta-

2198 3369 2300 3422 lica
2320 3370 2603 3440 scriptura,
2636 3374 2938 3440 apostolica:
2978 3374 3303 3442 traditiones,
3330 3382 3387 3430 et
3410 3369 3699 3447 apostolici
3729 3397 3816 3435 ca-

2199 3456 2378 3495 ηοηεε.

2239 3523 2295 3593 ,ε
2332 3512 2444 3593 Hoc
2470 3521 2555 3568 est
2580 3521 2637 3567 ut
2683 3514 2955 3593 episcopi_
2978 3531 3009 3572 e
3058 3518 3385 3574 clericorum
3419 3536 3683 3589 numero,
3721 3526 3811 3581 ubi

2201 3581 2290 3665 diu
2322 3584 2641 3654 probentur,
2670 3581 2779 3642 non
2828 3581 3152 3665 e'laicorum
3211 3593 3372 3646 turba
3426 3581 3808 3653 assumantur.

2202 3653 2689 3730 lliskconsentanea
2736 3669 2862 3715 sunt
2893 3674 3014 3730 quae
3040 3660 3315 3720 Nicmnnm
3346 3666 3647 3722 concilium
3682 3685 3807 3723 can.

2200 3726 2257 3792 2,
2283 3726 2611 3804 Sardicense
2663 3744 2785 3786 can.
2841 3726 2927 3792 15]
2976 3732 3205 3789 Siricius
3235 3743 3348 3790 tum
3388 3737 3553 3804 epist.
3589 3741 3616 3794 1
3648 3756 3705 3795 ιι.
3741 3743 3811 3797 15

2202 3805 2259 3883 et
2288 3798 2376 3883 id,
2409 3804 2777 3883 tummaxitne
2794 3804 3080 3883 epist.6_n.
3104 3806 3139 3859 2
3161 3807 3279 3866 etii.
3296 3798 3654 3883 prmcipiunt.
3677 3814 3811 3868 Am-

2204 3868 2481 3945 brosius_e
2525 3871 2664 3927 laico
2693 3868 2981 3945 episcopus
3009 3876 3183 3933 lactus
3213 3868 3619 3938 ordinationem
3647 3898 3809 3940 suam

2205 3942 2895 4070 aliqntqldoGesxcuset‘,vide
2914 3950 2965 4002 in
2992 3947 3225 4017 epistola
3256 3952 3421 4022 ipsius
3450 3953 3544 4019 63,
3579 3957 3649 4011 ad
3678 3956 3807 4013 Ver-

2205 4028 2357 4075 cetl..
2391 4031 2447 4069 ιι.
2485 4028 2577 4070 DD.

2278 4084 2304 4123 ἀ
2326 4087 2391 4142 Et
2414 4085 2502 4142 hic
2529 4086 2753 4145 indicari
2782 4090 3350 4150 videturSardiceusis
3374 4112 3553 4152 canon
3590 4100 3641 4155 I.
3669 4100 3805 4157 Nam

2206 4157 2581 4245 licet'l‘l'icazno
2601 4176 2814 4245 canone
2844 4162 2913 4218 15
2942 4176 3231 4231 caveatur,
3262 4182 3330 4222 ne
3357 4170 3482 4236 quis
3504 4174 3806 4242 episcOpus

2208 4230 2281 4310 de
2304 4232 2528 4310 civitate
2554 4233 2607 4287 iu
2638 4233 2913 4310 civitatem
2946 4230 3225 4301 transeat,
3246 4230 3588 4310 nequaquam
3620 4230 3803 4301 tamen

2205 4304 2359 4389 jubet
2384 4302 2573 4389 eadem
2602 4306 2897 4389 synodus,
2931 4311 3312 4389 ut_translatu_s
3335 4302 3662 4386 episcopatu
3695 4320 3805 4389 pri-

2210 4385 2401 4459 vetur,
2432 4375 2542 4459 sed,
2561 4385 2627 4459 ut
2646 4375 2873 4459 prapria:
2895 4381 3135 4459 ecclesia:
3162 4375 3462 4459 restituatur
3501 4375 3555 4459 in
3585 4375 3805 4459 qua'or-

2211 4447 2435 4530 dinatus‘
2469 4458 2566 4502 est.
2598 4448 2669 4503 At
2710 4447 2805 4530 nec
2829 4448 3022 4530 laicam
3051 4456 3458 4530 communionem
3500 4447 3687 4516 habent
3714 4465 3804 4530 qui

2214 4520 2333 4574 talts
2362 4526 2472 4584 est,
2500 4533 2675 4575 canon
2708 4520 3047 4602 sardicensis
3076 4527 3339 4602 pracipit.
3376 4528 3457 4583 Ad
3499 4530 3647 4588 hunc
3667 4520 3804 4602 quo-

510 4584 1010 4667 post‘quaestionem
1035 4598 1105 4667 _n._
1129 4581 1575 4667 proposita-tn.
1612 4581 1725 4667 Hoc
1754 4584 1873 4667 loco
1913 4584 1983 4639 ita
2012 4600 2100 4639 re-
2126 4598 2177 4658 ι)
2204 4607 2311 4667 que
2339 4581 2604 4646 canonem
2637 4608 2737 4667 pro
2768 4593 2988 4650 Nicasno
3015 4581 3259 4653 habitum
3287 4581 3805 4667 respicereﬂvide‘t‘ur

511 4653 919 4726 st_ituto._v:_tlde
956 4662 1111 4708 nutat
1144 4653 1421 4709 Hincmari
1452 4653 1549 4726 lib.
1582 4669 1647 4726 Liv
1671 4654 1947 4726 Capitum,
1976 4671 2097 4726 cap.

506 4724 602 4791 24,
631 4740 687 4797 p.
718 4722 849 4797 475,
876 4733 1253 4797 argumentum
1278 4766 1294 4793 ,
1352 4740 1461 4796 quo
1489 4722 1969 4797 Chalcedonenses
2008 4722 2101 4782 ea-

510 4795 705 4860 nones,
738 4795 1021 4869 trigesimo
1052 4806 1245 4869 octavo
1285 4795 1539 4867 exéepto,
1562 4813 1590 4850 a
1613 4796 1881 4868 Gregorio
1911 4799 2105 4869 Magno

510 4877 767 4941 receptos
802 4865 934 4941 inde
956 4865 1173 4935 probari
1210 4876 1388 4941 putat,
1423 4865 1566 4939 quod
1592 4870 1637 4924 is
1665 4865 1796 4940 papa
1823 4865 2023 4926 Itonnl.‘
2039 4872 2107 4926 17

511 4941 568 5013 in
594 4939 809 5013 Evang.
831 4956 888 4994 ιι.
913 4939 983 4995 I3
1011 4948 1224 4994 asserat
1254 4954 1269 4992 :
1304 4939 1461 5013 Sacri
1510 4939 2107 4997 canones’Simoniacam

514 5009 1046 5084 Ittcresim'damnant,
1067 5019 1119 5065 et
1140 5026 1227 5084 eos
1255 5011 1543 5084 sacerdotio
1558 5013 1754 5077 privari
1774 5014 2104 5084 prtecipiunt,

510 5084 601 5154 qui
630 5084 719 5155 de;
748 5081 1034 5155 largiendis
1074 5081 1342 5155 ordinibus
1393 5083 1612 5155 pretium
1657 5081 2103 5155 quaerunhQuod

510 5152 760 5229 enim‘ibi
786 5152 1229 5229 archiepiscopus
1253 5152 1691 5229 _idem__subjicit':
1729 5154 1894 5229 Nulla
1918 5159 2107 5229 quippe

509 5225 742 5297 synodus
768 5242 832 5281 ea:
849 5225 947 5281 hac
984 5241 1040 5280 re
1062 5225 1289 5298 decrevit
1310 5225 1574 5298 judicium
1608 5239 1795 5296 prwter
1823 5225 2108 5284 Chalcedo-

510 5294 668 5353 nense
686 5298 990 5370 concilium,
1013 5311 1078 5352 ex
1114 5294 1378 5370 ltoc_loéo_
1393 5294 1682 5370 refellitur.
1719 5301 2101 5370 Apostolorum

512 5382 731 5440 quoque
749 5384 958 5425 canone
973 5369 1067 5433 ὅθ,
1090 5369 1181 5440 qui
1204 5367 1412 5425 Graecis
1435 5367 1507 5424 28
1522 5376 1628 5437 est,
1653 5367 1976 5428 Simoniacae
1995 5372 2106 5428 hm-

512 5454 705 5497 reseos
728 5440 807 5496 rei
836 5440 1148 5497 sacerdotio
1178 5442 1479 5511 privantur.

582 5511 701 5569 Non
734 5511 876 5588 nunc
903 5522 1081 5568 tamen
1108 5511 1678 5588 canonem,_sed_eam
1722 5514 1904 5588 potius
1947 5531 2103 5588 regu-

510 5583 621 5656 Iam
653 5597 717 5639 ac
742 5584 992 5650 formam,
1014 5599 1173 5656 quam
1212 5585 1487 5655 apostolus
1515 5583 1711 5640 Petrus
1741 5585 1981 5644 Simonis
2010 5583 2104 5645 ne-

511 5655 740 5727 quitiam
800 5658 1001 5713 acriter
1034 5655 1387 5725 increpando
1442 5656 1705 5713 Ecclesite
1770 5659 2099 5726 sequendam

513 5728 869 5800 praescripsit,
893 5744 1149 5783 canonum
1178 5729 1575 5800 apostolicorum
1605 5731 1824 5786 nomine
1847 5729 1933 5784 hic
1963 5733 2124 5791 indi-.

515 5797 631 5853 cari
675 5800 1055 5873 existimarint.
1108 5797 1369 5873 superius
1424 5801 1736 5873 apostolicus
1800 5803 2100 5861 traditiones

520 5871 816 5942 nuncupari
846 5871 1152 5928 audivimus
1170 5870 1422 5928 Nicanos
1447 5870 1706 5943 canones,
1733 5874 1858 5947 quia
1882 5885 2101 5949 aposto-

2206 4665 2575 4746 Iiierotty_t_ntts
2604 4666 2766 4735 epist.
2817 4667 2909 4746 εξ»,
2955 4667 3022 4723 ad
3066 4665 3392 4746 Oceanum,
3430 4674 3520 4746 ubi
3571 4678 3797 4745 scribit,

2208 4737 2304 4813 [ioc
2423 4733 2653 4813 ’N‘icagna
2695 4738 2896 4813 synodo
2933 4755 2965 4792 a
2994 4742 3227 4810 patribus
3268 4733 3377 4797 esse
3407 4733 3713 4813 decretum
3739 4733 3804 4805 rte

2208 4810 2273 4888 de.
2299 4803 2494 4888 aliaad
2518 4805 2681 4861 aliam
2716 4803 3295 4888 Ecclesiam'episcOpus
3324 4803 3707 4888 transferatur}
3739 4803 3804 4877 ne

2208 4877 2477 4950 virginalis
2500 4882 2835 4961 pauperculte
2858 4877 3101 4961 societate
3115 4877 3407 4961 contempta
3425 4888 3632 4945 ditioris
3644 4877 3803 4948 adul-

2210 4959 2553 5031 terteuquterat
2579 4954 2871 5031 antplems.
2905 4953 2981 5008 Ibi
3009 4967 3160 5013 certe
3190 4953 3433 5031 concinit
3471 4962 3567 5017 ille
3598 4964 3802 5021 Ductor

2212 5023 2296 5079 Itis
2325 5022 2437 5075 Usii
2467 5022 2519 5075 in
2559 5037 2682 5077 mox
2715 5024 2864 5080 dicto
2885 5040 3097 5083 canone
3130 5046 3142 5081 :
3173 5028 3303 5084 Cum
3331 5032 3509 5086 nullus
3533 5035 3588 5088 in
3618 5035 3717 5090 hac
3744 5055 3800 5092 re

2205 5095 2443 5149 inuentus
2464 5094 2528 5175 sit
2554 5094 2825 5175 cpi-scapus
2842 5138 2857 5162 ,
2888 5101 2978 5175 qui
2999 5099 3062 5175 dc
3091 5104 3288 5175 majore
3307 5105 3511 5159 civitate
3533 5109 3602 5161 ad
3627 5110 3798 5164 mino-

2206 5182 2331 5237 rem;
2344 5165 2602 5219 transiret.
2634 5164 2861 5222 Rutilius
2887 5164 3104 5237 quidem
3128 5164 3402 5229 Nicmnum
3424 5191 3695 5235 canouent
3730 5182 3798 5237 15

2206 5238 2280 5315 ita
2314 5235 2503 5315 Latine
2528 5239 2799 5315 convertit
2828 5235 2952 5315 :_Ne
2991 5241 3055 5315 de
3090 5245 3324 5315 inferiori
3350 5248 3556 5303 civitate
3578 5251 3652 5304 ad
3678 5235 3794 5306 ma:

2197 5307 2662 5394 jorem_ecclesiam
2690 5312 2914 5394 transire
2938 5314 3053 5394 quis
3088 5307 3312 5394 ambiat,
3342 5322 3448 5394 sive
3474 5324 3750 5394 episcopus
3774 5369 3790 5389 .

2206 5380 2311 5470 sine
2340 5379 2813 5470 etiam-oliuetSed
2831 5385 2913 5470 ab
2939 5379 3058 5470 ipso
3086 5388 3253 5470 verba
3280 5379 3516 5470 inferiori
3541 5406 3599 5450 et
3627 5379 3796 5470 τέρα]οᾸ

2207 5450 2403 5533 rentde
2426 5465 2527 5506 suo
2550 5451 2755 5519 addita,
2787 5469 2883 5510 seu
2915 5450 3155 5533 pntiuse
3180 5450 3492 5533 Sardi'censi
3525 5450 3787 5524 canone!

2210 5530 2440 5608 repetita
2486 5537 2632 5608 esse”
2655 5541 2818 5608 nemo
2868 5530 3168 5600 negaverit.
3202 5530 3341 5608 Yrde
3368 5534 3494 5591 Julii
3544 5539 3793 5608 lepisto-

2211 5594 2316 5649 lant
2337 5609 2361 5676 ,ι
2382 5635 2397 5661 ,
2420 5611 2574 5676 num.
2686 5596 2856 5654 Porro
2882 5594 3071 5657 uiores
3099 5603 3402 5673 pontificum
3431 5609 3533 5662 dici
3554 5594 3791 5667 ecclesias

2211 5680 2309 5749 usu
2337 5666 2389 5720 in
2418 5666 2661 5723 Ecclesia
2684 5684 2899 5749 semper
2924 5666 3227 5749 receptum.
3244 5666 3367 5733 'Hoc
3395 5678 3606 5739 diserte
3629 5684 3791 5741 docet

2208 5736 2574 5809 Hieronymus
2615 5736 2845 5811 epistola
2876 5736 3118 5801 laudata.
3150 5747 3263 5805 lloc
3309 5748 3554 5809 Romana
3582 5736 3785 5811 nostra

2206 5811 2452 5900 synodus
2466 5812 2955 5900 conﬁgurat-.Pam
2987 5818 3072 5900 _ob
3114 5834 3229 5876 rem
3255 5820 3586 5900 Novatianus
3612 5843 3643 5883 a
3674 5828 3785 5900 Cy-

2209 5884 2404 5953 priano
2427 5884 2590 5955 epist.
2620 5884 2678 5953 2,
2705 5885 2775 5944 ad
2802 5884 3139 5959 Cornelium,
3191 5907 3248 5949 ιι.
3300 5895 3357 5966 I,
3401 5884 3695 5957 adulterum
3718 5884 3787 5961 ἐι
