4048 6350
246 263 373 321 H93

1426 253 1787 314 EPISTOLE
1829 253 1920 311 ET
1962 254 2304 315 DECRETA.

3389 260 3531 318 “9b

303 374 433 431 CAP.
466 372 556 429 Vl.
582 399 654 415 -ο
680 372 770 427 i7.
803 370 888 426 Ne
912 370 1091 427 clerici
1126 370 1191 425 ab
1220 369 1461 443 episcopo
1483 384 1578 423 suo
1610 367 1830 440 abjecti,
1862 369 1908 429 A
1938 367 2053 423 rius
2080 367 2444 440 possessionis
2471 366 2754 436 invaserit,
2776 383 2902 425 reus
2933 367 3210 425 violentiae
3231 368 3532 441 judicatur.

244 464 300 520 ab
320 463 438 520 aliis
460 464 777 534 recipiantur
803 472 891 517 aut
915 472 1333 528 promoveantur.
1361 490 1433 503 -—
1460 459 1593 516 Item
1623 459 1691 514 de
1712 459 1827 515 cle-

245 557 365 614 ricis
403 557 595 613 alienis
633 571 702 612 ex
742 554 955 628 synodo
984 554 1299 626 frequenter
1326 563 1410 610 est
1438 558 1829 624 pertractatum

246 659 398 723 atque
422 649 697 707 ﬁrmatum
721 691 737 716 ,
775 656 832 706 et
856 650 997 706 ratio
1028 648 1176 721 justa
1212 646 1571 717 constringit,
1602 646 1835 703 clericos

244 745 477 817 abiectos
526 746 596 803 de
640 744 873 802 ecclesia
914 745 984 802 ab
1022 745 1283 817 episcOpo
1329 759 1463 810 suo,
1497 759 1598 800 nec
1638 742 1834 798 laicam

246 839 680 897 communionem
720 839 975 911 accipere
1027 854 1191 910 posse
1244 839 1298 895 in
1349 838 1527 896 aliena
1578 836 1834 905 ecclesia,

250 932 470 1008 (Supple
508 932 681 1007 quod)
719 932 1102 990 conﬁrmatum
1158 932 1677 1004 manilestatumque
1716 940 1837 996 est,

250 1026 456 1099 quando
481 1027 645 1083 etiam
686 1028 992 1095 innocens,
1039 1026 1159 1083 sine
1190 1025 1391 1083 litteris
1436 1024 1678 1097 episcopi
1723 1021 1842 1089 sui,

251 1122 328 1178 vel
354 1122 620 1189 formata,
672 1122 726 1178 in
776 1122 954 1177 aliena
1014 1120 1248 1177 ecclesia
1296 1136 1405 1175 non
1448 1125 1629 1190 potest
1656 1116 1847 1173 minis-

252 1224 390 1273 trare
418 1215 571 1289 (νεά.
607 1216 764 1272 Siric.
795 1217 947 1286 epist.
983 1215 1040 1283 5,
1072 1230 1123 1271 c.
1158 1216 1191 1271 5
1223 1224 1278 1271 et
1308 1213 1388 1283 6).
1422 1213 1475 1270 Si
1513 1213 1633 1282 quis
1662 1218 1845 1266 autem

252 1313 302 1369 in
328 1312 582 1381 iniuriam
621 1310 929 1367 sacerdotis
973 1310 1076 1365 hoc
1106 1308 1285 1366 facere
1310 1307 1751 1379 prmsumpserit,
1792 1311 1849 1360 et

253 1403 663 1461 condemnatum
692 1402 954 1459 clericum
983 1405 1265 1472 suscipere
1291 1402 1376 1457 vel
1402 1414 1731 1471 promovere
1753 1412 1849 1451 vo-

254 1497 437 1565 luerit,
470 1498 608 1553 sciat
658 1513 717 1553 se
761 1496 1199 1554 communicasse
1236 1493 1480 1565 peccatis
1527 1492 1754 1557 alienis,
1795 1499 1852 1547 et

256 1590 547 1649 incurrisse
593 1591 926 1647 sententiam
969 1588 1252 1660 Apostoli,
1292 1589 1385 1661 qui
1428 1589 1530 1653 ait,
1576 1602 1700 1642 reos
1728 1599 1853 1641 esse

257 1702 352 1741 non
378 1686 549 1740 solum
584 1685 674 1755 qui
718 1688 919 1754 faciunt
964 1692 1153 1740 contra
1201 1684 1399 1755 legem,
1440 1683 1531 1737 sed
1571 1682 1727 1737 etiam
1766 1682 1854 1751 qui

1934 461 2074 545 Quid
2102 463 2376 518 curritur?
2412 462 2539 535 quid
2587 462 2897 533 festinatur,
2930 475 2990 521 ut
3019 465 3206 536 regula
3249 466 3540 522 ecclesias-

1939 557 2043 612 tica
2092 557 2478 614 conculcetur?
2520 557 2695 630 Leges
2742 558 2997 615 humanae
3039 568 3339 618 tenentur:
3371 571 3427 616 et
3456 560 3543 616 di-

1939 651 2062 705 vina
2103 662 2373 722 praecepta
2406 661 2857 709 contemnuntur.
2900 653 3155 710 Przesens
3193 655 3405 725 gladius
3436 654 3545 710 for-

1942 744 2177 801 midatur
2208 754 2263 802 et
2296 748 2612 818 temporalis
2658 763 2817 818 paena
2848 766 2861 803 :
2892 748 3076 804 divina
3118 765 3253 806 vero
3283 749 3546 817 vindicta,

1942 855 2064 910 qua:
2103 839 2268 897 habet
2309 839 2559 896 ﬂammas
2586 840 2851 913 gehennae
2900 853 3229 915 perpetuas,
3255 840 3284 881 ἀ
3316 845 3549 916 negligi-

1944 942 2053 990 tur.
2083 933 2345 991 V’ideritis
2393 952 2516 1006 quae
2567 938 2924 1010 praesumptio
2966 938 3183 995 fecerit.
3221 939 3299 994 Ex
3348 939 3457 996 hoc
3505 939 3554 995 si

1946 1028 2069 1100 quis
2116 1029 2171 1084 in
2226 1028 2400 1084 aliena
2430 1030 2655 1086 dioecesi
2713 1046 2878 1087 ausus
2925 1031 3093 1089 fuerit
3146 1033 3549 1088 ordinationem

1947 1122 2131 1177 facere
2161 1136 2499 1193 praisumere
2520 1166 2535 1190 ,
2569 1124 2708 1180 sciat
2734 1139 2795 1181 se
2824 1124 2894 1181 de
2925 1136 3073 1182 statu
3100 1140 3200 1182 suo
3228 1141 3390 1197 posse
3418 1127 3532 1196 peri

1949 1215 2130 1271 clitari
2155 1258 2169 1283 ,
2198 1218 2291 1288 qui
2317 1218 2551 1273 alienam
2585 1220 2879 1276 ecclesiam
2906 1221 3167 1279 invadere
3194 1238 3560 1293 praesumpse—

1950 1310 2041 1365 rit.
2071 1310 2189 1365 Non
2216 1321 2239 1347 θ
2268 1321 2354 1367 est
2380 1314 2647 1369 saeculare
2686 1314 2890 1386 aliquid
2914 1356 2930 1381 ,
2967 1332 3076 1371 non
3108 1324 3238 1371 sunt
3270 1317 3561 1372 mundana:

1952 1406 2657 1473 promotiones.Audiamus
2674 1407 3006 1478 Apostolum
3034 1409 3305 1466 dicentem
3333 1429 3345 1463 :
3370 1412 3563 1464 Manus

1956 1499 2056 1553 cito
2104 1500 2299 1553 nemini
2344 1501 2684 1569 imposueris,
2738 1519 2901 1574 neque
2938 1504 3397 1559 communicaveris
3444 1522 3537 1574 pec

1960 1592 2091 1646 catis
2120 1592 2307 1646 alienis
2331 1610 2349 1647 :
2380 1603 2427 1646 te
2446 1594 2619 1664 ipsum
2649 1606 2849 1649 castum
2878 1597 3078 1650 custodi
3123 1597 3167 1668 (Ι
3192 1596 3332 1652 Tim.
3358 1614 3415 1662 ν,
3444 1598 3561 1670 22).

1960 1685 2017 1743 Si
2050 1687 2301 1757 legantur
2328 1688 2528 1757 scripta
2550 1730 2565 1755 ,
2622 1697 2678 1744 et
2718 1687 2880 1743 timor
2913 1689 3130 1744 divinus
3163 1690 3237 1745 sit
3266 1692 3321 1745 in
3368 1692 3530 1747 nobis
3551 1733 3566 1758 ,

256 1786 574 1837 consentiunt
610 1780 919 1854 facientibus
946 1779 1125 1851 (Rom.
1152 1796 1191 1843 ι.
1230 1778 1347 1851 32).
1378 1778 1532 1835 Unde
1574 1777 1859 1833 dimitten-
1887 1779 1936 1839 B
1961 1781 2142 1836 omnia
2173 1781 2430 1836 scandala
2459 1793 2719 1852 poterunt
2742 1785 3012 1853 separari,
3040 1792 3097 1839 et
3121 1785 3452 1839 unanimitas
3478 1800 3576 1855 per

260 1875 379 1933 dum
404 1884 490 1932 est
518 1875 871 1932 conscientiae
904 1874 1082 1941 illius,
1123 1874 1214 1943 qui
1247 1874 1315 1930 de
1342 1889 1444 1929 suo
1477 1872 1683 1929 clerico
1709 1870 1860 1941 judi—

261 1969 420 2037 cavit,
452 1968 635 2025 sciens
665 1968 810 2038 quod
840 1967 912 2024 de
937 1965 1147 2036 judicio
1177 1966 1295 2036 ejus
1327 1965 1474 2021 Deus
1499 1963 1862 2034 sitjudicatu-

261 2062 428 2119 rusin
478 2071 780 2133 posterum.
825 2059 968 2115 Audi
1026 2058 1316 2113 Dominum
1364 2057 1678 2123 dicentem,
1733 2054 1864 2120 Quae

263 2156 396 2211 enim
425 2154 580 2210 vultis
601 2163 659 2208 ut
687 2154 882 2225 faciant
909 2152 1049 2207 vobis
1079 2151 1344 2218 homines,
1374 2149 1555 2204 cadent
1583 2158 1633 2206 et
1664 2165 1751 2203 vos
1782 2151 1863 2219 fa-

263 2251 357 2306 cite
386 2250 493 2305 illis
516 2248 733 2321 (Matth.
767 2264 863 2315 vn,
898 2248 1009 2316 12).
1046 2247 1188 2315 Quid
1213 2247 1269 2302 in
1298 2245 1554 2317 iniuriam
1588 2244 1775 2300 fratris
1813 2252 1867 2299 et

264 2343 672 2402 consacerdotis
714 2344 990 2399 armaris?
1016 2342 1151 2399 Cum
1188 2342 1333 2398 enim
1365 2357 1493 2397 reus
1536 2356 1645 2396 non
1687 2340 1864 2395 solum

266 2438 560 2510 suscipitur
606 2437 891 2493 clericnstEt
939 2435 1218 2505 abjectus,
1265 2434 1363 2490 sed
1416 2435 1584 2489 etiam
1637 2447 1864 2504 promo-

266 2543 455 2597 vetur,
503 2529 741 2602 injustus
774 2529 1053 2601 judicatur
1106 2528 1417 2598 episcopus.
1470 2526 1585 2582 Hoc
1637 2526 1868 2597 quisque

268 2626 414 2692 iacit,
446 2624 586 2682 sciat
611 2638 670 2679 se
695 2639 726 2679 a
756 2622 1169 2679 Catholicorum
1208 2620 1476 2677 societate
1500 2618 1529 2658 ι)
1558 2621 1864 2685 seclusum,

269 2729 324 2778 et
350 2719 795 2777 communionem
825 2717 976 2775 sedis
1017 2716 1340 2788 apostolicae
1372 2730 1484 2771 non
1525 2713 1731 2770 habere
1756 2712 1868 2783 jam

269 2828 453 2888 posse.

340 2908 431 2965 18.
463 2906 532 2963 In
562 2909 733 2964 aliena
772 2906 1035 2962 territorio
1078 2904 1435 2961 ordinationes
1478 2903 1741 2958 celebrare
1770 2920 1875 2957 non

275 3005 443 3061 licere.
474 3033 546 3044 —
576 3002 717 3057 Illud
749 3010 1015 3073 prteterea
1061 2999 1198 3055 satis
1238 3013 1405 3070 grave
1443 3006 1560 3063 est,
1594 3005 1651 3053 et
1681 3006 1874 3051 contra

272 3098 637 3169 episcopalem
685 3094 1122 3152 moderationem
1164 3092 1314 3175 sedis
1353 3090 1707 3161 apostolicae,
1738 3103 1871 3145 suos

1961 1888 2154 1928 omnes
2185 1872 2385 1929 fratres
2415 1874 2628 1944 placida
2660 1876 2934 1947 plenaque
2964 1876 3195 1932 caritate
3226 1877 3560 1933 consistere.

2038 1966 2127 2022 19.
2154 1965 2248 2020 Ne
2298 1966 2421 2021 laici
2462 1968 2527 2022 ab
2564 1968 2814 2037 episcopo
2859 1984 2955 2022 suo
3004 1971 3470 2036 excommunicati,
3510 1970 3575 2025 ab

1963 2060 2069 2115 alio
2112 2061 2167 2114 in
2211 2058 2406 2115 clerum
2458 2062 2827 2133 provehantur.
2850 2091 2919 2103 -—
2952 2062 3225 2118 Praatci'ea
3259 2065 3426 2120 etiam
3452 2064 3581 2122 laici

1965 2154 2224 2211 dicuntur
2251 2171 2281 2210 a
2308 2157 2702 2212 communione
2732 2157 2949 2228 cognita
2985 2171 3147 2211 causa
3176 2157 3400 2222 seclusi,
3434 2169 3489 2213 et
3515 2158 3585 2214 ab

1965 2246 2076 2303 alio
2120 2249 2383 2319 episcopo
2432 2250 2624 2305 clerici
2681 2248 2809 2304 facti
2844 2250 2990 2306 :liuc
3034 2250 3148 2319 jam
3198 2266 3367 2321 super
3412 2266 3580 2306 omne

1968 2344 2174 2399 malum
2215 2353 2322 2400 est.
2360 2342 2515 2400 Unde
2559 2352 2651 2399 aut
2697 2345 2953 2399 conventi
2995 2344 3281 2416 corrigant
3322 2346 3416 2415 qui
3449 2345 3578 2400 talia

1970 2438 2089 2493 ausi
2117 2446 2246 2492 sunt
2274 2436 2482 2503 facere,
2512 2437 2587 2492 ita
2620 2447 2677 2491 ut
2706 2447 3099 2493 removeantur
3124 2438 3323 2507 quibus
3355 2437 3584 2510 indigne

1969 2531 2107 2587 ordo
2136 2530 2371 2587 collatus
2399 2540 2523 2597 est,
2557 2541 2655 2586 aut
2704 2531 2771 2586 ad
2819 2546 2921 2587 nos
2950 2532 3169 2588 nomina
3203 2547 3393 2588 eorum
3436 2532 3591 2589 defe-

1971 2635 2165 2682 rantur
2182 2668 2198 2693 ,
2224 2635 2284 2680 ut
2307 2626 2550 2684 sciamus
2568 2641 2599 2680 a
2627 2624 2827 2695 quibus
2850 2641 2952 2681 nos
2979 2625 3260 2682 abstinere
3283 2625 3589 2681 debeamus

1974 2717 2207 2789 (Concil.
2234 2717 2446 2774 Nicwn.
2480 2733 2533 2772 c.
2566 2718 2648 2788 5).

2044 2812 2135 2868 ΞΟ.
2187 2811 2336 2869 Sciat
2386 2826 2519 2883 ergo
2565 2820 2751 2866 vestra
2800 2811 3130 2880 sinceritas,
3174 2812 3319 2883 quod
3369 2812 3418 2868 si
3470 2813 3589 2871 haec

1975 2907 2159 2963 omnia
2187 2923 2290 2962 suo
2318 2908 2515 2962 ordine
2560 2914 2621 2960 ut
2660 2914 2812 2960 certa
2857 2916 2985 2961 sunt
3012 2904 3031 2943 ί
3065 2905 3452 2976 observentur,
3485 2923 3593 2964 nec

1979 3000 2127 3055 Deus
2167 2999 2494 3066 oil'enditur,
2563 3012 2664 3052 nec
2711 2997 3009 3053 schismata
3060 3008 3437 3066 generantur,
3492 3014 3596 3055 nec

1978 3092 2219 3149 haereses
2272 3091 2594 3147 exsistunt:
2626 3088 2723 3143 sed
2788 3089 2976 3144 dicent
3026 3087 3255 3156 Gentes,
3327 3080 3595 3161 quoniam»

273 3190 411 3248 lines
434 3190 738 3255 excedere,
764 3188 832 3243 ad
864 3188 1101 3244 alienam
1133 3171 1360 3242 tendere
1381 3186 1667 3256 regionem
1685 3223 1701 3249 ,
1729 3181 1876 3237 festio
1902 3171 1950 3236 C
1981 3203 2109 3243 vere
2133 3186 2277 3241 Deus
2309 3186 2362 3238 in
2394 3183 2555 3238 nobis
2582 3191 2669 3238 est
2694 3180 2949 3236 Christus
2979 3182 3240 3235 Dominus
3282 3192 3471 3238 noster
3497 3184 3591 3254 qui

275 3299 409 3341 nare
431 3325 446 3352 ,
488 3282 865 3339 ordinationes
895 3280 1183 3337 celebrare
1208 3290 1231 3318 ο
1270 3279 1563 3349 praeceptis
1593 3287 1876 3346 metropo-

276 3377 504 3435 litanum
532 3379 851 3446 episcopum
885 3390 995 3431 non
1028 3373 1355 3445 permittere
1397 3372 1450 3426 in
1499 3386 1596 3426 sua
1654 3369 1881 3426 dioecesi

274 3486 382 3529 una
419 3486 543 3527 cum
586 3468 781 3525 vicinis
822 3467 1131 3540 episcopis,
1164 3467 1307 3522 sicut
1359 3479 1595 3521 cccxvnt
1641 3461 1883 3534 episcopi

278 3564 712 3627 conﬁrmarunt,
745 3572 856 3618 tres
895 3559 981 3616 vel
1019 3574 1087 3615 eo
1127 3558 1363 3628 amplius
1401 3557 1722 3613 sacerdotes
1761 3556 1883 3627 epi-

280 3672 507 3728 scopum
534 3657 793 3713 ordinare
821 3654 1048 3721 debere,
1066 3652 1154 3709 vel
1172 3652 1474 3722 subrogare
1503 3651 1884 3723 dignissimum

278 3749 437 3824 (Viti.
472 3750 627 3821 epist.
664 3764 682 3804 ι
715 3746 879 3804 Siric.
914 3762 970 3802 n.
1004 3743 1118 3817 14).
1147 3744 1207 3801 Si
1237 3743 1359 3816 quis
1389 3755 1542 3800 certe
1577 3743 1718 3799 fines
1748 3741 1887 3798 alte-

284 3908 605 3964 contrarium
625 3914 802 3974 caput,
826 3910 884 3959 et
907 3901 1072 3973 epist.
1100 3899 1188 3955 52.
1210 3909 1374 3971 atque
1402 3899 1557 3974 alibi,
1581 3898 1790 3974 adulter
1814 3906 1897 3951 at-

284 3996 387 4052 que
424 3971 717 4052 extraneus_
747 3971 1020 4052 episcopus
1066 3974 1367 4052 vocitatur,
1417 3971 1542 4052 quia
1590 3972 1895 4027 Romanam

285 4041 583 4109 ecclesiam
618 4041 863 4116 legitimo
891 4044 1259 4116 ejusksponso
1287 4041 1551 4097 Cornelio
1577 4058 1776 4116 rapere
1803 4057 1898 4097 vo.

287 4123 458 4179 lebat.
487 4112 697 4174 Eadeui
716 4117 785 4172 de
812 4112 974 4172 causa
1000 4112 1430 4187 Chrysostomus
1457 4114 1598 4187 apud
1626 4116 1889 4187 innocen-

1982 3281 2119 3336 vivit
2146 3289 2200 3334 et
2230 3276 2633 3348 regnatsnpud
2686 3274 2903 3329 Patrem
2956 3290 3079 3330 cum
3121 3274 3591 3345 Spiritu-sancto,

1986 3374 2042 3430 in
2068 3382 2274 3428 {eterna
2302 3368 2503 3426 saecula
2527 3368 2879 3424 saeculorum.
2912 3370 3109 3424 Amen.

2062 3518 2340 3573 Praeterea
2390 3513 2512 3568 duae
2559 3520 2688 3567 sunt
2727 3511 3006 3583 Ambrosii
3052 3512 3295 3583 episcopi
3339 3513 3599 3572 Mediola-

1990 3592 2213 3649 nensis.
2234 3588 2443 3644 scilicet
2469 3585 2540 3641 85
2560 3597 2616 3639 et
2644 3584 2734 3649 86,
2765 3582 2967 3638 Siricio
2997 3582 3277 3654 inscriptae
3302 3586 3599 3643 familiares

1991 3664 2261 3734 epistolae,
2303 3674 2374 3734 es
2406 3658 2604 3734 quibus
2648 3664 2850 3734 quanta
2899 3655 2975 3710 illi
3025 3659 3243 3725 pricsuli
3287 3674 3408 3734 cuni
3463 3677 3600 3734 papa

1993 3728 2184 3793 nostro
2215 3731 2458 3787 amicitia
2488 3728 2897 3793 intercesserit,
2928 3737 3115 3797 posset
3143 3732 3524 3798 comprobari,
3555 3734 3599 3786 si

2074 3904 2097 3933 c
2128 3892 2235 3948 Pro
2266 3888 2535 3961 prteceptis
2558 3928 2592 3961 ,__
2617 3885 2763 3955 quod
2792 3888 3173 3961 archetypum
3196 3890 3459 3945 mendose
3489 3907 3603 3961 pra:

2003 3983 2065 4023 se
2091 3966 2221 4028 fert,
2248 3959 2530 4017 substituit
2559 3959 2750 4024 Sirin.,
2783 3975 2891 4025 pra:
2916 3964 3134 4014 cwleris.
3156 3960 3276 4015 Pari
3302 3964 3423 4029 jure
3451 3959 3609 4019 resti-

2006 4050 2161 4094 tuere
2191 4038 2382 4089 liceret
2413 4032 2716 4102 prwsertim,
2745 4041 2837 4083 aut
2864 4047 3195 4101 praesumere.
3239 4031 3374 4085 Tum
3409 4034 3606 4089 deinde

2007 4108 2303 4177 legendum
2326 4106 2564 4167 videtur,
2588 4103 3252 4177 metropolitanoepiscopo
3274 4121 3374 4156 non
3397 4107 3609 4173 permit-

290 4198 434 4251 tium
472 4192 635 4260 epist.
666 4188 723 4254 4,
757 4206 814 4260 ii.
842 4188 902 4253 Ξ,
929 4202 1052 4260 cuni
1086 4184 1779 4260 Theophili»Alexandrino
1808 4199 1903 4260 es—

292 4254 566 4339 postulat,
591 4262 735 4339 quod
749 4254 1373 4339 ‘Qonstontinopolitana
1405 4272 1527 4339 cuni
1559 4257 1903 4339 ecclesiasic

296 4326 513 4409 ageret,
532 4326 682 4409 quasi
712 4332 870 4409 uidua
895 4326 1146 4409 essetnec
1174 4327 1743 4409 episcopumbab‘eret.
1768 4326 1905 4409 Hinc

299 4399 780 4465 adulteri—vocitati
810 4411 940 4457 sunt
960 4402 1227 4473 episc0pi,
1252 4404 1343 4469 qui
1368 4407 1463 4454 aut
1486 4400 1538 4454 in
1567 4399 1795 4473 alterius
1824 4401 1904 4453 in-

300 4487 567 4538 viiserunt
598 4476 913 4538 ecclesiam,
946 4486 1037 4527 aut
1064 4476 1285 4544 propria
1317 4473 1506 4527 relicta
1538 4472 1710 4544 aliam,
1735 4485 1899 4544 occu—

216 4576 227 4587 ο
300 4560 523 4625 perunt.
551 4548 719 4617 Cujus
744 4548 833 4603 rei
851 4541 1104 4625 exempla
1133 4545 1316 4625 legere
1342 4550 1428 4625 est
1452 4545 1525 4625 in
1540 4542 1773 4598 concilio

303 4614 411 4681 sub
453 4614 763 4678 Mena'uct.
817 4634 868 4685 ι,
928 4633 983 4689 p.
1016 4614 1122 4677 ‘19,
1169 4614 1224 4671 et
1265 4618 1317 4669 in
1348 4614 1905 4689 Vigilii_pap:e_epi-

304 4696 453 4753 stola
486 4694 575 4758 i9,
606 4705 714 4748 etc.
759 4692 866 4747 Sed
920 4686 1233 4746 luculentus
1280 4697 1368 4743 est
1412 4702 1475 4742 ea
1527 4687 1599 4742 de
1651 4702 1710 4743 re
1758 4686 1910 4741 locus

306 4765 704 4827 Alexindrinte
748 4762 943 4834 synodi
995 4776 1141 4816 anno
1187 4760 1292 4817 340
1341 4759 1565 4828 habilm,
1594 4760 1708 4830 jam
1749 4773 1913 4829 supra

306 4854 441 4913 pag.
469 4835 581 4913 ξω
615 4844 731 4913 not.
762 4852 804 4913 a_
826 4836 1054 4913 relatus.

390 4899 418 4948 ἶ
464 4910 632 4964 Sirin.
681 4907 901 4960 clericus
949 4907 1249 4961 alienus....
1303 4902 1419 4957 Hoc
1467 4904 1794 4972 quicumque.
1841 4899 1921 4954 Ex

314 4982 626 5057 archetypo
670 4977 829 5032 ουιι».
887 4981 1284 5057 respuunt-us,
1324 4975 1543 5057 clericus
1594 4976 1923 5057 abjec_tus....

318 5053 443 5111 Hoc
469 5042 718 5121 quisque,
753 5049 912 5120 quasi
940 5047 1055 5121 Hoc
1080 5048 1333 5116 quisquis.
1368 5045 1437 5121 Ut
1463 5042 1669 5121 iCICl'ii'i
1694 5044 1765 5100 ab
1813 5042 1930 5121 epi-

319 5114 496 5193 scopo
529 5114 631 5177 suo
661 5114 972 5193 abii-'ctigab
1013 5114 1138 5173 aliis
1169 5133 1276 5173 non
1306 5119 1670 5193 recipiantur,
1713 5114 1931 5171 consti-

322 5188 491 5253 tuunt
518 5197 816 5249 concilium
848 5191 1126 5246 Nicrennm
1153 5206 1277 5246 can.
1304 5188 1338 5243 5
1370 5201 1425 5243 et
1454 5190 1786 5245 Sardiceuse
1808 5204 1930 5243 can.

325 5269 422 5325 16.
450 5268 585 5322 ltem
619 5265 895 5319 Nictenuui
937 5264 1233 5318 concilium
1265 5275 1390 5315 can.
1428 5261 1491 5314 i7
1520 5272 1574 5317 et
1612 5260 1940 5317 Sardiceuse

328 5356 458 5397 can.
497 5338 566 5392 i8
594 5346 651 5393 et
678 5337 768 5399 i9.
808 5336 1072 5392 clericum
1098 5334 1321 5388 alterius
1359 5333 1475 5387 sine
1504 5333 1746 5403 episcopi
1773 5331 1943 5399 ipsius

330 5424 611 5469 consensu
629 5406 939 5477 promoveri
958 5422 1053 5462 seu
1067 5404 1309 5477 ordinari
1330 5403 1646 5473 prohibent,
1663 5415 1948 5473 ratamque

333 5481 540 5544 haberi
571 5476 767 5535 nolunt
793 5477 1105 5548 huiusmodi
1134 5476 1565 5548 ordinationem.

415 5554 444 5594 ι)
478 5553 535 5608 lu
565 5553 831 5622 vulgatis,
865 5544 1151 5605 exclusum.
1200 5547 1563 5622 ReStituiinus
1591 5562 1659 5602 ex
1695 5544 1851 5622 _ms.,'
1875 5561 1953 5622 se-

345 5616 881 5708 clusumzhloemmus
934 5621 988 5705 in
1016 5621 1327 5708 _superiore
1379 5617 1562 5701 Siricii
1621 5616 1955 5708 epistolla'5,

346 5716 410 5756 η.
447 5696 484 5752 4
510 5714 524 5751 :
556 5690 753 5767 Siquis
782 5710 906 5750 sane
946 5694 1163 5764 inﬂatus
1191 5702 1356 5767 mente
1386 5690 1566 5767 carnis
1611 5706 1741 5757 sure,
1773 5690 1836 5744 ab
1867 5690 1962 5743 hac

351 5768 573 5826 canonis
602 5763 806 5823 ratione
826 5763 1043 5821 coluerit
1071 5766 1298 5837 evagari,
1325 5763 1453 5818 sciat
1486 5778 1540 5818 se
1570 5779 1603 5816 α
1626 5772 1806 5818 nostra
1828 5777 1968 5816 com-

359 5843 612 5901 munione
637 5840 913 5897 seclusum.

697 5937 976 6001 ΡΑτιιοι..
1028 5933 1202 5997 Xlll.

2008 4172 2166 4238 tente.
2200 4176 2312 4231 Nisi
2340 4178 2480 4229 forte
2511 4174 2634 4242 quis
2673 4176 2831 4243 malit
2860 4172 3133 4225 admittere
3160 4172 3259 4241 pro
3289 4178 3606 4243 pennittere.

2007 4254 2064 4308 ln
2098 4248 2291 4305 Galliis
2330 4254 2515 4300 autem
2561 4244 2663 4298 sub
2711 4242 2929 4316 initium
2984 4246 3169 4299 $3300“
3201 4262 3257 4299 iv
3290 4242 3467 4316 quam
3504 4252 3613 4304 l're-

2007 4336 2182 4395 quens
2208 4325 2362 4395 esset
2390 4317 2796 4395 oiliinationnm
2832 4315 3019 4395 vitium
3051 4318 3193 4395 quod
3221 4315 3364 4372 nunc
3392 4335 3613 4376 coerce-

2008 4386 2121 4456 t'ur,
2143 4392 2299 4447 testis
2328 4398 2409 4444 est
2434 4387 2793 4443 Taurinensis
2827 4386 3071 4456 sinodus
3100 4389 3244 4443 intra
3275 4406 3477 4445 annum
3508 4393 3612 4449 398

2010 4478 2065 4525 et
2097 4464 2221 4529 505,
2249 4462 2457 4523 habita,
2485 4474 2609 4515 can.
2634 4460 2688 4522 3,
2722 4458 2810 4512 ubi
2834 4469 3068 4528 quatuor
3097 4462 3338 4530 episcopi
3370 4464 3434 4516 de
3461 4480 3615 4518 usur—

2012 4539 2219 4607 patione
2243 4535 2471 4607 quadam
2495 4534 2549 4585 in
2570 4532 2895 4607 ordinatione
2916 4532 3245 4607 sacerdotum
3272 4536 3341 4587 ad
3364 4536 3614 4590 inuidiam

2009 4601 2284 4666 uocantur.
2320 4604 2457 4660 Vide
2484 4601 2778 4659 concilium
2804 4602 3134 4659 Arelatense
3160 4605 3226 4674 ll,
3262 4621 3384 4661 can.
3418 4607 3473 4673 5,
3508 4612 3539 4664 δ
3562 4618 3617 4664 ει

2089 4752 2115 4791 d
2161 4750 2402 4807 Verbum
2436 4746 2736 4832 negligitur,
2772 4745 2923 4832 quod
2970 4746 3026 4799 in
3050 4748 3357 4832 archetypo
3381 4748 3558 4832 deest,
3590 4767 3623 4807 e

2021 4828 2189 4882 Sirm.
2239 4816 2593 4876 mutuamur;
2625 4817 2722 4872 γει
2771 4816 2927 4883 illud,
2970 4830 3063 4873 aut
3114 4838 3216 4874 non
3252 4816 3486 4886 iimetnr,
3525 4838 3624 4879 seu

2023 4897 2423 4973 spernitur,aut
2448 4890 2579 4961 quid
2610 4889 2791 4945 simile
2825 4889 3056 4945 librario
3094 4894 3363 4948 excidisse
3397 4899 3626 4962 planum

2028 4981 2108 5027 εει
2122 5007 2135 5022 .
2592 5004 2595 5007 -

2109 5050 2131 5077 c
2168 5039 2262 5094 [iis
2293 5035 2460 5092 afﬁne
2489 5042 2573 5087 est
2600 5032 2749 5105 quod
2791 5032 3016 5089 Siricius
3043 5032 3205 5101 epist.
3238 5033 3294 5096 6.
3328 5037 3431 5092 sub
3462 5037 3628 5095 linem

2036 5111 2267 5171 scribit:
2301 5108 2411 5163 Nec
2453 5107 2724 5179 quisquam
2781 5115 2923 5172 putet
2975 5115 3237 5179 tamquam
3284 5109 3634 5167 ordinationes

2041 5197 2268 5241 terrenas
2290 5181 2430 5252 ﬁeri,
2462 5178 2580 5232 cum
2610 5178 2813 5252 creteste
2840 5178 3301 5252 sitsace‘rdot‘ium.

2119 5254 2138 5293 ί
2166 5245 2413 5311 Istis-uec
2435 5250 2706 5304 absiinilia
2736 5257 2860 5319 sunt
2887 5247 2977 5302 illa
3001 5245 3183 5303 Siricii
3210 5251 3372 5319 epist.
3400 5254 3455 5318 5,
3483 5271 3538 5310 η.
3564 5255 3599 5309 4
3623 5274 3636 5312 ε

2051 5328 2177 5385 Htec
2202 5328 2376 5397 itaque
2400 5327 2609 5397 fratres,
2708 5317 3151 5397 plenamgilontia
3172 5317 3365 5397 fuerint
3386 5317 3450 5379 ub
3480 5328 3644 5382 omni-

2053 5403 2145 5456 bus
2176 5390 2707 5468 obse'rrat'a,rcessabit
2736 5390 2970 5455 ambitio,
3005 5390 3261 5448 dissensio
3299 5398 3644 5468 conquiescet,

2055 5471 2275 5527 haereses
2296 5479 2341 5523 et
2370 5466 2650 5523 schismata
2674 5478 2778 5515 non
2807 5472 3086 5532 emergent.

2133 5552 2157 5591 ε
2185 5542 2262 5597 Ita
2294 5558 2399 5596 ms.
2428 5537 2622 5599 Colb.;
2658 5536 2725 5588 At
2747 5533 2908 5601 editi,
2940 5549 3059 5588 cum
3081 5532 3241 5591 Patre
3270 5549 3319 5593 et
3348 5556 3486 5596 cum.
3517 5542 3657 5599 Siri-

2063 5616 2181 5672 cius
2222 5614 2385 5683 epist.
2436 5608 2490 5677 5,
2543 5624 2601 5683 r_i1
2652 5605 2707 5683 5,
2756 5614 2951 5683 testem
2980 5609 3220 5683 “tumeat
3250 5610 3571 5669 Trinitatem
3602 5618 3656 5671 in

2065 5676 2511 5760 liuiic‘iiiottuni}
2543 5676 2721 5733 Medio
2750 5678 2924 5748 itaque
2969 5676 3154 5748 Patre,
3182 5693 3233 5736 et
3257 5685 3525 5755 unigenito
3550 5690 3660 5760 ejus

2069 5756 2236 5828 Filio,
2265 5768 2313 5813 et
2343 5752 2546 5826 Spiritu
2576 5761 2776 5806 sancto.

3052 5919 3133 5985 38
